3964 6178
555 275 655 326 33Σὶ

1440 268 1723 324 arma.
1767 271 1853 325 Αυ
1892 268 2051 325 size.
2096 258 2280 324 Ix.‘—
2321 268 2558 324 ismoui
2604 270 3025 325 MEltCATORlS
3550 274 3561 283 ·
3732 290 3806 341 33,-,

549 377 657 432 rati
685 377 899 431 concilii
927 373 1133 431 Nicseni
1161 374 1353 447 qualia
1383 377 1724 449 exemplaria
1750 377 2055 433 habeamus
2086 377 2175 432 his
2197 391 2255 461 Α
2273 376 2508 431 Jocundi
2532 376 2722 448 aliqua
2740 378 2960 432 firmari
2978 377 3169 448 credo,
3196 379 3377 451 aliqua
3392 382 3583 439 ﬁrmari
3600 387 3807 461 debeant,

553 470 722 542 gestis
746 469 1046 524 sociemus.

620 565 683 618 V.
708 563 999 618 Faustinus
1020 563 1340 636 episcopus,
1362 565 1586 636 legatus
1608 565 1864 620 Ecclesia:
1885 566 2174 633 Romanae,

550 657 689 712 dixit
713 676 725 710 :
750 657 858 711 Nec
882 659 1066 711 vestra
1091 657 1360 712 sanctitas
1399 658 1736 729 praejudicat
1770 650 2041 714 ecclesiae]
2062 660 2175 713 Ro-

548 767 760 818 manze,
788 750 903 804 sive
929 750 999 805 dc
1034 751 1142 806 hoc
1171 751 1442 822 capitulo,
1472 752 1586 806 sive
1625 751 1696 806 de
1739 752 1881 818 aliis,
1914 753 2049 824 quia
2091 753 2174 807 di-

547 860 676 899 cere
707 844 970 913 dignatus
999 847 1085 899 est
1125 844 1303 899 frater
1330 848 1521 900 noster
1545 848 1604 899 et
1633 846 1998 917 coepiscopus
2022 845 2172 917 Alip-

544 937 674 1009 pius
700 937 903 992 dubios
930 953 1051 991 esse
1079 954 1347 993 canones.
1378 938 1485 994 Sed
1514 940 1632 993 haec
1663 939 1785 1010 ipsa
1809 940 1882 994 ad
1915 944 2175 994 sanctum

545 1036 602 1085 et
620 1031 1012 1086 beatissimum
1038 1048 1245 1103 papam
1269 1037 1529 1087 nostrum
1558 1033 1799 1088 scribere
1832 1033 2173 1105 dignemini,

546 1127 608 1178 ut
633 1124 752 1196 ipse
779 1125 1033 1196 integros
1058 1141 1304 1180 canones
1338 1125 1634 1197 inquirens
1672 1143 1800 1181 cum
1832 1131 2016 1181 vestra
2051 1143 2176 1181 san-

544 1218 736 1272 ctitate
767 1219 837 1273 de
863 1217 1125 1273 omnibus
1156 1219 1472 1274 constitutis
1498 1223 1741 1275 tractare
1787 1220 1979 1292 possit.
2007 1221 2172 1276 Sufﬁ-

542 1311 618 1367 cit
656 1317 847 1367 autem
893 1316 957 1367 ut
1001 1316 1057 1367 et
1106 1311 1227 1385 ipse
1273 1313 1633 1368 beatissimus
1684 1314 1980 1385 episcopus
2021 1314 2174 1368 urbis

543 1407 736 1461 Roma:
782 1406 945 1461 sicuti
981 1410 1165 1461 vestra
1212 1407 1477 1461 sanctitas
1533 1408 1685 1478 apud
1729 1425 1785 1461 se
1830 1410 2053 1475 tractat,
2094 1408 2175 1462 ita

543 1501 602 1552 et
633 1499 755 1570 ipse
785 1499 1053 1570 inquirat,
1083 1517 1153 1554 ne
1195 1500 1483 1554 contentio
1532 1501 1683 1554 inter
1720 1500 1980 1555 ecclesias
2023 1500 2170 1555 nasci

538 1592 819 1659 videatur,
863 1591 963 1647 sed
1006 1594 1188 1664 magis
1238 1593 1508 1648 charitate
1555 1593 1811 1650 fraterna
1856 1594 2171 1650 deliberare

537 1686 759 1757 possitis
785 1686 909 1757 ipso
949 1686 1289 1740 rescribente
1333 1687 1469 1758 quid
1500 1688 1706 1742 melius
1749 1688 2033 1743 observari
2067 1688 2165 1743 de-

2279 486 2408 524 cum
2433 469 2554 540 jam
2584 470 2642 524 iu
2670 470 2908 526 dubium
2941 471 3048 542 ipsi
3086 488 3323 527 canones
3348 477 3599 533 venerint.
3622 480 3742 552 Ergo
3765 494 3812 540 ut

2276 563 2465 634 placet
2493 567 2548 616 et
2578 564 2736 618 vobis
2767 568 2825 617 et
2850 564 3190 619 beatitudini
3216 570 3405 622 vestrae
3433 570 3496 623 ad
3536 579 3749 628 sanctum
3773 585 3813 632 et

2277 656 2661 711 venerabilem
2704 657 2961 711 Ecclesia:
3010 657 3281 713 Romanae
3321 661 3631 717 Bonifacium
3653 666 3814 735 episco-

2277 766 2417 820 pum
2453 755 2636 803 vestra
2691 750 2936 805 scribere
2977 751 3244 833 dignetur
3277 754 3543 824 sanctitas,
3571 760 3625 809 ut
3648 762 3694 811 et
3726 759 3813 829 ipse

2278 843 2433 913 quod
2459 847 2685 898 sanctus
2706 844 3058 915 Augustinus
3084 848 3327 900 statuere
3354 846 3592 917 dignatus
3612 852 3700 914 est,
3717 851 3817 905 deli-

2276 934 2477 990 berare
2509 936 2705 1006 possit,
2731 940 2923 991 utrum
2950 940 3007 990 et
3035 938 3145 993 hoc
3171 938 3579 994 concedendum
3602 942 3663 996 sit
3686 959 3820 998 anre-

2277 1028 2567 1083 ticendum
2598 1030 2704 1084 hoc
2736 1036 2839 1098 est,
2870 1030 2940 1084 de
2970 1030 3443 1101 appellationibus
3466 1033 3711 1089 inferioris
3729 1053 3821 1105 gra-

2278 1119 2401 1187 dus,
2435 1121 2479 1175 si
2507 1138 2644 1192 ergo
2668 1122 2855 1176 adhuc
2882 1123 2939 1176 in
2970 1123 3202 1177 dubium
3230 1124 3379 1179 venit
3405 1125 3470 1179 de
3493 1125 3588 1180 hoc
3612 1128 3819 1199 capitulo,

2267 1213 2487 1285 justum
2517 1219 2600 1269 est
2625 1218 2690 1270 ut
2714 1216 3056 1270 beatissima:
3101 1217 3368 1271 Romanae
3409 1218 3548 1272 sedis
3591 1221 3823 1292 episcopus

2272 1307 2572 1362 informari
2599 1308 2823 1377 debeat,
2861 1310 2908 1364 si
2933 1314 3127 1364 tamen
3152 1310 3211 1364 in
3242 1311 3550 1383 approbatis
3573 1314 3822 1367 canonibus

2273 1400 2380 1455 hoc
2410 1400 2650 1456 inveniri
2673 1402 2870 1472 possit.

2342 1495 2403 1548 Χ.
2437 1495 2694 1548 Aurelius
2742 1495 3035 1566 episcopus
3081 1496 3265 1551 dixit:
3300 1496 3475 1552 Etiam
3516 1514 3632 1569 quae
3659 1498 3824 1553 dudum

2271 1590 2468 1641 vestrae
2497 1587 2756 1642 charitati
2795 1587 3211 1658 intimavimus,
3247 1607 3359 1645 non
3401 1591 3641 1662 patimini
3680 1607 3826 1645 exem-

2270 1680 2456 1750 plaria
2503 1686 2843 1736 statutorum
2892 1682 3105 1737 Nicaeni
3149 1684 3395 1753 concilii,
3422 1684 3518 1738 sed
3547 1688 3601 1738 et
3624 1701 3731 1755 quae
3764 1684 3830 1737 hic

535 1779 684 1834 beat.
710 1779 968 1833 Aurelius
994 1779 1289 1850 episcopus
1316 1779 1460 1834 dixit
1484 1796 1497 1835 :
1526 1782 1742 1836 Praeter
1761 1781 1864 1836 ista
1884 1798 2013 1852 quae
2040 1798 2168 1852 pro-
2187 1760 2243 1832 Β
2266 1773 2570 1828 salubriter
2589 1791 2622 1827 a
2649 1775 2858 1829 nostris
2885 1775 3276 1832 decessoribus
3307 1777 3608 1831 secundum
3627 1776 3833 1847 ejusdem

536 1872 796 1927 misimus
821 1871 957 1927 actis
983 1889 1213 1940 necesse
1245 1877 1347 1940 est,
1379 1875 1444 1927 ut
1470 1873 1644 1928 etiam
1669 1878 1878 1929 nostra;
1918 1875 2165 1946 parvita—

535 1964 606 2019 tis
635 1965 832 2022 litteris
860 1970 1050 2020 sancto
1075 1965 1237 2020 fratri
1262 1969 1316 2021 et
1355 1966 1739 2022 consacerdoti
1780 1973 1971 2023 nostro
1998 1968 2163 2023 Boni-

532 2058 679 2114 facio
698 2060 922 2130 singula
953 2075 1082 2130 qua:
1118 2062 1426 2114 tractamus
1453 2059 1781 2131 plenissime
1808 2060 2161 2131 intimemus;

535 2168 674 2222 ergo
693 2151 740 2206 si
753 2151 1019 2206 omnibus
1040 2153 1239 2222 placet,
1258 2153 1575 2223 prosecutio
1589 2157 1782 2208 nostra
1796 2170 1893 2208 ore
1906 2154 2164 2210 omnium

535 2244 949 2299 condiscamus.
1001 2244 1340 2299 Universum
1382 2245 1684 2301 concilium
1733 2246 1871 2321 dixit
1909 2265 1923 2302 :
1958 2249 2161 2305 Placet.

605 2338 688 2405 Vl,
707 2338 813 2391 Vl].
838 2338 1081 2392 Novatus
1108 2338 1404 2410 episcopus
1429 2339 1651 2410 legatus
1670 2340 2017 2396 Mauritania
2040 2341 2165 2396 Siti-

527 2429 705 2486 fensis
733 2430 907 2485 dixit:
934 2432 1091 2485 Nunc
1117 2431 1481 2487 meminimus
1509 2432 1568 2488 in
1592 2433 1698 2488 hoc
1727 2434 1998 2505 praesenti
2017 2451 2164 2490 com-

527 2522 840 2578 monitorio
867 2524 1078 2578 lectum
1105 2525 1280 2581 etiam
1303 2525 1374 2580 de
1393 2526 1745 2598 presbyteris
1771 2527 1887 2582 sive
1915 2527 2162 2584 diaconi-

525 2616 634 2673 bus
657 2617 937 2673 contineri
968 2619 1211 2690 qualiter
1234 2619 1305 2673 ab
1335 2619 1613 2692 episcopis
1638 2621 1755 2675 suis
1796 2623 1885 2677 vel
1926 2640 1960 2677 a
1987 2622 2156 2677 ﬁniti-

527 2711 636 2766 mis
656 2710 843 2766 audiri
868 2711 1133 2779 debeant,
1159 2712 1312 2783 quod
1338 2712 1398 2766 in
1420 2712 1644 2768 Nicaano
1666 2715 1900 2771 concilio
1920 2715 2157 2771 minime

522 2803 791 2876 legimus.
831 2805 991 2861 Unde
1036 2806 1145 2860 hoc
1189 2805 1375 2876 ipsum
1418 2806 1619 2876 jubeat
1662 2809 1931 2864 sanctitas
1973 2814 2159 2865 vestra

524 2895 690 2953 nobis
728 2897 975 2959 recitari.
1019 2898 1279 2954 Aurelius
1315 2898 1613 2971 episcopus
1643 2902 1779 2957 dixit
1812 2919 1825 2955 :
1869 2902 2159 2958 Recitetur

525 2989 600 3045 ad
620 2991 830 3059 locum,
861 2991 1034 3046 etiam
1059 2991 1165 3046 hoc
1197 2993 1350 3065 quod
1382 2993 1734 3065 deposcitur;
1764 2995 1958 3050 Daniel
1991 3002 2152 3051 nota-

522 3083 642 3138 rius
668 3084 946 3151 recitavit,
978 3084 1047 3140 de
1073 3086 1547 3157 appellationibus
1572 3090 1767 3141 autem
1797 3088 2150 3157 clericorum,

522 3174 581 3230 id
607 3179 711 3244 est,
739 3176 979 3232 minoris
1003 3178 1109 3232 loci
1135 3182 1311 3234 restat
1328 3180 1501 3251 ipsius
1531 3180 1731 3250 synodi
1751 3186 1904 3235 certa
1921 3198 2152 3252 respon-

522 3269 625 3337 sio,
650 3269 720 3324 de
750 3286 863 3341 qua
892 3287 952 3325 re
978 3272 1131 3343 quod
1159 3273 1340 3326 acturi
1361 3271 1500 3339 sitis,
1525 3273 1809 3328 credimus
1829 3273 2149 3343 inserenda,

520 3362 674 3434 quod
725 3364 914 3419 taliter
974 3363 1189 3420 dictum
1242 3368 1327 3419 est.
1376 3382 1445 3420 ex
1506 3366 1826 3422 Sardicensi
1889 3369 2148 3425 concilio.

521 3456 683 3512 Osius
708 3457 1002 3529 episcopus
1029 3457 1174 3512 dixit
1200 3475 1212 3513 :
1244 3457 1392 3523 Quid
1416 3458 1604 3514 adhuc
1644 3465 1872 3516 moveat
1915 3463 2151 3519 reticere

517 3566 635 3606 non
662 3550 867 3618 debeo,
896 3551 944 3605 si
971 3552 1267 3623 episcOpus
1298 3553 1440 3608 forte
1479 3552 1787 3610 iracundus
1813 3555 1990 3627 (quod
2027 3574 2149 3611 esse

517 3660 632 3699 non
671 3643 860 3715 debet)
891 3645 1004 3701 cito
1033 3651 1133 3701 aut
1176 3663 1375 3718 aspere
1417 3655 1839 3704 commoveatur
1880 3649 2149 3706 adversus

514 3737 910 3811 presbyterum
953 3739 1067 3794 sive
1113 3740 1415 3795 diaconum
1460 3759 1652 3812 suum,
1683 3748 1738 3797 et
1773 3745 2149 3801 exterminare

518 3848 653 3888 eum
668 3832 740 3888 de
756 3833 986 3888 ecclesia
996 3834 1256 3903 voluerit,
1270 3834 1688 3907 providendum
1702 3842 1786 3892 est
1798 3854 1868 3892 ne
1881 3837 2148 3894 innocens

517 3925 837 3994 damnetur,
863 3932 961 3982 aut
1002 3928 1208 3998 perdat
1232 3929 1715 3997 communionem,
1746 3930 1953 3986 habeat
1980 3935 2144 4003 pote-

516 4022 719 4075 statem
749 4020 961 4091 ejectus
990 4025 1053 4074 ut
1090 4021 1362 4077 finitimos
1396 4022 1712 4093 interpellet
1745 4025 2053 4095 episcopos,
2082 4029 2149 4080 ut

516 4128 743 4167 causam
786 4128 945 4166 suam
991 4112 1243 4180 audiant,
1276 4120 1333 4169 et
1374 4114 1679 4185 diligenter
1720 4120 1985 4186 tractent,
2014 4118 2147 4189 quia

513 4220 630 4259 non
661 4207 881 4275 oportet
905 4206 1106 4276 negari
1137 4205 1487 4261 audientiam
1519 4208 1769 4279 roganti,
1800 4214 1859 4264 et
1891 4209 1987 4265 ille
2018 4211 2138 4283 epi-

514 4314 716 4370 scopus
743 4298 842 4370 qui
871 4304 969 4353 aut
985 4298 1138 4369 justc
1162 4303 1259 4355 aut
1288 4299 1499 4371 injuste
1531 4300 1714 4372 ejccit,
1747 4301 2031 4375 patienter
2056 4322 2144 4361 ac-

513 4389 707 4464 cipiat,
733 4392 819 4447 vel
868 4391 1163 4463 negotium
1209 4392 1560 4462 discutiatur,
1588 4398 1685 4449 aut
1723 4396 1994 4468 probetur
2019 4399 2142 4471 ejus

509 4491 606 4542 aut
626 4485 968 4543 emendetur
995 4486 1300 4555 sententia,
1334 4490 1440 4544 etc.

580 4580 717 4637 Vlll.
773 4581 1024 4653 Cumque
1083 4581 1437 4649 recitaretur,
1484 4584 1829 4654 Augustinus
1884 4584 2140 4642 Ecclesiae

511 4672 785 4746 Hipponis
820 4674 1112 4746 Regiensis
1134 4675 1357 4747 legatus
1394 4676 1699 4748 provincia:
1736 4679 2014 4735 Numidiae
2053 4680 2138 4736 di-

508 4767 707 4823 xitzEt
720 4768 830 4821 hoc
860 4785 965 4823 nos
991 4772 1311 4823 servaturos
1338 4770 1694 4841 proﬁtemur,
1721 4773 1869 4826 salva
1905 4772 2141 4846 diligen-

508 4856 654 4912 tiore
671 4856 1044 4928 inquisitione
1064 4858 1284 4912 concilii
1308 4860 1537 4915 Nicmni.
1561 4861 1823 4917 Aurelius
1842 4863 2138 4935 episcopus

510 4949 687 5006 dixit:
711 4950 764 5006 Si
795 4950 901 5005 hoc
926 4951 1101 5005 etiam
1134 4953 1385 5007 omnium
1415 4958 1615 5008 vestrae
1643 4955 1904 5011 charitati
1933 4958 2134 5029 placet,

506 5043 873 5116 responsione
918 5044 1164 5099 ﬁrmate.
1212 5045 1544 5101 Universum
1590 5049 1894 5103 concilium
1941 5050 2080 5106 dixit
2117 5069 2131 5106 :

508 5139 715 5195 Omnia
739 5154 868 5210 quae
907 5137 966 5192 in
1011 5136 1240 5194 Nicaeno
1282 5140 1518 5195 concilio
1549 5145 1759 5196 statuta
1787 5146 1939 5210 sunt,
1969 5144 2136 5199 nobis

505 5233 771 5291 omnibus
789 5231 1036 5304 placent.
1057 5232 1343 5287 Jocundus
1362 5233 1656 5305 episcopus
1679 5236 1936 5291 Ecclesiae
1970 5238 2135 5294 Sufﬁ-

501 5329 635 5384 tulm
662 5327 884 5398 legatus
908 5324 1212 5398 provincia:
1243 5326 1573 5382 Bizaucenre
1603 5328 1739 5384 dixit
1767 5346 1779 5384 :
1816 5329 1976 5394 Quod
2021 5336 2129 5388 sta-

500 5426 690 5479 tutum
737 5424 824 5477 est
862 5419 921 5476 in
968 5418 1192 5476 Nicaano
1235 5420 1493 5489 concilio,
1527 5422 1720 5479 violari
1764 5441 1797 5478 a
1844 5441 2132 5499 quoquam

499 5517 822 5573 nullatenus
848 5518 1055 5586 potest.

575 5611 655 5665 IX.
708 5608 1008 5664 Faustinus
1065 5605 1361 5681 episcOpus
1423 5609 1642 5681 legatus
1705 5612 1952 5669 ecclesiae
2015 5614 2125 5670 Ro-

498 5719 686 5769 mamn
714 5703 856 5757 dixit
882 5719 896 5757 :
921 5701 1119 5758 Adhuc
1146 5702 1460 5759 secundum
1491 5703 1895 5776 professionem
1926 5707 2128 5763 sancti-

492 5794 602 5852 tati
628 5801 823 5851 vestrm
848 5802 960 5852 tum
994 5797 1169 5855 sancti
1195 5798 1402 5873 Alippii
1449 5815 1619 5871 quam
1650 5803 1704 5855 et
1736 5800 1926 5856 fratris
1950 5803 2126 5859 nostri

2174 3128 2229 3201 C

2267 1866 2489 1921 concilii
2521 1855 2785 1923 normam
2826 1868 3079 1924 formata
3115 1876 3269 1941 sunt,
3297 1870 3382 1925 vel
3410 1887 3532 1942 qua:
3557 1886 3692 1924 nunc
3714 1868 3831 1923 ordi.

2266 1965 2397 2014 nata
2437 1965 2586 2030 sunt,
2622 1978 2655 2015 a
2686 1961 2845 2015 nobis
2889 1963 3114 2017 recitari
3160 1967 3217 2017 et
3262 1964 3435 2035 gestis
3477 1962 3654 2018 inseri.
3695 1962 3834 2017 Omne

2266 2054 2569 2109 concilium
2592 2054 2735 2109 dixit
2759 2071 2772 2109 :
2802 2056 3158 2126 Exemplaria
3186 2056 3322 2111 ﬁdei
3348 2061 3405 2111 et
3428 2060 3623 2111 statuta
3644 2055 3834 2109 Nicaeus:

2264 2147 2465 2219 synodi
2496 2164 2625 2218 quae
2672 2148 2745 2202 ad
2787 2155 3047 2203 nostrum
3091 2150 3414 2217 concilium,
3443 2165 3565 2221 quae
3590 2164 3680 2219 per
3701 2147 3835 2202 beata

2264 2241 2667 2296 recordationis
2712 2242 2846 2296 olim
2892 2243 3376 2313 prmdecessorem
3438 2247 3545 2297 tua:
3589 2240 3839 2296 sanctitatis

2262 2333 2360 2405 qui
2386 2333 2663 2403 interfuit,
2688 2335 3040 2390 Cecilianum
3066 2336 3404 2408 episcopum
3434 2337 3598 2390 allata
3616 2338 3748 2400 sunt,
3765 2331 3838 2387 sed

2262 2429 2318 2481 et
2342 2444 2468 2499 qum
2498 2431 2685 2499 patres
2714 2428 3059 2499 exemplaria
3097 2436 3408 2502 sequentes
3449 2429 3538 2483 hic
3580 2427 3837 2483 constitue-

2260 2523 2416 2590 runt,
2459 2521 2544 2575 vel
2591 2538 2744 2576 nunc
2792 2523 3083 2576 communi
3135 2527 3386 2578 tractatu
3438 2520 3736 2588 statuimus,
3773 2518 3839 2574 hic

2263 2613 2432 2684 gestis
2460 2614 2842 2669 ecclesiasticis
2886 2614 3095 2671 inserta
3142 2617 3482 2686 manebunt,
3514 2615 3591 2670 ita
3615 2616 3689 2685 (ut
3711 2628 3840 2684 supe-

2257 2706 2374 2761 rius
2414 2707 2627 2762 dictum
2675 2711 2773 2778 est)
2804 2708 3223 2764 venerabilibus
3255 2710 3393 2764 viris
3432 2708 3769 2764 Antiochensi
3802 2710 3851 2757 et

2256 2800 2671 2868 Alexandrina,
2704 2802 2800 2856 sed
2840 2807 2896 2856 et
2935 2803 3586 2875 Coustantinopolitanaa
3633 2797 3846 2856 ecclesia-

2255 2909 2385 2947 rum
2415 2894 2688 2965 episcopis
2714 2895 2962 2949 scribere
2989 2901 3172 2950 vestra
3199 2896 3506 2951 beatitudo
3532 2895 3771 2966 dignetur
3798 2895 3846 2943 ut

2256 2988 2596 3063 exemplaria
2626 2987 2918 3042 verissima
2966 2988 3189 3043 concilii
3241 2990 3466 3044 Nicaeni
3508 2989 3611 3043 sub
3652 2985 3842 3057 stipula-

2255 3079 2409 3135 tione
2441 3081 2759 3135 litterarum
2784 3098 3020 3137 suarum
3057 3082 3334 3153 dirigant,
3362 3100 3480 3154 quo
3511 3083 3658 3136 clara
3684 3078 3849 3133 veritas

2254 3191 2322 3228 ea
2345 3174 2590 3245 capitula
2615 3192 2743 3246 qum
2768 3175 2827 3229 in
2855 3176 3293 3230 commonitorio
3339 3193 3593 3248 praesens
3633 3176 3786 3228 frater
3811 3174 3851 3223 et

2252 3267 2612 3338 coepiscopus
2643 3271 2834 3322 noster
2862 3269 3176 3336 Faustinus,
3199 3274 3259 3324 et
3283 3266 3731 3341 compresbyteri
3754 3262 3850 3320 Phi-

2251 3360 2442 3432 lippus
2470 3366 2526 3415 et
2549 3362 2767 3415 Asellus
2793 3378 2985 3417 secum
3027 3363 3371 3432 attulerunt,
3401 3368 3502 3419 aut
3544 3348 3743 3417 ibidem
3778 3373 3849 3412 re-

2251 3460 2410 3524 perta
2434 3470 2468 3509 a
2494 3454 2657 3509 nobis
2684 3455 3020 3523 ﬁrmabitur,
3048 3460 3146 3511 aut
3169 3456 3216 3510 si
3242 3474 3363 3512 non
3389 3456 3747 3512 inveniuntur
3767 3449 3852 3506 col-

2249 3546 2392 3602 lecta
2417 3548 2630 3620 synodo
2659 3549 2727 3604 de
2755 3549 2866 3604 hoc
2891 3550 2951 3603 in
2979 3551 3245 3622 sequenti
3274 3551 3668 3606 tractabimus.
3697 3543 3854 3603 Daniel

2248 3642 2503 3697 notarius
2548 3642 2760 3697 Nicaani
2785 3644 3008 3698 concilii
3037 3644 3467 3716 professionem
3494 3644 3628 3699 ﬁdei
3657 3642 3736 3696 vel
3760 3638 3856 3710 ejus

2250 3739 2463 3790 statuta
2492 3736 2744 3791 recitavit
2768 3736 2827 3790 in
2852 3736 3094 3792 concilio
3125 3737 3433 3794 Africano.

2735 3830 3045 3900 Symbolum
3071 3834 3386 3890 Nicwnum.

2318 3924 2402 3977 Xl.
2432 3923 2726 3979 Credimus
2753 3924 2813 3978 in
2839 3941 3019 3979 unum
3051 3925 3229 3979 Deum
3257 3928 3495 3982 Patrem
3529 3925 3855 3997 omnipoten—

2245 4020 2382 4085 tem,
2412 4017 2669 4073 omnium
2688 4018 2993 4073 visibilium
3019 4025 3075 4074 et
3099 4019 3493 4076 invisibilium
3517 4019 3858 4080 conditorem,

2246 4113 2305 4165 et
2328 4109 2386 4164 in
2420 4128 2596 4166 unum
2625 4112 2927 4167 Dominum
2950 4115 3144 4169 Jesum
3185 4114 3497 4171 Christum
3539 4102 3734 4169 Filium
3758 4108 3855 4173 Dei,

2243 4209 2441 4259 natum
2470 4205 2541 4259 de
2566 4207 2730 4261 Patre
2760 4207 3145 4278 unigenitum,
3179 4207 3290 4264 hoc
3336 4215 3428 4264 est
3475 4209 3548 4264 de
3586 4201 3860 4263 substantia

2243 4298 2438 4368 Patris,
2458 4299 2635 4354 Deum
2656 4300 2723 4354 de
2747 4300 2882 4367 Deo,
2907 4301 3102 4355 lumen
3126 4301 3194 4356 de
3213 4302 3470 4371 lumine,
3495 4304 3675 4358 Deum
3696 4310 3861 4353 verum

2243 4390 2312 4447 de
2345 4393 2454 4447 Deo
2482 4410 2637 4460 vero,
2665 4398 2884 4462 natum,
2918 4412 3032 4449 non
3061 4395 3302 4464 factum,
3339 4397 3522 4451 unius
3565 4390 3862 4452 substantiae

2159 4498 2218 4570 D
2242 4502 2371 4540 cum
2400 4487 2562 4541 Patre
2591 4486 2765 4559 (quod
2790 4487 2965 4543 Graeci
2991 4488 3189 4543 dicunt
3223 4492 3566 4562 omousion),
3597 4506 3696 4563 per
3722 4498 3865 4559 quem

2245 4581 2437 4635 omnia
2482 4580 2629 4635 facta
2672 4577 2822 4650 sunt,
2855 4582 2970 4637 sive
3015 4599 3142 4654 qua:
3190 4583 3254 4638 in
3309 4585 3496 4654 cmlis,
3527 4586 3644 4641 sive
3673 4596 3787 4655 quae
3819 4576 3865 4632 in

2242 4674 2424 4743 terris,
2455 4674 2554 4745 qui
2584 4681 2818 4747 propter
2849 4692 2952 4731 nos
2978 4676 3243 4732 homines
3274 4681 3340 4733 et
3366 4686 3623 4752 propter
3648 4683 3867 4733 nostram

2241 4768 2480 4823 salutem
2511 4768 2799 4824 descendit
2824 4774 2880 4824 et
2903 4770 3228 4825 incarnatus
3257 4778 3352 4828 est
3394 4774 3469 4828 de
3520 4772 3733 4847 Spiritu
3758 4781 3866 4823 san-

2239 4865 2352 4930 cto,
2381 4866 2437 4917 et
2461 4863 2633 4919 homo
2679 4863 2880 4930 factus,
2914 4880 3108 4936 passus
3136 4871 3238 4933 est,
3268 4872 3334 4922 et
3365 4868 3694 4923 resurrexit
3733 4859 3871 4919 tertia

2238 4955 2350 5026 die,
2381 4957 2632 5012 ascendit
2676 4958 2735 5012 in
2778 4959 2968 5025 caelos,
2996 4959 3153 5013 sedet
3198 4959 3270 5013 ad
3327 4960 3650 5017 dexteram
3698 4954 3870 5021 Patris,

2235 5048 2369 5105 inde
2399 5056 2669 5105 venturus
2699 5042 2955 5121 judicare
2982 5052 3134 5106 vivos
3172 5056 3229 5107 et
3257 5060 3564 5123 mortuos,
3599 5060 3657 5110 et
3683 5052 3739 5109 in
3767 5049 3871 5120 Spi-

2234 5142 2408 5199 ritum
2435 5150 2710 5199 sanctum.
2742 5146 2844 5199 Eos
2871 5148 3063 5200 autem
3092 5146 3190 5218 qui
3234 5146 3476 5218 dicunt,
3511 5154 3640 5205 erat
3667 5140 3873 5222 quando

2236 5255 2349 5293 non
2374 5241 2513 5306 erat,
2545 5243 2600 5293 et
2626 5238 2956 5312 priusquam
2981 5242 3311 5296 nasceretur
3343 5260 3471 5298 non
3505 5246 3655 5310 erat,
3683 5246 3740 5297 et
3762 5237 3876 5310 quia

2233 5348 2298 5387 ex
2329 5332 2498 5386 nullis
2524 5331 2891 5388 existentibus
2917 5334 3094 5389 factus
3120 5337 3225 5403 est,
3258 5335 3360 5390 vel
3408 5337 3528 5392 alia
3555 5330 3876 5395 substantia,

2232 5425 2316 5480 vel
2362 5429 2585 5496 natura,
2637 5426 2888 5482 dicentes
2943 5427 3275 5484 mutabilem
3335 5433 3404 5485 et
3452 5428 3879 5487 convertibilem

2232 5518 2435 5575 Filium
2461 5520 2581 5591 Dei,
2601 5521 2707 5577 hos
2730 5521 3162 5577 anathematizat
3186 5522 3485 5580 catholica
3506 5529 3572 5582 et
3590 5519 3884 5599 apostolica

2229 5613 2494 5669 Ecclesia.

2299 5709 2547 5778 Epi‘stola
2573 5710 2836 5779 Africani
2856 5711 3065 5767 concilii
3086 5711 3162 5765 ad
3188 5711 3571 5779 Bonifacium
3598 5724 3827 5788 papam.

2299 5802 2403 5859 Xll.
2429 5800 2669 5859 Omnino
2687 5804 3013 5861 beatissimo
3034 5810 3091 5861 et
3106 5804 3452 5863 honorabili
3477 5808 3653 5865 fratri
3678 5810 3891 5863 BONIFA‘
