3964 6178
130 335 198 387 337
1252 329 1352 383 ΒΕ(
1366 329 1552 383 ἱΙίΕΤᾹ
1562 330 1619 382 Ll
1630 329 1664 381 l'

1764 325 2141 381 COLI.EL‘TIU.

3279 329 3379 377 3258

128 448 432 504 qucneurs,
456 437 788 492 VALENIINUS
815 435 1012 508 primm
1041 438 1190 492 sedis
1211 438 1514 509 provinciae
1537 440 1648 492 Nu-
1685 459 1732 530 Ᾱ
1752 442 1817 492 ut
1846 454 1914 492 ea
1944 452 2173 491 servare
2203 436 2325 489 sine
2345 435 2461 488 ulla
2481 434 2602 504 ejus
2624 433 2830 504 injuria
2851 432 3133 504 paulisper
3159 433 3378 488 sinere-

123 536 278 602 midia,
304 537 350 586 et
379 531 550 586 caeteri
593 531 690 601 qui
714 537 1022 602 praesentes
1056 531 1366 600 adfuimus,
1413 547 1653 587 numero
1675 517 1691 529 ⁶

125 627 290 684 ducenti
309 627 477 680 decem
501 629 558 678 et
587 627 806 694 septem
834 641 903 678 ex
935 625 1093 678 omni
1125 624 1358 680 concilio
1385 625 1614 679 Africae.

171 720 385 785 Quoniam
412 719 515 771 Deo
527 717 760 788 placuit,
792 722 856 772 ut
885 718 954 772 de
968 718 1197 789 hisqum
1214 719 1500 773 vobiscum
1529 735 1657 790 ege-

122 818 218 869 runt
244 811 386 866 sancti
421 812 615 864 fratres
652 811 830 864 nostri
864 812 1228 882 coepiscopus
1271 812 1572 866 Faustinus
1598 816 1654 867 et

122 904 472 978 compresbyteri
508 903 796 975 Philippus
835 908 893 959 et
930 906 1164 972 Asellus,
1213 921 1435 960 necnon
1474 905 1654 960 beatae

122 1000 341 1054 memoriae
373 998 621 1069 episcopo
660 998 899 1067 Zosimo,
935 1016 969 1052 a
1006 1015 1120 1069 quo
1158 999 1232 1053 ad
1261 1016 1361 1053 nos
1388 999 1658 1054 mandata

119 1101 156 1148 et
186 1094 355 1148 litteras
387 1091 708 1160 attulerunt,
753 1092 852 1169 sed
897 1098 1006 1146 tuae
1042 1092 1414 1159 venerationi,
1453 1093 1552 1164 qui
1595 1093 1654 1146 in

119 1187 202 1256 ejus
221 1187 320 1240 loco
346 1202 398 1239 es
423 1184 607 1238 divina
643 1185 1001 1255 providentia
1039 1202 1169 1239 cum
1205 1187 1289 1240 rei
1336 1186 1656 1241 Christianae

118 1279 222 1332 {elici
238 1281 478 1350 proventu
499 1280 860 1348 constitutus,
877 1278 1168 1333 humilitas
1187 1282 1380 1334 nostra
1392 1280 1660 1336 rescribe-

118 1378 190 1439 ret,
215 1388 266 1424 ea
286 1372 507 1426 breviter
527 1371 813 1426 insinuare
835 1372 1107 1427 debemus
1129 1389 1257 1444 qua:
1278 1377 1656 1444 utrorumque

119 1465 346 1519 concordia
369 1465 661 1518 terminata
693 1468 844 1534 sunt,
875 1482 990 1520 non
1025 1482 1089 1520 ea
1130 1483 1256 1537 quae
1292 1466 1524 1538 prolixis
1554 1484 1654 1538 ge-

118 1561 276 1612 storum
313 1559 677 1612 voluminibus
720 1559 1105 1626 continentur,
1153 1559 1211 1614 in
1260 1560 1466 1630 quibus
1505 1562 1658 1615 salva

119 1651 286 1720 quidem
303 1651 576 1721 charitate,
612 1670 726 1706 non
759 1658 950 1706 tamen
985 1653 1104 1707 sine
1134 1670 1307 1724 parvo
1331 1654 1655 1709 altercatio-

117 1743 174 1796 nis
200 1744 351 1797 labore
387 1744 661 1800 demorati
697 1763 918 1813 sumus,
963 1763 1025 1800 ea
1067 1747 1238 1818 gestis
1281 1747 1658 1803 deliberantes

1751 547 1900 599 mus,
1957 546 2136 601 usque
2189 530 2259 584 ad
2303 527 2732 600 inquisitionem
2781 529 3120 580 statutorum
3167 526 3381 581 Nicaeni

1751 624 1992 692 concilii,
2045 627 2102 677 et
2136 638 2286 677 nunc
2326 620 2395 676 de
2436 625 2536 675 tua
2575 619 2926 691 postulamus
2965 620 3276 686 sanctitate,
3316 623 3384 673 ut

1752 717 2241 789 quemadmodum
2287 731 2354 769 ea
2398 714 2547 785 apud
2593 713 2834 767 Nicaeam
2893 729 2926 766 a
2965 712 3220 767 Patribus
3258 719 3383 767 acta

1753 812 1840 865 vel
1867 809 2176 866 constituta
2209 814 2358 875 sunt,
2398 808 2477 862 sic
2508 823 2575 861 ea
2609 823 2642 860 a
2683 806 2846 860 nobis
2881 805 3053 860 facias
3091 805 3384 876 custodiri,

1755 909 1812 959 et
1841 904 1919 958 ibi
1946 903 2098 974 apud
2118 920 2215 958 vos
2246 918 2375 972 quae
2402 901 2463 955 in
2490 898 2923 955 commonitorio
2941 899 3272 969 attulerunt,
3295 899 3382 954 fa-

1753 997 1865 1053 cias
1904 996 2176 1065 exerceri,
2205 996 2262 1050 id
2293 1001 2396 1063 est,
2428 995 2474 1049 si
2499 993 2795 1066 episcopus
2821 994 3114 1046 accusatus
3133 992 3308 1047 fuerit
3327 997 3385 1048 et

1747 1091 2122 1164 judicaverint
2152 1088 2480 1162 congregati
2525 1087 2774 1159 episcopi
2819 1086 3071 1157 regionis
3098 1085 3292 1157 ipsius,
3330 1090 3386 1141 et

1755 1185 2066 1256 dejecerint
2087 1201 2222 1239 eum
2251 1183 2320 1238 de
2343 1199 2443 1237 suo
2470 1181 2670 1253 gradu,
2695 1179 3080 1252 etappellasse
3102 1179 3387 1250 videatur,

1755 1283 1812 1336 et
1831 1279 2157 1349 confugerit
2184 1277 2256 1332 ad
2277 1276 2668 1332 beatissimum
2689 1275 2967 1329 Romana:
2985 1273 3244 1329 Ecclesiae
3263 1273 3386 1344 epi-

1756 1390 2009 1446 scopum,
2040 1377 2098 1427 et
2137 1371 2383 1427 voluerit
2408 1369 2613 1438 audiri,
2659 1374 2714 1424 et
2745 1369 2964 1440 justum
2993 1367 3296 1440 putaverit,
3325 1371 3391 1422 ut

1755 1471 2062 1522 renovetur
2092 1482 2360 1535 examen,
2393 1464 2640 1519 scribere
2669 1462 2758 1517 his
2785 1461 3061 1532 episcopis
3088 1461 3390 1533 diligenter

1755 1565 1852 1638 qui
1881 1565 1941 1620 in
1969 1565 2214 1620 finitima
2245 1570 2300 1619 et
2327 1563 2647 1634 propinqua
2683 1560 2972 1632 provincia
3000 1565 3152 1627 sunt,
3194 1563 3256 1614 ut
3282 1558 3392 1630 ipsi

1755 1659 2060 1731 diligenter
2095 1658 2394 1730 requirant
2423 1655 2614 1711 omnia
2654 1658 2713 1709 et
2746 1655 2908 1725 juxta
2942 1654 3113 1708 ﬁdem
3143 1653 3390 1708 veritatis

1755 1753 2063 1820 deliniant;
2097 1751 2254 1823 quod
2275 1751 2323 1804 si
2351 1751 2396 1804 is
2425 1749 2521 1820 qui
2551 1751 2718 1819 rogat
2742 1764 2973 1802 causam
2994 1763 3154 1802 suam
3179 1747 3388 1802 iterum

118 1852 205 1906 qua
225 1854 347 1891 nunc
373 1838 436 1892 ad
463 1855 693 1893 causam
719 1839 1025 1910 pertinent,
1054 1857 1386 1912 quanquam
1410 1847 1465 1896 et
1490 1842 1582 1896 ille
1611 1841 1656 1896 si
1676 1833 1732 1905 B
1759 1847 1964 1914 audiri,
1997 1844 2403 1917 deprecatione
2435 1859 2537 1896 sua
2567 1841 2808 1923 moverit
2832 1841 3162 1912 episcopum
3190 1841 3390 1895 Roma-

117 1930 247 1983 adhuc
271 1935 396 1984 esset
423 1932 473 1985 in
497 1949 760 2003 corpore,
793 1933 1074 2004 acciperet
1095 1934 1308 2004 gratius
1329 1935 1483 2005 quod
1510 1934 1659 1989 vide-

115 2025 173 2074 ret
197 2025 405 2094 pacatius
453 2025 848 2080 terminatum.
897 2027 1130 2081 Domine
1179 2028 1353 2083 frater
1402 2027 1660 2099 Apiarius

112 2116 352 2188 presbyter,
381 2118 445 2174 de
473 2120 636 2191 cujus
664 2125 722 2174 et
746 2120 1102 2175 ordinatione
1124 2127 1181 2176 et
1205 2122 1660 2177 excommunica-

113 2208 307 2277 tione,ac
329 2213 613 2268 vocatione
644 2215 834 2268 fuerat
863 2220 1143 2286 exortum,
1174 2233 1289 2270 non
1315 2217 1500 2271 solum
1532 2233 1656 2271 suc-

111 2304 218 2357 censi
240 2321 410 2361 verum
438 2307 614 2362 etiam
648 2307 754 2362 toti
791 2307 1067 2364 Africana:
1093 2310 1350 2365 Ecclesia:
1392 2327 1508 2365 non
1537 2311 1660 2366 leve

109 2397 359 2454 scandalum
384 2400 449 2454 de
466 2401 738 2456 omnibus
755 2402 1040 2457 erroribus
1051 2403 1167 2458 suis
1193 2404 1420 2459 veniam
1437 2407 1658 2476 petens,

108 2493 424 2548 communioni
453 2498 546 2550 est
568 2496 884 2564 restitutus,
900 2497 1057 2568 prior
1075 2503 1269 2552 autem
1290 2498 1662 2570 coepiscopus

107 2587 246 2638 noster
274 2586 534 2642 Siccensis
565 2589 848 2657 Urbanus,
881 2591 1034 2661 quod
1068 2590 1125 2644 in
1155 2608 1222 2646 eo
1255 2592 1659 2663 corrigendum

106 2675 238 2732 visum
264 2687 336 2736 est
364 2682 480 2738 sine
517 2683 638 2736 ulla
667 2683 1018 2739 dubitatione
1060 2685 1320 2752 correxit,
1350 2686 1484 2757 quia
1525 2702 1660 2741 vero

106 2771 191 2838 paci
217 2776 264 2826 et
285 2773 447 2846 quieti
471 2777 734 2831 ecclesiae
764 2793 878 2831 non
906 2781 1129 2832 tantum
1162 2780 1231 2833 ad
1265 2795 1532 2849 praesens,
1563 2780 1660 2834 sed

105 2863 226 2919 etiam
266 2867 316 2921 in
351 2874 647 2940 posterum
691 2871 1152 2942 prospiciendum
1197 2872 1336 2940 fuit,
1385 2873 1659 2944 quoniam

100 2957 232 3012 multa
263 2961 384 3016 talia
413 2970 844 3034 praecesserant,
877 2969 940 3019 ut
978 2965 1064 3018 vel
1109 2965 1330 3033 similia,
1369 2967 1456 3020 vel
1490 2967 1663 3020 etiam

104 3052 333 3121 graviora,
386 3056 658 3128 deinceps
716 3058 1015 3129 praecaveri
1067 3062 1394 3130 oporteret,
1450 3060 1665 3130 placuit

105 3142 238 3212 nobis,
269 3152 322 3202 ut
363 3149 429 3204 de
464 3151 719 3205 Siccensi
758 3153 1006 3206 Ecclesia
1044 3156 1266 3207 retento
1311 3153 1523 3207 scilicet
1557 3153 1660 3208 ho-

1757 1956 1919 2007 num,
1951 1943 2014 1993 ut
2042 1957 2075 1993 a
2101 1940 2276 1993 latere
2305 1953 2408 1992 suo
2427 1935 2822 2008 presbyterum
2849 1934 3055 2002 mittat,
3083 1934 3191 1989 erit
3215 1934 3273 1987 in
3294 1950 3390 2004 po-

1760 2035 1961 2088 testate
1982 2032 2233 2104 episcopi
2256 2031 2356 2102 qui
2379 2030 2517 2084 velit
2546 2033 2603 2084 et
2631 2028 2768 2100 quid
2794 2027 3094 2094 existimet,
3125 2029 3183 2082 et
3215 2027 3261 2080 si
3286 2025 3386 2082 de-

1759 2125 1999 2182 creverit
2022 2125 2333 2182 mittendos
2353 2140 2474 2179 esse
2498 2123 2597 2194 qui
2617 2127 2928 2194 praesentes
2955 2137 3086 2176 curn
3106 2120 3390 2192 episcopis

1753 2220 2033 2292 judicent,
2065 2219 2340 2274 habentes
2359 2217 2754 2273 auctoritatem
2779 2215 2900 2286 ejus
2933 2232 2966 2269 a
2997 2231 3110 2285 quo
3129 2214 3390 2270 destinati

1761 2318 1912 2384 sunt,
1947 2315 2056 2368 erit
2075 2314 2136 2368 in
2157 2330 2256 2367 suo
2287 2311 2554 2380 arbitrio;
2585 2310 2633 2364 si
2657 2325 2789 2364 vero
2809 2308 3110 2364 crediderit
3131 2307 3391 2364 sufficere

1759 2407 2070 2479 episcopos,
2083 2412 2148 2461 ut
2159 2405 2387 2477 negotio
2403 2403 2716 2460 terminum
2731 2400 3225 2473 imponant,faciet
3234 2400 3392 2472 quod

1761 2501 2182 2573 sapientissimo
2210 2515 2312 2554 suo
2335 2498 2564 2553 consilio
2578 2495 2938 2568 judicaverit.
2954 2495 3012 2550 Si
3032 2495 3160 2566 quis
3176 2494 3388 2566 episco-

1759 2611 1867 2666 pus
1893 2593 2213 2660 iracundus,
2248 2591 2400 2663 quod
2429 2606 2550 2646 esse
2578 2606 2695 2645 non
2715 2589 2902 2655 debet,
2931 2587 3042 2642 cito
3071 2593 3168 2642 aut
3191 2603 3390 2658 aspere

1761 2690 2182 2742 commoveatur
2205 2686 2470 2740 adversus
2497 2683 2895 2756 presbyterum
2936 2681 3052 2735 sive
3089 2680 3390 2736 diaconum

1761 2797 1948 2848 suum,
1983 2784 2040 2836 et
2071 2779 2448 2835 exterminare
2470 2795 2603 2834 eum
2629 2778 2700 2832 de
2720 2776 2952 2831 ecclesia
2977 2774 3237 2844 voluerit,
3267 2792 3393 2847 pro-

1760 2875 2071 2930 videndum
2103 2879 2188 2928 est
2207 2890 2280 2928 ne
2295 2874 2567 2928 innocens
2589 2872 2896 2926 damnetur
2915 2873 3014 2924 aut
3034 2870 3232 2941 perdat
3246 2885 3396 2925 com-

1763 2968 2120 3036 munionem,
2155 2967 2364 3022 habeat
2389 2968 2732 3038 potestatem
2761 2965 2990 3036 ejectus,
3032 2968 3095 3019 ut
3122 2964 3396 3020 finitimos

1761 3062 2084 3134 interpellet
2103 3061 2414 3133 episcopos,
2442 3064 2498 3115 et
2528 3076 2694 3115 causa
2724 3058 2845 3128 ejus
2863 3058 3146 3126 audiatur,
3186 3064 3242 3114 et
3266 3058 3392 3114 dili-

1765 3156 1991 3229 gentius
2013 3159 2290 3212 tractetur
2313 3155 2463 3227 quod
2487 3171 2603 3208 non
2614 3156 2838 3225 Oportet
2854 3153 2905 3207 ei
2924 3168 3136 3224 negare
3155 3153 3392 3208 audien-

103 3251 201 3291 nore
221 3242 404 3310 gradus
433 3245 518 3299 sui
555 3245 853 3316 presbyter
880 3251 1267 3301 removeretur
1293 3246 1572 3318 Apiarius,
1609 3250 1665 3302 et
1685 3206 1740 3280 Ο
1763 3206 1902 3305 tiam
1933 3251 2179 3323 roganti,
2229 3255 2286 3304 et
2317 3206 2421 3304 ille
2453 3206 2752 3320 episcopus
2798 3245 2894 3317 qui
2942 3206 3039 3300 aut
3079 3246 3254 3317 juste,
3297 3252 3398 3302 aut

103 3337 275 3403 arrepto
303 3336 576 3407 epistolio,
620 3338 965 3410 ubicumque
1003 3339 1137 3394 alibi
1166 3340 1332 3394 vellet
1359 3346 1415 3395 et
1453 3344 1662 3411 posset,

99 3424 364 3495 presbyterii
401 3447 649 3486 munere
691 3432 1063 3504 fungeretur,
1108 3433 1264 3504 quod
1319 3433 1505 3488 eidem
1560 3434 1665 3506 ipsi

96 3529 170 3583 per
188 3516 372 3579 litteras
399 3526 668 3597 proprias
691 3527 1002 3598 postulanti
1032 3524 1153 3580 sine
1183 3526 1508 3582 difficultate
1528 3545 1662 3583 con-

95 3611 324 3670 cessimus.
354 3617 494 3674 Sane
525 3619 865 3691 priusquam
912 3620 1035 3675 haac
1062 3637 1229 3675 causa
1268 3621 1374 3675 isto
1416 3621 1664 3677 termino

96 3699 384 3764 clauderetur
400 3711 556 3767 inter
573 3712 690 3767 alia
709 3730 838 3784 quae
861 3713 1145 3768 diuturnis
1165 3714 1668 3786 disceptationibus

92 3800 406 3873 Versabamus,
427 3807 565 3878 quia
587 3808 811 3878 rogatio
829 3806 953 3878 ipsa
972 3807 1256 3879 poscebat,
1287 3812 1350 3863 ut
1366 3808 1520 3880 apud
1544 3812 1668 3864 acta

93 3890 403 3952 ecclesiastica
431 3916 465 3953 a
493 3900 714 3955 nostris
741 3900 1008 3956 fratribus
1037 3901 1304 3957 Faustino
1334 3903 1666 3975 coepiscopo

92 3983 354 4061 etPhilippo
365 3996 541 4064 atque
553 3994 1245 4067 Asello,compresbyteris
1255 4012 1664 4069 quaereremus,

92 4077 134 4127 υἱ
149 4090 448 4147 promerent
478 4087 766 4160 quidquid
786 4089 864 4143 eis
890 4089 1187 4145 nobiscum
1219 4090 1510 4162 agendum
1536 4091 1670 4146 fuis-

89 4176 147 4223 set
181 4172 500 4249 injunctum,
549 4182 835 4236 nonnulla
867 4183 1101 4254 quidem
1145 4184 1266 4239 sine
1307 4185 1420 4240 ullo
1461 4185 1668 4256 scripto

88 4271 311 4330 prosecuti
339 4280 471 4330 sunt
510 4275 727 4345 verbis,
771 4277 864 4331 sed
905 4294 1036 4332 cum
1077 4277 1132 4332 id
1167 4277 1356 4349 potius
1380 4278 1666 4350 ﬂagitare-

1765 3345 1973 3415 injuste
1994 3345 2208 3416 rejecit,
2232 3344 2518 3416 patienter
2537 3341 2774 3412 accipiat
2791 3339 3110 3411 negotium,
3137 3345 3197 3394 ut
3216 3340 3399 3396 discu-

1766 3439 1958 3506 tiatur,
1987 3443 2086 3492 aut
2121 3439 2401 3509 probetur
2431 3436 2552 3507 ejus
2597 3440 2695 3490 aut
2726 3433 3064 3489 emendetur
3100 3433 3394 3489 sententia.

1767 3533 1895 3586 Haec
1921 3533 2117 3602 utique
2145 3531 2217 3585 ad
2238 3531 2546 3585 adventum
2570 3528 2997 3583 verissimorum
3020 3528 3398 3599 exemplario-

1766 3642 1898 3681 rum
1947 3625 2157 3679 Nicaeni
2216 3623 2441 3678 concilii
2483 3624 2695 3677 inserta
2736 3621 2908 3693 gestis
2950 3624 3099 3690 sunt,
3133 3639 3258 3694 quae
3293 3621 3402 3676 sibi

1767 3717 2257 3792 quemadmodum
2284 3718 2405 3788 ipso
2434 3716 2592 3789 quod
2615 3715 2767 3786 apud
2797 3731 2902 3770 nos
2924 3715 3131 3770 fratres
3151 3733 3221 3771 ex
3241 3733 3402 3788 apos-

1767 3812 1934 3868 tolica
1963 3811 2098 3867 sede
2127 3811 2327 3867 directi
2347 3811 2732 3881 allegaverunt
2753 3824 2940 3863 comm
2951 3809 3196 3864 onitorio
3221 3813 3396 3866 conti-

1769 3911 2044 3961 nerentur
2082 3905 2153 3959 de
2201 3920 2403 3960 eorum
2434 3903 2658 3970 ordine,
2697 3903 2784 3957 vel
2825 3903 2976 3973 apud
3021 3919 3118 3957 vos
3152 3903 3210 3958 in
3237 3905 3399 3960 Italia

1767 4000 2208 4069 custodirentur,
2243 3999 2396 4054 nullo
2426 3998 2596 4053 modo
2626 4013 2730 4052 nos
2759 3995 2890 4050 talia
2927 3997 3120 4067 qualia
3144 4015 3398 4054 comme-

1768 4110 1994 4149 morare
2015 4094 2136 4164 jam
2179 4093 2461 4161 volumus,
2499 4091 2588 4146 vel
2626 4092 2865 4146 tolerare
2905 4107 3264 4162 cogeremur,
3310 4095 3400 4149 vel

1769 4187 2147 4243 intolerabilia
2206 4192 2554 4258 pateremur,
2609 4185 2709 4240 sed
2747 4185 3047 4253 credimus,
3097 4186 3403 4257 adjuvante

1770 4281 2159 4336 misericordia
2188 4280 2416 4335 Domini
2445 4279 2541 4335 Dei
2571 4279 2770 4347 nostri,
2804 4278 2959 4350 quod
2986 4284 3079 4333 tua
3107 4281 3400 4336 sanctitate

88 4369 178 4411 mus
190 4367 325 4432 quod
343 4367 401 4421 in
414 4369 634 4424 litteris
651 4369 871 4424 ferrent
886 4372 1412 4439 commonitorium,
1427 4373 1672 4443 protule-
1771 4378 2042 4431 Romana:
2066 4375 2327 4430 Ecclesiae
2344 4373 2674 4446 praesidenti
2696 4389 2812 4427 non
2848 4389 3063 4442 sumus,
3077 4374 3198 4444 jam
3230 4375 3401 4430 istum

87 4457 199 4521 mut,
224 4460 359 4529 quod
390 4463 704 4518 recitatum
734 4463 896 4518 nobis
924 4464 1099 4520 etiam
1120 4466 1293 4537 gestis
1322 4483 1448 4538 quae
1477 4483 1670 4521 secum

1772 4473 1977 4542 typum
2002 4469 2247 4541 passuri,
2273 4471 2330 4523 et
2355 4467 2728 4522 servabuntur
2752 4483 2887 4538 erga
2916 4483 3021 4521 nos
3048 4484 3113 4521 ea
3142 4485 3271 4539 quae
3299 4486 3402 4524 no-

86 4543 135 4596 id
155 4562 233 4654 res
259 4552 570 4625 deferrent,
618 4561 701 4610 est
732 4558 1059 4628 allegatum.
1092 4559 1150 4612 in
1184 4575 1296 4630 quo
1322 4559 1401 4614 eis
1429 4562 1750 4654 quatuorD
1771 4563 1858 4618 bis
1881 4563 2053 4617 etiam
2089 4579 2204 4616 non
2251 4561 2658 4616 disserentibus
2692 4560 2960 4615 custodiri
2995 4561 3240 4615 debeant
3272 4578 3403 4618 cum

85 4640 293 4704 quadam
335 4649 648 4704 nobiscum
685 4651 938 4721 gerenda
987 4653 1258 4708 mandata
1297 4659 1450 4724 sunt,
1491 4670 1672 4709 unum

86 4727 133 4782 de
155 4741 615 4808 appellationibus
644 4745 1036 4816 episcoporum
1072 4747 1146 4801 ad
1183 4748 1455 4802 Romanas
1483 4749 1670 4802 Eccle-

87 4822 154 4878 siae
177 4836 536 4894 sacerdotem.
565 4839 831 4893 Alterum
861 4857 933 4894 ne
959 4841 1028 4895 ad
1056 4842 1391 4897 comitatum
1423 4840 1675 4913 episcopi

87 4915 358 4989 in‘l’ortune
379 4934 686 5004 navigant.
719 4933 969 4988 Tertium
1001 4934 1069 4988 de
1097 4935 1408 4989 tractandis
1435 4937 1671 5006 presby-

89 5011 288 5076 terorum
317 5030 371 5080 et
402 5026 792 5082 diaconorum
815 5027 998 5083 causis
1016 5029 1165 5099 apud
1179 5028 1447 5083 finitimos
1467 5029 1678 5101 episco-

88 5120 160 5171 llos
179 5113 216 5164 si
243 5132 272 5168 a
298 5118 407 5173 suis
447 5121 937 5177 excommunicati
966 5122 1166 5177 leviter
1203 5123 1292 5177 vel
1321 5122 1677 5193 culpabiliter

89 5195 267 5262 fuerint.
299 5210 588 5275 Quartum
621 5214 690 5269 de
719 5214 942 5272 Urbano
986 5216 1249 5288 episcopo
1287 5217 1673 5271 excommuni-

91 5298 245 5366 carido,
269 5306 350 5358 vel
379 5308 559 5362 etiam
593 5308 834 5362 Romam
858 5311 1164 5379 evocanda,
1198 5311 1306 5364 nisi
1345 5327 1409 5366 ea
1441 5327 1571 5382 quae
1591 5311 1674 5365 vi-

92 5383 322 5452 debantur
337 5402 707 5473 corrigenda,
723 5402 1057 5475 corrigeret,
1075 5419 1322 5474 quorum
1338 5404 1595 5459 omnium
1609 5405 1677 5459 de

92 5482 232 5545 Primo
259 5496 312 5544 et
343 5495 534 5562 tertio,
569 5494 630 5548 id
657 5498 762 5565 est,
806 5499 868 5548 ut
908 5496 1150 5550 Romam
1200 5496 1366 5552 liceat
1403 5497 1679 5568 episcopis

94 5585 357 5654 Pmt'ocare,
385 5593 441 5643 et
478 5591 545 5643 ut
595 5589 928 5644 clericorum
979 5590 1224 5662 querelae
1253 5590 1403 5662 apud
1447 5606 1679 5645 suarum

95 5674 458 5736 Provinciamm
497 5682 798 5755 episcopos
823 5684 1115 5754 ﬁniantur,
1142 5684 1266 5755 jam
1305 5685 1494 5756 priore
1527 5701 1679 5739 anno

100 5762 229 5823 etiam
252 5771 438 5830 litteris
466 5777 683 5831 nostris
710 5778 781 5833 ad
812 5779 1082 5833 eumdem
1109 5778 1444 5834 venerabilis
1465 5795 1681 5834 memo-

104 5854 175 5910 riae
194 5862 452 5925 Zosimurn
481 5870 811 5948 episc0pum
841 5872 986 5929 datis
1012 5872 1299 5928 insinuare
1337 5873 1678 5944 curavimus,

1772 4659 2025 4712 fraterna
2056 4655 2328 4710 charitate
2360 4671 2488 4727 quae
2517 4653 2834 4709 secundum
2861 4653 3201 4725 sapientiam
3233 4662 3291 4712 et
3307 4657 3402 4728 ju-

1774 4751 1986 4805 stitiam
2011 4766 2181 4821 quam
2199 4748 2301 4803 tibi
2325 4748 2558 4802 donavit
2576 4747 2912 4814 Altissimus,
2933 4747 3105 4801 etiam
3118 4747 3240 4819 ipse
3271 4768 3402 4822 per.

1775 4845 1940 4916 spicis
1978 4862 2098 4899 esse
2143 4842 2440 4909 servanda,
2477 4841 2522 4895 si
2561 4841 2704 4895 forte
2730 4841 2893 4894 aliter
2914 4841 3129 4896 habent
3156 4860 3406 4902 canones

1775 4938 1986 4993 Nicwni
2012 4936 2249 4992 concilii.
2282 4935 2552 4999 Quamvis
2577 4935 2732 4988 enim
2771 4934 3045 5004 plurimos
3071 4938 3294 4994 codices
3320 4941 3402 4995 leo

1776 5032 2054 5103 gerimus,
2074 5031 2174 5086 sed
2193 5046 2476 5101 nusquam
2506 5029 2564 5083 in
2596 5028 2821 5083 Nicaeno
2851 5029 3090 5085 concilio
3121 5033 3404 5089 Latinisin

1776 5125 2060 5180 codicibus
2113 5124 2379 5196 legimus,
2435 5122 2921 5195 quemadmodum
2978 5125 3036 5178 in
3091 5128 3408 5197 supradicto

1777 5213 2214 5270 commonitorio
2243 5213 2386 5268 mihi
2413 5212 2628 5267 directa
2653 5218 2817 5280 sunt;
2851 5229 2915 5267 ea
2940 5216 3135 5269 tamen
3164 5217 3299 5287 quia
3317 5218 3407 5272 hic

1777 5309 1837 5363 in
1865 5309 2022 5364 nullo
2049 5309 2244 5363 Graeco
2281 5306 2474 5362 codice
2513 5306 2806 5378 potuimus
2827 5306 3101 5376 invenire,
3138 5325 3203 5364 ex
3227 5310 3408 5365 orien-

1777 5402 1983 5458 talibus
2039 5401 2295 5457 Ecclesiis
2349 5399 2445 5456 ubi
2494 5401 2870 5472 perhibentur
2931 5403 3130 5457 eadem
3186 5403 3406 5458 decreta

1777 5512 1943 5568 posse
1971 5495 2144 5551 etiam
2173 5494 2504 5550 authentico.
2529 5495 2770 5567 reperiri
2798 5495 2980 5565 magis
3007 5495 3169 5550 nobis
3194 5496 3411 5553 deside-

1779 5606 1974 5645 ramus
2001 5589 2211 5658 aﬁ‘erri,
2247 5606 2351 5660 pro
2380 5606 2493 5662 qua
2530 5606 2591 5645 re
2626 5593 2783 5645 tuam
2828 5604 3058 5660 quoque
3094 5591 3409 5646 veneratio-

1779 5699 1914 5738 nem
1941 5683 2326 5751 obsecramus,
2355 5689 2419 5738 ut
2446 5683 2688 5740 scribere
2715 5682 2888 5738 etiam
2917 5681 3037 5753 ipse
3065 5682 3313 5754 digneris
3339 5685 3412 5741 ad

1782 5777 2009 5832 illarum
2028 5777 2276 5848 partium
2310 5777 2661 5843 sacerdotes,
2693 5777 2803 5831 hoc
2835 5780 2920 5831 est
2939 5775 3194 5831 Ecclesiae
3223 5779 3417 5836 Λιιιίοα

1786 5871 2008 5940 chenaa,
2032 5871 2450 5938 Alexandrinae,
2475 5869 3135 5944 Constantinopolitanae,
3155 5876 3214 5931 et
3234 5872 3279 5928 si
3299 5874 3421 5931 aliis
