3964 6178
583 322 682 372 3ὃ9
770 360 773 363 ,

1456 314 1745 368 APPEND.
1789 308 1878 369 Al)
1919 313 2082 368 SxEC.
2125 314 2212 366 1X.
2242 340 2311 351 —
2342 311 2585 365 lSlDOltl
2624 304 3054 365 )lEltCATORIS
3761 325 3833 376 3m

582 425 754 479 etiam
784 423 1061 494 placuerit
1089 427 1201 477 tua:
1228 422 1531 490 sanctitati,
1571 429 1632 477 ut
1654 422 1787 477 inde
1808 423 1877 477 ad
1915 439 2016 475 nos
2047 422 2218 475 iidem
2241 432 2301 504 Α
2321 420 2556 491 perfrui,
2579 418 2808 473 Domini
2834 417 3146 471 beatissimi
3165 417 3375 473 fratres.
3397 419 3665 491 Scripsistis
3680 434 3836 481 saneut

584 533 831 571 canones
859 516 1010 587 apud
1041 515 1281 569 Nicaeam
1319 515 1603 569 civitatem
1644 532 1679 568 a
1724 516 1977 586 patribus
2014 515 2215 569 consti-

582 610 690 665 tuti
717 610 963 677 veniant,
1001 612 1054 662 te
1086 608 1444 680 potissimum
1478 609 1582 662 hoc
1620 609 1956 662 beneficium
1997 608 2214 662 cunctis

584 703 1026 758 occidentalibus
1057 703 1315 758 Ecclesiis
1340 703 1398 756 in
1429 702 1653 756 Domini
1698 702 1980 773 adjutorio
2016 702 2211 756 confe-

581 800 766 852 rente.
798 796 935 860 Quis
971 796 1125 849 eniui
1156 796 1378 849 dubitet
1405 796 1752 866 exemplaria
1781 811 1899 849 esse
1926 795 2215 849 verissima

583 890 805 945 concilii
833 890 893 943 in
933 889 1149 944 Graecia
1180 889 1418 943 Nicaeum
1446 889 1641 959 synodi
1671 895 2054 959 congregatae,
2086 905 2214 958 quae

582 989 699 1037 tam
730 983 797 1036 de
830 982 1065 1037 diversis
1086 983 1220 1037 locis
1242 982 1388 1036 etde
1414 982 1698 1036 nobilibus
1728 982 1931 1035 Graecis
1957 981 2216 1037 Ecclesiis

582 1077 752 1130 allata
790 1079 847 1129 et
887 1081 1211 1146 comparata
1250 1075 1633 1130 concordant?
1672 1076 1831 1139 Quod
1872 1076 2053 1130 donec
2092 1076 2213 1141 ﬁat,

583 1169 705 1223 haec
736 1185 861 1238 qua:
887 1168 945 1222 in
973 1169 1409 1223 commonitorio
1432 1168 1759 1240 supradicto
1782 1169 1948 1222 nobis
1970 1168 2216 1238 allegata

583 1265 715 1316 sunt
737 1262 808 1315 de
828 1262 1299 1333 appellationibus
1318 1263 1711 1334 episcoporum
1732 1262 1804 1317 ad
1824 1262 2098 1316 Romanas
2122 1263 2217 1316 Ec-

585 1356 767 1410 clesiae
789 1357 1135 1410 sacerdotem
1169 1360 1227 1410 et
1246 1356 1315 1411 de
1352 1356 1687 1410 clericorum
1710 1356 1893 1409 causis
1913 1356 2064 1426 apud
2085 1373 2213 1410 sua-

583 1465 713 1503 rum
747 1449 1163 1521 provinciarum
1187 1450 1481 1521 episcopos
1506 1449 1879 1504 terminandis
1900 1466 2001 1503 nos
2022 1449 2216 1520 utique

586 1543 657 1597 ad
694 1543 1086 1613 probationem
1114 1549 1434 1598 servaturos
1483 1560 1604 1597 esse
1646 1543 2002 1615 profitemur,
2043 1542 2215 1597 beati-

585 1637 844 1690 tudinem
878 1640 1033 1691 tuam
1062 1637 1136 1691 ad
1163 1638 1268 1691 hoc
1294 1654 1397 1691 nos
1435 1636 1760 1706 adjuturam
1800 1637 1858 1689 in
1899 1637 1995 1690 Dei
2025 1637 2216 1689 volun-

587 1733 699 1784 tate
726 1730 1061 1784 conﬁdimus
1085 1746 1098 1784 :
1140 1734 1345 1785 caetera
1377 1746 1507 1784 vero
1534 1747 1659 1801 quae
1688 1731 1746 1783 in
1773 1736 1969 1785 nostra
1996 1730 2214 1801 synodo

588 1827 742 1894 gesta
769 1823 857 1877 vel
898 1822 1126 1878 ﬁrmata
1167 1830 1317 1890 sunt,
1359 1823 1631 1894 quoniam
1668 1824 1974 1895 supradicti
2009 1818 2291 1889 fratresB

588 1916 789 1982 nostri,
826 1916 1122 1970 Faustinus
1152 1917 1539 1988 coepiscopus,
1581 1917 1875 1989 Philippus
1904 1921 1961 1971 et
1999 1917 2215 1972 Asellus

585 2009 902 2080 presbyteri
927 2026 1120 2064 secum
1139 2012 1349 2079 ferunt,
1378 2011 1426 2064 si
1451 2010 1716 2082 dignatus
1742 2010 1917 2065 fueris
1945 2016 2058 2065 tua:
2083 2016 2217 2065 nota

583 2103 792 2157 faciant
818 2103 1119 2158 sanctitati.
1160 2106 1226 2158 Et
1258 2104 1368 2158 alia
1402 2120 1598 2173 manu,
1636 2105 1905 2159 Dominus
1942 2110 2135 2159 noster
2156 2108 2214 2158 te

583 2196 749 2250 nobis
794 2195 960 2249 annis
1004 2196 1267 2267 plurimis
1318 2197 1618 2265 custodiat,
1657 2197 1981 2252 beatissime
2014 2198 2215 2267 frater,

583 2293 788 2344 Amen.
829 2290 1094 2343 Aurelius
1147 2290 1447 2361 episcopus
1505 2291 1885 2361 Carthaginis,
1936 2291 2211 2362 Alippius,

584 2382 954 2453 Augustinus,
984 2382 1289 2451 Possidius,
1315 2383 1582 2450 Marinus,
1611 2384 1801 2439 cieteri
1828 2384 2077 2456 episc0pi
2108 2384 2211 2439 du-

585 2475 734 2530 centi
755 2475 1188 2547 quatuordecim
1206 2476 1681 2548 subscripserunt.

584 2586 731 2652 XIII.
761 2586 1025 2652 Incipiunt
1044 2586 1302 2652 rescripta
1314 2587 1386 2652 ad
1397 2586 1727 2652 conciliumA
1734 2586 2003 2652 fricanum
2024 2587 2214 2652 Cyrilli

647 2649 1007 2712 Alexandrini
1040 2649 1287 2712 episcopi,
1320 2649 1411 2699 ubi
1450 2649 1752 2700 authentico
1778 2651 1975 2700 Niczni
2004 2649 2214 2701 concilii

646 2712 919 2776 translata
972 2708 1035 2760 de
1067 2708 1260 2760 'Gravco
1287 2725 1399 2776 per
1445 2712 1811 2776 Innocentium,
1852 2712 2214 2776 presbyterum

646 2773 957 2829 transmisit,
994 2786 1110 2836 quae
1138 2778 1186 2821 et
1212 2773 1441 2834 epistola
1472 2788 1587 2823 cum
1627 2773 2091 2825 concilio'Nicaino
2156 2788 2215 2824 cr

646 2839 990 2883 memoratum
1032 2834 1395 2886 presbyterum
1434 2837 1793 2885 Innocentium
1821 2841 1873 2885 et
1904 2789 2213 2886 Marcellam

646 2834 1395 2897 memoratum'presbylcrum
1434 2837 1793 2885 Innocentium
1821 2841 1873 2885 et
1904 2834 2213 2887 Marcellum

646 2895 1294 2961 subdiaconumﬂcclésiae
1314 2896 1760 2961 iCarlhaginensis
1788 2904 1967 2949 sancto
1996 2898 2211 2961 Boni/a-

645 2959 726 3007 cio
755 2959 991 3021 episcopo
1025 2959 1270 3021 Romanis
1300 2958 1557 3017 Ecclesia}
1584 2961 1670 3010 die
1695 2965 1843 3010 sexta
1867 2962 2090 3011 Kalend.
2117 2958 2212 3011 De-

645 3019 864 3069 cembris
895 3019 1018 3070 sunt
1041 3020 1259 3071 directa.

655 3110 906 3165 Dominis
935 3110 1359 3165 honorabilibus
1394 3113 1599 3167 sanctis
1641 3113 1908 3168 fratribus
1933 3119 1991 3169 et
2023 3114 2207 3186 coepi-

2312 513 2635 569 verissimos
2660 526 2908 566 canones
2938 510 3090 580 apud
3129 510 3367 565 Nicaeam
3406 512 3655 568 civitatem
3675 521 3836 572 metro-

2312 608 2488 680 polim
2523 605 2803 676 Bithyniae
2839 622 2872 657 a
2898 604 3159 658 Patribus
3179 605 3510 671 constitutos,
3531 606 3620 658 sub
3639 608 3836 679 astipula-

2314 681 2470 756 tione
2502 700 2768 770 dirigam.
2798 699 2864 751 Et
2881 697 3007 768 quis
3033 702 3119 750 est
3142 696 3239 768 qui
3261 713 3596 752 communem
3621 700 3761 753 ﬁdem
3780 704 3840 756 vel

2313 786 2525 849 statuta
2557 810 2591 846 a
2629 791 2885 845 Patribus
2928 792 3154 843 firmata
3195 789 3308 843 suis
3352 789 3593 844 fratribus
3627 792 3841 862 deneget?

2313 890 2435 951 Qua
2461 886 2531 941 de
2558 902 2620 939 re
2644 901 2746 955 per
2762 883 3031 937 eumdem
3062 883 3246 936 filium
3267 900 3450 937 meum
3467 884 3741 939 Marcellum
3755 886 3845 938 sub-

2315 980 2616 1034 diaconum
2647 981 2905 1032 nostrum
2937 977 3179 1031 nimium
3218 977 3580 1044 festinantem,
3609 977 3741 1030 sicuti
3762 982 3843 1030 sta-

2313 1074 2421 1126 tuti
2451 1079 2579 1126 sunt
2612 1072 2670 1124 in
2701 1072 2887 1125 Nicaea
2916 1071 3138 1124 civitate
3186 1085 3220 1123 a
3262 1069 3520 1136 Patribus,
3551 1085 3758 1123 canones
3785 1070 3845 1123 in-

2312 1172 2503 1237 tegros
2532 1170 2612 1234 (ut
2633 1165 2897 1235 jussistis)
2929 1163 3127 1230 direxi,
3166 1165 3359 1234 petens
3395 1167 3454 1216 ut
3485 1178 3577 1232 pro
3604 1178 3684 1216 me
3715 1163 3844 1233 pluri-

2314 1276 2474 1313 mum
2523 1263 2709 1312 vestra
2750 1261 2943 1312 sancta
2984 1255 3351 1327 congregatio
3395 1271 3548 1309 orare
3591 1255 3772 1325 jubeat.
3803 1256 3849 1308 Et

2312 1352 2425 1407 alia
2446 1369 2642 1418 manu,
2676 1351 2946 1405 Dominus
2971 1354 3166 1404 noster
3189 1349 3528 1403 sanctitatem
3555 1350 3759 1401 vestram
3777 1364 3845 1400 cu-

2314 1446 2540 1513 stodiat,
2571 1445 2724 1516 quod
2751 1450 3034 1516 optamus,
3065 1441 3396 1497 sanctissimi
3426 1441 3625 1495 fratres.

2313 1551 2579 1614 Incipiunt
2604 1550 2952 1614 exemplaria,
2968 1549 3172 1614 Nicaeus:
3200 1547 3408 1614 concilii
3441 1542 3853 1614 directa-Africano

2375 1606 2598 1678 concilio
2616 1628 2650 1661 α
2678 1606 2979 1678 memoratis
2990 1610 3322 1678 pontiﬁcibus
3342 1614 3462 1678 post
3477 1606 3764 1678 cons-illirium
3775 1608 3856 1678 glo;

2374 1674 2790 1738 riosissimorum
2828 1668 3227 1738 imperatorum,
3262 1668 3616 1738 _Hdnor_ii_Xll,
3653 1668 3854 1719 Theodosii

2384 1739 2474 1787 VII
2494 1736 2797 1787 consulibus
2824 1732 2972 1786 seailo
3000 1736 3221 1785 Kalend.
3251 1732 3548 1784 Decembris.

2966 1817 3283 1872 SYMBOLUM.

2386 1897 2683 1953 Credimus
2708 1897 2766 1951 in
2794 1913 2974 1950 unum
3005 1897 3188 1950 Deum
3215 1896 3442 1949 Patrem
3468 1892 3855 1962 omnipotentem,

2315 1991 2620 2045 visibilium
2634 2007 2858 2046 necnon
2873 1989 3242 2044 invisibilium
3256 1983 3721 2051 conditorem,etin
3730 1998 3857 2036 unum

2316 2089 2622 2144 Dominum
2653 2091 2908 2142 nostrum
2934 2089 3126 2142 Jesum
3151 2086 3438 2142 Christum
3461 2084 3649 2138 Filium
3671 2081 3767 2146 Dei,
3787 2094 3855 2131 nas

2314 2186 2439 2238 tum
2467 2199 2534 2237 ex
2564 2183 2753 2248 Patre,
2777 2181 3164 2252 unigenitum,
3187 2180 3296 2235 hoc
3325 2184 3410 2234 est
3428 2195 3491 2232 ex
3514 2173 3783 2231 substantia
3797 2173 3862 2226 Pa-

2313 2276 2433 2344 tris,
2464 2276 2642 2330 Deum
2675 2293 2745 2329 ex
2785 2277 2919 2341 Deo,
2948 2276 3141 2329 lumen
3171 2290 3236 2328 ex
3264 2274 3503 2339 lumine,
3533 2272 3695 2324 Deum
3717 2279 3861 2320 verum

2314 2386 2386 2424 ex
2410 2370 2527 2424 Deo
2573 2385 2726 2438 vero,
2776 2373 2997 2436 natum,
3042 2384 3160 2422 non
3203 2370 3479 2433 creatum,
3522 2362 3747 2434 ejusdem
3773 2371 3864 2412 cum

2312 2465 2474 2519 Patre
2501 2462 2848 2528 substantiae,
2881 2478 2986 2533 per
3014 2477 3189 2532 quem
3228 2459 3425 2515 omnia
3465 2459 3607 2513 facta
3640 2457 3766 2520 sunt,
3786 2467 3864 2504 ore.

2311 2556 2472 2611 lestia
2500 2560 2559 2611 et
2584 2560 2830 2611 terrena.
2873 2555 2980 2619 Qui
3018 2559 3249 2626 propter
3291 2570 3397 2608 nos
3437 2549 3681 2606 homines
3706 2552 3751 2601 et
3771 2559 3864 2616 pro-

2312 2656 2440 2722 pter
2463 2657 2716 2705 nostram
2743 2650 2979 2704 salutem
3025 2647 3338 2714 descendit,
3380 2652 3436 2701 et
3473 2646 3768 2699 incarnatus
3795 2640 3867 2700 est,

2312 2750 2369 2800 et
2392 2745 2564 2799 homo
2594 2744 2794 2810 factus,
2826 2759 3021 2814 passus
3049 2748 3152 2809 est,
3188 2744 3246 2796 et
3294 2738 3596 2795 resurrexit
3625 2733 3765 2790 tertia
3789 2729 3868 2785 die.

2310 2838 2585 2892 Ascendit
2608 2838 2666 2891 in
2691 2838 2917 2903 caelum,
2946 2841 3214 2891 venturus
3247 2834 3384 2889 inde
3412 2832 3655 2904 judicare
3691 2827 3811 2879 vivos
3834 2826 3873 2874 εί

2311 2937 2590 2999 mortuos,
2619 2937 2677 2986 et
2702 2930 2760 2985 in
2788 2929 3066 3002 Spiritum
3092 2934 3380 2983 sanctum.
3427 2928 3531 2981 Eos
3556 2938 3678 2978 vero
3712 2917 3791 2991 qui
3813 2914 3871 2970 di-

2310 3030 2467 3094 cunt,
2502 3030 2623 3079 erat
2636 3030 2862 3095 tempus
2883 3023 3115 3095 quando
3136 3039 3251 3076 non
3278 3025 3424 3089 erat,
3454 3025 3513 3074 et
3529 3018 3651 3090 quia
3674 3030 3734 3068 ex
3746 3009 3874 3065 nihilo

2310 3119 2510 3187 factus,
2542 3119 2622 3172 vel
2655 3134 2726 3172 ex
2764 3117 2877 3171 alia
2910 3116 3226 3171 substantia
3263 3116 3356 3170 vel
3391 3111 3628 3169 essentia
3662 3124 3779 3173 esse,
3809 3102 3875 3157 aut

584 3204 767 3275 scopis
798 3207 1041 3258 Aunnuo
1068 3208 1124 3259 et
1154 3206 1577 3273 VALENTINIANO,
1607 3206 1705 3261 sed
1733 3211 1790 3262 et
1818 3207 1974 3262 omni
2001 3182 2210 3263 sanctas
2230 3182 2286 3256 (ἶ
2311 3182 2676 3277 mutabilem,
2723 3215 2824 3265 aut
2874 3209 3297 3264 convertibilem
3343 3206 3547 3262 Filium
3588 3203 3680 3258 Dei
3713 3198 3874 3257 dicunt.

581 3297 1011 3369 congregationi
1040 3297 1100 3352 in
1139 3297 1578 3369 Carthaginensi
1608 3301 1819 3370 synodo
1855 3305 2213 3373 congregata:

579 3394 848 3448 CYRILLUS
873 3392 1124 3447 salutans
1148 3392 1207 3446 in
1232 3393 1473 3448 Domino
1499 3392 1833 3449 charitatem
1858 3398 2121 3451 vestram.

649 3486 868 3557 Scripta
888 3484 1269 3540 venerationis
1295 3489 1496 3541 vestras
1523 3488 1763 3542 multam
1789 3488 2061 3544 habentia
2075 3507 2210 3562 que-

581 3579 893 3636 rimoniam
915 3595 1045 3634 cum
1064 3580 1219 3634 omni
1233 3579 1431 3635 laetitia
1451 3596 1553 3650 per
1564 3581 1748 3636 ﬁlium
1766 3587 2026 3637 nostrum
2043 3586 2209 3639 Inno-

581 3674 831 3729 centium
865 3672 1258 3745 presbyterum
1285 3675 1526 3746 suscepi,
1565 3675 1770 3747 quibus
1813 3694 1846 3731 a
1873 3678 2039 3732 nobis
2080 3695 2209 3750 spe-

578 3767 741 3830 ratis,
774 3769 835 3821 ιιι
862 3766 932 3821 de
958 3766 1164 3821 scrinio
1195 3772 1404 3822 nostris
1425 3769 1685 3823 Ecclesiae
1708 3770 2003 3825 verissima
2026 3788 2211 3827 exem«

578 3861 759 3933 plaria
785 3878 850 3915 ex
878 3861 1204 3916 authentica
1228 3861 1447 3932 synodo
1466 3863 1617 3934 apud
1650 3863 1892 3919 Nicaeam
1922 3865 2210 3922 civitatem

580 3954 943 4026 metropolim
974 3954 1253 4026 Bithyniae
1287 3972 1320 4009 a
1363 3957 1571 4010 sanctis
1607 3958 1862 4028 patribus
1907 3959 2211 4014 constituta

578 4053 751 4119 atque
793 4048 1017 4101 firmata
1057 4048 1159 4102 sub
1202 4051 1410 4102 nostrae
1448 4049 1580 4104 ﬁdei
1619 4051 1969 4119 professione
2012 4056 2211 4107 vestra:

579 4140 870 4195 dilectioni
900 4136 1243 4211 dirigamus;
1276 4142 1444 4208 unde,
1480 4142 1698 4197 domini
1724 4144 2084 4199 honorabiles
2104 4146 2212 4200 fra-

581 4238 717 4300 tres,
746 4231 925 4287 salute
951 4237 1264 4303 praeeunte,
1293 4250 1518 4288 necesse
1547 4236 1724 4290 habui
1766 4254 1869 4308 per
1896 4238 2101 4294 harum
2124 4240 2207 4294 la-

576 4328 771 4381 torum
825 4325 1007 4379 filium
1052 4329 1309 4381 nostrum
1361 4328 1757 4386 innocentium
1812 4332 2207 4404 presbyterum

576 4417 912 4476 fidelissima
938 4420 1284 4491 exemplaria
1315 4438 1384 4476 ex
1421 4423 1744 4479 authentica
1777 4426 1993 4498 synodo
2025 4427 2082 4481 in
2109 4428 2205 4483 Ni—

2313 3304 2751 3360 anathematizat
2775 3303 3050 3359 catholica
3079 3308 3137 3358 et
3159 3301 3475 3374 apostolica
3501 3294 3740 3354 Ecclesia.

2384 3397 2521 3453 Huic
2546 3398 2803 3469 symbolo
2828 3397 2959 3452 ﬁdei
3005 3397 3179 3452 etiam
3224 3393 3578 3467 exemplaria
3606 3391 3879 3444 statutoer

2312 3490 2567 3562 ejusdem
2597 3491 2815 3545 concilii
2854 3490 3067 3545 Nicami
3108 3506 3334 3544 annexa
3370 3490 3506 3543 sunt
3545 3484 3613 3539 de
3643 3482 3806 3537 Graeco
3840 3473 3880 3527 in

2312 3586 2573 3640 Latinum
2601 3585 2869 3640 translata
2899 3601 2932 3638 a
2958 3583 3191 3638 Teilone
3220 3586 3278 3638 et
3313 3581 3603 3639 'l‘hearisto
3634 3566 3883 3632 Constanti-

2290 3741 2292 3743 ,
2313 3679 2661 3750 nopolitano.

2474 3789 2755 3859 Incipiunt
2782 3787 3027 3859 capitula
3047 3787 3285 3856 ejusdem
3318 3785 3535 3845 Nicaem'
3550 3777 3762 3837 concilii.

2384 3886 2435 3936 1.
2471 3882 2543 3936 De
2564 3881 2839 3937 eunuchis
2863 3880 2960 3952 qui
2987 3881 3199 3951 seipsos
3220 3880 3585 3935 abscindunt.

2382 3977 2434 4029 2.
2466 3976 2539 4029 De
2564 3975 2651 4029 his
2676 3976 2774 4046 qui
2801 3991 2867 4029 ex
2899 3975 3162 4045 gentibus
3190 3979 3322 4045 post
3356 3974 3701 4045 baptismum
3723 3964 3781 4019 ad
3802 3961 3883 4015 cle-

2309 4068 2517 4123 ricatus
2542 4068 2803 4143 ordinem
2830 4071 3252 4140 promoventur.

2380 4165 2433 4218 3.
2463 4163 2538 4217 De
2567 4163 3058 4217 commanentibus
3086 4179 3219 4217 cum
3248 4162 3609 4218 mulieribus.

2380 4257 2433 4311 4.
2459 4256 2539 4311 De
2556 4255 2918 4312 ordinatione
2946 4257 3364 4329 episcoporum.

2380 4354 2433 4406 5.
2470 4352 2546 4406 De
2577 4350 3105 4406 excommunicatis.

2380 4447 2433 4500 6.
2467 4446 2545 4500 De
2572 4444 2884 4516 privilegiis
2910 4462 3037 4517 quae
3065 4443 3416 4517 quibusdam
3456 4437 3760 4499 civitatibus
3775 4445 3892 4489 com-

576 4530 692 4569 cara
722 4512 946 4569 civitate
976 4513 1256 4585 Bithyniae
1292 4514 1489 4571 habita
1521 4520 1725 4572 vestrae
1764 4519 2027 4575 charitati
2066 4521 2198 4576 diri-
2223 4554 2282 4626 Β
2304 4544 2526 4610 petunt.

578 4624 737 4681 gere,
768 4607 925 4681 quod
966 4610 1024 4662 et
1061 4606 1119 4662 in
1165 4609 1540 4665 ecclesiastica
1572 4611 1812 4668 historia
1853 4613 2206 4686 inquirentes

574 4701 894 4758 invenietis.
944 4702 1025 4757 De
1079 4703 1289 4757 Pascha
1355 4704 1439 4775 (ut
1492 4702 1806 4779 scripsistis)
1874 4708 2209 4766 nuntiamus

576 4793 752 4861 vobis,
782 4811 896 4851 xvn
923 4795 1156 4851 Kalend.
1188 4795 1327 4855 Maii,
1353 4814 1459 4853 nos
1498 4798 1693 4854 futura
1718 4799 2028 4857 indictione
2058 4804 2206 4858 cele-

574 4883 760 4943 brare.
794 4889 860 4942 Et
899 4888 1010 4943 alia
1043 4904 1238 4958 manu,
1281 4891 1429 4946 Deus
1460 4898 1515 4947 et
1551 4894 1822 4949 Dominus
1861 4902 2054 4952 noster
2082 4914 2209 4952 san-

575 4984 727 5037 ctam
774 4980 1053 5053 virginem
1092 4985 1594 5056 congregationem
1638 4994 1886 5043 vestram
1929 4991 2209 5046 custodiat

573 5075 725 5148 quod
756 5080 1038 5147 optamus,
1064 5076 1378 5132 charissimi
1398 5079 1621 5135 fratres.

2380 4637 2432 4687 7.
2462 4633 2543 4685 De
2571 4630 2835 4704 episcopo
2862 4633 3014 4703 Elius,
3048 4629 3108 4687 id
3134 4637 3219 4688 est
3245 4632 3780 4703 Hierosolymorum.

2378 4727 2430 4782 8.
2465 4726 2540 4781 De
2572 4724 2660 4780 his
2685 4726 2784 4799 qui
2810 4727 3077 4781 dicuntur
3094 4726 3341 4800 Cathari,
3374 4726 3436 4781 id
3462 4728 3551 4781 est
3576 4718 3779 4778 mundi.

2379 4822 2433 4875 9.
2459 4819 2540 4875 De
2575 4820 2664 4875 his
2691 4820 2790 4892 qui
2830 4821 2902 4875 ad
2941 4820 3322 4876 sacerdotium
3363 4820 3494 4876 sine
3534 4806 3899 4874 examinatione

2306 4914 2556 4986 promoti
2584 4920 2735 4970 sunt.

2380 5013 2465 5065 10.
2496 5009 2573 5064 De
2600 5008 2767 5080 lapsis
2793 5007 3132 5081 ignoranter
3154 5008 3456 5065 ordinatis.

2377 5105 2463 5158 11.
2494 5103 2574 5157 De
2606 5103 2694 5157 his
2721 5102 2819 5174 qui
2844 5109 3224 5175 negaverunt,
3254 5109 3310 5159 et
3332 5104 3626 5159 habentur
3644 5100 3699 5156 in
3715 5090 3845 5153 locis.

570 5183 816 5254 Epistola
830 5182 1009 5237 Attici
1031 5184 1616 5256 Constantinopolitani
1633 5191 1866 5261 ϐρίθει)ρί
1883 5191 1959 5246 ad
1973 5191 2200 5247 eosdem.

644 5280 903 5335 Dominis
950 5282 1157 5335 sanctis
1204 5282 1409 5338 merito
1451 5284 1792 5340 beatissimis
1836 5288 2105 5343 fratribus
2148 5296 2204 5345 et

570 5373 932 5447 coepiscopis,
969 5374 1218 5444 Aurelio,
1260 5377 1578 5447 Valentino,
1628 5380 1714 5433 vel
1743 5382 1960 5435 caeteris
1990 5382 2201 5437 charis-

569 5468 726 5526 simis
746 5467 803 5523 in
826 5468 1046 5540 synodo
1073 5469 1227 5540 apud
1248 5470 1658 5543 Carthaginem
1678 5474 1868 5529 habita
1886 5476 2202 5531 constitutis

566 5563 783 5618 Atticus
837 5562 1150 5633 episcopus.
1205 5564 1310 5619 Per
1355 5564 1535 5620 ﬁlium
1575 5574 1834 5622 nostrum
1876 5571 2200 5625 Marcellum

567 5655 982 5711 subdiacouum
1004 5662 1263 5712 nostrum
1284 5659 1493 5731 scripta
1513 5660 1830 5717 dilectionis
1850 5669 2046 5719 vestrae
2068 5681 2198 5720 cum

565 5748 721 5802 omni
775 5750 1089 5822 gratiarum
1147 5752 1371 5808 actione
1423 5756 1660 5827 suscepi,
1694 5756 1936 5811 Domino
1988 5759 2197 5830 gratias

561 5854 756 5910 agens,
785 5842 941 5913 quod
977 5844 1162 5900 merui
1191 5850 1479 5903 tantorum
1523 5849 1765 5905 fratrum
1807 5851 2197 5909 benedictione

2378 5199 2463 5252 l2.
2491 5197 2570 5252 De
2594 5196 2684 5251 his
2713 5197 2813 5269 qui
2838 5197 3265 5269 abrenuntiant,
3298 5200 3355 5253 et
3390 5198 3616 5253 iterum
3651 5193 3720 5250 ad
3760 5200 3904 5245 saecu-

2304 5291 2422 5345 lum
2450 5293 2585 5345 sunt
2615 5292 2842 5347 reversi.

2377 5388 2460 5441 l3.
2487 5386 2566 5440 De
2593 5384 2682 5440 his
2705 5386 2805 5457 qui
2831 5386 2892 5440 in
2929 5385 3079 5441 exitu
3117 5385 3593 5441 communionem
3628 5375 3906 5453 requirunt

2380 5480 2464 5534 14.
2496 5480 2575 5534 De
2606 5480 3031 5535 catechumenis
3057 5480 3250 5552 lapsis.

2375 5577 2459 5628 15.
2492 5574 2568 5628 De
2597 5574 2817 5630 clericis
2843 5590 2916 5629 ne
2951 5575 3023 5629 de
3050 5575 3273 5629 civitate
3303 5573 3370 5628 ad
3409 5572 3595 5628 aliam
3625 5564 3909 5625 transeant.

2374 5670 2457 5722 16.
2494 5668 2568 5721 De
2599 5667 2685 5723 his
2716 5669 2813 5741 qui
2838 5669 2897 5723 in
2925 5668 3173 5724 ecclesiis
3201 5668 3262 5722 in
3291 5665 3510 5740 quibus
3537 5659 3784 5737 provecti
3807 5653 3915 5709 sunt

2299 5759 2537 5815 minime
2558 5763 3033 5833 perduraverunt.

2371 5858 2453 5909 17.
2490 5856 2563 5911 De
2592 5856 2811 5910 clericis
2835 5856 2932 5928 qui
2961 5872 3164 5912 usuras
3180 5855 3493 5928 accipiunt.
