3964 6178
1266 271 1390 323 DEC
1399 271 1436 323 ll
1448 271 1567 324 ΙίΤΛ
1577 271 1636 323 ιιι
1647 270 1683 324 [ἶ
1693 271 1735 324 Μ

134 281 196 332 361

182 386 244 439 l8.
271 381 330 432 De
353 375 632 447 privilegiis
661 375 1142 445 presbyterorum.

179 479 242 529 19.
265 476 328 527 De
355 469 536 541 bisqui
565 485 598 523 a
631 470 802 526 Paulo
839 471 1207 525 Samosateno
1252 472 1321 526 ad
1367 472 1658 528 ecclesiam

125 569 317 623 veniunt.

173 664 239 714 20.
262 661 323 714 De
344 657 598 712 ﬂectendo
629 674 798 727 genu.

172 758 238 809 2t.
266 754 329 807 De
364 752 736 806 observatione
781 753 994 806 Nicasni
1029 753 1270 820 concilii,
1303 758 1367 809 ut
1393 755 1549 808 nulla
1591 755 1660 810 de

123 849 286 920 reliquo
309 847 524 900 varietas
549 845 764 899 oriatur
788 845 846 898 in
873 845 1138 901 ecclesiis.

167 944 268 997 CAP.
298 945 338 995 Ι.
377 941 426 995 Si
469 940 587 1010 quis
631 956 736 1011 per
780 939 1114 1010 languorem
1141 957 1172 993 a
1201 941 1436 994 medicis
1479 945 1660 996 sectus

121 1041 194 1101 est,
215 1039 292 1088 aut
326 1051 353 1087 a
386 1033 632 1088 barbaris
675 1032 952 1087 abscissus
980 1039 1083 1100 est,
1118 1034 1220 1088 iste
1251 1039 1552 1089 remaneat
1601 1035 1658 1090 in

119 1131 242 1183 clero.
266 1128 311 1183 Si
333 1127 446 1199 quis
473 1131 660 1181 autem
685 1143 854 1180 sanus
895 1144 955 1181 se
1002 1127 1255 1195 abscidit,
1309 1128 1480 1182 istum
1513 1133 1569 1184 et
1599 1129 1659 1184 in

119 1223 226 1276 clero
244 1221 460 1292 positum
480 1220 758 1274 abstinere
784 1223 1022 1290 oportet,
1044 1224 1102 1274 et
1127 1221 1194 1275 de
1211 1224 1416 1276 cmtero
1437 1222 1660 1277 nullum

118 1315 260 1368 talium
285 1314 469 1368 debere
498 1314 838 1384 promoveri.
869 1313 1025 1369 Sicut
1052 1317 1242 1368 autem
1285 1315 1391 1369 hoc
1419 1317 1658 1372 manife-

120 1415 225 1461 stum
247 1415 331 1473 est,
359 1408 483 1478 quia
508 1408 576 1461 de
605 1408 695 1462 his
723 1409 822 1479 qui
854 1409 1001 1462 hanc
1031 1426 1152 1462 rem
1181 1410 1525 1480 excogitant,
1556 1427 1658 1465 au-

119 1502 300 1571 dentque
325 1502 522 1572 seipsos
547 1501 883 1556 abscindere
911 1502 1121 1556 dictum
1156 1502 1244 1568 sit,
1275 1503 1352 1556 sic
1382 1520 1479 1557 eos
1504 1503 1603 1575 qui
1628 1521 1661 1557 a

117 1593 318 1660 barbaris,
359 1598 450 1648 aut
483 1611 517 1648 a
547 1595 796 1650 dominis
835 1596 1056 1650 castrati
1099 1601 1248 1662 sunt,
1293 1596 1662 1651 inveniuntur

117 1691 252 1740 autem
273 1688 392 1741 alias
415 1688 589 1758 digni,
624 1689 766 1742 tales
795 1687 866 1741 ad
897 1688 1110 1743 clerum
1137 1689 1382 1765 applicat
1420 1706 1621 1744 canon.

163 1782 202 1831 2.
221 1780 333 1842 Quia
367 1757 540 1834 multa
586 1785 686 1835 aut
729 1781 1086 1847 necessitate,
1135 1757 1232 1835 aut
1258 1757 1420 1835 aliter
1458 1757 1738 1852 cogen-B

116 1873 219 1924 tibus
240 1873 533 1928 hominibus
580 1875 730 1929 facta
775 1879 909 1928 sunt
955 1878 1147 1929 contra
1173 1891 1450 1930 canonem
1479 1876 1660 1930 eccle-

117 1965 349 2031 siasticum,
386 1972 444 2020 ut
486 1969 748 2022 homines
779 1984 849 2022 ex
883 1968 1080 2040 gentili
1113 1969 1223 2022 vita
1269 1985 1455 2039 nuper
1504 1985 1660 2024 acce-

115 2058 254 2112 dentes
276 2060 332 2112 ad
369 2060 550 2125 ﬁdem,
592 2067 648 2116 et
690 2061 748 2115 in
793 2077 965 2132 parvo
1011 2065 1272 2132 tempore
1309 2062 1658 2129 catechizati,

113 2152 246 2205 statim
263 2153 325 2206 ad
343 2154 584 2224 spiritale
609 2155 899 2210 lavacrum
928 2154 1228 2221 ducantur,
1260 2160 1316 2209 et
1337 2156 1504 2209 simul
1533 2173 1661 2210 cum

110 2243 307 2314 baptizati
331 2247 532 2302 fuerint
558 2251 1008 2318 promoveantur
1033 2248 1101 2301 ad
1133 2248 1540 2319 episcopatum,
1563 2253 1664 2304 aut

111 2337 156 2389 ad
179 2339 563 2410 presbyterium,
600 2341 812 2412 placuit
841 2342 910 2395 de
936 2347 1142 2396 cmtero
1180 2342 1322 2396 nihil
1369 2344 1482 2396 tale
1514 2343 1656 2398 ﬁeri.

111 2431 208 2485 Nam
229 2437 274 2486 et
299 2436 541 2505 tempore
587 2451 730 2506 opus
773 2439 858 2489 est
907 2435 961 2490 ei
1008 2435 1102 2507 qui
1151 2435 1552 2503 catechizatur,
1604 2440 1662 2490 et

110 2530 197 2593 post
214 2526 454 2597 baptisma
497 2529 836 2600 approbatio
867 2529 1129 2600 amplior,
1173 2528 1467 2583 manifesta
1507 2530 1660 2585 enim

109 2623 166 2670 est
182 2621 439 2689 apostolica
463 2623 766 2693 scriptura,
790 2638 918 2693 quae
939 2622 1076 2676 dicit
1103 2639 1116 2676 :
1150 2623 1270 2676 Non
1294 2622 1657 2693 neOphitum,

111 2726 156 2762 ne
183 2712 296 2768 forte
327 2715 379 2768 in
416 2715 744 2786 superbiam
790 2715 968 2769 elatus
1009 2715 1067 2769 in
1113 2715 1395 2785 judicium
1421 2715 1656 2786 incidat,

107 2807 375 2877 etlaquenm
403 2809 635 2863 diaboli.
667 2808 722 2864 Si
756 2812 968 2877 autem,
1006 2808 1349 2879 procedente
1379 2811 1657 2880 tempore,

109 2897 274 2968 aliquod
296 2903 457 2956 animi
485 2906 786 2973 peccatum
815 2902 1137 2956 inveniatur
1155 2902 1304 2956 circa
1326 2903 1660 2973 hujusmodi

108 2988 192 3062 85
214 3010 503 3063 personam,
538 3001 599 3050 et
627 2996 1002 3051 convincatur
1028 3013 1061 3050 a
1087 2995 1311 3050 duobus
1353 3002 1449 3051 aut
1479 2997 1660 3050 tribus

106 3085 291 3152 testibus,
323 3089 430 3158 ipse
459 3093 641 3144 cesset
667 3105 701 3142 a
726 3089 896 3143 clero.
930 3089 983 3144 Si
1034 3089 1158 3160 quis
1203 3095 1397 3143 autem
1445 3095 1660 3161 praeter
1680 3119 1734 3192 Ο

107 3175 186 3229 hac
206 3178 313 3234 facit
337 3182 489 3252 quasi
511 3183 785 3236 adversus
810 3199 1082 3253 magnum
1110 3182 1416 3238 concilium
1439 3200 1498 3237 se
1523 3183 1657 3238 eﬂ‘e-

107 3283 210 3336 rens,
231 3273 332 3342 ipse
359 3276 772 3345 periclitabitur
803 3275 874 3329 de
903 3277 1070 3329 clero.

151 3365 186 3416 3.
209 3365 462 3423 lnterdixit
485 3369 823 3423 omnimodo
843 3373 1104 3423 sanctum
1125 3369 1447 3437 concilium,
1469 3386 1659 3441 neque

105 3457 378 3530 episcopum,
390 3479 577 3534 neque
591 3463 984 3534 presbyterum
995 3505 1008 3526 ,
1023 3473 1207 3535 neque
1225 3463 1551 3532 diaconum,
1566 3480 1662 3519 ne-

103 3564 176 3617 q‘ne
183 3568 235 3605 ex
247 3558 347 3608 toto
358 3573 483 3611 eum
499 3557 600 3628 qui
615 3557 672 3611 in
685 3557 838 3611 clero
851 3556 1167 3622 est,habere
1181 3573 1367 3611 secum
1381 3557 1661 3612 subintro-

103 3641 269 3700 ductam
287 3650 568 3705 mulierem
580 3693 594 3717 ,
613 3650 718 3704 nisi
738 3651 885 3705 forte
912 3655 1154 3704 matrem
1167 3655 1264 3704 aut
1277 3666 1548 3716 sororem,
1563 3654 1662 3705 aut

101 3750 161 3788 eas
179 3739 295 3794 solas
316 3759 577 3812 personas
601 3759 729 3814 quae
747 3743 1042 3814 refugiunt
1066 3759 1267 3798 omnes
1286 3743 1654 3813 suspiciones.

148 3831 185 3882 4.
209 3833 507 3907 Episcopum
559 3840 790 3907 oportet
822 3837 1073 3892 maxime
1118 3837 1346 3908 quidem
1376 3837 1446 3890 ab
1473 3837 1654 3891 omni-

101 3919 170 3975 bus
191 3927 269 3995 qui
295 3936 416 3984 sunt
453 3931 608 3985 intra
655 3930 1005 4001 provinciam
1054 3931 1326 4001 episcopis
1369 3931 1654 3998 ordinari;

101 4014 128 4064 si
155 4024 303 4074 autem
331 4023 429 4077 hoc
458 4025 695 4078 difﬁcile
739 4024 930 4090 fuerit,
960 4028 1057 4077 aut
1096 4029 1327 4094 propter
1354 4029 1659 4095 urgentem

99 4114 436 4185 necessitatem,
491 4121 594 4172 aut
649 4121 884 4188 prepter
934 4116 1351 4187 longitudinem
1412 4117 1655 4186 itineris,

103 4204 207 4256 omni
232 4210 380 4263 modo
412 4215 526 4264 tres
553 4213 617 4265 in
645 4227 826 4264 unum
857 4211 1255 4264 convenientes
1302 4211 1660 4264 consentien-

104 4293 220 4364 tibus,
244 4305 289 4354 et
314 4303 393 4357 his
415 4305 510 4375 qui
537 4305 802 4359 absentes
823 4308 956 4358 sunt
985 4304 1258 4374 episcopis
1289 4308 1343 4358 et
1371 4305 1652 4374 sponden-

105 4386 210 4441 tibus
240 4410 327 4463 per
367 4399 598 4469 scripta,
629 4401 763 4451 tunc
815 4414 1016 4452 manus
1059 4397 1480 4468 impositionem
1506 4397 1652 4452 ﬁeri.

99 4477 388 4544 Conﬁrmatio
415 4497 611 4546 autem
640 4507 838 4546 eorum
870 4507 999 4562 quae
1023 4491 1169 4544 fiunt
1198 4491 1386 4544 danda
1415 4495 1501 4545 est
1525 4489 1654 4544 uni-
1675 4489 1734 4560 D

100 4574 245 4645 cuitpie
265 4598 291 4633 a
315 4600 422 4638 suae
447 4585 756 4656 provinciae
786 4585 1243 4654 metropolitano.

147 4671 262 4726 ille
294 4677 366 4730 eis
411 4680 508 4749 qui
556 4679 1153 4744 excommunicantur,
1205 4677 1319 4730 sive
1375 4678 1444 4731 de
1502 4678 1654 4732 clero

102 4757 190 4827 sint,
213 4765 304 4821 sive
327 4771 390 4824 de
415 4771 558 4826 laico
590 4771 839 4842 agmine,
869 4771 938 4825 ab
971 4769 1249 4840 episcopis
1277 4786 1378 4839 per
1400 4770 1655 4840 singulas

100 4857 337 4918 Pmﬁucias
364 4865 619 4919 obtineat
647 4865 948 4930 sententia,
975 4865 1139 4934 juxta
1170 4879 1416 4916 canones
1438 4880 1535 4917 eos
1555 4863 1654 4933 qui

101 4944 261 5005 Abaliis
292 4956 648 5027 abjiciuntur,
689 4959 761 5013 ab
798 4958 919 5012 aliis
956 4974 1070 5010 non
1116 4955 1491 5026 recipiendos.
1544 4956 1650 5009 Re-

99 5042 291 5106 qIIiratur
323 5057 508 5105 autem
555 5068 629 5105 ne
679 5051 1163 5121 pusillanimitate,
1195 5051 1294 5102 aut
1321 5048 1651 5118 pertinacia,

102 5138 166 5186 aut
185 5139 337 5212 aliqua
354 5145 458 5198 alia
477 5144 739 5199 molestia
763 5144 1016 5216 episcopi
1031 5144 1144 5198 sint
1159 5141 1652 5196 excommunicati.

101 5223 145 5277 Π
164 5245 270 5301 ergo
290 5237 390 5292 hoc
412 5238 705 5293 decentius
733 5236 1054 5308 requiratur
1082 5237 1227 5290 bene
1273 5234 1504 5306 placuit,
1537 5235 1651 5288 sin-

103 5319 202 5382 gulis
222 5330 361 5382 anuis
384 5348 485 5402 per
511 5332 769 5402 singulas
793 5329 1113 5402 provincias
1138 5329 1225 5383 bis
1253 5330 1313 5384 in
1339 5345 1491 5384 anno
1519 5344 1650 5382 con-

101 5409 186 5467 cilia
200 5417 318 5488 ﬁeri,
343 5426 604 5479 omnibus
629 5425 796 5480 simul
817 5423 1091 5496 episcopis
1117 5423 1176 5477 in
1205 5440 1382 5477 unum
1408 5437 1651 5492 congre-

104 5508 218 5574 gatis,
243 5518 300 5567 ut
334 5518 468 5572 tales
515 5519 855 5590 quaestiones
899 5517 1287 5588 requirantur.
1319 5518 1386 5570 Et
1426 5515 1505 5569 ita
1554 5514 1653 5586 qui

103 5603 331 5663 manifeste
359 5611 701 5668 offenderint
725 5613 1080 5684 episcopum,
1108 5608 1528 5665 rationabiliter
1554 5623 1650 5663 ex-

103 5708 427 5764 iiﬂmmunicati
450 5711 604 5783 apud
629 5727 832 5766 omnes
877 5726 998 5764 esse
1045 5712 1337 5780 putentur,
1388 5705 1644 5778 quandiu

105 5795 170 5842 aut
190 5793 237 5848 in
258 5815 540 5860 commune
570 5810 666 5860 aut.
694 5805 960 5876 episcopo
997 5803 1219 5877 placeat
1257 5801 1654 5859 humaniorem

1777 269 2165 325 COLILCTIO.
3290 272 3389 328 36'?

1760 396 1868 450 pro
1899 381 1984 433 his
2003 380 2153 434 ferre
2170 381 2536 436 sententiam.
2561 383 2806 438 Concilia
2823 386 3015 438 aulam
3029 382 3185 450 ﬁant,
3208 401 3385 440 unum

1761 474 1992 545 quidem
2019 480 2150 528 ante
2179 475 2681 545 quadragesimam
2714 478 2962 542 Paschze,
3007 484 3069 532 ut
3097 479 3251 532 omni
3283 497 3385 550 pu-

1763 567 2149 622 sillanimitate
2176 569 2416 634 sublata,
2437 586 2643 625 munus
2661 573 2938 624 mundum
2961 572 3232 626 offeratur
3254 575 3385 640 Deo,

1762 661 2076 716 secundum
2105 667 2296 716 autem
2324 662 2474 717 circa
2494 667 2719 735 tempus
2749 666 3028 720 autumni.

1833 759 1884 809 6.
1944 755 2304 826 Antiquiores
2359 756 2649 810 obtineant
2707 758 2801 827 qui
2867 760 3016 829 apud
3085 763 3388 832 Egypt—um

1761 851 1914 914 sunt,
1947 852 2003 902 et
2035 849 2284 919 Lybiam,
2319 852 2376 904 et
2406 849 2756 920 Pentapolin,
2790 851 2863 904 ita
2889 857 2953 906 ut
2980 854 3388 910 Alexandrinus

1761 941 2055 1013 episcopus
2084 943 2293 997 horum
2331 942 2588 997 omnium
2631 943 2892 998 exhibeat
2928 947 3384 1019 sollicitudinem,

1763 1035 1893 1106 quia
1919 1039 1974 1089 et
2001 1035 2154 1090 nrbis
2184 1037 2376 1091 Romae
2404 1036 2668 1108 episc0po
2695 1037 2891 1092 similis
2917 1055 3042 1093 mos
3069 1045 3168 1096 est.
3217 1041 3388 1096 Simi-

1761 1129 1892 1183 liter
1917 1135 2106 1184 autem
2150 1134 2206 1184 et
2252 1129 2399 1184 circa
2442 1130 2800 1185 Antiochiam
2833 1136 2889 1186 et
2917 1132 2974 1185 in
3008 1134 3222 1188 caeteris
3250 1151 3386 1205 pro-

1760 1222 1955 1276 vinciis
1982 1222 2275 1293 privilegia
2295 1222 2527 1294 propria
2543 1229 2902 1278 reserventur
2930 1227 3388 1297 metrOpolitanis

1762 1316 2037 1371 Ecclesiis.
2072 1316 2316 1370 Omnino
2348 1320 2543 1370 autem
2569 1317 2932 1372 manifestum
2962 1325 3046 1372 est.
3073 1320 3233 1390 illud,
3259 1322 3390 1391 quia

1761 1410 1808 1464 si
1839 1411 1964 1480 quis
1992 1415 2201 1480 praeter
2225 1410 2531 1464 concilium
2562 1411 2985 1481 metrOpolitani
3016 1414 3194 1468 factus
3219 1414 3392 1470 fuerit

1763 1504 2080 1576 episcopus,
2115 1504 2266 1558 hunc
2317 1503 2621 1558 concilium
2669 1521 2946 1575 magnum
2987 1507 3240 1562 definivit
3277 1525 3391 1564 non

1762 1598 1970 1652 debere
2002 1614 2121 1652 esse
2166 1597 2514 1668 episcopum,
2551 1597 2597 1651 si
2641 1614 2773 1652 vero
2803 1600 3096 1655 communi
3129 1603 3391 1658 omnium

1763 1690 1994 1746 decreto
2007 1690 2323 1746 rationabili
2336 1689 2647 1746 secundum
2660 1707 2936 1746 canonem
2950 1694 3390 1752 ecclesiasticum

1763 1784 2149 1855 comprobato,
2185 1784 2298 1838 duo
2333 1789 2429 1838 aut
2460 1788 2574 1838 tres
2599 1787 2836 1856 propter
2858 1787 3117 1856 proprias
3145 1787 3390 1844 inimici-

1762 1877 1865 1930 tias
1891 1879 2354 1943 contradixerint,
2396 1878 2652 1933 obtineat
2686 1879 2968 1933 sententia
2994 1880 3390 1949 plurimorum.

1833 1976 1885 2024 7.
1913 1971 2418 2042 Hierosolymitana
2466 1972 2817 2026 consuetudo
2849 1972 3080 2043 antiqua
3115 1977 3387 2042 servetur,

1762 2070 1826 2118 ut
1879 2064 2008 2118 Elia:
2066 2064 2360 2135 episcopus
2413 2066 2731 2120 honoretur
2779 2070 2836 2119 et
2876 2066 3082 2120 habeat
3128 2067 3389 2122 ordinem

1763 2158 2014 2225 honoris,
2049 2159 2199 2212 salva
2229 2162 2423 2214 tamen
2457 2158 2880 2229 metropolitani
2923 2159 3201 2230 dignitate
3245 2161 3391 2232 ejus-

1762 2251 1890 2306 dem
1921 2251 2244 2320 provinciae.

1833 2347 1883 2398 8.
1924 2345 1981 2399 Si
2027 2344 2333 2415 aliquando
2381 2344 2642 2398 venerint
2690 2345 2758 2400 ad
2809 2345 3146 2400 catholicam
3200 2347 3392 2403 Eccle-

1763 2437 1906 2490 siam
1946 2437 2196 2503 Cathari,
2243 2437 2453 2507 placuit
2488 2438 2632 2491 sicut
2675 2441 2732 2491 et
2775 2455 2998 2508 magum
3034 2439 3253 2509 synodo
3295 2458 3392 2496 eos

1761 2530 2048 2584 ordinatos
2080 2531 2156 2584 sic
2189 2546 2425 2584 manere
2470 2530 2529 2583 in
2573 2531 2742 2585 clero.
2793 2534 2936 2586 Ante
2985 2533 3172 2586 omnia
3199 2539 3393 2589 autem

1761 2624 1878 2678 haec
1899 2623 2154 2694 profiteri
2175 2623 2323 2693 ipsos
2344 2639 2446 2693 per
2470 2623 2811 2694 scripturam
2835 2628 3060 2694 oportet
3086 2627 3237 2695 quod
3261 2644 3394 2683 con-

1759 2717 2008 2772 sentiant
2035 2722 2089 2771 et
2118 2721 2429 2788 sequantur
2470 2717 2744 2770 catholica
2791 2723 2848 2772 et
2894 2719 3199 2788 apostolica
3243 2720 3392 2792 dog-

1760 2814 1928 2866 mata.
1960 2812 2070 2866 Hoc
2099 2815 2181 2864 est
2201 2814 2257 2864 et
2279 2810 2520 2880 bigamis
2547 2811 2995 2879 communicare,
3026 2814 3083 2865 et
3103 2812 3192 2868 his
3212 2814 3309 2884 qui
3330 2814 3390 2868 in

1759 2905 2151 2975 persecutione
2175 2903 2312 2974 lapsi
2335 2907 2486 2969 sunt,
2511 2905 2657 2958 circa
2680 2920 2822 2975 quos
2853 2909 2909 2959 et
2938 2909 3162 2975 tempus
3187 2907 3391 2962 consti-

1758 3001 1945 3051 tutum
1967 3001 2051 3050 est
2070 3000 2127 3050 et
2154 2996 2272 3050 dies
2297 2995 2584 3063 deﬁnitus,
2608 2999 2664 3050 et
2685 3001 2998 3066 sequantur
3022 2997 3080 3052 in
3105 2999 3393 3066 omnibus,

1762 3107 1890 3160 quas
1935 3091 2274 3161 placuerunt
2315 3089 2608 3143 catliolicze
2659 3089 2923 3143 Ecclesia:
2969 3091 3256 3162 episc0po,
3303 3093 3392 3147 vel

1763 3184 2108 3254 presbytero,
2140 3183 2460 3254 ubicunque
2489 3187 2679 3237 autem
2713 3199 2934 3249 omnes,
2963 3185 3074 3238 sive
3113 3185 3169 3241 in
3199 3186 3395 3240 castel-

1760 3277 1846 3344 lis,
1883 3277 1994 3330 sive
2036 3277 2091 3330 in
2125 3275 2438 3330 civitatibus
2484 3276 2588 3346 ipsi
2619 3275 2806 3346 juncti
2849 3277 3080 3343 fuerint,
3125 3278 3390 3348 ordinati,

1761 3370 1860 3443 qui
1889 3370 2252 3424 inveniuntur
2271 3368 2328 3423 in
2355 3370 2507 3423 clero
2539 3369 2649 3423 sint
2675 3370 2734 3424 in
2766 3370 2968 3424 eodem
2994 3369 3214 3438 habitu,
3235 3378 3394 3443 quot-

1759 3467 1897 3534 quot
1924 3465 2114 3517 autem
2146 3462 2434 3516 catholicas
2466 3461 2724 3517 Ecclesiae
2753 3462 3018 3532 episcopo
3034 3464 3120 3515 vel
3154 3463 3388 3533 presby-

1758 3561 1880 3610 tero
1908 3558 2157 3610 exstante
2185 3555 2481 3623 accedunt,
2505 3554 2872 3608 manifestum
2899 3560 2981 3608 est
3001 3555 3152 3624 quod
3180 3555 3394 3627 episco-

1760 3666 1864 3720 pus
1892 3649 2141 3703 ecclesias
2162 3647 2399 3703 habebit
2419 3647 2755 3716 dignitatem
2784 3647 3056 3718 episcopi.
3073 3649 3176 3712 Qui
3196 3655 3388 3703 autem

1759 3743 2090 3797 nominatur
2116 3741 2263 3812 apud
2297 3758 2390 3794 eos
2421 3741 2718 3810 episcopus
2748 3741 3058 3810 presbyteri
3103 3742 3384 3796 honorem

1759 3835 2010 3901 habebit,
2044 3834 2153 3888 nisi
2184 3835 2327 3888 forte
2360 3833 2636 3903 placuerit
2666 3833 2929 3903 episcopo
2976 3833 3209 3886 honoris
3252 3851 3385 3888 eum

1761 3929 1990 3983 nomine
2019 3928 2151 3994 frui,
2185 3929 2269 3981 sin
2293 3943 2425 3979 vero
2455 3942 2570 3980 non
2599 3925 2703 3978 hoc
2731 3926 2780 3979 ei
2810 3926 3097 3996 placuerit,
3121 3927 3386 3997 provide-

1759 4023 1842 4076 bit
1872 4022 1922 4076 ei
1949 4023 2136 4076 locum
2165 4025 2263 4075 aut
2293 4037 2390 4075 cor
2434 4019 2786 4089 episcopatus
2812 4025 2909 4074 aut
2937 4019 3294 4090 presbyterii,
3325 4025 3388 4075 ut

1759 4117 1816 4170 in
1843 4117 1990 4170 clero
2017 4115 2250 4170 omnino
2275 4131 2394 4168 esse
2424 4115 2694 4184 videatur,
2723 4117 3002 4185 quatenus
3026 4130 3142 4168 non
3166 4112 3224 4168 in
3251 4113 3383 4168 civi-

1758 4213 1873 4264 tate
1900 4210 2012 4263 dno
2045 4209 2157 4262 sint
2185 4209 2451 4280 episcopi.

1831 4307 1882 4358 9.
1919 4304 1970 4358 Si
2022 4303 2120 4374 qui
2165 4303 2284 4356 sine
2334 4303 2755 4357 examinatione
2800 4301 3047 4372 promoti
3091 4304 3226 4355 sunt
3265 4302 3382 4372 epi-

1760 4397 1913 4469 scopi
1953 4400 2050 4450 aut
2095 4396 2426 4467 presbyteri,
2455 4398 2540 4450 vel
2573 4413 2700 4449 cum
2736 4395 3117 4449 discutiuntur
3140 4383 3388 4449 confessi

1757 4494 1889 4544 sunt
1929 4508 2056 4562 qua:
2103 4494 2498 4560 peccaverunt,
2522 4490 2610 4542 vel
2638 4489 2685 4543 si
2709 4489 2778 4542 ab
2809 4488 2932 4541 aliis
2957 4487 3381 4553 convincantur,

1755 4588 1810 4638 et
1839 4584 2239 4638 conﬁtentibus
2268 4589 2463 4637 contra
2493 4598 2770 4636 canonem
2809 4580 3074 4634 homines
3113 4581 3386 4634 commoti

1754 4694 1956 4731 manus
1986 4677 2066 4730 eis
2103 4677 2514 4746 imposuerunt,
2564 4676 2704 4728 tales
2745 4689 2926 4727 canon
2967 4689 3078 4726 non
3131 4673 3382 4743 suscipit,

1755 4771 1850 4824 sed
1880 4771 2092 4840 abjicit,
2127 4770 2232 4823 hoc
2261 4770 2416 4822 enim
2446 4768 2600 4839 quod
2627 4766 3124 4838 irreprehensibile
3153 4771 3256 4833 est,
3285 4765 3382 4821 de-

1753 4864 1938 4918 fendit
1966 4863 2239 4917 catholica
2269 4861 2534 4917 Ecclesia.

1831 4961 1914 5011 lO.
1946 4956 2280 5026 Quicunque
2301 4955 2368 5008 de
2390 4954 2562 5024 lapsis
2579 4954 2819 5008 ordinati
2841 4956 2973 5006 sunt
2989 4969 3090 5023 per
3114 4954 3381 5023 ignoran-

1753 5052 1894 5105 tiam
1943 5056 2041 5104 aut
2093 5049 2601 5103 dissimulationem
2652 5046 3064 5114 ordinantium,
3113 5047 3221 5102 hoc
3265 5063 3381 5101 non

1755 5143 2106 5215 praejudicat,
2141 5141 2341 5197 canoni
2366 5141 2765 5209 ecclesiastico,
2794 5141 3009 5213 cogniti
3042 5141 3256 5196 etenim
3285 5141 3379 5194 de-

1753 5243 2061 5308 ponuntur.

1829 5334 1912 5385 tl.
1947 5332 2023 5384 De
2054 5329 2142 5384 his
2173 5329 2272 5399 qui
2300 5327 2654 5399 prmvaricati
2681 5333 2811 5383 sunt
2835 5334 3048 5400 praeter
3075 5327 3378 5382 necessita-

1751 5428 1868 5478 tem
1897 5427 1995 5477 aut
2029 5427 2236 5494 praeter
2261 5422 2606 5476 oblationem
2649 5422 3004 5489 facultatum,
3035 5423 3132 5474 aut
3174 5421 3385 5490 praeter

1753 5517 2091 5588 periculum,
2121 5517 2208 5571 vel
2239 5516 2350 5570 tale
2381 5515 2594 5588 aliquid
2622 5515 2774 5586 quod
2811 5515 3019 5568 factum
3047 5517 3132 5566 est
3156 5511 3258 5564 sub
3291 5515 3378 5579 ty-

1754 5610 1988 5665 rannide
2019 5610 2237 5676 Licinii,
2264 5609 2477 5680 placuit
2502 5612 2696 5663 sancto
2727 5607 2966 5661 concilio
2990 5605 3142 5673 (licet
3160 5603 3382 5674 indigni

1755 5704 1884 5772 sint)
1917 5703 2272 5758 humanitate
2300 5706 2495 5757 tamen
2520 5700 2820 5756 subvenire
2851 5700 2952 5767 eis,
2981 5702 3257 5768 quotquot
3281 5696 3383 5767 igi-

1755 5803 1850 5854 tur
1871 5797 2090 5855 sincere
2109 5797 2410 5869 puanitent,
2431 5801 2548 5851 tres
2566 5811 2742 5850 annos
2763 5793 2912 5853 inter
2934 5791 3224 5852 audientes
3247 5791 3379 5850 sint.
