3964 6178
571 251 670 301 3133

1466 248 1746 304 Αιιιλιςλυ.
1787 249 1872 302 an
1911 247 2068 300 δέκα.
2117 246 2198 299 lx.
2232 273 2296 282 -κ
2338 245 2576 300 ιδιυυίίι
2614 245 3037 301 ΜειίυΑἰυιίιδ
3730 264 3803 316 36'.

573 355 677 421 Qui
708 355 846 425 lapsi
894 361 1026 409 sunt
1067 356 1282 422 fideles,
1312 359 1530 426 septem
1580 371 1760 410 annos
1801 354 2194 419 succumbant,
2220 361 2277 436 Α
2299 351 2478 422 piens,
2511 355 2610 405 aut
2642 351 2796 405 aliud
2821 349 3033 421 aliquid
3065 351 3374 423 excogitans
3396 356 3556 426 turpis
3579 359 3692 415 lucri
3714 380 3806 434 gra-

574 449 790 503 duobus
824 466 953 503 vero
979 449 1142 504 annis
1174 450 1297 505 sine
1331 449 1615 505 oblatione
1641 449 1850 521 populo
1884 447 2197 503 communi-

570 545 700 598 cent
721 543 779 597 in
808 543 1184 599 orationibus.

651 654 730 706 l2.
779 651 1108 722 Quicunque
1155 650 1331 704 vocati
1379 653 1510 704 sunt
1550 667 1654 722 per
1705 649 1946 721 gratiam
1985 653 2041 703 et
2075 649 2194 722 pri-

573 743 802 799 mordia
825 744 1272 799 demonstrantes
1297 744 1444 798 bona
1473 743 1854 814 deposuerunt
1901 743 2196 814 cingulum

573 838 809 904 militia,
839 843 1032 908 postea
1059 853 1190 892 vero
1218 838 1287 892 ad
1312 837 1607 908 proprium
1637 837 1909 891 vomitum
1954 837 2194 892 revoluti

572 937 720 1000 sunt,
739 932 816 985 ita
832 936 893 986 ut
907 931 1080 1002 aliqui
1101 937 1158 986 et
1174 931 1471 1002 pecuniam
1501 932 1798 985 conferant
1821 935 1878 985 et
1906 931 2196 986 beneﬁciis

573 1024 834 1080 militiam
856 1028 1137 1096 repetant,
1153 1025 1242 1078 isti
1261 1025 1456 1079 decem
1480 1041 1662 1079 annos
1681 1025 2054 1078 succumbant
2076 1029 2198 1094 post

572 1119 884 1175 triennium
915 1119 1219 1173 auditionis
1249 1122 1493 1189 tempus.
1541 1119 1649 1174 Sed
1698 1119 1756 1172 in
1802 1118 1889 1172 his
1931 1118 2196 1172 omnibus

572 1214 795 1284 oportet
818 1211 1098 1267 discutere
1120 1213 1469 1267 voluntatem
1487 1217 1543 1266 et
1562 1212 1804 1283 speciem
1827 1211 2193 1282 paenitentiae.

571 1308 852 1376 quotquot
879 1306 1032 1361 enim
1059 1305 1264 1360 timore
1309 1309 1367 1358 et
1402 1305 1666 1376 lacrymis
1695 1308 1751 1359 et
1775 1305 2197 1375 perseverantia

572 1398 812 1454 ctbonis
853 1399 1118 1471 operibus
1148 1399 1637 1454 conversationem
1682 1415 1797 1452 non
1837 1397 2196 1453 simulatione

571 1493 979 1559 demonstrant,
1031 1493 1118 1548 isti
1165 1492 1546 1562 adimplentes
1571 1492 1940 1546 constitutum
1969 1497 2198 1563 tempus

574 1586 877 1642 auditionis
921 1586 1278 1641 orationibus
1320 1585 1526 1640 merito
1575 1585 2098 1651 communicabunt,
2144 1589 2200 1640 et

575 1683 769 1751 postea
793 1679 984 1735 licebit
1008 1680 1273 1751 episcopo
1302 1680 1611 1734 humanius
1641 1679 1711 1732 de
1742 1679 1829 1732 his
1853 1678 2072 1749 aliquid
2103 1695 2196 1734 co-

572 1775 771 1846 gitare,
803 1775 901 1846 qui
951 1781 1141 1828 autem
1171 1773 1474 1828 indiscrete
1519 1773 1773 1827 tulerunt
1798 1779 1855 1828 et
1884 1773 2199 1843 ingressum

570 1868 672 1923 sibi
699 1869 960 1923 sufﬁcere
989 1867 1244 1922 arbitrati
1275 1871 1408 1921 sunt
1437 1866 1509 1921 ad
1529 1865 1980 1936 conversionem,
2003 1865 2201 1921 defini-

568 1967 692 2017 tum
718 1978 887 2017 omne
915 1962 1239 2033 compleant
1265 1963 1509 2032 tempus.

646 2068 729 2120 13.
762 2066 840 2119 De
867 2064 1200 2120 exeuntibus
1246 2063 1315 2118 de
1362 2079 1597 2134 corpore
1628 2067 1788 2117 vetus
1836 2067 1892 2118 et
1931 2062 2200 2118 canonica

568 2159 655 2212 lex
680 2157 1028 2211 custodiatur
1052 2161 1109 2210 et
1128 2173 1298 2222 nunc,
1329 2161 1391 2210 ut
1410 2157 1509 2226 qui
1531 2157 1676 2210 mori
1697 2161 2003 2226 sperantur
2021 2155 2201 2211 novis-

571 2251 712 2304 simo
733 2249 1030 2320 juvamine
1075 2267 1188 2303 non
1219 2249 1539 2318 priventur.
1587 2249 1642 2304 Si
1691 2265 1825 2302 vero
1870 2249 2199 2320 desperatus

572 2342 982 2397 communione
1013 2346 1260 2412 sumpta,
1289 2346 1345 2395 et
1375 2341 1658 2396 oblatione
1677 2345 1969 2413 percepta,
1988 2343 2198 2397 iterum

570 2437 946 2505 convalescat,
993 2436 1066 2490 sit
1107 2435 1254 2489 inter
1295 2451 1391 2489 eos
1433 2435 1531 2506 qui
1580 2435 1930 2490 orationibus
1978 2438 2200 2490 tantum

571 2530 1015 2595 communicant,
1050 2529 1396 2600 generaliter
1435 2533 1625 2583 autem
1665 2528 1883 2583 homini
1924 2529 2200 2583 morituro

573 2624 790 2696 petenti
816 2623 921 2678 sibi
949 2622 1370 2678 communionis
1398 2622 1639 2693 gratiam
1675 2621 1968 2693 episcopus
1995 2620 2196 2693 proba-

571 2717 762 2774 biliter
791 2717 1138 2772 oblationem
1169 2717 1220 2770 ei
1251 2715 1562 2770 contradat.

646 2829 730 2884 14.
764 2829 840 2882 De
863 2827 1475 2898 catechumenislapsis
1503 2825 1712 2897 placuit
1731 2825 1876 2880 sicut
1893 2828 1950 2880 et
1973 2842 2201 2898 magna;

570 2921 810 2994 synodo,
859 2923 924 2974 ut
963 2921 1212 2976 triennio
1255 2922 1479 2976 tantum
1523 2919 1779 2988 audiant,
1812 2924 2011 2992 postea
2039 2925 2202 2976 orent

573 3032 701 3071 cum
729 3013 1170 3069 catechumenis.

645 3131 730 3183 15.
751 3128 992 3197 Propter
1024 3124 1301 3196 grandem
1336 3125 1648 3181 tumultum
1674 3130 1731 3182 et
1759 3125 2059 3182 seditiones
2073 3143 2200 3200 qute
2219 3095 2275 3172 Ο

570 3222 732 3287 tiunt,
762 3218 972 3290 placuit
995 3217 1326 3275 omnimode
1348 3218 1558 3274 auferri
1582 3219 2053 3274 consuetudinem
2071 3237 2200 3292 quas

573 3318 658 3368 cst
683 3315 882 3368 contra
910 3328 1182 3367 canonem
1227 3312 1284 3366 in
1316 3313 1597 3385 aliquibus
1635 3312 1888 3384 partibus
1936 3313 2197 3384 admissa,

569 3409 649 3462 ita
680 3411 742 3462 ut
766 3406 835 3461 de
877 3405 1103 3461 civitate
1149 3405 1207 3460 in
1251 3405 1556 3476 civitatem,
1584 3421 1689 3462 nec
1713 3405 2064 3479 episcopum,
2096 3424 2200 3462 nec

571 3500 983 3572 presbyterum,
1037 3514 1225 3570 neque
1257 3498 1556 3554 diaconum
1585 3499 1882 3554 transferri
1927 3500 2112 3556 liceat.
2145 3500 2200 3558 Si

570 3595 697 3666 quis
716 3597 906 3648 autem
927 3597 1055 3664 post
1072 3593 1246 3647 sancti
1268 3596 1324 3646 et
1349 3593 1540 3664 magni
1563 3593 1790 3649 concilii
1809 3593 2200 3650 deﬁnitionem

570 3689 679 3742 tale
708 3685 922 3758 aliquid
949 3702 1120 3758 agere
1149 3687 1470 3755 tentaverit,
1493 3692 1590 3742 aut
1610 3704 1668 3742 se
1691 3687 1915 3742 dederit
1934 3689 2198 3760 hujusce-

571 3780 724 3834 modi
757 3779 1011 3852 negotio,
1048 3780 1358 3836 cassabitur
1381 3781 1713 3852 hujusmodi
1743 3782 2114 3851 machinatio,
2144 3787 2202 3838 et

574 3875 900 3929 restituatur
925 3873 1175 3928 ecclesia:
1193 3875 1250 3928 in
1269 3892 1381 3947 qua
1409 3878 1508 3930 aut
1527 3875 1824 3946 episcopus
1849 3880 1948 3930 aut
1965 3877 2196 3948 presby-

575 3973 658 4023 ter
682 3972 781 4022 aut
807 3967 1070 4022 diaconus
1099 3967 1270 4022 fuerit
1300 3968 1615 4023 ordinatus.

646 4081 730 4134 16.
760 4079 822 4132 Hi
864 4079 963 4149 qui
1005 4078 1167 4133 facile
1212 4095 1271 4132 se
1314 4078 1580 4149 periculis
1623 4079 1964 4150 ingerentes,
2017 4096 2202 4151 neque

572 4171 838 4226 timorem
865 4171 963 4225 Dei
995 4175 1123 4225 ante
1149 4171 1339 4225 oculos
1360 4171 1652 4237 habentes,
1671 4187 1853 4244 neque
1870 4171 2199 4229 ecclesiasti-

572 4280 703 4318 cum
744 4279 1021 4319 canonem
1069 4263 1308 4320 scientes
1349 4263 1640 4319 discedunt
1685 4265 1756 4319 ab
1806 4266 2040 4321 ecclesia
2070 4282 2199 4338 pre-

573 4357 781 4428 sbyteri
807 4361 907 4412 aut
935 4357 1178 4423 diaconi,
1218 4360 1317 4411 aut
1355 4357 1680 4429 quicunque
1709 4362 1839 4414 sunt
1884 4359 1942 4414 in
1984 4376 2202 4417 canone

2299 445 2396 513 tia,
2429 445 2727 514 abjiciatur
2751 461 2784 499 a
2811 445 2987 513 clero,
3025 448 3083 498 et
3107 444 3317 500 alienus
3343 462 3374 501 a
3395 464 3586 505 canone
3608 453 3681 508 sit.

2370 540 2454 592 18.
2481 537 2740 592 Pervenit
2787 537 2859 591 ad
2906 542 3164 592 sanctum
3205 544 3259 593 et
3297 556 3542 611 magnum
3579 548 3812 605 concilium

2297 631 2451 702 quod
2477 631 2534 684 in
2561 630 2897 702 quibusdam
2925 630 3065 684 locis
3099 633 3197 685 aut
3222 629 3508 688 civitatibus
3550 639 3815 710 presbyteris

2298 723 2536 794 gratiam
2553 740 2729 778 sacrm
2748 724 3174 779 communionis
3195 725 3400 780 diaconi
3417 728 3691 800 porrigant,
3707 736 3817 803 quod

2295 834 2481 888 neque
2512 833 2698 871 canon
2728 833 2913 888 neque
2953 819 3300 874 consuetudo
3329 820 3552 888 tradidit,
3575 828 3632 877 ut
3654 825 3731 894 qui
3753 843 3821 896 po-

2296 913 2553 966 testatem
2571 910 2842 966 oﬂ'erendi
2861 929 2978 966 non
3003 913 3219 967 habent
3233 913 3317 967 his
3331 914 3424 984 qui
3442 914 3656 970 offerunt
3671 933 3823 989 corpus

2295 1003 2500 1057 Christi
2531 1005 2844 1074 porrigant.
2892 1004 3000 1060 Sed
3048 1006 3224 1060 etiam
3270 1007 3373 1061 hoc
3414 1024 3612 1079 quoque
3635 1009 3826 1066 innotuit

2298 1097 2452 1167 quod
2481 1097 2712 1167 quidam
2745 1097 2972 1152 diaconi
2999 1104 3132 1153 ante
3158 1099 3430 1170 episcopos
3455 1101 3737 1172 contingant
3759 1121 3828 1158 eu-

2297 1189 2642 1244 charistiam.
2676 1189 2884 1244 Omnia
2911 1191 3088 1260 igitur
3111 1192 3231 1246 haec
3257 1195 3612 1263 amputentur,
3652 1198 3699 1248 et
3737 1212 3824 1249 ma-

2216 1287 2222 1296 ‘
2298 1285 2471 1336 neant
2495 1281 2718 1337 diaconi
2744 1282 2802 1336 in
2831 1283 3062 1354 proprio
3092 1285 3306 1352 ordine,
3321 1285 3546 1340 scientes
3567 1286 3696 1356 quod
3721 1287 3826 1356 epis-

2298 1392 2574 1446 coporum
2620 1376 2852 1448 quidem
2901 1377 3145 1432 ministri
3173 1382 3320 1444 sunt,
3348 1379 3654 1450 presbyteris
3685 1383 3829 1434 autem

2295 1467 2596 1523 inferiores
2623 1469 2892 1536 existunt,
2929 1470 3207 1541 accipiant
3249 1477 3431 1526 autem
3475 1487 3535 1526 ex
3580 1471 3744 1526 ordine
3765 1489 3832 1527 eu-

2297 1562 2621 1617 charistiam
2653 1566 2784 1634 post
2809 1563 3164 1634 presbyteros
3209 1565 3288 1618 eis
3335 1565 3496 1619 dante
3518 1570 3606 1620 aut
3629 1564 3830 1636 episc0po

2298 1658 2396 1709 aut
2423 1655 2772 1727 presbytero,
2803 1657 2897 1711 sed
2923 1672 3029 1711 nec
3054 1657 3252 1712 sedere
3281 1657 3359 1712 eis
3383 1657 3439 1712 in
3467 1657 3636 1712 medio
3658 1658 3833 1727 presby-

2300 1753 2557 1804 terorum
2583 1749 2767 1804 liceat.
2795 1750 2954 1814 Quod
2979 1749 3026 1804 si
3051 1751 3159 1805 hoc
3188 1750 3302 1817 fiat,
3331 1754 3526 1822 praeter
3547 1766 3775 1804 canonem
3797 1753 3835 1803 et

2298 1846 2508 1914 praeter
2545 1843 2805 1898 ordinem
2853 1844 3131 1914 probatur
3167 1845 3425 1913 existere,
3471 1844 3513 1897 si
3552 1843 3663 1914 quis
3695 1848 3835 1897 autem

2301 1937 2691 2007 obtemperare
2718 1937 2978 2008 noluerit,
3006 1942 3136 2010 post
3162 1938 3309 1994 hanc
3330 1937 3689 1994 definitionem
3707 1938 3838 1990 cesset

2298 2045 2330 2083 a
2356 2030 2636 2085 diaconio.

2376 2127 2459 2179 19.
2501 2125 2578 2178 De
2619 2123 2978 2180 Paulianistis
3031 2125 3440 2197 refugientibus
3487 2125 3552 2179 ad
3601 2123 3838 2178 Ecclesiam

2301 2216 2640 2272 catholicam
2671 2217 2928 2272 deﬁnitio
2961 2220 3182 2290 prolata
3208 2223 3293 2274 est
3318 2217 3635 2290 rebaptizari
3657 2233 3732 2271 eos
3753 2232 3838 2269 om-

2299 2311 2454 2376 nino,
2487 2310 2531 2363 si
2561 2311 2660 2382 qui
2685 2326 2817 2366 vero
2845 2327 2916 2366 ex
2936 2312 3035 2381 eis,
3067 2313 3356 2383 praeterito
3374 2316 3628 2383 tempore,
3654 2309 3787 2363 fuerit
3801 2309 3842 2360 in

2299 2404 2466 2470 clero,
2495 2403 2542 2457 si
2569 2403 2802 2475 quidem
2829 2405 2948 2459 sine
2979 2405 3216 2476 querela
3241 2409 3300 2459 et
3323 2403 3726 2476 reprehensione
3756 2401 3840 2454 fue-

2299 2497 2434 2563 rint,
2451 2499 2580 2567 post
2591 2497 2939 2568 baptismum
2956 2498 3294 2554 ordinentur
3308 2499 3377 2553 ab
3393 2497 3633 2569 episcopo
3645 2493 3843 2550 Ecclesia

2301 2590 2609 2658 catholicae,
2642 2591 2687 2645 si
2717 2607 2850 2646 vero
2879 2591 3146 2646 discussio
3172 2609 3270 2647 eos
3315 2592 3498 2646 minus
3521 2591 3720 2645 idoneos
3741 2587 3846 2641 inve-

2299 2683 2469 2750 nerit,
2499 2684 2708 2755 deponi
2749 2700 2843 2740 eos
2886 2685 3163 2740 convenit.
3215 2685 3483 2743 Similiter
3523 2686 3691 2738 autem
3725 2686 3768 2734 et
3797 2678 3846 2732 de

2302 2776 2635 2833 diaconibus
2662 2781 2721 2832 et
2748 2778 2980 2832 omnino
3001 2779 3072 2833 de
3095 2779 3181 2834 his
3201 2779 3305 2851 qui
3333 2779 3436 2834 sub
3464 2794 3660 2833 canone
3677 2787 3850 2829 conver-

2300 2876 2516 2941 santur,
2549 2872 2753 2928 eadem
2779 2872 2965 2927 forma
2990 2873 3330 2928 servabitur.
3353 2871 3686 2929 Meminimus
3709 2869 3850 2921 autem

2301 2963 2371 3020 de
2399 2964 2728 3020 diaconissis
2754 2981 2882 3037 quae
2898 2965 2958 3021 in
2974 2966 3176 3022 eadem
3193 2967 3387 3039 specie
3405 2969 3550 3035 sunt,
3568 2964 3687 3036 quia
3699 2973 3849 3016 manus

2300 3057 2715 3130 impositionem
2740 3059 2993 3132 aliquam
3018 3077 3136 3116 non
3163 3060 3402 3132 habent,
3430 3067 3494 3116 ut
3520 3057 3726 3115 omnino
3745 3054 3851 3106 inter

2297 3152 2468 3208 laicas
2497 3155 2918 3224 computentur.

2367 3247 2456 3300 20.
2511 3246 2789 3311 Quoniam
2849 3253 2982 3304 sunt
3042 3248 3284 3320 quidam
3343 3249 3443 3321 qui
3495 3247 3580 3303 die
3626 3241 3852 3300 Dominioo

2299 3338 2530 3394 ﬂectant
2556 3336 2761 3410 genua,
2793 3345 2850 3396 et
2887 3341 2945 3396 in
2985 3341 3184 3397 diebus
3220 3345 3590 3409 Pentecostes,
3618 3335 3789 3411 placuit
3807 3333 3853 3386 de

2300 3431 2406 3487 hoc
2435 3437 2641 3488 sancta:
2670 3438 2726 3488 et
2755 3450 2982 3506 magna:
3029 3436 3250 3506 synodo
3297 3440 3522 3491 cunctos
3557 3433 3614 3488 in
3651 3427 3854 3486 omnibus

2298 3526 2435 3582 locis
2477 3531 2857 3584 consonanter
2909 3533 2966 3585 et
3009 3531 3437 3586 consentienter
3487 3530 3682 3584 stantes
3725 3523 3856 3577 Deum

2301 3635 2464 3676 orare
2493 3620 2720 3676 debere.

2369 3717 2456 3769 21.
2489 3715 2759 3770 Sanctum
2802 3715 3105 3771 concilium
3150 3718 3376 3774 traditis
3405 3716 3653 3772 omnibus
3689 3715 3736 3766 et
3782 3707 3857 3761 rite

2299 3807 2582 3878 dispositis
2600 3811 2661 3862 ut
2675 3808 3048 3865 Ecclesiarum
3067 3826 3179 3882 pax
3199 3815 3261 3865 et
3285 3811 3426 3866 ﬁdes
3443 3811 3501 3864 in
3516 3805 3723 3864 orientis
3735 3805 3859 3871 atque

2302 3901 2606 3957 occidentis
2635 3903 2895 3975 partibus
2920 3920 3037 3958 una
3063 3905 3382 3976 eademque
3409 3907 3665 3967 servetur,
3690 3899 3787 3952 haec
3803 3908 3863 3946 ec-

2301 3994 2609 4050 clesiastica
2635 4000 2842 4051 statuta
2866 3998 3179 4052 necessario
3209 3999 3497 4054 credimus
3517 3990 3792 4051 inferenda.

2580 4107 2822 4178 Explicit
2851 4109 3150 4180 exemplar
3174 4110 3392 4166 Nicaeni
3423 4107 3653 4165 concilii.

2487 4256 2734 4327 Epistola
2757 4257 3021 4325 Africani
3044 4259 3262 4314 concilii
3288 4260 3365 4316 ad
3390 4259 3726 4315 Caelestinum.

2372 4373 2498 4427 XIV.
2526 4372 2764 4428 Domino
2789 4374 3152 4430 dilectissimo
3179 4379 3237 4431 et
3257 4375 3573 4431 honorabili
3591 4371 3722 4445 patri
3735 4365 3864 4423 Coele-

572 4450 881 4520 constituti,
931 4451 1025 4506 isti
1075 4450 1234 4506 nullo
1279 4451 1450 4506 modo
1492 4452 1697 4524 suscipi
1741 4453 1950 4509 debent
1994 4454 2065 4509 ab
2095 4455 2280 4539 aliaD
2305 4467 2469 4534 stino,
2501 4466 2783 4535 Aurelius,
2829 4468 3164 4536 Palestinus,
3199 4471 3505 4539 Antonius,
3533 4470 3694 4523 Tutus
3727 4472 3870 4516 servus

575 4545 827 4613 ecclesia,
857 4545 956 4600 sed
983 4561 1214 4600 omnem
1243 4545 1324 4600 eis
1351 4545 1747 4602 necessitatem
1793 4547 2011 4619 imponi
2037 4566 2202 4621 opor-

572 4645 689 4694 tere
723 4643 778 4693 ut
805 4639 876 4694 ad
905 4638 1164 4710 proprias
1190 4639 1490 4710 parochias
1520 4643 1902 4708 revertantur,
1945 4644 2203 4713 pertina-

575 4749 666 4786 ces
694 4738 882 4786 autem
913 4733 1436 4788 excommunicatos
1475 4751 1596 4788 esse
1647 4739 1891 4805 oportet,
1933 4735 1979 4788 si
2008 4742 2203 4792 autem

574 4826 778 4897 aliquis
801 4842 941 4880 ausu
969 4826 1278 4881 temerario
1303 4827 1646 4899 subripuerit
1666 4828 1739 4882 ad
1760 4829 2004 4884 alterum
2027 4831 2204 4901 perti-

577 4924 806 4974 nentem
833 4923 889 4972 et
914 4919 1261 4975 ordinaverit
1292 4921 1349 4975 in
1375 4938 1477 4975 sua
1513 4921 1766 4988 ecclesia,
1807 4940 1923 4977 non
1965 4940 2202 4978 consen-

577 5013 749 5067 tiente
775 5013 1036 5084 episcopo
1062 5031 1095 5066 a
1125 5032 1237 5085 quo
1267 5015 1600 5069 discesserat
1642 5015 1880 5070 clericus
1909 5017 2005 5087 qui
2034 5017 2092 5071 in
2119 5034 2208 5071 ca-

579 5123 724 5160 none
751 5107 1135 5176 constituitur,
1160 5107 1380 5162 inlirma
1413 5109 1484 5163 sit
1509 5108 1836 5179 hujusmodi
1864 5125 2064 5165 manus
2092 5110 2202 5165 im-

577 5200 804 5272 positio.

649 5311 734 5363 17.
775 5308 1060 5372 Quoniam
1104 5310 1294 5381 plures
1338 5308 1397 5363 in
1446 5325 1666 5364 canone
1714 5309 2002 5364 constituti
2045 5310 2202 5380 cupi-

575 5401 813 5456 ditatem
862 5406 920 5456 et
961 5403 1118 5457 lucra
1167 5403 1351 5474 turpia
1390 5405 1699 5472 sectantur,
1729 5403 2001 5474 oblitique
2032 5420 2203 5458 sacra:

573 5495 876 5566 Scriptura:
892 5495 1151 5564 dicentis,
1172 5496 1319 5562 «Qui
1336 5496 1638 5568 pecuniam
1652 5512 1811 5552 suam
1830 5513 1946 5552 non
1959 5497 2116 5552 dedit
2132 5497 2204 5552 ad

575 5603 830 5656 usuram,
863 5611 891 5638 »
923 5606 1054 5644 cum
1080 5591 1416 5644 fenerantur
1439 5589 1564 5644 aliis
1585 5590 1918 5645 centesimas
1945 5590 2200 5660 exigunt,

566 5679 717 5747 juste
735 5683 933 5738 statuit
949 5687 1207 5739 sanctum
1221 5688 1278 5740 et
1297 5700 1576 5756 magnum
1593 5685 1919 5751 concilium,
1935 5690 1997 5739 ut
2011 5684 2057 5738 si
2077 5684 2203 5757 quis

569 5769 830 5827 inventus
861 5777 1030 5831 fuerit
1058 5781 1183 5848 post
1213 5779 1360 5834 hanc
1381 5777 1774 5835 definitionem
1805 5796 2038 5836 usuram
2059 5779 2197 5836 acci-

2306 4560 2423 4628 Dei,
2450 4560 2763 4630 Terentius,
2781 4561 3138 4629 Fortunatus,
3156 4563 3484 4630 Martianus,
3501 4552 3870 4621 Januarius,0p-

2308 4656 2474 4720 tatus,
2503 4653 2785 4722 Celticius,
2818 4655 3080 4722 Donatus,
3112 4657 3407 4727 Theasius,
3437 4654 3758 4716 Vincentius,
3775 4649 3870 4702 l-‘or‘

2306 4745 2654 4814 tunatianus,
2679 4749 2736 4802 et
2760 4747 2949 4803 caeteri
2967 4748 3064 4820 qui
3084 4749 3392 4805 universali
3411 4750 3670 4805 Africano
3690 4736 3872 4799 concilio

2303 4840 2658 4912 Carthaginis
2685 4841 2988 4909 adfuimus,
3008 4846 3344 4914 optaremus
3374 4845 3420 4899 si
3452 4834 3874 4916 quemadmodum

2305 4934 2571 4989 sanctitas
2599 4938 2782 4990 vestra
2812 4935 2882 4989 de
2906 4935 3152 4991 adventu
3176 4938 3393 5008 Apiarii
3414 4939 3631 4993 laetatos
3648 4949 3734 4988 vos
3748 4927 3876 4984 fuisse

2305 5028 2492 5082 missis
2516 5045 2622 5100 per
2643 5028 3163 5099 compresbyterum
3182 5035 3448 5086 nostrum
3470 5033 3708 5086 Leonem
3725 5018 3879 5078 litteris

2305 5121 2608 5189 intimavit,
2639 5121 2715 5176 ita
2745 5138 2846 5176 nos
2875 5138 3101 5194 quoque
3144 5123 3214 5178 de
3259 5125 3386 5195 ejus
3436 5122 3756 5196 purgatione
3791 5115 3878 5169 hec

2306 5215 2512 5285 scripta
2555 5230 2685 5268 cum
2730 5214 2931 5270 laetitia
2975 5215 3352 5286 mitteremus,
3406 5222 3557 5274 esset
3598 5214 3821 5288 profecto
3843 5207 3884 5258 et

2306 5311 2498 5364 nostra
2523 5313 2578 5363 et
2599 5312 2786 5363 vestra
2812 5309 2982 5364 modo
3009 5310 3272 5365 alacritas
3292 5312 3530 5379 certior,
3547 5326 3649 5364 nec
3673 5302 3883 5362 festinata

2303 5417 2672 5474 praapropera
2696 5401 3026 5458 viderentur
3051 5420 3181 5475 qua:
3207 5405 3401 5460 adhuc
3422 5410 3538 5461 tam
3565 5404 3631 5458 de
3649 5392 3883 5456 audiendo

2302 5511 2474 5568 quam
2518 5495 2588 5550 de
2633 5495 2829 5551 audito
2870 5502 3294 5568 praecesserant.
3322 5497 3674 5553 Adveniente
3697 5503 3812 5546 sane
3833 5480 3884 5536 ad

2305 5605 2406 5644 nos
2421 5591 2614 5644 sancto
2626 5589 2799 5646 fratre
2814 5593 2872 5644 et
2885 5591 3217 5663 coepiscopo
3243 5597 3445 5647 nostro
3463 5589 3718 5646 Faustino
3736 5577 3884 5638 conci-

2301 5683 2442 5738 lium
2453 5684 2945 5756 congregavimus,
2961 5689 3019 5740 et
3038 5685 3386 5742 credidimus
3397 5685 3527 5740 ideo
3543 5699 3669 5740 cum
3679 5679 3767 5736 illo
3778 5672 3885 5730 mis.

2303 5793 2448 5845 sum,
2463 5777 2728 5850 quoniam
2742 5778 2886 5836 sicut
2901 5794 3002 5852 per
3027 5779 3149 5853 ejus
3168 5795 3406 5854 operam
3431 5773 3768 5854 presbyterio
3787 5770 3889 5824 ante
