3964 6178
175 223 258 276 265
1357 214 1827 271 DECltETALllM

1868 214 1923 267 Ct
1938 210 2252 269 ILLI'LCTIO.
3384 218 3485 273 366

169 326 389 385 redditus
408 324 597 389 fuerat,
617 322 695 377 ita
716 338 869 376 nunc
886 325 1074 393 posset
1088 323 1157 378 de
1181 322 1349 379 tantis
1370 322 1702 378 criminibus
1718 339 1751 377 a
1772 333 1831 407 Α
1851 337 2077 393 quoque
2106 325 2163 375 et
2180 320 2544 392 sequentium
2576 321 2917 378 clericorum
2946 318 3209 395 improba
3236 323 3481 400 refugio,

168 419 273 495 86
315 415 676 475 Thabracenis
736 415 974 486 objectis
1027 430 1096 470 eo
1142 416 1441 470 laborante
1490 415 1745 487 purgari,

166 514 298 584 cujus
319 515 466 566 tanta
493 526 554 564 ac
579 512 700 564 tam
730 508 1002 565 immania
1036 509 1253 579 ﬂagitia
1279 509 1547 564 decursus
1572 508 1751 564 nostri

165 605 354 662 concilii
382 620 614 657 examen
655 603 891 669 invenit,
923 606 985 656 ut
1027 604 1329 657 memorati
1370 602 1749 674 patrocinium

160 700 319 772 potius
343 714 507 769 quam
527 696 811 767 judicium
841 712 906 749 ac
953 695 1268 750 defensoris
1298 696 1481 767 magis
1512 712 1747 767 operam

160 808 303 865 quam
329 790 711 861 disceptatoris
749 789 1034 858 justitiam
1070 794 1425 861 superarent.
1460 791 1597 844 Nam
1626 790 1747 861 prie

160 901 291 942 mum
301 888 569 956 quantum
581 883 866 938 obstiterit
880 883 1037 939 omni
1055 883 1491 954 congregationi
1503 883 1750 938 diversas

158 977 360 1049 injurias
382 976 713 1048 ingerendo,
730 976 893 1047 quasi
914 976 1165 1031 ecclesia
1192 977 1462 1032 Romana
1491 992 1750 1032 asserens

156 1072 435 1144 privilegia,
449 1071 708 1125 etvolens
728 1085 860 1125 eum
876 1069 1083 1125 anobis
1099 1069 1158 1124 in
1176 1070 1638 1125 communionem
1661 1087 1750 1125 su-

156 1164 287 1236 scipi,
300 1179 465 1236 quem
482 1162 859 1218 tuasanctitas
872 1162 1110 1217 credens
1124 1163 1440 1234 appellasse
1452 1163 1605 1234 quod
1621 1180 1749 1234 pro-

155 1258 263 1313 bare
272 1273 379 1312 non
390 1256 580 1328 potuit
589 1256 982 1312 communioni
995 1256 1502 1327 reddiderat,quod
1512 1256 1747 1312 minime

156 1355 313 1405 tamen
355 1349 528 1416 licuit,
556 1350 713 1421 quod
760 1348 930 1403 etiam
979 1353 1270 1420 gestorum
1314 1350 1518 1404 melius
1556 1366 1625 1404 ex
1662 1351 1743 1405 le-

153 1445 302 1499 ctione
352 1459 678 1515 cognosces,
737 1442 1003 1498 triduano
1057 1448 1249 1498 tamen
1303 1443 1746 1499 laboriosissimo

152 1537 539 1608 agitatojudicio
548 1552 681 1591 cum
693 1536 917 1590 diversa
933 1536 1122 1591 eidem
1138 1538 1360 1608 objecta
1375 1536 1746 1592 afﬂictissime

150 1646 491 1702 quereremus
515 1631 607 1684 vel
634 1646 825 1684 moras
869 1629 1185 1701 coepiscopi
1233 1631 1415 1685 nostri
1464 1630 1739 1698 Faustini,

150 1700 217 1778 vel
242 1723 726 1794 tergiversationes
748 1724 927 1795 ipsius
954 1700 1189 1794 Apiarii,
1218 1724 1424 1795 quibus
1461 1724 1740 1779 nefandas
1766 1700 1819 1772 Β

148 1816 488 1889 turpitudines
530 1818 792 1872 occulere
834 1817 1172 1883 conabatur,
1218 1819 1365 1873 Deus
1411 1818 1601 1888 justus
1637 1818 1735 1888 ju-

150 1910 248 1975 dex,
268 1910 419 1965 fortis
456 1915 515 1966 et
546 1910 776 1981 patiens
819 1914 876 1965 et
921 1910 1283 1982 longanimis,
1313 1926 1528 1982 magno
1578 1927 1734 1965 com-

146 2003 317 2074 pendio
369 2004 669 2060 resecavit.
727 2004 981 2060 Tetriore
1053 2005 1266 2076 quippe
1313 2021 1378 2059 ac
1425 2004 1736 2076 putridiore

146 2096 472 2153 obstinatione
492 2114 843 2170 compressa,
860 2114 974 2169 qua
991 2101 1218 2153 tantum
1245 2098 1481 2152 lividum
1508 2114 1737 2152 canum

144 2188 450 2261 impudentia
480 2191 809 2262 negationis
836 2192 1058 2246 volebat
1095 2191 1360 2257 obruere,
1389 2192 1506 2245 Deo
1542 2195 1736 2245 nostro

144 2282 239 2351 ejus
261 2284 659 2339 conscientiam
690 2285 1041 2351 cohortante,
1069 2288 1125 2340 et
1153 2285 1371 2340 occulta
1413 2301 1541 2356 qua
1587 2284 1737 2338 illius

143 2375 188 2429 in
207 2377 353 2430 corde
379 2381 657 2449 tanquam
682 2378 739 2433 in
771 2378 1064 2432 volutabro
1095 2378 1399 2432 criminum
1422 2378 1541 2448 jam
1575 2377 1732 2431 dam-

143 2468 276 2523 nabat
292 2470 454 2525 etiam
470 2471 808 2526 hominibus
823 2471 1164 2543 publicante,
1186 2475 1419 2542 repente
1441 2471 1498 2525 in
1519 2471 1737 2526 confes-

140 2561 264 2616 sione
276 2569 615 2619 cunctorum
635 2566 987 2636 objectorum
1009 2565 1359 2636 ﬂagitiorum
1384 2565 1615 2619 dolosus
1634 2580 1729 2618 ne-

140 2658 270 2723 gator
291 2658 492 2727 erupit,
530 2664 594 2712 et
625 2658 851 2713 tandem
891 2658 961 2712 de
1005 2658 1270 2712 omnibus
1308 2657 1734 2713 incredibilibus

139 2749 410 2819 opprobriis
436 2759 813 2822 spontaneus,
832 2768 890 2807 se
922 2752 1041 2823 ipse
1072 2751 1331 2817 convicit,
1352 2754 1523 2822 atque
1551 2751 1733 2822 ipsam

139 2856 326 2913 quoque
352 2848 609 2898 nostram
637 2859 817 2915 spem,
843 2862 959 2916 qua
998 2862 1131 2899 eum
1166 2849 1224 2900 et
1248 2843 1644 2912 credebamus,
1677 2848 1737 2899 et

137 2936 436 3004 optabamus
460 2938 539 2993 de
575 2942 693 2991 tam
716 2937 994 3009 pudendis
1021 2938 1257 2994 maculis
1284 2954 1450 3009 posse
1476 2937 1730 3009 purgari,

136 3029 370 3083 convertit
406 3031 467 3084 in
506 3031 784 3101 gemitus,
818 3031 928 3085 nisi
956 3031 1230 3103 quoniam
1267 3032 1437 3086 istam
1472 3036 1731 3087 nostram
1753 3068 1808 3142 Ο

137 3122 417 3178 maestitiam
437 3140 564 3178 uno
582 3129 811 3179 tantum
834 3124 1031 3180 solatio
1052 3124 1352 3196 mitigavit,
1371 3123 1525 3196 quod
1545 3127 1603 3179 et
1627 3140 1729 3179 nos

133 3212 290 3269 labore
317 3217 696 3272 diuturnioris
743 3218 1072 3290 quastionis
1098 3218 1355 3285 absolvit,
1386 3221 1443 3272 et
1471 3218 1587 3272 suis
1615 3218 1731 3272 vul-

132 3308 321 3363 neribus
343 3310 808 3382 qualemcunque
840 3311 1140 3378 medelam,
1158 3315 1216 3365 et
1244 3311 1288 3366 si
1314 3310 1373 3365 in
1397 3312 1516 3366 vita
1540 3328 1604 3366 ac
1627 3328 1729 3366 sua

129 3403 423 3457 conscientia
482 3404 813 3459 reluctante
876 3405 1232 3460 confessione
1296 3404 1562 3476 providit,
1625 3406 1725 3460 do-

130 3493 251 3549 mine
274 3497 458 3553 frater.
488 3499 737 3553 Prafato
766 3499 956 3570 itaque
986 3498 1191 3553 debita
1219 3497 1578 3553 salutationis
1605 3498 1727 3552 offi-

128 3587 191 3639 cio
209 3588 504 3658 plurimum
537 3591 838 3663 impendio
859 3591 1256 3664 deprecamur,
1278 3597 1343 3645 ut
1366 3590 1632 3661 deinceps
1654 3590 1725 3645 ad

127 3684 300 3738 vestras
327 3702 493 3740 aures
526 3685 668 3740 hinc
692 3684 984 3740 venientes
1026 3701 1143 3740 non
1165 3683 1384 3739 facilius
1409 3683 1725 3739 admittatis

127 3787 208 3828 nec
224 3778 418 3833 anobis
444 3779 975 3834 excommunicatos
1003 3778 1062 3832 in
1089 3777 1557 3833 communionem
1579 3778 1725 3831 ultra

128 3867 271 3922 velitis
328 3871 615 3944 excipere,
658 3872 792 3942 quia
840 3871 945 3925 hoc
985 3871 1158 3925 etiam
1204 3871 1428 3924 Nicano
1486 3870 1723 3924 concilio

128 3958 380 4019 deﬁnitum
422 3965 600 4020 facile
645 3965 885 4020 advertit
917 3964 1320 4019 venerabilitas
1346 3966 1466 4018 tua.
1499 3963 1638 4018 Nam
1666 3966 1725 4017 et

125 4051 230 4108 side
248 4055 612 4113 inferioribus
638 4058 854 4113 clericis
875 4059 961 4113 vel
982 4058 1131 4112 laicis
1159 4057 1380 4112 videtur
1407 4056 1483 4110 ibi
1509 4072 1720 4127 praeca-

128 4148 235 4213 veri,
252 4156 456 4220 quanto
476 4152 667 4222 magis
692 4151 799 4206 hoc
819 4151 888 4207 de
911 4151 1188 4223 episcopis
1213 4150 1388 4205 voluit
1410 4149 1718 4219 observari,

126 4254 204 4292 nec
239 4243 290 4297 in
328 4261 427 4299 sua
470 4244 765 4316 provincia
809 4244 1212 4299 communione
1260 4242 1520 4314 suspensi
1562 4258 1595 4297 a
1625 4246 1721 4297 tua

128 4335 379 4392 sanctitate
408 4342 630 4393 temere
652 4338 738 4391 vel
764 4337 1052 4407 festinato,
1074 4352 1436 4408 prapropere
1457 4335 1545 4390 vel
1564 4335 1721 4390 inde-

1851 413 1997 468 sicut
2021 419 2075 468 te
2108 413 2350 483 dignum
2380 420 2483 483 est;
2514 416 2747 486 repellat
2798 417 3062 471 sanctitas
3110 424 3231 487 tua,
3260 419 3395 492 quia
3429 426 3485 477 et

1850 508 2004 563 nulla
2046 510 2271 579 patrum
2324 507 2653 563 definitione
2692 510 2797 563 hoc
2841 511 3089 566 ecclesia
3136 513 3476 581 derogatuin

1851 604 1937 656 est
1961 601 2259 668 Africana,
2290 606 2348 655 et
2373 601 2599 656 decreta
2626 602 2854 657 Nicana
2881 604 2993 659 sive
3024 604 3316 660 inferioris
3343 624 3478 678 gra-

1849 696 1955 750 dus
1982 697 2235 763 clericos,
2257 695 2371 750 sive
2400 694 2694 767 episcopos
2713 696 2862 767 ipsos
2888 699 3004 753 suis
3031 700 3484 770 metropolitanis

1849 789 2132 861 episcopis
2198 789 2556 859 apertissime
2608 790 2976 845 commiserit.
3032 792 3479 849 Prudentissimc

1848 882 2001 937 enim
2024 881 2456 953 justissimeque
2482 881 2751 937 viderunt
2769 899 3147 955 quacumque
3168 887 3396 956 negotia
3421 887 3481 942 in

1848 976 1964 1030 suis
1990 976 2126 1030 locis
2144 975 2242 1029 ubi
2262 981 2387 1030 orta
2410 979 2543 1030 sunt
2563 976 2835 1042 finienda,
2857 992 2959 1032 nec
2981 977 3287 1051 unicuique
3302 981 3483 1052 provi-

1848 1069 2055 1124 dentia
2099 1068 2343 1140 gratiam
2388 1069 2616 1140 spiritus
2660 1069 2987 1124 defuturam
3035 1087 3146 1142 qua
3191 1073 3423 1144 aequitas
3450 1092 3483 1127 a

1846 1162 2054 1217 Christi
2084 1162 2493 1229 sacerdotibus,
2524 1166 2582 1218 et
2612 1163 2927 1234 prudenter
2950 1162 3226 1233 videatur,
3258 1168 3315 1220 et
3342 1182 3479 1222 con-

1847 1256 2191 1311 stantissime
2244 1261 2528 1322 teneatur,
2579 1256 2947 1328 maximeque
2988 1257 3299 1329 unicuique
3346 1276 3481 1314 con-

1846 1366 2065 1405 cessum
2103 1353 2202 1417 est,
2236 1348 2281 1403 si
2313 1350 2535 1420 judicio
2580 1349 2754 1405 fuerit
2795 1350 3044 1405 offensus
3092 1352 3478 1422 cognitorum,

1847 1444 1919 1498 ad
1949 1442 2189 1497 concilia
2220 1442 2526 1513 provincia
2551 1459 2687 1511 sua,
2708 1443 2794 1498 vel
2817 1444 2996 1498 etiam
3015 1444 3329 1500 universale
3348 1463 3477 1517 pro-

1845 1553 2064 1605 vocare,
2094 1536 2201 1591 nisi
2232 1537 2379 1591 forte
2408 1536 2713 1625 quisquam
2739 1540 2825 1591 est
2863 1537 2961 1608 qui
2989 1537 3185 1593 credat
3216 1539 3476 1595 unicuili-

1844 1630 1942 1685 bet
1969 1647 2132 1702 posse
2176 1631 2359 1684 Deum
2398 1636 2659 1684 nostrum
2691 1631 2970 1685 examinis
2999 1632 3277 1703 inspirare
3309 1632 3476 1703 justi-
3504 1684 3507 1685 ν

1842 1724 2001 1791 tiam,
2032 1728 2089 1778 et
2114 1722 2629 1778 innumerabilibus
2675 1724 3037 1795 congregatis
3079 1725 3139 1778 in
3178 1725 3479 1781 concilium

1838 1818 2132 1872 Nicanum
2200 1816 2588 1871 sacerdotibus
2651 1816 2959 1887 denegare,
3030 1821 3130 1872 aut
3190 1820 3477 1889 quomodo

1838 1912 2027 1983 ipsum
2054 1910 2498 1965 transmarinum
2534 1909 2819 1980 judicium
2852 1915 3035 1964 ratum
3067 1911 3193 1979 erit,
3223 1912 3294 1966 ad
3325 1915 3475 1984 quod

1836 2005 2066 2061 testium
2111 2003 2450 2059 necessaria
2494 2019 2757 2074 persona
2783 2004 2872 2058 vel
2912 2009 3147 2076 prepter
3172 2007 3476 2061 senectutis

1836 2098 2250 2164 infirmitatem,
2276 2097 2365 2151 vel
2392 2096 2591 2151 multis
2613 2096 2739 2151 aliis
2764 2097 3272 2153 intercurrentibus
3297 2098 3373 2153 im
3385 2117 3477 2171 pe-

1836 2191 2105 2247 dimentis
2130 2190 2335 2244 adduci
2364 2206 2483 2244 non
2516 2193 2844 2261 potuerunt.
2878 2191 3021 2245 Nam
3050 2194 3112 2245 ut
3146 2192 3322 2264 aliqui
3343 2197 3469 2247 tau-

1837 2302 2013 2357 quam
2037 2302 2070 2339 a
2100 2290 2212 2339 tua
2243 2283 2559 2338 sanctitatis
2585 2284 2767 2357 latere
2789 2282 3110 2353 mittantur,
3143 2286 3300 2340 nulla
3320 2285 3473 2341 inve-

1834 2379 2025 2434 nimus
2055 2381 2281 2449 patrum
2312 2377 2531 2448 synodo
2575 2377 2965 2446 constitutum,
2994 2377 3124 2448 quia
3151 2377 3293 2433 illud
3317 2381 3469 2451 quod

1835 2472 2057 2544 pridem
2086 2486 2193 2541 per
2216 2469 2489 2524 eumdem
2516 2471 2914 2541 coepiscopum
2945 2474 3204 2525 nostrum
3250 2473 3468 2527 Fausti-

1833 2583 1973 2620 num
1997 2571 2274 2635 tanquam
2294 2580 2365 2618 ex
2385 2566 2545 2635 parte
2574 2563 2783 2617 Nicani
2813 2563 3035 2617 concilii
3061 2564 3267 2620 exinde
3290 2568 3471 2621 trans-

1833 2658 2064 2713 misistis
2089 2658 2149 2711 in
2174 2656 2428 2711 conciliis
2454 2656 2788 2721 verioribus,
2819 2672 2946 2727 qua
2984 2657 3339 2728 accipiuntur
3369 2660 3461 2714 Ni-

1833 2751 1971 2807 caui
1992 2767 2026 2805 a
2050 2756 2244 2806 sancto
2264 2750 2471 2821 Cyrillo
2494 2749 2827 2821 coepiscopo
2848 2754 3044 2805 nostro
3069 2750 3466 2809 Alexandrina

1834 2845 2084 2900 ecclesia
2112 2850 2169 2899 et
2199 2860 2231 2898 a
2260 2842 2570 2897 venerabili
2612 2842 2794 2898 Attico
2836 2845 3464 2916 Constantinopolitano

1833 2938 2082 2994 antistite
2123 2953 2188 2992 ex
2230 2936 2571 2992 Authentico
2620 2936 2825 3003 missis,
2852 2953 2981 3009 qua
3009 2938 3184 2993 etiam
3224 2940 3466 2997 antehac

1833 3049 1937 3103 per
1966 3031 2353 3086 Innocentium
2381 3030 2779 3101 presbyterum
2807 3033 2864 3085 et
2892 3031 3213 3088 Marcellum
3240 3033 3468 3091 subdia-

1833 3141 2061 3192 conum,
2086 3141 2188 3196 per
2212 3140 2355 3197 quos
2375 3124 2450 3178 ad
2481 3139 2583 3177 nos
2609 3123 2681 3178 ab
2708 3123 2788 3179 eis
2814 3124 3030 3179 directa
3056 3130 3206 3194 sunt,
3227 3143 3458 3183 venera-

1828 3219 1958 3274 bilis
1986 3218 2283 3274 memoria
2313 3217 2604 3272 Bonifacio
2633 3218 2898 3289 episcopo
2925 3218 3325 3289 pradecessori
3357 3240 3459 3278 no-

1826 3317 1944 3367 stro
1972 3328 2006 3366 a
2034 3312 2200 3366 nobis
2245 3311 2578 3366 transmissa
2601 3314 2753 3378 sunt,
2784 3310 2843 3365 in
2871 3310 3077 3382 quibus
3104 3313 3214 3368 tale
3241 3315 3460 3387 aliquid

1826 3423 1944 3462 non
1968 3405 2255 3476 potuimus
2296 3404 2572 3476 reperire.
2610 3406 2976 3459 Exsecutores
3021 3405 3196 3460 etiam
3225 3408 3459 3464 clericos

1825 3502 2041 3554 vestros
2086 3497 2406 3570 quibusque
2436 3497 2762 3568 petentibus
2798 3496 2977 3551 nolite
3008 3497 3255 3569 mittere,
3283 3500 3459 3557 nolite

1824 3591 2155 3658 concedere,
2188 3607 2261 3644 ne
2285 3590 2565 3645 famosum
2590 3594 2790 3660 typum
2818 3589 3013 3644 saculi
3053 3590 3110 3645 in
3154 3592 3457 3648 Ecclesium

1823 3684 2027 3740 Christi
2057 3700 2186 3755 qua
2217 3685 2403 3738 lucem
2444 3681 2819 3754 simplicitatis
2845 3686 2904 3737 et
2932 3683 3276 3740 humilitatis
3302 3687 3451 3741 diem

1823 3778 2048 3835 Domini
2072 3777 2267 3832 videre
2296 3775 2657 3847 cupientibus
2688 3775 2941 3846 praefert,
2970 3777 3272 3833 videamur
3296 3780 3456 3834 indu-

1823 3888 1969 3927 cere.
1998 3873 2140 3926 Nam
2166 3871 2237 3925 de
2263 3870 2439 3924 fratre
2459 3873 2654 3924 nostro
2681 3869 2967 3936 Faustino,
2989 3873 3183 3925 amoto
3200 3871 3324 3941 jam
3349 3888 3452 3943 pro

1822 3966 1939 4020 suis
1967 3964 2231 4019 nefandis
2277 3962 2546 4034 nequitiis
2583 3962 2654 4016 de
2683 3963 2889 4017 Christi
2930 3964 3177 4018 Ecclesia
3215 3964 3456 4020 dolendo

1821 4058 2045 4131 Apiario
2072 4056 2256 4112 securi
2279 4072 2494 4124 sumus,
2527 4056 2682 4127 quod
2710 4072 2842 4110 eum
2868 4056 3150 4127 probitate
3174 4073 3239 4112 ac
3264 4058 3456 4113 mode-

1822 4153 2038 4208 ratione
2068 4155 2183 4205 tua
2210 4149 2545 4215 sanctitatis,
2576 4149 2727 4204 salva
2774 4149 3026 4205 fraterna
3064 4151 3340 4207 charitate
3369 4153 3452 4207 ul-

1820 4246 1996 4300 terius
2022 4245 2082 4299 in
2118 4243 2305 4299 Africa
2347 4242 2588 4297 minime
2630 4243 2909 4298 sustinere
2959 4243 3229 4315 patiatur,
3257 4247 3314 4299 et
3344 4245 3453 4301 alia

1818 4355 2040 4395 manu:
2085 4339 2361 4393 Dominus
2408 4340 2602 4391 noster
2642 4335 2998 4391 sanctitatem
3045 4341 3292 4393 vestram
3337 4355 3455 4393 avo

126 4422 229 4481 bita
253 4430 548 4487 videantur
573 4431 962 4486 communioni
992 4430 1233 4500 restitui,
1257 4429 1721 4502 presbyterorum
1742 4437 1800 4508 D
1821 4427 2078 4500 longiore
2105 4431 2361 4480 amntem
2380 4441 2485 4496 pro
2503 4424 2663 4479 nobis
2689 4425 2984 4496 custodiat,
3003 4427 3233 4483 domine
3253 4428 3449 4483 frater.

630 4646 1018 4708 INCIPIUNT
1062 4645 1439 4707 CAPITULA
1483 4579 1817 4706 CONCILII
1861 4638 2528 4704 CARTHAGINENSIS
2576 4636 2917 4701 SEPTIMI.

184 4758 222 4809 t.
259 4759 329 4815 De
354 4762 869 4817 excommunicatis
898 4766 963 4817 ut
991 4762 1063 4816 ad
1105 4762 1446 4817 clericorum
1488 4778 1720 4817 accusa-

130 4846 305 4906 tionem
337 4871 452 4908 non
480 4855 881 4910 admittantur.

181 4943 225 4996 2.
261 4945 329 5002 De
374 4948 640 5019 personis
682 4949 890 5020 quibus
930 4949 1262 5004 clericorum
1302 4947 1586 5004 accusatio
1629 4947 1720 5003 in-

128 5035 403 5096 terdicitur.

179 5129 223 5182 3.
259 5131 326 5187 De
350 5134 440 5190 his
464 5136 567 5207 qui
598 5136 848 5208 primum
878 5137 1093 5193 crimen
1125 5137 1414 5209 objectum
1444 5152 1558 5191 non
1589 5152 1719 5207 pro-

1820 4761 2031 4816 barunt
2060 4761 2123 4813 ut
2149 4757 2218 4812 ad
2250 4760 2455 4812 catera
2480 4773 2596 4811 non
2623 4755 3011 4812 admittantur.

1893 4855 1945 4907 4.
1988 4854 2067 4905 De
2090 4850 2350 4923 personis
2370 4866 2500 4921 qua
2522 4849 2789 4904 adversus
2802 4851 3035 4907 clericos
3056 4852 3453 4912 testimonium

1824 4947 2011 5001 dicere
2041 4944 2442 5016 prohibentur.

1895 5044 1947 5094 5.
1991 5040 2069 5093 De
2096 5054 2163 5093 eo
2192 5053 2364 5109 quem
2393 5037 2514 5092 solo
2544 5036 2868 5093 testimonio
2900 5042 3327 5115 prasumpserit
3352 5061 3452 5100 ex-

1825 5130 2393 5190 communicandum.

353 5364 776 5459 INCIPIT
862 5367 1481 5462 CONCILIUM
1575 5364 2525 5461 CARTHAGINENSE
2615 5365 3188 5459 SEPTIMUM

1151 5527 1531 5592 TRIGINTA
1575 5525 1773 5592 ΟΕΤο

189 5647 297 5704 Post
335 5654 692 5712 consulatum
747 5656 1284 5728 gloriosissimorum
1313 5657 1725 5727 imperatorum

136 5735 335 5799 Honorii
388 5748 563 5820 tertii,
607 5754 664 5807 et
710 5750 1010 5807 Theodosii
1062 5750 1273 5820 octavi,
1320 5752 1725 5823 Augustorum,

1817 5524 2389 5590 EPISCOPORUM.

1827 5654 1994 5709 tertio
2025 5652 2283 5708 Kalendis
2324 5652 2457 5708 Julii
2483 5651 2845 5722 Carthagine,
2873 5649 2931 5703 in
2965 5648 3270 5703 secretario
3300 5647 3452 5703 basi-

1829 5746 1948 5805 lica
1995 5745 2290 5817 restituta,
2339 5764 2467 5802 cum
2513 5743 2769 5803 Aurelius
2818 5741 3116 5817 episcopus
3159 5758 3278 5798 una
3322 5758 3454 5803 cum
