3964 6178
495 215 594 271 Βυῖ
1374 214 1658 269 APPEND.
1700 216 1786 268 AD
1824 215 1986 269 SxEC.
2030 215 2113 267 1X.
2147 243 2214 251 —
2255 212 2503 268 lSlDOltl
2540 213 2969 271 MEHCATOHIS
3692 225 3771 279 368

498 320 764 378 Faustino
795 323 1047 376 ecclesia
1075 321 1388 376 Potentina
1416 322 1720 392 provincia
1751 321 1919 376 Italia
1938 321 2127 377 Piceni
2152 336 2208 408 Α
2302 322 2389 376 lll.
2421 322 2557 378 Item
2591 320 2824 391 placuit,
2847 318 3295 391 quotiescunque
3341 321 3538 377 clericis
3562 324 3624 378 ab
3654 343 3783 384 accu-

494 417 685 487 legato
752 417 1023 470 Romana
1083 416 1379 483 Ecclesia,
1448 415 1741 469 Vincentio
1804 415 2125 483 Culusiauo,
2228 414 2505 469 satoribus
2545 414 2725 467 multa
2773 413 3015 468 crimina
3056 413 3414 483 objiciuntur,
3444 419 3497 469 et
3537 432 3693 473 unum
3730 440 3782 476 ex

498 508 901 564 Fortunatiano
960 509 1351 580 Neapolitano,
1401 509 1691 563 Mauriano
1740 508 2125 578 Uzipparensi,
2225 507 2362 577 ipsis
2389 506 2459 561 de
2486 523 2596 577 quo
2624 506 2780 576 prius
2811 506 3014 577 egerit,
3042 507 3279 578 probare
3323 524 3435 564 non
3473 509 3702 580 voluerit,
3727 514 3784 570 ad

498 603 783 659 Adeodato
828 601 1115 669 Simidico,
1147 601 1419 656 Pentadio
1465 601 1793 672 Carpitano,
1824 600 2127 656 Ruﬁniano
2227 606 2429 655 catera
2458 616 2575 654 non
2611 600 2966 656 admittatur.

497 695 805 765 Muzuensi,
848 698 1162 750 Pratexato
1207 694 1545 763 Sicilibensi,
1588 693 1982 758 Quodvultdeo
2021 696 2125 747 Ve-
2296 695 2382 749 1V.
2414 695 2602 748 Testes
2631 696 2825 748 autem
2859 694 2931 749 ad
2960 693 3344 750 testimonium
3380 712 3489 750 non
3527 696 3785 754 admitten-

498 790 667 857 rensi,
699 789 953 845 Candido
985 788 1298 856 Abiritano,
1333 788 1662 843 Galloniano
1695 788 1939 843 Uticensi
1969 788 2125 858 lega—
2228 787 2350 853 dos,
2370 786 2469 859 qui
2499 804 2601 843 nec
2622 787 2696 841 ad
2714 776 3132 844 accusationem
3157 788 3375 843 admitti
3401 791 3644 861 pracepti
3664 796 3787 858 sunt,

495 884 589 952 tis,
621 883 929 955 provincia
963 883 1264 950 Numidia,
1294 882 1731 953 proconsularis,
1759 881 1980 952 Alippio
2023 883 2125 936 Ta-
2231 881 2315 936 vel
2342 880 2516 936 etiam
2544 897 2684 951 quos
2710 880 2831 952 ipse
2873 884 3169 937 accusator
3194 882 3264 937 de
3290 883 3452 937 domo
3492 899 3585 937 sua
3623 884 3791 954 produ-

500 977 681 1049 gensi,
716 976 1031 1048 Augustino
1059 977 1318 1047 Hippone
1346 975 1631 1046 Regiensi,
1665 980 1721 1029 et
1751 974 2000 1030 Possidio
2031 974 2130 1029 Ca-
2228 974 2394 1043 xerit,
2427 975 2496 1029 ad
2528 974 2921 1029 testimonium
2963 980 3158 1030 autem
3190 975 3334 1029 infra
3369 992 3539 1033 annos
3575 981 3794 1047 quatuor-

495 1070 739 1126 lamensi
798 1070 1003 1142 legatis
1071 1068 1376 1141 provincia
1439 1068 1739 1134 Numidiae,
1792 1067 2129 1124 Maximiano
2229 1068 2412 1125 decim
2440 1068 2621 1122 atatis
2652 1085 2769 1123 sua
2798 1085 2918 1125 non
2942 1069 3333 1123 admittuntur.

499 1163 835 1237 Aquiregni,
866 1163 1119 1218 Jocundo
1147 1162 1514 1229 Sufﬁtulensi,
1539 1167 1594 1217 et
1624 1162 1874 1217 Hilarino
1904 1163 2132 1216 Herreo-
2299 1163 2362 1216 V.
2420 1162 2561 1216 Item
2605 1162 2846 1233 placuit,
2897 1165 2958 1216 ut
3006 1162 3056 1217 si
3104 1163 3331 1233 quando
3375 1163 3647 1234 episcopus
3691 1165 3796 1219 dicit

498 1258 753 1313 calorum
795 1256 999 1327 legatis
1039 1256 1345 1327 provincia
1385 1256 1728 1324 Bizancena,
1756 1256 1970 1310 Novato
1997 1254 2128 1311 Siti-
2229 1256 2478 1326 aliquem
2499 1254 2605 1310 sibi
2633 1256 2733 1310 soli
2754 1255 3051 1328 proprium
3081 1256 3299 1312 crimen
3318 1256 3482 1311 fuisse
3506 1258 3794 1327 confessum,

495 1351 664 1419 tensi,
711 1354 768 1405 et
808 1351 998 1405 Leone
1047 1350 1280 1421 Opteusi
1326 1350 1530 1421 legatis
1573 1349 1878 1420 provincia
1924 1348 2126 1405 Mauri-
2228 1354 2399 1420 atque
2429 1347 2526 1403 ille
2550 1354 2740 1420 neget,
2775 1367 2886 1405 non
2920 1353 3081 1421 putet
3125 1350 3198 1405 ad
3242 1350 3506 1421 injuriam
3544 1366 3685 1404 suam
3709 1351 3800 1421 epi-

492 1444 667 1501 tania
712 1444 1012 1513 Sitifensis,
1044 1444 1256 1498 Nivello
1310 1443 1640 1510 Rusurensi,
1672 1441 1976 1497 Laurentio
2023 1444 2131 1497 lco-
2230 1458 2429 1513 scopus
2473 1442 2780 1513 pertinere,
2809 1443 2964 1514 quod
3002 1443 3085 1498 illi
3125 1443 3231 1497 soli
3274 1459 3388 1500 non
3426 1442 3671 1511 creditur,
3693 1449 3739 1498 et
3761 1444 3798 1498 si

498 1539 703 1606 sitano,
721 1540 780 1592 et
799 1538 1142 1592 Numeriano
1167 1536 1549 1608 Nusgumensi
1577 1538 1802 1607 legatis,
1824 1536 2129 1607 provincia
2231 1536 2497 1607 scrupulo
2526 1536 2776 1608 propria
2806 1536 3164 1591 conscientia
3189 1552 3246 1591 se
3274 1536 3416 1591 dixit
3443 1535 3654 1607 neganti
3677 1536 3798 1591 nolle

496 1630 844 1689 Mauritania
890 1630 1265 1700 Casariensis,
1293 1630 1364 1684 ab
1407 1629 1685 1683 universis
1709 1629 1941 1683 concilio
1971 1628 2129 1699 judi-
2231 1630 2674 1697 communicare,
2709 1630 2985 1701 quamdiu
3028 1630 3521 1685 excommunicato
3549 1646 3650 1685 non
3681 1646 3801 1684 com-

498 1725 655 1781 cibus
684 1724 914 1779 delectis
950 1724 1264 1779 astantibus
1301 1723 1635 1779 diaconibus
1676 1723 2042 1789 consedisset,
2076 1708 2207 1779 etB
2229 1722 2607 1778 municaverit
2634 1740 2767 1777 suus
2793 1724 3090 1794 episcopus
3116 1724 3303 1779 eidem
3328 1724 3602 1794 episcopo,
3620 1723 3682 1777 ab
3704 1722 3799 1776 aliis

497 1818 837 1891 quibusdam
867 1818 1111 1889 peractis
1145 1818 1314 1871 multi
1358 1816 1605 1888 episcopi
1634 1821 1969 1871 caterorum
1996 1832 2126 1887 per—
2228 1834 2343 1871 non
2363 1817 2819 1871 communicatur
2839 1816 3138 1888 episcopis,
3158 1821 3223 1871 ut
3239 1817 3421 1888 magis
3439 1822 3618 1871 caveat
3634 1816 3803 1887 episco-

492 1913 844 1984 agendorum
868 1928 1055 1966 moras
1080 1928 1138 1966 se
1164 1916 1671 1981 conquarerentur
1701 1910 1978 1964 sustinere
2014 1927 2129 1964 non
2228 1928 2354 1982 pus,
2388 1927 2460 1964 ne
2490 1911 2642 1965 dicat
2665 1909 2727 1965 in
2757 1927 3106 1981 quemquam
3146 1911 3304 1982 quod
3344 1910 3464 1966 aliis
3506 1910 3803 1965 documentis

495 2023 683 2078 posse,
709 2008 766 2060 et
806 2007 874 2060 ad
915 2006 1175 2076 preprias
1221 2004 1486 2059 ecclesias
1530 2004 1890 2069 festinarent,
1920 2003 2133 2074 placuit
2232 2003 2569 2059 convincere
2609 2020 2723 2058 non
2754 2009 2958 2074 potest.
3002 2006 3068 2059 Et
3113 2004 3559 2076 subscripserunt
3593 2003 3802 2059 Aurelius

498 2100 763 2155 universo
817 2100 1073 2166 concilio,
1118 2103 1179 2152 ut
1226 2100 1297 2152 ab
1340 2097 1606 2151 omnibus
1657 2097 2010 2168 eligerentur
2059 2096 2131 2151 de
2233 2097 2530 2168 episcopus
2554 2098 2803 2151 ecclesia
2833 2098 3316 2168 Carthaginensis,
3343 2098 3623 2152 Faustinus
3648 2099 3806 2151 Poten-

501 2192 741 2263 singulis
767 2191 1088 2263 quibusque
1116 2189 1439 2260 provinciis,
1473 2189 1572 2260 qui
1604 2196 1835 2260 propter
1861 2189 1972 2243 alia
2001 2205 2130 2259 per-
2231 2190 2366 2244 tina
2390 2189 2696 2260 provincia
2723 2190 2933 2255 Piceni,
2960 2191 3220 2261 Alippius
3246 2190 3588 2262 Tagastensis
3624 2190 3805 2260 legatus

500 2285 724 2357 agenda
747 2285 1084 2350 residerent,
1105 2288 1160 2338 et
1186 2283 1399 2336 factum
1428 2288 1513 2336 est
1537 2288 1601 2336 ut
1632 2282 1690 2336 hi
1710 2282 1973 2336 adessent
1987 2299 2129 2353 quo-
2232 2283 2533 2353 provincia
2560 2283 2860 2349 Numidia,
2890 2284 3239 2354 Augustinus
3267 2284 3536 2355 Hippona
3561 2281 3805 2353 Regiensis

499 2396 631 2435 rum
657 2377 1094 2448 subscriptiones
1122 2393 1220 2431 eos
1247 2375 1495 2430 adfuisse
1524 2378 1821 2429 testantur.
2231 2376 2449 2446 legatus
2498 2375 2781 2430 Numidia
2838 2376 3163 2447 provincia,
3219 2376 3503 2431 Possidius
3560 2375 3805 2446 episcOpus

568 2473 695 2528 CAP.
723 2473 763 2526 Ι.
803 2470 1150 2542 Placuitque,
1196 2469 1474 2542 quoniam
1517 2469 1905 2540 superioribus
1943 2469 2131 2523 conci-
2233 2469 2582 2525 Calamensis
2634 2471 2852 2540 legatus
2905 2469 3211 2540 provincia
3270 2469 3562 2536 Numidia,
3610 2469 3806 2523 Novatus

503 2567 712 2621 liorum
738 2564 978 2620 decretis
1002 2564 1073 2618 de
1100 2563 1357 2635 personis
1377 2580 1503 2634 qua
1525 2562 1890 2617 admittenda
1912 2566 2045 2617 sunt
2061 2562 2133 2616 ad
2234 2561 2507 2617 Sitifensis
2532 2563 2754 2633 legatus
2801 2563 3103 2634 provincia
3143 2563 3420 2634 ejusdem,
3449 2564 3553 2618 Leo
3595 2559 3807 2632 Opteusis

497 2659 910 2714 accusationem
958 2658 1295 2712 clericorum
1344 2657 1466 2727 jam
1512 2656 1881 2711 constitutum
1924 2660 2026 2723 est,
2077 2659 2137 2711 et
2232 2656 2455 2726 legatus
2499 2655 2804 2727 provincia
2850 2656 3200 2713 Mauritania
3256 2657 3547 2725 Sitifensis,
3587 2653 3805 2710 Maurita-

502 2770 631 2824 qua
658 2768 914 2823 persona
941 2767 1059 2806 non
1094 2751 1474 2805 admittantur
1506 2752 1630 2820 jam
1667 2766 1999 2820 expressum
2028 2752 2134 2819 est,
2236 2748 2366 2803 nius
2405 2748 2853 2820 Uzipparitanus,
2902 2750 3175 2805 Ruﬁanus
3227 2750 3514 2817 Muzensis,
3558 2747 3810 2813 Quodvult-

502 2847 717 2901 idcirco
756 2844 1060 2901 definimus
1111 2860 1245 2898 eum
1290 2844 1399 2897 rite
1438 2843 1512 2898 ad
1558 2843 1976 2898 accusationem
2019 2859 2137 2898 non
2238 2841 2377 2896 deus
2412 2842 2690 2910 Verensis,
2719 2843 3004 2897 Candidus
3048 2843 3381 2898 Abiritanus
3421 2840 3811 2899 Germaniciano-

500 2938 748 3006 admitti,
782 2938 879 3009 qui
919 2941 1293 3008 posteaquam
1331 2937 1851 2991 excommunicatus
1876 2936 2049 2990 fuerit
2076 2935 2136 2991 in
2235 2952 2385 3004 rum,
2415 2935 2781 2990 Gallonianus
2822 2936 3119 3004 Uticensis,
3144 2938 3430 2993 Jocundus
3468 2935 3724 2994 Suft‘etula
3754 2933 3811 2987 le-

500 3034 623 3103 ipsa
664 3032 851 3087 adhuc
897 3030 1491 3087 excommunicatione
1539 3031 1894 3099 constitutus,
1926 3031 2038 3086 sive
2065 3031 2140 3086 sit
2162 3076 2212 3103 η
2242 3032 2402 3099 gatus
2460 3029 2767 3100 provincia
2821 3030 3162 3098 Bizancena,
3218 3032 3500 3087 Hilarinus
3543 3024 3811 3085 Horreocel-

501 3076 623 3103 ¹[¹“’“’”⁸
664 3076 850 3087 “¹”“¹⁵⁵⁴“¹¹’ν
899 3076 1490 3087 “’⁴“ν“’”⁸⁶’⁴⁵⁶“““”“⁸“¹“”⁶ν⁵⁶ν
1540 3076 1894 3099 νν⁶⁴νν⁶¹’“““’““¹’1
1926 3076 2038 3086 ’⁵⁸³’ν
2065 3076 2139 3086 ""
2242 3076 2401 3099 ο’⁷““⁷
2460 3076 2766 3100 r-""’"""
2821 3076 3162 3098 ”·-“-’νν··ννν
3218 3076 3500 3087 ⁸⁸⁸⁵*⁵“⁸⁶“⁵“’
3543 3076 3787 3085 ’⁶*’“⁷“⁷“⁷

501 3125 763 3194 clericus,
798 3125 911 3180 sive
938 3124 1132 3190 laicus,
1160 3140 1419 3179 accusare
1448 3124 1708 3179 voluerit.
2161 3076 2216 3150 Ο
2243 3121 2414 3177 lensis
2472 3122 2691 3193 legatus
2742 3123 3046 3193 provincia
3100 3123 3447 3191 Bizancena,
3496 3120 3811 3179 Maximianus

575 3222 641 3276 ΙΙ.
671 3221 809 3274 Item
837 3217 1068 3290 placuit,
1095 3222 1160 3272 ut
1189 3234 1391 3272 omnes
1421 3218 1564 3273 servi
1591 3218 1671 3272 vel
1704 3218 1922 3290 proprii
1946 3218 2136 3273 liberti
2234 3213 2626 3270 Suffetulensis
2678 3216 2901 3287 legatus
2941 3217 3245 3287 provincia
3310 3218 3642 3281 Bizancena,
3678 3210 3809 3268 Maxi-

503 3314 576 3368 ad
605 3312 1024 3368 accusationem
1054 3328 1171 3367 non
1202 3311 1593 3379 admittantur,
1626 3313 1711 3366 vel
1758 3329 1955 3368 omnes
1995 3329 2136 3384 quos
2232 3307 2460 3362 mianus
2508 3308 2848 3380 Aquiregnis
2904 3310 3122 3380 legatus
3166 3311 3473 3381 provincia
3519 3309 3811 3369 Bizancena,

504 3408 576 3463 ad
619 3405 936 3461 accusanda
979 3405 1203 3476 publica
1246 3405 1489 3460 crimina
1532 3406 1685 3477 leges
1727 3406 1969 3477 publica
2018 3422 2136 3461 non
2233 3401 2474 3457 Nivellus
2520 3402 2859 3457 Rusurensis
2903 3404 3123 3475 legatus
3160 3405 3464 3475 provincia
3493 3397 3811 3461 Casariemis.

506 3500 837 3569 admittunt,
863 3515 1062 3554 omnes
1091 3499 1248 3553 enim
1275 3499 1530 3554 infamia
1556 3500 1792 3555 maculis
1818 3499 2051 3571 aspersi,
2074 3499 2136 3555 id
2233 3495 2571 3551 Laurentius
2592 3496 2897 3552 Icositanus
2915 3498 3138 3568 legatus
3156 3498 3466 3569 provincia
3486 3490 3811 3555 Casariensis,

502 3596 608 3663 est,
641 3593 945 3648 histriones
972 3609 1035 3646 ac
1064 3593 1510 3663 turpitudinibus
1553 3593 1821 3665 subjecta
1858 3610 2133 3665 persona,
2233 3588 2613 3644 Numerianus
2656 3589 3066 3661 Nusgumensis
3093 3592 3319 3663 legatus
3349 3590 3639 3664 provincia
3666 3588 3813 3643 Casa-

502 3686 759 3742 haretici
784 3686 977 3756 etiam,
1005 3685 1120 3740 sive
1164 3686 1393 3758 pagani,
1423 3686 1538 3742 sive
1578 3686 1780 3755 Judaei,
1808 3686 1905 3741 sed
1941 3690 2136 3741 tamen
2234 3686 2470 3756 riensis,
2535 3687 2829 3758 Philippus
2894 3689 3194 3760 presbyter
3252 3690 3512 3746 Ecclesia
3568 3689 3814 3746 Romana,

502 3779 770 3835 omnibus
795 3780 999 3853 quibus
1024 3779 1301 3835 accusatio
1326 3780 1660 3852 denegatur,
1690 3780 1749 3834 in
1796 3781 1978 3835 causis
2007 3797 2137 3852 pro-
2234 3780 2454 3834 Asellus
2477 3781 2774 3854 presbyter
2796 3782 3020 3854 legatus
3046 3783 3307 3839 Ecclesia
3340 3785 3624 3839 Romana;

500 3874 638 3945 priis
665 3874 970 3930 accusandi
999 3873 1232 3929 licentia
1258 3890 1375 3929 non
1400 3873 1690 3945 neganda.

1294 4105 1693 4171 INCIPIUNT
1749 4106 2143 4172 CAPITULA
2203 4108 2537 4174 CONClLII
2599 4111 3084 4177 MILEVITANI.

580 4237 628 4289 l.
667 4234 878 4288 Contra
906 4232 1243 4305 Pelagianos
1284 4234 1380 4306 qui
1425 4234 1624 4290 dicunt
1645 4235 1821 4291 etiam
1850 4237 1973 4292 sine
2000 4253 2130 4308 pec-
2303 4242 2355 4295 8.
2392 4239 2554 4303 Quod
2606 4257 2641 4296 a
2695 4241 2905 4297 sanctis
2965 4242 3249 4298 veraciter
3310 4241 3519 4298 dicitur
3563 4256 3577 4295 :
3631 4232 3817 4291 Dimitte

503 4331 628 4381 cato
654 4327 805 4382 mori
833 4326 1081 4398 potuisse
1113 4327 1314 4382 Adam.
2232 4332 2399 4387 nobis
2428 4334 2619 4389 debita
2646 4340 2858 4390 nostra.

572 4424 625 4515 2·
669 4420 834 4486 Ωαοά
872 4421 1038 4491 illita
1062 4421 1316 4492 APostoli
1360 4421 1750 4478 ίθδίίωοηίυω
1793 4424 1964 4479 etiam
2011 4401 2212 4496 Ῥέη-Β
2303 4449 2354 4500 9.
2396 4447 2552 4510 Quod
2579 4448 2651 4502 ad
2677 4464 3012 4504 communes
3055 4465 3250 4504 causas
3293 4448 3555 4506 Ecclesia
3596 4436 3816 4515 generale

500 4513 616 4570 vuli
647 4515 746 4587 qui
777 4514 919 4569 nihil
952 4515 1168 4586 peccati
1196 4515 1383 4571 adhuc
1413 4516 1822 4573 commiserunt
1846 4535 2045 4573 omnes
2075 4520 2133 4574 in
2238 4539 2541 4600 concilium
2601 4542 2943 4613 congregari
3009 4545 3290 4614 oporteat,
3342 4544 3404 4597 in
3457 4513 3674 4613 privatis
3716 4542 3819 4584 vero

502 4613 866 4681 peccatorum
893 4610 1225 4665 remissione
1250 4611 1526 4666 veraciter
1544 4611 1920 4683 baptizentur.

575 4706 628 4757 3.
671 4702 833 4767 Quod
860 4703 1042 4775 gratia
1084 4704 1182 4759 Dei
1228 4721 1343 4759 non
1376 4706 1563 4759 solum
1604 4712 1830 4776 peccata
1877 4706 2133 4775 dimittit,

502 4795 605 4850 sed
627 4796 799 4850 etiam
824 4797 1051 4867 adjuvat
1079 4815 1149 4853 ne
1180 4800 1633 4855 committantur.

574 4888 628 4943 4.
669 4890 832 4953 Quod
855 4907 961 4961 per
987 4891 1226 4962 gratiam
1259 4892 1352 4947 Dei
1384 4892 1629 4947 sciamus
1656 4892 1792 4964 quid
1832 4892 2018 4947 facere
2043 4893 2139 4947 de-

501 4981 741 5037 beamus
767 4986 824 5037 et
855 4983 1093 5055 diligere
1125 4988 1188 5039 ut
1211 4984 1505 5040 faciamus.

575 5078 625 5131 5.
666 5076 826 5143 Quod
856 5077 1038 5147 gratia
1065 5077 1167 5131 Dei
1193 5084 1428 5148 prastet
1456 5084 1519 5134 ut
1543 5080 1628 5134 lex
1670 5078 1992 5149 impleatur,
2021 5097 2136 5135 non

2239 4632 2422 4687 causis
2448 4633 2694 4704 speciale
2726 4635 3173 4708 uniuscujusque
3200 4635 3529 4708 provincia.

2312 4744 2395 4795 10.
2437 4742 2508 4796 Ut
2549 4742 2810 4813 epistolas
2833 4744 2905 4798 ad
2935 4743 3241 4799 concilium
3288 4743 3630 4800 evocandum
3652 4735 3821 4792 metro-

2236 4835 2520 4906 politanus
2545 4836 2878 4903 subscribat,
2915 4842 2972 4891 et
2999 4836 3226 4909 dirigat.

2312 4951 2394 5002 H.
2439 4949 2508 5003 Ut
2550 4949 2620 5003 de
2682 4948 2963 5004 hareticis
3006 4954 3063 5005 et
3106 4950 3432 5005 inﬁdelibus
3491 4940 3741 5021 quidquid
3774 4936 3821 4991 in

2237 5041 2477 5095 concilio
2509 5041 2869 5099 constituitur
2892 5059 2925 5095 a
2950 5042 3208 5115 principe
3236 5043 3589 5115 impleretur.

507 5168 670 5235 (sicut
698 5169 779 5223 ait
805 5169 1081 5241 Pelagius)
1113 5171 1271 5225 facile
1310 5172 1473 5243 quasi
1520 5172 1641 5227 sine
1674 5173 1857 5245 gratia
1902 5173 2003 5228 Dei
2034 5173 2134 5228 dif-

2312 5155 2394 5207 l2.
2437 5153 2505 5206 Ut
2545 5169 2743 5224 preces
2786 5156 2844 5207 et
2883 5154 3166 5209 orationes
3214 5155 3545 5227 composita
3575 5148 3688 5224 (nisi
3714 5158 3818 5218 ριό·

499 5263 705 5318 ﬁcilius
731 5263 909 5335 possit,
936 5263 1179 5334 impleri,
2235 5246 2381 5301 bata
2410 5246 2624 5301 fuerint
2648 5247 2708 5300 in
2734 5247 2991 5319 concilio)
3014 5265 3131 5303 non
3159 5249 3437 5304 dicantur.

570 5360 623 5412 6.
664 5357 817 5426 Quod
856 5357 1023 5429 juxta
1064 5357 1409 5413 sententiam
1449 5358 1683 5414 Joannis
1729 5359 2130 5431 evangelista:
2311 5352 2396 5403 13-
2437 5349 2510 5403 Ut
2568 5348 2910 5420 Posteriores
2974 5349 3351 5405 anterioribus
3416 5345 3680 5422 episcopis
3723 5352 3815 5431 ηοιξ

499 5448 679 5505 Nemo
705 5451 778 5506 sit
818 5451 917 5522 qui
946 5467 1068 5505 esse
1096 5439 1271 5522 possit
1300 5452 1420 5507 sine
1450 5458 1700 5524 peccato.
1879 5428 1901 5431 v
2235 5442 2631 5514 praferantur,
2656 5458 2760 5496 nec
2788 5442 3119 5499 inconsultis
3148 5443 3484 5515 primatibus
3513 5441 3620 5498 suis
3644 5428 3818 5506 aliquid

568 5548 622 5600 7.
664 5544 830 5609 Quod
872 5544 1179 5617 unicuique
1223 5546 1399 5601 etiam
1440 5547 1595 5617 justo
1636 5563 1754 5602 non
1795 5546 1982 5603 solum
2028 5565 2133 5620 pro

2314 5553 2411 5591 ere
2436 5538 2810 5607 prasumant.

495 5634 641 5705 aliis,
668 5638 770 5693 sed
796 5642 855 5694 et
881 5656 985 5711 pro
1016 5640 1319 5714 semetipso
1348 5640 1537 5699 dicere
1570 5643 1871 5716 oporteat:
1902 5641 2134 5698 Dimitte
2311 5643 2393 5697 14.
2459 5644 2528 5698 Ut
2602 5644 2854 5715 episcopi
2925 5661 3028 5716 pro
3101 5650 3357 5718 tempore
3431 5631 3817 5701 consecrationis

491 5727 656 5781 nobis
680 5730 869 5787 debita
906 5736 1124 5791 nostra.
2236 5752 2352 5791 sua
2381 5736 2598 5793 litteras
2624 5738 2693 5793 ab
2721 5737 3137 5795 ordinatoribus
3171 5740 3435 5796 habeant.
