3964 6178
163 292 236 342 3(ὶο
1257 301 1262 308 '
1307 280 1780 334 DECRETALIL’M
1819 282 2204 335 CULLI‘LCTIO.
3331 288 3432 339 370
3457 301 3459 304 ‘

210 391 306 465 87
334 394 402 444 t5.
431 389 492 441 Ut
513 387 608 440 ubi
644 387 893 457 primum
933 387 1060 457 quis
1105 386 1322 456 legerit,
1356 387 1433 441 ibi
1471 403 1705 458 perma-
1731 399 1786 472 Α
1878 390 1966 442 2t.
2001 389 2077 443 De
2108 387 2380 458 episcOpis
2401 389 2499 458 qui
2523 389 2678 459 quod
2705 393 2961 460 repetere
2981 393 3265 460 poterant,
3289 408 3431 462 prae-

160 492 258 541 neat
282 483 500 537 clericus.
1811 481 2078 534 termissa
2104 481 2319 551 synodo
2346 481 2687 536 invaserunt.

209 583 274 633 16.
300 578 355 631 Ut
378 591 466 646 pro
492 573 673 628 causis
699 574 1064 629 ecclesiarum
1093 578 1452 631 exsecutores
1481 575 1567 629 vel
1598 574 1702 629 ad-
1877 577 1967 628 22.
2000 575 2080 628 De
2100 574 2313 629 clericis
2339 575 2436 645 qui
2458 575 2528 629 de
2548 575 2763 645 judicio
2781 576 3178 648 episcoporum
3198 595 3433 636 suorum

154 671 289 727 vocati
310 689 335 723 a
359 668 596 740 principe
625 670 998 738 postulentur.
1805 675 2255 738 conquerantur.

207 771 271 820 l7.
299 765 356 818 Ut
382 777 553 832 neque
581 762 864 830 dimissus,
898 778 1085 834 neque
1116 761 1345 816 dimissa
1371 761 1534 816 alteri
1569 778 1702 817 con-
1876 765 1965 816 23.
1995 763 2071 816 De
2100 761 2189 816 his
2213 761 2311 833 qui
2338 762 2490 833 apud
2517 763 2814 818 haereticos
2843 764 3235 835 paenitentiam
3269 783 3433 822 acce-

146 863 415 931 jungantur.
1803 860 2033 926 perunt.

201 957 265 1007 l8.
290 953 357 1006 De
384 951 462 1005 his
485 951 578 1020 qui
609 949 666 1003 in
697 967 794 1004 sua
822 949 1114 1020 provincia
1137 965 1252 1003 non
1273 948 1704 1004 communicant
1873 950 1963 1003 24.
2001 949 2076 1003 De
2123 949 2401 1021 episcopis
2453 949 2874 1020 negligentibus
2906 951 3170 1007 adversus
3202 953 3427 1010 hmreti~

150 1047 218 1098 ubi
242 1046 352 1099 alibi
376 1062 480 1098 non
511 1042 952 1098 communicent.
1802 1058 1916 1097 cos.
1947 1081 1961 1092 ρ

201 1143 264 1192 l9.
291 1140 355 1192 De
381 1137 586 1191 clericis
615 1137 712 1206 qui
742 1137 893 1207 apud
919 1135 1232 1206 principem
1263 1137 1530 1190 saeculare
1553 1134 1704 1205 judi-
1874 1139 1960 1190 25.
1994 1136 2154 1190 Unde
2187 1153 2379 1207 supra.

147 1235 257 1286 cium
279 1236 362 1286 aut
385 1230 648 1301 synodale
669 1229 1044 1301 impleverint.
1874 1232 1963 1284 26.
1996 1231 2070 1284 De
2105 1230 2422 1299 virginibus
2451 1249 2578 1302 quae
2620 1232 2770 1287 infra
2805 1233 3004 1303 viginti
3043 1233 3295 1305 quinque
3331 1252 3432 1289 an-

195 1330 262 1378 20.
287 1326 345 1378 Ut
369 1325 480 1378 sine
513 1323 774 1378 formatis
798 1339 969 1377 nemo
1003 1323 1076 1377 ad
1106 1322 1437 1378 comitatum
1467 1321 1698 1394 proﬂci-
1802 1341 1924 1390 nos,
1958 1323 2294 1378 necessitate
2321 1332 2580 1396 cogente,
2610 1327 2890 1381 velantur.

148 1424 302 1484 scatur,
329 1423 378 1472 et
399 1417 643 1489 qualiter
668 1418 928 1473 formata:
954 1416 1116 1473 fiant.
1871 1421 1959 1471 27.
1993 1418 2073 1471 Dc
2106 1418 2388 1489 episcopis
2411 1419 2508 1490 qui
2534 1423 2663 1491 post
2687 1426 2814 1475 acta
2848 1422 3303 1494 Carthaginensis
3339 1439 3430 1494 sy-

1803 1509 1937 1564 nodi
1964 1512 2176 1566 retenti
2197 1515 2330 1567 sunt
2355 1513 2428 1568 ad
2455 1514 2677 1588 reliqua
2699 1515 3047 1587 peragenda.

731 1809 1146 1902 INCIPIT
1231 1805 1848 1902 CONCILIUM
1938 1807 2770 1902 MILEVITANUM.

186 1997 564 2051 Gloriosissimis
592 1995 1032 2066 imperatoribus
1073 1994 1306 2048 Arcadio
1341 1997 1397 2047 et
1429 1993 1696 2058 Honorio,
1719 2003 1776 2074 B
1801 1992 1858 2045 in
1887 2009 1998 2062 qua
2030 1992 2410 2062 justiticamur
2438 2010 2542 2063 per
2570 1995 2758 2047 Jesum
2797 1994 3084 2048 Christum
3121 1997 3429 2052 Dominum

135 2094 338 2159 Augustis
365 2092 510 2157 viris,
551 2089 870 2143 clarissimis
913 2088 1253 2154 consulibus,
1291 2092 1449 2141 sexto
1486 2087 1696 2140 Kalen-
1801 2089 2060 2139 nastrum
2092 2087 2164 2139 ad
2191 2088 2369 2140 solam
2410 2086 2801 2141 remissionem
2833 2093 3192 2158 peccatorum
3221 2092 3427 2158 valere,

135 2184 201 2234 das
223 2183 536 2253 Septembris
572 2184 631 2236 in
671 2181 892 2236 civitate
930 2181 1264 2242 Milevitana,
1305 2180 1362 2232 in
1398 2180 1698 2232 secretario
1797 2195 1924 2249 qua:
1935 2180 2054 2248 jam
2076 2180 2540 2248 commissasunt,
2561 2197 2676 2233 non
2701 2181 2876 2234 etiam
2898 2182 2966 2235 ad
2987 2182 3335 2252 adjutorium
3367 2189 3430 2238 ut

130 2276 317 2329 basilica:
341 2294 461 2330 cum
485 2276 756 2329 Aurelius
786 2274 1085 2344 episcopus
1110 2273 1368 2328 Ecclesia:
1395 2273 1696 2342 Carthagi-
1797 2288 1913 2326 non
1945 2274 2390 2341 committantur,
2422 2274 2724 2327 anathema
2752 2273 2841 2328 sit.

133 2370 272 2420 nensis
293 2370 341 2422 in
375 2371 611 2424 concilio
639 2368 946 2422 universali
977 2367 1340 2435 consedisset,
1386 2366 1699 2420 astantibus
1872 2367 1953 2419 ιν.
1983 2367 2120 2419 Item
2147 2367 2403 2438 quisquis
2435 2368 2639 2422 dixerit
2665 2369 2924 2422 eamdem
2944 2369 3184 2440 gratiam
3205 2371 3303 2424 Dei
3329 2386 3432 2441 per

130 2461 410 2528 diaconibus,
434 2463 699 2517 Aurelius
721 2463 1020 2533 episc0pus
1033 2461 1203 2516 dixit:
1225 2461 1504 2524 Quoniam
1520 2461 1699 2514 Eccle-
1796 2461 1984 2513 Iesum
2003 2461 2289 2514 Christum
2318 2461 2618 2515 Dominum
2643 2465 2901 2516 nostrum
2925 2467 3160 2533 pr0pter
3174 2463 3281 2517 hoc
3302 2467 3427 2517 tan-

128 2555 194 2605 sizr
216 2560 390 2610 sancta:
419 2573 607 2611 unum
641 2560 727 2609 est
757 2573 978 2626 corpus,
1009 2555 1383 2624 omniumque
1413 2553 1699 2607 membro-
1799 2556 1920 2605 tum
1944 2569 2046 2607 nos
2062 2554 2327 2623 adjuvare
2351 2555 2422 2608 ad
2444 2556 2622 2609 solam
2648 2572 2764 2612 non
2781 2556 3150 2626 peccandum,
3169 2556 3304 2626 quia
3325 2573 3430 2627 per

128 2664 220 2701 rum
245 2656 388 2719 caput
421 2656 529 2715 est,
570 2667 750 2704 unum
788 2651 997 2704 factum
1039 2654 1142 2717 est,
1187 2649 1410 2702 volente
1439 2647 1694 2713 Domino,
1796 2647 1977 2717 ipsam
2007 2647 2168 2699 nobis
2195 2649 2471 2701 revelatur
2502 2654 2558 2703 et
2585 2650 2838 2719 aperitur
2860 2648 3235 2720 intelligentia
3261 2667 3426 2704 man-

125 2757 166 2791 ac
186 2749 395 2797 nostram
435 2743 834 2798 inﬁmitatem
861 2743 1116 2813 juvante,
1149 2746 1214 2795 ut
1237 2742 1306 2795 ad
1345 2743 1494 2795 hanc
1521 2742 1696 2794 cccle-
1797 2740 2061 2793 datorum
2088 2746 2151 2794 ut
2181 2741 2426 2795 sciamus
2453 2743 2588 2812 quid
2624 2748 2910 2812 appetere,
2945 2743 3081 2814 quid
3119 2743 3298 2796 vitare
3328 2743 3424 2798 de-

123 2835 224 2888 siam
244 2839 666 2892 conveniremus
691 2835 1005 2891 dilectionis
1034 2839 1090 2890 et
1115 2835 1489 2889 fraternitatis
1516 2834 1698 2904 gratia
1798 2833 2052 2900 beamus,
2105 2850 2221 2888 non
2257 2840 2446 2889 autem
2490 2851 2593 2906 per
2643 2836 2797 2889 illam
2848 2835 3014 2890 nobis
3063 2836 3336 2906 prmstari,
3368 2840 3429 2891 ut

122 2927 308 2996 imitati,
334 2933 474 2986 unde
523 2948 712 3003 quaeso
753 2930 1092 2985 charitatem
1132 2935 1394 2995 vestram,
1440 2928 1573 2999 quia
1621 2929 1698 2981 ita
1797 2929 1950 2999 quod
2001 2927 2322 2983 faciendum
2351 2930 2784 3000 cognoverimus
2813 2929 2984 2984 etiam
3015 2930 3200 2984 facere
3231 2931 3432 3000 diliga-

121 3023 407 3078 credendum
438 3028 548 3092 est,
573 3025 725 3096 quod
748 3028 939 3078 noster
963 3040 1218 3078 accessus
1247 3023 1318 3077 ad
1343 3039 1442 3077 vos
1471 3039 1573 3076 nec
1599 3039 1694 3076 su-
1797 3038 1923 3075 mus
1949 3025 2120 3092 atque
2142 3023 2449 3089 valeamus,
2477 3023 2785 3077 anathema
2815 3023 2904 3088 sit,
2942 3039 3071 3078 cum
3100 3023 3251 3077 dicat
3275 3026 3426 3094 Apo-

124 3115 323 3182 perfluus
349 3135 445 3172 nec
493 3117 744 3173 insuavis
783 3121 867 3171 est
912 3117 1148 3183 cunctis,
1193 3117 1435 3187 ideoque
1489 3115 1700 3186 pariter
1797 3115 1972 3168 stolus
2000 3133 2011 3168 :
2043 3116 2286 3170 Scientia
2314 3116 2495 3182 inflat,
2527 3117 2772 3171 charitas
2814 3132 2948 3170 vero
2977 3116 3238 3185 aedificat,
3268 3116 3428 3170 valde

122 3211 326 3276 quadam
352 3213 416 3266 de
442 3211 632 3266 causis
656 3211 806 3277 fidei,
830 3211 982 3265 unde
1009 3227 1160 3264 nunc
1180 3210 1420 3281 quaestio
1441 3209 1694 3279 Pelagia-
1796 3208 2035 3279 impium
2065 3215 2149 3264 est
2174 3215 2234 3264 ut
2261 3211 2557 3264 credamus
2594 3211 2665 3264 ad
2695 3226 2818 3264 eam
2845 3227 2968 3281 quae
3003 3210 3164 3264 inﬂat
3190 3228 3291 3264 nos
3325 3210 3430 3264 ha-

124 3316 280 3357 norum
307 3305 582 3371 imminet,
624 3306 680 3359 in
710 3305 820 3358 hoc
865 3309 1010 3359 coetu
1044 3303 1396 3359 sanctissimo
1433 3302 1696 3373 primitus
1735 3369 1765 3373 ῳ
1796 3297 1929 3352 bere
1962 3298 2208 3369 gratiam
2237 3299 2463 3365 Christi,
2496 3299 2564 3352 ad
2598 3316 2723 3353 eam
2753 3316 2879 3370 quae
2913 3299 3152 3354 aediﬁcat
3179 3316 3295 3354 non
3325 3300 3432 3353 ha—

121 3399 396 3466 tractentur,
426 3369 640 3454 deinde
663 3398 1105 3468 subsequantur,
1139 3401 1196 3451 et
1220 3397 1408 3468 aliqua
1435 3369 1563 3468 quae
1589 3395 1695 3449 dis-
1714 3369 1770 3444 C
1796 3391 1950 3456 bere,
1980 3408 2108 3446 cum
2145 3393 2218 3446 sit
2248 3396 2556 3463 utrumque
2598 3369 2816 3447 donum
2859 3393 2978 3458 Dei,
3023 3398 3080 3447 et
3117 3393 3259 3447 scire
3294 3392 3431 3463 quid

122 3487 292 3558 ciplinze
317 3491 702 3548 ecclesiasticae
723 3483 1041 3546 necessaria
1071 3491 1342 3546 existunt.
1797 3486 1980 3540 facere
2007 3486 2336 3551 debeamus,
2377 3489 2433 3539 et
2464 3486 2702 3557 diligere
2742 3491 2805 3540 ut
2843 3486 3131 3555 faciamus,
3161 3489 3222 3539 ut
3250 3486 3429 3540 aediﬁ-

165 3585 266 3638 CAP.
306 3587 342 3640 Ι.
382 3586 603 3640 Placuit
634 3602 772 3656 ergo
805 3585 1068 3640 omnibus
1108 3584 1388 3656 episcOpis
1433 3583 1533 3654 qui
1571 3583 1694 3637 fue-
1797 3583 1958 3633 cante
1977 3579 2246 3632 charitate
2279 3579 2519 3632 scientia
2546 3596 2659 3633 non
2695 3580 2873 3650 possit
2901 3579 3123 3646 inﬂare,
3156 3579 3300 3634 sicut
3329 3596 3428 3633 au-

119 3681 216 3729 runt
237 3677 284 3730 in
312 3679 409 3733 hac
432 3682 632 3734 sancta
658 3679 896 3750 synodo,
939 3678 1281 3732 constituere
1323 3677 1444 3730 haec
1482 3692 1610 3747 quin
1636 3676 1695 3730 in
1796 3677 1913 3726 tem
1945 3673 2012 3726 de
2045 3673 2161 3726 Deo
2193 3671 2465 3742 scriptum
2498 3677 2600 3738 est,
2632 3673 2725 3744 qui
2753 3673 2920 3728 docet
2943 3673 3236 3728 hominem
3259 3672 3435 3728 scien-

117 3772 326 3834 prazsenti
355 3773 599 3827 concilio
633 3772 865 3826 definita
893 3777 1043 3838 sunt,
1074 3774 1136 3824 ut
1159 3771 1484 3842 quicunque
1511 3769 1646 3824 dicit
1681 3787 1692 3824 ε
1795 3765 1954 3833 tiam,
1987 3765 2068 3818 ita
2093 3765 2262 3818 etiam
2291 3765 2563 3835 scriptum
2585 3771 2689 3820 est.

114 3865 255 3920 Adam
287 3870 533 3938 primum
585 3870 882 3924 hominem
920 3869 1216 3924 mortalem
1258 3869 1491 3933 factum,
1536 3868 1610 3920 ita
1638 3873 1698 3922 nt
1869 3859 1927 3911 V.
1968 3859 2104 3912 Item
2134 3859 2345 3928 placuit
2384 3862 2446 3911 ut
2483 3859 2809 3930 quicunque
2856 3859 3064 3914 dixerit
3105 3859 3231 3912 ideo
3268 3859 3434 3913 nobis

113 3958 195 4013 sive
220 3970 482 4033 ρεοοεινεί,
515 3964 634 4019 sive
663 3980 777 4018 non
817 3967 1098 4034 peccaret,
1133 3967 1450 4016 moreretur
1487 3961 1546 4015 in
1573 3977 1695 4015 cor-
1799 3951 2039 4021 gratiam
2057 3950 2477 4022 justiﬁcationis
2515 3951 2782 4021 (charitas
2811 3968 2879 4006 ex
2911 3954 3023 4007 Deo
3061 3953 3162 4020 est)
3191 3951 3337 4018 dari,
3370 3956 3433 4006 ut

115 4067 232 4120 pore,
253 4055 348 4110 hoc
379 4064 460 4112 est
492 4059 567 4113 de
599 4074 830 4128 corpore
861 4057 1060 4124 exii-et,
1094 4072 1208 4110 non
1229 4055 1442 4127 peccati
1470 4055 1694 4122 mei-ito,
1797 4045 1947 4115 quod
1977 4044 2162 4098 facere
2184 4061 2286 4115 per
2309 4045 2554 4099 liberum
2567 4045 2840 4115 jubemur
2861 4045 3180 4112 arbitrium,
3217 4044 3433 4099 facilius

111 4145 178 4197 sed
204 4152 512 4207 necessitate
547 4156 792 4218 naturae,
825 4150 1134 4204 anathema
1163 4149 1252 4204 sit.

1867 4138 2083 4192 lssimus
2104 4137 2345 4208 implere
2375 4155 2480 4209 per
2501 4139 2765 4209 gratiam,
2801 4142 3076 4210 tanquam
3107 4143 3162 4193 et
3187 4139 3232 4192 si
3249 4138 3432 4208 gratia

159 4239 212 4292 ll.
243 4243 369 4298 Item
396 4244 633 4316 placuit,
675 4249 740 4297 ut
779 4243 1106 4314 quicunque
1142 4242 1405 4313 parvulos
1444 4245 1699 4296 recentes
1799 4249 1913 4285 non
1943 4231 2174 4286 daretur
2192 4249 2308 4286 non
2333 4232 2568 4302 quidem
2593 4233 2783 4300 facile,
2812 4232 2910 4286 sed
2932 4237 3128 4286 tamen
3155 4232 3434 4302 possimus

110 4329 159 4381 ab
188 4337 338 4390 uteris
366 4341 626 4393 matrum
654 4336 1019 4407 baptizandos
1047 4339 1236 4406 negat,
1273 4339 1371 4388 aut
1408 4334 1542 4388 dicit
1567 4335 1696 4405 qui-
1799 4325 1970 4379 etiam
1991 4325 2222 4379 sineilla
2239 4325 2476 4396 implere
2496 4325 2687 4379 divina
2704 4325 3324 4392 mandata,anathema
3343 4324 3431 4391 sit,

113 4422 210 4478 dem
235 4443 246 4480 ;
269 4430 323 4482 1n
349 4432 748 4485 remissionem
769 4433 1130 4501 peccatorum
1162 4445 1260 4483 eos
1288 4427 1578 4498 baptizari,
1599 4427 1698 4482 sed
1799 4420 1878 4472 De
1898 4417 2174 4472 fructibus
2191 4417 2346 4472 enim
2360 4419 2756 4473 mandatorum
2782 4418 3053 4472 Dominus
3071 4418 3432 4488 loquebatur,

109 4517 299 4576 nihilex
319 4525 495 4578 Adam
528 4525 756 4579 trahere
785 4521 1083 4594 originalis
1113 4521 1329 4593 peccati
1356 4521 1512 4591 quod
1543 4538 1700 4592 rege-
1796 4513 1896 4566 ubi
1926 4529 2043 4566 non
2072 4512 2169 4577 ait,
2204 4511 2324 4566 sine
2373 4529 2466 4565 me
2503 4512 2785 4567 difﬁcilius
2822 4512 3056 4583 potestis
3097 4513 3304 4579 facere,
3334 4512 3434 4566 sed

113 4615 369 4670 nerationis
395 4619 625 4672 lavacro
651 4617 930 4684 expietur,
964 4616 1113 4670 unde
1135 4617 1197 4670 iit
1226 4631 1602 4686 consequens,
1637 4619 1700 4668 ut
1799 4603 1897 4668 ait,
1931 4605 2050 4658 Sine
2082 4620 2172 4658 me
2203 4605 2346 4658 Bibi]
2373 4605 2609 4676 potestis
2637 4606 2845 4659 facere-

109 4701 150 4754 in
175 4706 239 4759 eis
262 4710 439 4765 forma
466 4711 830 4783 baptismatis
847 4711 904 4764 in
925 4709 1320 4764 remissionem
1339 4714 1694 4779 peccatorum
1717 4738 1777 4810 D
1869 4699 1956 4751 VI-
1993 4699 2129 4750 Item
2156 4698 2385 4768 Ριθουίῐ,
2414 4698 2564 4768 (111οά
2587 4697 2666 4750 ait
2695 4703 2918 4752 Sanctus
2936 4700 3186 4753 -Ῐοειῐιῐιθε
3214 4701 3436 4770 θροείο-

112 4809 194 4851 non
219 4817 350 4871 vera,
383 4806 484 4859 sed
512 4806 655 4859 falsa
685 4803 1054 4873 intelligatur,
1097 4803 1404 4856 anathema
1431 4802 1520 4869 sit,
1551 4818 1696 4872 quo-
1717 4790 1774 4810 “'
1801 4791 1907 4857 lus,
1942 4792 1987 4843 si
2019 4790 2328 4843 dixerimus
2348 4791 2484 4860 quia
2513 4795 2803 4861 peccatum
2831 4808 2944 4845 non
2974 4792 3270 4861 habemus,
3301 4810 3432 4847 nos-

109 4890 229 4946 niam
251 4912 351 4951 non
382 4899 551 4952 aliter
593 4897 1027 4967 intelligendum
1059 4901 1142 4951 est
1170 4895 1323 4967 quod
1358 4895 1436 4948 ait
1463 4897 1698 4964 Aposto-
1803 4885 1955 4954 ipsos
1993 4883 2338 4951 seducimus,
2369 4887 2425 4936 et
2453 4884 2660 4938 veritas
2688 4884 2745 4937 in
2789 4885 2952 4940 nobis
2988 4902 3104 4940 non
3145 4891 3248 4955 est,
3276 4887 3432 4958 quis-

109 4981 185 5048 ius.
210 5003 298 5056 per
320 5007 495 5045 unum
528 4992 832 5046 hominem
863 4995 1157 5062 peccatum
1186 4988 1415 5042 intravit
1442 4987 1499 5041 in
1530 5003 1700 5041 mun-
1801 4978 1928 5048 (illis
1950 4977 2028 5030 Sic
2051 4976 2447 5046 δεῧίρίθηάυῐη
2471 4977 2769 5047 Ρυῖθνθτίῖν
2795 4983 2854 5032 ιη
2884 4979 3033 5034 dicat
3058 4985 3296 5051 Propter
3324 4982 3432 5034 Ῑιυ·

109 5073 227 5146 dum,
248 5086 296 5135 et
316 5101 414 5154 ρει-
435 5088 739 5156 peccatum
762 5084 820 5139 in
848 5100 971 5150 nos,
993 5089 1047 5138 et
1062 5083 1141 5137 ita
1157 5083 1215 5136 in
1229 5098 1428 5135 omnes
1442 5080 1702 5134 homines
1801 5070 2136 5125 manitatem
2162 5087 2279 5124 non
2306 5072 2567 5140 oportere
2605 5071 2734 5139 dici,
2768 5089 2875 5126 nos
2911 5089 3024 5126 non
3065 5074 3273 5129 habere
3303 5091 3432 5145 pec-

109 5174 404 5245 pertransiit,
435 5179 495 5232 in
529 5196 644 5249 quo
668 5194 865 5232 omnes
889 5180 1288 5248 peccaverunt,
1311 5173 1703 5245 nisiquemad-
1801 5169 2015 5230 catum,
2047 5181 2158 5218 non
2182 5164 2314 5234 quia
2344 5164 2547 5218 veritas
2577 5169 2680 5230 est,
2711 5166 3014 5220 anathema
3039 5167 3128 5221 sit.
3167 5167 3435 5238 Sequitur

109 5264 294 5322 modum
327 5272 576 5326 Ecclesia
601 5272 879 5326 catholica
909 5270 1118 5341 ubique
1141 5269 1345 5323 diffusa
1373 5262 1598 5338 semper
1623 5267 1704 5320 in-
1801 5275 1932 5313 eum
1959 5259 2274 5328 Apostolus,
2303 5260 2360 5310 et
2391 5257 2654 5328 adjungit
2681 5276 2695 5312 :
2731 5259 2788 5313 Si
2812 5263 3006 5314 autem
3037 5260 3277 5315 confessi
3306 5261 3430 5312 fue-

108 5354 298 5429 tcllexit,
330 5369 564 5436 propter
588 5366 732 5419 hanc
756 5364 910 5418 enim
941 5364 1205 5432 regulam
1228 5361 1361 5416 ﬁdei
1388 5361 1556 5415 etiam
1578 5377 1702 5430 par.
1800 5353 1978 5407 rimus
2004 5354 2239 5422 peccata
2269 5354 2483 5420 nostra,
2511 5351 2692 5405 tidelis
2717 5358 2801 5406 est
2822 5357 2880 5407 et
2897 5353 3085 5423 justus
3114 5353 3209 5423 qui
3238 5351 3437 5405 remit-

107 5450 189 5501 vuli
214 5456 300 5522 qui
323 5458 463 5512 nihil
499 5462 865 5528 peccatorum
897 5457 953 5511 in
983 5455 1301 5526 semetipsis
1326 5455 1511 5509 adhuc
1542 5470 1698 5508 com-
1798 5451 1882 5500 tat
1909 5444 2070 5499 nobis
2095 5447 2343 5515 peccata,
2368 5449 2423 5499 et
2440 5445 2679 5500 mandet
2700 5463 2806 5500 nos
2836 5446 2906 5499 ab
2936 5447 3092 5500 omni
3115 5444 3428 5515 iniquitate.

108 5540 296 5600 mittere
322 5553 653 5619 potuerunt,
691 5551 823 5605 ideo
863 5550 920 5604 in
952 5553 1312 5621 peccatorum
1362 5546 1698 5601 remissione
1802 5539 1896 5593 ubi
1933 5538 2069 5593 satis
2104 5542 2343 5608 apparet
2391 5538 2496 5592 hoc
2539 5555 2653 5592 non
2710 5542 2928 5592 tantum
2979 5537 3288 5604 humiliter,
3331 5537 3434 5592 sed

109 5639 341 5694 veraciter
365 5643 745 5713 baptizantur,
780 5649 841 5698 ut
866 5643 925 5697 in
954 5643 1034 5696 eis
1059 5641 1502 5713 regeneratione
1531 5656 1696 5694 mun-
1801 5632 1975 5687 etiam
2004 5630 2279 5685 veraciter
2298 5630 2405 5685 dici
2426 5648 2439 5685 :
2461 5635 2685 5703 poterat
2705 5631 2858 5684 enim
2880 5631 3181 5700 Apostolus
3205 5630 3391 5685 dicere
3414 5649 3427 5687 :

108 5721 238 5782 detur
258 5735 404 5804 quod
434 5737 810 5806 generatione
841 5739 1158 5790 traxerunt.
1801 5726 1858 5781 Si
1879 5725 2184 5780 dixerimus
2201 5724 2336 5795 quia
2358 5741 2470 5778 non
2501 5725 2776 5778 habemus
2802 5727 3117 5794 peccatum,
3166 5723 3436 5797 nosﬁpsos

162 5821 233 5875 lll.
267 5827 396 5883 Item
417 5830 630 5901 placuit
655 5837 717 5886 ut
746 5831 1067 5902 quicunque
1083 5828 1291 5886 dixerit
1314 5828 1558 5898 gratiam
1579 5827 1696 5894 Dei,
1801 5820 2139 5885 extollimus,
2170 5822 2227 5872 et
2253 5817 2542 5872 humilitas
2581 5818 2636 5872 in
2671 5817 2995 5888 nobisinou
3031 5819 3274 5890 est;;sed
3306 5837 3435 5876 cum
