  <div class='ocr_page' id='page_1' title='image "/cluster/home/n/w/nwhite01/storage/ocr_20150623/130/hvd.32044054759915/215.png"; bbox 0 0 3964 6178; ppageno 0'>
   <div class='ocr_carea' id='block_1_1' title="bbox 518 267 609 320">
    <p class='ocr_par' dir='ltr' id='par_1_1' title="bbox 518 267 609 320">
     <span class='ocr_line' id='line_1_1' title="bbox 518 267 609 320; baseline 0 0"><span class='ocrx_word' id='word_1_1' title='bbox 518 267 609 320; x_wconf 76' lang='lat'>37!</span> 
     </span>
    </p>
   </div>
   <div class='ocr_carea' id='block_1_2' title="bbox 1403 261 3786 330">
    <p class='ocr_par' dir='ltr' id='par_1_2' title="bbox 1403 261 3786 330">
     <span class='ocr_line' id='line_1_2' title="bbox 1403 261 3786 330; baseline 0.004 -9"><span class='ocrx_word' id='word_1_2' title='bbox 1403 261 1687 322; x_wconf 72' lang='lat' dir='ltr'>APPEND.</span> <span class='ocrx_word' id='word_1_3' title='bbox 1727 267 1813 322; x_wconf 80' lang='lat' dir='ltr'>AD</span> <span class='ocrx_word' id='word_1_4' title='bbox 1851 267 2010 322; x_wconf 69' lang='lat' dir='ltr'>SzEC.</span> <span class='ocrx_word' id='word_1_5' title='bbox 2053 268 2140 320; x_wconf 76' lang='lat' dir='ltr'>IX.</span> <span class='ocrx_word' id='word_1_6' title='bbox 2169 296 2234 306; x_wconf 82' lang='lat'><strong><em>—</em></strong></span> <span class='ocrx_word' id='word_1_7' title='bbox 2273 264 2522 322; x_wconf 77' lang='lat' dir='ltr'><strong>ISIDORI</strong></span> <span class='ocrx_word' id='word_1_8' title='bbox 2558 267 2984 324; x_wconf 79' lang='lat' dir='ltr'>MERCATORIS</span> <span class='ocrx_word' id='word_1_9' title='bbox 3707 277 3786 330; x_wconf 79' lang='lat'>372</span> 
     </span>
    </p>
   </div>
   <div class='ocr_carea' id='block_1_3' title="bbox 516 371 3784 466">
    <p class='ocr_par' dir='ltr' id='par_1_3' title="bbox 516 371 3784 466">
     <span class='ocr_line' id='line_1_3' title="bbox 516 371 3784 466; baseline 0.002 -36"><span class='ocrx_word' id='word_1_10' title='bbox 516 377 594 430; x_wconf 89' lang='lat' dir='ltr'>ait</span> <span class='ocrx_word' id='word_1_11' title='bbox 621 371 873 447; x_wconf 88' lang='lat' dir='ltr'>nosipsos</span> <span class='ocrx_word' id='word_1_12' title='bbox 897 374 1228 446; x_wconf 86' lang='lat' dir='ltr'>decipimus,</span> <span class='ocrx_word' id='word_1_13' title='bbox 1271 379 1328 430; x_wconf 90' lang='lat' dir='ltr'>et</span> <span class='ocrx_word' id='word_1_14' title='bbox 1366 377 1572 431; x_wconf 90' lang='lat' dir='ltr'>veritas</span> <span class='ocrx_word' id='word_1_15' title='bbox 1597 377 1656 431; x_wconf 89' lang='lat' dir='ltr'>in</span> <span class='ocrx_word' id='word_1_16' title='bbox 1704 377 1864 431; x_wconf 91' lang='lat' dir='ltr'>nobis</span> <span class='ocrx_word' id='word_1_17' title='bbox 1892 394 2005 431; x_wconf 90' lang='lat' dir='ltr'>non</span> <span class='ocrx_word' id='word_1_18' title='bbox 2036 381 2138 446; x_wconf 89' lang='lat' dir='ltr'>est,</span> <span class='ocrx_word' id='word_1_19' title='bbox 2164 393 2222 466; x_wconf 79' lang='grc' dir='ltr'><strong>Α</strong></span> <span class='ocrx_word' id='word_1_20' title='bbox 2242 377 2454 448; x_wconf 85' lang='lat' dir='ltr'>aliquid</span> <span class='ocrx_word' id='word_1_21' title='bbox 2487 381 2678 432; x_wconf 90' lang='lat' dir='ltr'>contra</span> <span class='ocrx_word' id='word_1_22' title='bbox 2695 378 2866 432; x_wconf 84' lang='lat' dir='ltr'>fidem</span> <span class='ocrx_word' id='word_1_23' title='bbox 2889 393 2988 448; x_wconf 91' lang='lat' dir='ltr'>per</span> <span class='ocrx_word' id='word_1_24' title='bbox 3012 376 3402 448; x_wconf 80' lang='lat' dir='ltr'>ignorantiam,</span> <span class='ocrx_word' id='word_1_25' title='bbox 3429 377 3506 432; x_wconf 87' lang='lat' dir='ltr'>vel</span> <span class='ocrx_word' id='word_1_26' title='bbox 3529 395 3617 451; x_wconf 89' lang='lat' dir='ltr'>per</span> <span class='ocrx_word' id='word_1_27' title='bbox 3633 382 3784 438; x_wconf 87' lang='lat' dir='ltr'>minus</span> 
     </span>
    </p>
   </div>
   <div class='ocr_carea' id='block_1_4' title="bbox 516 468 2140 542">
    <p class='ocr_par' dir='ltr' id='par_1_4' title="bbox 516 468 2140 542">
     <span class='ocr_line' id='line_1_4' title="bbox 516 468 2140 542; baseline 0.002 -20"><span class='ocrx_word' id='word_1_28' title='bbox 516 470 646 523; x_wconf 84' lang='lat' dir='ltr'>satis</span> <span class='ocrx_word' id='word_1_29' title='bbox 680 468 929 524; x_wconf 77' lang='lat' dir='ltr'>ostendit</span> <span class='ocrx_word' id='word_1_30' title='bbox 953 486 1084 522; x_wconf 91' lang='lat' dir='ltr'>eum</span> <span class='ocrx_word' id='word_1_31' title='bbox 1115 469 1211 540; x_wconf 85' lang='lat' dir='ltr'>qui</span> <span class='ocrx_word' id='word_1_32' title='bbox 1240 486 1297 525; x_wconf 91' lang='lat' dir='ltr'>se</span> <span class='ocrx_word' id='word_1_33' title='bbox 1324 470 1532 525; x_wconf 84' lang='lat' dir='ltr'>dixerit</span> <span class='ocrx_word' id='word_1_34' title='bbox 1561 487 1675 525; x_wconf 91' lang='lat' dir='ltr'>non</span> <span class='ocrx_word' id='word_1_35' title='bbox 1702 471 1912 526; x_wconf 90' lang='lat' dir='ltr'>habere</span> <span class='ocrx_word' id='word_1_36' title='bbox 1942 487 2140 542; x_wconf 85' lang='lat' dir='ltr'>pecca-</span> 
     </span>
    </p>
   </div>
   <div class='ocr_carea' id='block_1_5' title="bbox 514 557 1598 628">
    <p class='ocr_par' dir='ltr' id='par_1_5' title="bbox 514 557 1598 628">
     <span class='ocr_line' id='line_1_5' title="bbox 514 557 1598 628; baseline 0.001 -16"><span class='ocrx_word' id='word_1_37' title='bbox 514 562 657 624; x_wconf 89' lang='lat' dir='ltr'>tum,</span> <span class='ocrx_word' id='word_1_38' title='bbox 693 574 808 611; x_wconf 92' lang='lat' dir='ltr'>non</span> <span class='ocrx_word' id='word_1_39' title='bbox 833 573 1027 610; x_wconf 91' lang='lat' dir='ltr'>verum</span> <span class='ocrx_word' id='word_1_40' title='bbox 1056 557 1211 628; x_wconf 86' lang='lat' dir='ltr'>loqui</span> <span class='ocrx_word' id='word_1_41' title='bbox 1243 559 1343 612; x_wconf 90' lang='lat' dir='ltr'>sed</span> <span class='ocrx_word' id='word_1_42' title='bbox 1373 559 1598 613; x_wconf 87' lang='lat' dir='ltr'>falsum.</span> 
     </span>
    </p>
   </div>
   <div class='ocr_carea' id='block_1_6' title="bbox 591 652 2150 724">
    <p class='ocr_par' dir='ltr' id='par_1_6' title="bbox 591 652 2150 724">
     <span class='ocr_line' id='line_1_6' title="bbox 591 652 2150 724; baseline 0.004 -22"><span class='ocrx_word' id='word_1_43' title='bbox 591 653 702 706; x_wconf 83' lang='lat' dir='ltr'><strong>VII.</strong></span> <span class='ocrx_word' id='word_1_44' title='bbox 735 653 869 705; x_wconf 89' lang='lat' dir='ltr'>Item</span> <span class='ocrx_word' id='word_1_45' title='bbox 896 652 1130 722; x_wconf 85' lang='lat' dir='ltr'>placuit,</span> <span class='ocrx_word' id='word_1_46' title='bbox 1154 657 1215 706; x_wconf 91' lang='lat' dir='ltr'>ut</span> <span class='ocrx_word' id='word_1_47' title='bbox 1245 653 1563 724; x_wconf 88' lang='lat' dir='ltr'>quicunque</span> <span class='ocrx_word' id='word_1_48' title='bbox 1592 653 1799 707; x_wconf 83' lang='lat' dir='ltr'>dixerit</span> <span class='ocrx_word' id='word_1_49' title='bbox 1817 656 1875 707; x_wconf 92' lang='lat' dir='ltr'>in</span> <span class='ocrx_word' id='word_1_50' title='bbox 1897 654 2150 708; x_wconf 86' lang='lat' dir='ltr'>oratione</span> 
     </span>
    </p>
   </div>
   <div class='ocr_carea' id='block_1_7' title="bbox 515 744 2151 812">
    <p class='ocr_par' dir='ltr' id='par_1_7' title="bbox 515 744 2151 812">
     <span class='ocr_line' id='line_1_7' title="bbox 515 744 2151 812; baseline 0 -12"><span class='ocrx_word' id='word_1_51' title='bbox 515 745 827 810; x_wconf 91' lang='lat' dir='ltr'>Dominica,</span> <span class='ocrx_word' id='word_1_52' title='bbox 855 744 984 799; x_wconf 90' lang='lat' dir='ltr'>ideo</span> <span class='ocrx_word' id='word_1_53' title='bbox 1017 745 1204 799; x_wconf 88' lang='lat' dir='ltr'>dicere</span> <span class='ocrx_word' id='word_1_54' title='bbox 1253 749 1490 812; x_wconf 87' lang='lat' dir='ltr'>sanctos,</span> <span class='ocrx_word' id='word_1_55' title='bbox 1519 747 1740 801; x_wconf 85' lang='lat' dir='ltr'>dimitte</span> <span class='ocrx_word' id='word_1_56' title='bbox 1768 747 1932 801; x_wconf 90' lang='lat' dir='ltr'>nobis</span> <span class='ocrx_word' id='word_1_57' title='bbox 1966 747 2151 801; x_wconf 90' lang='lat' dir='ltr'>debita</span> 
     </span>
    </p>
   </div>
   <div class='ocr_carea' id='block_1_8' title="bbox 516 839 2151 910">
    <p class='ocr_par' dir='ltr' id='par_1_8' title="bbox 516 839 2151 910">
     <span class='ocr_line' id='line_1_8' title="bbox 516 839 2151 910; baseline 0.001 -18"><span class='ocrx_word' id='word_1_58' title='bbox 516 841 726 903; x_wconf 86' lang='lat' dir='ltr'>nostra,</span> <span class='ocrx_word' id='word_1_59' title='bbox 751 843 814 891; x_wconf 89' lang='lat' dir='ltr'>ut</span> <span class='ocrx_word' id='word_1_60' title='bbox 845 855 955 892; x_wconf 87' lang='lat' dir='ltr'>non</span> <span class='ocrx_word' id='word_1_61' title='bbox 992 855 1096 908; x_wconf 92' lang='lat' dir='ltr'>pro</span> <span class='ocrx_word' id='word_1_62' title='bbox 1137 839 1333 909; x_wconf 89' lang='lat' dir='ltr'>seipsis</span> <span class='ocrx_word' id='word_1_63' title='bbox 1372 840 1477 892; x_wconf 89' lang='lat' dir='ltr'>hoc</span> <span class='ocrx_word' id='word_1_64' title='bbox 1517 839 1724 907; x_wconf 84' lang='lat' dir='ltr'>dicant,</span> <span class='ocrx_word' id='word_1_65' title='bbox 1753 840 1884 910; x_wconf 87' lang='lat' dir='ltr'>quia</span> <span class='ocrx_word' id='word_1_66' title='bbox 1924 857 2039 895; x_wconf 88' lang='lat' dir='ltr'>non</span> <span class='ocrx_word' id='word_1_67' title='bbox 2067 845 2151 894; x_wconf 90' lang='lat' dir='ltr'>est</span> 
     </span>
    </p>
   </div>
   <div class='ocr_carea' id='block_1_9' title="bbox 520 931 2151 1004">
    <p class='ocr_par' dir='ltr' id='par_1_9' title="bbox 520 931 2151 1004">
     <span class='ocr_line' id='line_1_9' title="bbox 520 931 2151 1004; baseline 0.002 -20"><span class='ocrx_word' id='word_1_68' title='bbox 520 932 597 984; x_wconf 87' lang='lat' dir='ltr'>eis</span> <span class='ocrx_word' id='word_1_69' title='bbox 620 931 746 1000; x_wconf 86' lang='lat' dir='ltr'>jam</span> <span class='ocrx_word' id='word_1_70' title='bbox 773 931 1091 985; x_wconf 87' lang='lat' dir='ltr'>necessaria</span> <span class='ocrx_word' id='word_1_71' title='bbox 1121 931 1224 984; x_wconf 88' lang='lat' dir='ltr'>ista</span> <span class='ocrx_word' id='word_1_72' title='bbox 1245 933 1463 1003; x_wconf 86' lang='lat' dir='ltr'>petitio,</span> <span class='ocrx_word' id='word_1_73' title='bbox 1492 933 1588 986; x_wconf 91' lang='lat' dir='ltr'>sed</span> <span class='ocrx_word' id='word_1_74' title='bbox 1617 950 1718 1004; x_wconf 90' lang='lat' dir='ltr'>pro</span> <span class='ocrx_word' id='word_1_75' title='bbox 1747 933 1871 987; x_wconf 89' lang='lat' dir='ltr'>aliis</span> <span class='ocrx_word' id='word_1_76' title='bbox 1890 935 1985 1004; x_wconf 88' lang='lat' dir='ltr'>qui</span> <span class='ocrx_word' id='word_1_77' title='bbox 2019 939 2151 988; x_wconf 88' lang='lat' dir='ltr'>sunt</span> 
     </span>
    </p>
   </div>
   <div class='ocr_carea' id='block_1_10' title="bbox 517 1025 2150 1095">
    <p class='ocr_par' dir='ltr' id='par_1_10' title="bbox 517 1025 2150 1095">
     <span class='ocr_line' id='line_1_10' title="bbox 517 1025 2150 1095; baseline 0.001 -17"><span class='ocrx_word' id='word_1_78' title='bbox 517 1025 575 1078; x_wconf 90' lang='lat' dir='ltr'>in</span> <span class='ocrx_word' id='word_1_79' title='bbox 602 1041 701 1078; x_wconf 90' lang='lat' dir='ltr'>suo</span> <span class='ocrx_word' id='word_1_80' title='bbox 730 1025 941 1095; x_wconf 92' lang='lat' dir='ltr'>populo</span> <span class='ocrx_word' id='word_1_81' title='bbox 970 1029 1314 1094; x_wconf 89' lang='lat' dir='ltr'>peccatores,</span> <span class='ocrx_word' id='word_1_82' title='bbox 1344 1031 1400 1078; x_wconf 92' lang='lat' dir='ltr'>et</span> <span class='ocrx_word' id='word_1_83' title='bbox 1427 1026 1555 1079; x_wconf 88' lang='lat' dir='ltr'>ideo</span> <span class='ocrx_word' id='word_1_84' title='bbox 1587 1044 1702 1080; x_wconf 92' lang='lat' dir='ltr'>non</span> <span class='ocrx_word' id='word_1_85' title='bbox 1730 1026 1918 1080; x_wconf 81' lang='lat' dir='ltr'>dicere</span> <span class='ocrx_word' id='word_1_86' title='bbox 1949 1044 2150 1080; x_wconf 89' lang='lat' dir='ltr'>unum-</span> 
     </span>
    </p>
   </div>
   <div class='ocr_carea' id='block_1_11' title="bbox 517 1119 2149 1188">
    <p class='ocr_par' dir='ltr' id='par_1_11' title="bbox 517 1119 2149 1188">
     <span class='ocr_line' id='line_1_11' title="bbox 517 1119 2149 1188; baseline 0.004 -20"><span class='ocrx_word' id='word_1_87' title='bbox 517 1134 800 1188; x_wconf 86' lang='lat' dir='ltr'>quemque</span> <span class='ocrx_word' id='word_1_88' title='bbox 828 1122 1176 1186; x_wconf 86' lang='lat' dir='ltr'>sanctorum,</span> <span class='ocrx_word' id='word_1_89' title='bbox 1208 1119 1430 1172; x_wconf 81' lang='lat' dir='ltr'>dimitte</span> <span class='ocrx_word' id='word_1_90' title='bbox 1462 1119 1604 1172; x_wconf 89' lang='lat' dir='ltr'>mihi</span> <span class='ocrx_word' id='word_1_91' title='bbox 1638 1120 1828 1173; x_wconf 88' lang='lat' dir='ltr'>debita</span> <span class='ocrx_word' id='word_1_92' title='bbox 1863 1136 2010 1188; x_wconf 90' lang='lat' dir='ltr'>mea,</span> <span class='ocrx_word' id='word_1_93' title='bbox 2052 1121 2149 1174; x_wconf 89' lang='lat' dir='ltr'>sed</span> 
     </span>
    </p>
   </div>
   <div class='ocr_carea' id='block_1_12' title="bbox 517 1210 2148 1284">
    <p class='ocr_par' dir='ltr' id='par_1_12' title="bbox 517 1210 2148 1284">
     <span class='ocr_line' id='line_1_12' title="bbox 517 1210 2148 1284; baseline -0.001 -17"><span class='ocrx_word' id='word_1_94' title='bbox 517 1210 737 1267; x_wconf 83' lang='lat' dir='ltr'>dimitte</span> <span class='ocrx_word' id='word_1_95' title='bbox 767 1211 928 1264; x_wconf 89' lang='lat' dir='ltr'>nobis</span> <span class='ocrx_word' id='word_1_96' title='bbox 957 1211 1146 1266; x_wconf 88' lang='lat' dir='ltr'>debita</span> <span class='ocrx_word' id='word_1_97' title='bbox 1175 1216 1387 1278; x_wconf 89' lang='lat' dir='ltr'>nostra,</span> <span class='ocrx_word' id='word_1_98' title='bbox 1417 1217 1481 1266; x_wconf 89' lang='lat' dir='ltr'>ut</span> <span class='ocrx_word' id='word_1_99' title='bbox 1522 1213 1625 1266; x_wconf 90' lang='lat' dir='ltr'>hoc</span> <span class='ocrx_word' id='word_1_100' title='bbox 1662 1229 1767 1282; x_wconf 90' lang='lat' dir='ltr'>pro</span> <span class='ocrx_word' id='word_1_101' title='bbox 1801 1213 1923 1266; x_wconf 87' lang='lat' dir='ltr'>aliis</span> <span class='ocrx_word' id='word_1_102' title='bbox 1962 1213 2148 1284; x_wconf 87' lang='lat' dir='ltr'>potius</span> 
     </span>
    </p>
   </div>
   <div class='ocr_carea' id='block_1_13' title="bbox 517 1304 2150 1375">
    <p class='ocr_par' dir='ltr' id='par_1_13' title="bbox 517 1304 2150 1375">
     <span class='ocr_line' id='line_1_13' title="bbox 517 1304 2150 1375; baseline 0.003 -19"><span class='ocrx_word' id='word_1_103' title='bbox 517 1320 688 1374; x_wconf 87' lang='lat' dir='ltr'>quam</span> <span class='ocrx_word' id='word_1_104' title='bbox 736 1320 842 1374; x_wconf 88' lang='lat' dir='ltr'>pro</span> <span class='ocrx_word' id='word_1_105' title='bbox 873 1320 930 1358; x_wconf 90' lang='lat' dir='ltr'>se</span> <span class='ocrx_word' id='word_1_106' title='bbox 961 1304 1146 1373; x_wconf 86' lang='lat' dir='ltr'>justus</span> <span class='ocrx_word' id='word_1_107' title='bbox 1189 1309 1381 1374; x_wconf 84' lang='lat' dir='ltr'>petere</span> <span class='ocrx_word' id='word_1_108' title='bbox 1424 1305 1794 1375; x_wconf 84' lang='lat' dir='ltr'>intelligatur,</span> <span class='ocrx_word' id='word_1_109' title='bbox 1847 1307 2150 1361; x_wconf 86' lang='lat' dir='ltr'>anathema</span> 
     </span>
    </p>
   </div>
   <div class='ocr_carea' id='block_1_14' title="bbox 517 1396 2148 1468">
    <p class='ocr_par' dir='ltr' id='par_1_14' title="bbox 517 1396 2148 1468">
     <span class='ocr_line' id='line_1_14' title="bbox 517 1396 2148 1468; baseline 0.002 -19"><span class='ocrx_word' id='word_1_110' title='bbox 517 1396 607 1450; x_wconf 85' lang='lat' dir='ltr'>sit.</span> <span class='ocrx_word' id='word_1_111' title='bbox 649 1397 886 1451; x_wconf 88' lang='lat' dir='ltr'>Sanctus</span> <span class='ocrx_word' id='word_1_112' title='bbox 923 1397 1076 1450; x_wconf 91' lang='lat' dir='ltr'>enim</span> <span class='ocrx_word' id='word_1_113' title='bbox 1119 1402 1174 1451; x_wconf 89' lang='lat' dir='ltr'>et</span> <span class='ocrx_word' id='word_1_114' title='bbox 1207 1397 1394 1467; x_wconf 88' lang='lat' dir='ltr'>justus</span> <span class='ocrx_word' id='word_1_115' title='bbox 1437 1403 1556 1451; x_wconf 89' lang='lat' dir='ltr'>erat</span> <span class='ocrx_word' id='word_1_116' title='bbox 1586 1399 1871 1468; x_wconf 71' lang='lat' dir='ltr'>apostolus</span> <span class='ocrx_word' id='word_1_117' title='bbox 1907 1400 2148 1453; x_wconf 87' lang='lat' dir='ltr'>Jacobus</span> 
     </span>
    </p>
   </div>
   <div class='ocr_carea' id='block_1_15' title="bbox 515 1489 2148 1558">
    <p class='ocr_par' dir='ltr' id='par_1_15' title="bbox 515 1489 2148 1558">
     <span class='ocr_line' id='line_1_15' title="bbox 515 1489 2148 1558; baseline 0.002 -16"><span class='ocrx_word' id='word_1_118' title='bbox 515 1505 645 1543; x_wconf 90' lang='lat' dir='ltr'>cum</span> <span class='ocrx_word' id='word_1_119' title='bbox 673 1489 914 1558; x_wconf 89' lang='lat' dir='ltr'>dicebat,</span> <span class='ocrx_word' id='word_1_120' title='bbox 939 1489 998 1543; x_wconf 87' lang='lat' dir='ltr'>in</span> <span class='ocrx_word' id='word_1_121' title='bbox 1021 1489 1216 1544; x_wconf 89' lang='lat' dir='ltr'>multis</span> <span class='ocrx_word' id='word_1_122' title='bbox 1228 1490 1382 1544; x_wconf 89' lang='lat' dir='ltr'>enim</span> <span class='ocrx_word' id='word_1_123' title='bbox 1403 1490 1746 1545; x_wconf 81' lang='lat' dir='ltr'>offendimus</span> <span class='ocrx_word' id='word_1_124' title='bbox 1766 1507 1985 1546; x_wconf 89' lang='lat' dir='ltr'>omnes.</span> <span class='ocrx_word' id='word_1_125' title='bbox 2006 1493 2148 1547; x_wconf 84' lang='lat' dir='ltr'>Nam</span> 
     </span>
    </p>
   </div>
   <div class='ocr_carea' id='block_1_16' title="bbox 518 1582 2142 1653">
    <p class='ocr_par' dir='ltr' id='par_1_16' title="bbox 518 1582 2142 1653">
     <span class='ocr_line' id='line_1_16' title="bbox 518 1582 2142 1653; baseline 0.003 -18"><span class='ocrx_word' id='word_1_126' title='bbox 518 1599 692 1653; x_wconf 88' lang='lat' dir='ltr'>quare</span> <span class='ocrx_word' id='word_1_127' title='bbox 707 1582 961 1636; x_wconf 90' lang='lat' dir='ltr'>additum</span> <span class='ocrx_word' id='word_1_128' title='bbox 995 1588 1076 1637; x_wconf 90' lang='lat' dir='ltr'>est</span> <span class='ocrx_word' id='word_1_129' title='bbox 1107 1600 1326 1649; x_wconf 91' lang='lat' dir='ltr'>omnes,</span> <span class='ocrx_word' id='word_1_130' title='bbox 1359 1584 1468 1638; x_wconf 90' lang='lat' dir='ltr'>nisi</span> <span class='ocrx_word' id='word_1_131' title='bbox 1489 1589 1553 1638; x_wconf 88' lang='lat' dir='ltr'>ut</span> <span class='ocrx_word' id='word_1_132' title='bbox 1577 1584 1687 1638; x_wconf 92' lang='lat' dir='ltr'>ista</span> <span class='ocrx_word' id='word_1_133' title='bbox 1704 1585 1987 1639; x_wconf 86' lang='lat' dir='ltr'>sententia</span> <span class='ocrx_word' id='word_1_134' title='bbox 2012 1603 2142 1640; x_wconf 87' lang='lat' dir='ltr'>con-</span> 
     </span>
    </p>
   </div>
   <div class='ocr_carea' id='block_1_17' title="bbox 515 1675 2143 1749">
    <p class='ocr_par' dir='ltr' id='par_1_17' title="bbox 515 1675 2143 1749">
     <span class='ocr_line' id='line_1_17' title="bbox 515 1675 2143 1749; baseline 0.004 -23"><span class='ocrx_word' id='word_1_135' title='bbox 515 1675 753 1742; x_wconf 84' lang='lat' dir='ltr'>veniret,</span> <span class='ocrx_word' id='word_1_136' title='bbox 788 1681 844 1730; x_wconf 93' lang='lat' dir='ltr'>et</span> <span class='ocrx_word' id='word_1_137' title='bbox 872 1676 931 1729; x_wconf 91' lang='lat' dir='ltr'>in</span> <span class='ocrx_word' id='word_1_138' title='bbox 961 1678 1175 1746; x_wconf 88' lang='lat' dir='ltr'>psalmo</span> <span class='ocrx_word' id='word_1_139' title='bbox 1201 1677 1299 1730; x_wconf 90' lang='lat' dir='ltr'>ubi</span> <span class='ocrx_word' id='word_1_140' title='bbox 1319 1677 1566 1748; x_wconf 84' lang='lat' dir='ltr'>legitur:</span> <span class='ocrx_word' id='word_1_141' title='bbox 1599 1679 1721 1731; x_wconf 91' lang='lat' dir='ltr'>Non</span> <span class='ocrx_word' id='word_1_142' title='bbox 1752 1678 1928 1732; x_wconf 88' lang='lat' dir='ltr'>intres</span> <span class='ocrx_word' id='word_1_143' title='bbox 1966 1679 2024 1732; x_wconf 92' lang='lat' dir='ltr'>in</span> <span class='ocrx_word' id='word_1_144' title='bbox 2046 1679 2143 1749; x_wconf 88' lang='lat' dir='ltr'>ju-</span> 
     </span>
    </p>
   </div>
   <div class='ocr_carea' id='block_1_18' title="bbox 2253 471 3019 541">
    <p class='ocr_par' dir='ltr' id='par_1_18' title="bbox 2253 471 3019 541">
     <span class='ocr_line' id='line_1_18' title="bbox 2253 471 3019 541; baseline 0 -17"><span class='ocrx_word' id='word_1_145' title='bbox 2253 471 2503 526; x_wconf 90' lang='lat' dir='ltr'>studium</span> <span class='ocrx_word' id='word_1_146' title='bbox 2534 471 2606 524; x_wconf 90' lang='lat' dir='ltr'>sit</span> <span class='ocrx_word' id='word_1_147' title='bbox 2621 471 3019 541; x_wconf 90' lang='lat' dir='ltr'>compositum.</span> 
     </span>
    </p>
   </div>
   <div class='ocr_carea' id='block_1_19' title="bbox 2318 569 3795 641">
    <p class='ocr_par' dir='ltr' id='par_1_19' title="bbox 2318 569 3795 641">
     <span class='ocr_line' id='line_1_19' title="bbox 2318 569 3795 641; baseline 0.002 -18"><span class='ocrx_word' id='word_1_148' title='bbox 2318 570 2456 623; x_wconf 80' lang='lat' dir='ltr'><strong>XIII.</strong></span> <span class='ocrx_word' id='word_1_149' title='bbox 2499 569 2823 622; x_wconf 87' lang='lat' dir='ltr'>Palentinus</span> <span class='ocrx_word' id='word_1_150' title='bbox 2878 569 3172 640; x_wconf 91' lang='lat' dir='ltr'>episcopus</span> <span class='ocrx_word' id='word_1_151' title='bbox 3235 569 3372 623; x_wconf 82' lang='lat' dir='ltr'>dixit</span> <span class='ocrx_word' id='word_1_152' title='bbox 3415 586 3426 623; x_wconf 95' lang='lat'><strong>:</strong></span> <span class='ocrx_word' id='word_1_153' title='bbox 3488 570 3536 624; x_wconf 93' lang='lat' dir='ltr'>Si</span> <span class='ocrx_word' id='word_1_154' title='bbox 3572 573 3795 641; x_wconf 84' lang='lat' dir='ltr'>permittit</span> 
     </span>
    </p>
   </div>
   <div class='ocr_carea' id='block_1_20' title="bbox 2250 661 3794 735">
    <p class='ocr_par' dir='ltr' id='par_1_20' title="bbox 2250 661 3794 735">
     <span class='ocr_line' id='line_1_20' title="bbox 2250 661 3794 735; baseline 0.002 -20"><span class='ocrx_word' id='word_1_155' title='bbox 2250 662 2462 715; x_wconf 88' lang='lat' dir='ltr'>bonum</span> <span class='ocrx_word' id='word_1_156' title='bbox 2492 661 2776 732; x_wconf 72' lang='lat' dir='ltr'>patientia:</span> <span class='ocrx_word' id='word_1_157' title='bbox 2813 666 3030 726; x_wconf 60' lang='lat' dir='ltr'>vestrm,</span> <span class='ocrx_word' id='word_1_158' title='bbox 3067 679 3374 733; x_wconf 89' lang='lat' dir='ltr'>prosequar</span> <span class='ocrx_word' id='word_1_159' title='bbox 3412 679 3473 718; x_wconf 90' lang='lat' dir='ltr'>ea</span> <span class='ocrx_word' id='word_1_160' title='bbox 3503 681 3615 735; x_wconf 71' lang='lat' dir='ltr'>quas</span> <span class='ocrx_word' id='word_1_161' title='bbox 3643 682 3794 718; x_wconf 87' lang='lat' dir='ltr'>neces-</span> 
     </span>
    </p>
   </div>
   <div class='ocr_carea' id='block_1_21' title="bbox 2251 755 3799 826">
    <p class='ocr_par' dir='ltr' id='par_1_21' title="bbox 2251 755 3799 826">
     <span class='ocr_line' id='line_1_21' title="bbox 2251 755 3799 826; baseline 0.003 -18"><span class='ocrx_word' id='word_1_162' title='bbox 2251 755 2396 808; x_wconf 89' lang='lat' dir='ltr'>saria</span> <span class='ocrx_word' id='word_1_163' title='bbox 2419 761 2551 808; x_wconf 91' lang='lat' dir='ltr'>sunt</span> <span class='ocrx_word' id='word_1_164' title='bbox 2577 755 2966 809; x_wconf 66' lang='lat' dir='ltr'>ecclesiastica:</span> <span class='ocrx_word' id='word_1_165' title='bbox 3007 755 3334 826; x_wconf 70' lang='lat' dir='ltr'>disciplima.</span> <span class='ocrx_word' id='word_1_166' title='bbox 3369 757 3566 810; x_wconf 90' lang='lat' dir='ltr'>Scimus</span> <span class='ocrx_word' id='word_1_167' title='bbox 3591 758 3718 811; x_wconf 85' lang='lat' dir='ltr'>enim</span> <span class='ocrx_word' id='word_1_168' title='bbox 3741 759 3799 812; x_wconf 88' lang='lat' dir='ltr'>sic</span> 
     </span>
    </p>
   </div>
   <div class='ocr_carea' id='block_1_22' title="bbox 2250 849 3798 922">
    <p class='ocr_par' dir='ltr' id='par_1_22' title="bbox 2250 849 3798 922">
     <span class='ocr_line' id='line_1_22' title="bbox 2250 849 3798 922; baseline 0.003 -21"><span class='ocrx_word' id='word_1_169' title='bbox 2250 849 2576 902; x_wconf 86' lang='lat' dir='ltr'>inviolatam</span> <span class='ocrx_word' id='word_1_170' title='bbox 2617 849 2992 919; x_wconf 87' lang='lat' dir='ltr'>permansisse</span> <span class='ocrx_word' id='word_1_171' title='bbox 3031 849 3453 903; x_wconf 89' lang='lat' dir='ltr'>ecclesiasticam</span> <span class='ocrx_word' id='word_1_172' title='bbox 3487 850 3798 922; x_wconf 85' lang='lat' dir='ltr'>disciplinam,</span> 
     </span>
    </p>
   </div>
   <div class='ocr_carea' id='block_1_23' title="bbox 2249 942 3802 1014">
    <p class='ocr_par' dir='ltr' id='par_1_23' title="bbox 2249 942 3802 1014">
     <span class='ocr_line' id='line_1_23' title="bbox 2249 942 3802 1014; baseline 0.003 -20"><span class='ocrx_word' id='word_1_173' title='bbox 2249 942 2327 995; x_wconf 85' lang='lat' dir='ltr'>ita</span> <span class='ocrx_word' id='word_1_174' title='bbox 2367 948 2427 996; x_wconf 92' lang='lat' dir='ltr'>ut</span> <span class='ocrx_word' id='word_1_175' title='bbox 2467 942 2656 996; x_wconf 86' lang='lat' dir='ltr'>nullus</span> <span class='ocrx_word' id='word_1_176' title='bbox 2699 943 2940 997; x_wconf 86' lang='lat' dir='ltr'>fratrum</span> <span class='ocrx_word' id='word_1_177' title='bbox 2992 943 3273 1014; x_wconf 83' lang='lat' dir='ltr'>prioribus</span> <span class='ocrx_word' id='word_1_178' title='bbox 3317 943 3425 997; x_wconf 89' lang='lat' dir='ltr'>suis</span> <span class='ocrx_word' id='word_1_179' title='bbox 3461 960 3514 996; x_wconf 89' lang='lat' dir='ltr'>sc</span> <span class='ocrx_word' id='word_1_180' title='bbox 3553 943 3802 1014; x_wconf 82' lang='lat' dir='ltr'>aliquando</span> 
     </span>
    </p>
   </div>
   <div class='ocr_carea' id='block_1_24' title="bbox 2248 1035 3804 1108">
    <p class='ocr_par' dir='ltr' id='par_1_24' title="bbox 2248 1035 3804 1108">
     <span class='ocr_line' id='line_1_24' title="bbox 2248 1035 3804 1108; baseline 0.003 -20"><span class='ocrx_word' id='word_1_181' title='bbox 2248 1035 2486 1089; x_wconf 81' lang='lat' dir='ltr'>auderet</span> <span class='ocrx_word' id='word_1_182' title='bbox 2517 1039 2883 1106; x_wconf 83' lang='lat' dir='ltr'>anteponere,</span> <span class='ocrx_word' id='word_1_183' title='bbox 2914 1037 3010 1090; x_wconf 92' lang='lat' dir='ltr'>sed</span> <span class='ocrx_word' id='word_1_184' title='bbox 3043 1035 3242 1090; x_wconf 78' lang='lat' dir='ltr'>officiis</span> <span class='ocrx_word' id='word_1_185' title='bbox 3270 1036 3522 1106; x_wconf 76' lang='lat' dir='ltr'>legitimis</span> <span class='ocrx_word' id='word_1_186' title='bbox 3555 1037 3602 1091; x_wconf 90' lang='lat' dir='ltr'>id</span> <span class='ocrx_word' id='word_1_187' title='bbox 3625 1054 3804 1108; x_wconf 87' lang='lat' dir='ltr'>semper</span> 
     </span>
    </p>
   </div>
   <div class='ocr_carea' id='block_1_25' title="bbox 2250 1129 3807 1201">
    <p class='ocr_par' dir='ltr' id='par_1_25' title="bbox 2250 1129 3807 1201">
     <span class='ocr_line' id='line_1_25' title="bbox 2250 1129 3807 1201; baseline 0.002 -19"><span class='ocrx_word' id='word_1_188' title='bbox 2250 1129 2561 1182; x_wconf 89' lang='lat' dir='ltr'>exhibitum</span> <span class='ocrx_word' id='word_1_189' title='bbox 2618 1135 2703 1182; x_wconf 84' lang='lat' dir='ltr'>est</span> <span class='ocrx_word' id='word_1_190' title='bbox 2742 1129 3061 1199; x_wconf 87' lang='lat' dir='ltr'>prioribus,</span> <span class='ocrx_word' id='word_1_191' title='bbox 3119 1130 3268 1200; x_wconf 85' lang='lat' dir='ltr'>quod</span> <span class='ocrx_word' id='word_1_192' title='bbox 3326 1130 3393 1184; x_wconf 88' lang='lat' dir='ltr'>ab</span> <span class='ocrx_word' id='word_1_193' title='bbox 3439 1130 3807 1201; x_wconf 84' lang='lat' dir='ltr'>insequentibus</span> 
     </span>
    </p>
   </div>
   <div class='ocr_carea' id='block_1_26' title="bbox 2250 1221 3806 1292">
    <p class='ocr_par' dir='ltr' id='par_1_26' title="bbox 2250 1221 3806 1292">
     <span class='ocr_line' id='line_1_26' title="bbox 2250 1221 3806 1292; baseline 0.002 -18"><span class='ocrx_word' id='word_1_194' title='bbox 2250 1221 2665 1275; x_wconf 84' lang='lat' dir='ltr'>rationabiliter</span> <span class='ocrx_word' id='word_1_195' title='bbox 2711 1238 2936 1292; x_wconf 85' lang='lat' dir='ltr'>semper</span> <span class='ocrx_word' id='word_1_196' title='bbox 2981 1223 3350 1292; x_wconf 84' lang='lat' dir='ltr'>acciperetur.</span> <span class='ocrx_word' id='word_1_197' title='bbox 3408 1224 3554 1276; x_wconf 85' lang='lat' dir='ltr'>Hunc</span> <span class='ocrx_word' id='word_1_198' title='bbox 3593 1223 3806 1278; x_wconf 79' lang='lat' dir='ltr'>ordinem</span> 
     </span>
    </p>
   </div>
   <div class='ocr_carea' id='block_1_27' title="bbox 2240 1314 3807 1385">
    <p class='ocr_par' dir='ltr' id='par_1_27' title="bbox 2240 1314 3807 1385">
     <span class='ocr_line' id='line_1_27' title="bbox 2240 1314 3807 1385; baseline 0.001 -17"><span class='ocrx_word' id='word_1_199' title='bbox 2240 1314 2443 1385; x_wconf 85' lang='lat' dir='ltr'>jubeat</span> <span class='ocrx_word' id='word_1_200' title='bbox 2473 1316 2738 1369; x_wconf 89' lang='lat' dir='ltr'>sanctitas</span> <span class='ocrx_word' id='word_1_201' title='bbox 2769 1321 2957 1369; x_wconf 88' lang='lat' dir='ltr'>vestra</span> <span class='ocrx_word' id='word_1_202' title='bbox 2982 1316 3185 1370; x_wconf 90' lang='lat' dir='ltr'>melius</span> <span class='ocrx_word' id='word_1_203' title='bbox 3211 1317 3407 1371; x_wconf 87' lang='lat' dir='ltr'>vestris</span> <span class='ocrx_word' id='word_1_204' title='bbox 3435 1316 3807 1371; x_wconf 81' lang='lat' dir='ltr'>interlocutioni-</span> 
     </span>
    </p>
   </div>
   <div class='ocr_carea' id='block_1_28' title="bbox 2248 1408 3806 1480">
    <p class='ocr_par' dir='ltr' id='par_1_28' title="bbox 2248 1408 3806 1480">
     <span class='ocr_line' id='line_1_28' title="bbox 2248 1408 3806 1480; baseline 0.001 -19"><span class='ocrx_word' id='word_1_205' title='bbox 2248 1408 2352 1462; x_wconf 89' lang='lat' dir='ltr'>bus</span> <span class='ocrx_word' id='word_1_206' title='bbox 2377 1409 2663 1462; x_wconf 89' lang='lat' dir='ltr'>roborare.</span> <span class='ocrx_word' id='word_1_207' title='bbox 2692 1410 2952 1464; x_wconf 84' lang='lat' dir='ltr'>Aurelius</span> <span class='ocrx_word' id='word_1_208' title='bbox 2981 1410 3282 1480; x_wconf 91' lang='lat' dir='ltr'>episcopus</span> <span class='ocrx_word' id='word_1_209' title='bbox 3313 1409 3486 1464; x_wconf 84' lang='lat' dir='ltr'>dixit:</span> <span class='ocrx_word' id='word_1_210' title='bbox 3515 1411 3623 1463; x_wconf 89' lang='lat' dir='ltr'>Non</span> <span class='ocrx_word' id='word_1_211' title='bbox 3642 1409 3806 1463; x_wconf 86' lang='lat' dir='ltr'>decue-</span> 
     </span>
    </p>
   </div>
   <div class='ocr_carea' id='block_1_29' title="bbox 2248 1502 3809 1572">
    <p class='ocr_par' dir='ltr' id='par_1_29' title="bbox 2248 1502 3809 1572">
     <span class='ocr_line' id='line_1_29' title="bbox 2248 1502 3809 1572; baseline 0.001 -17"><span class='ocrx_word' id='word_1_212' title='bbox 2248 1507 2333 1555; x_wconf 88' lang='lat' dir='ltr'>rat</span> <span class='ocrx_word' id='word_1_213' title='bbox 2358 1502 2591 1572; x_wconf 86' lang='lat' dir='ltr'>quidem</span> <span class='ocrx_word' id='word_1_214' title='bbox 2616 1507 2676 1555; x_wconf 93' lang='lat' dir='ltr'>ut</span> <span class='ocrx_word' id='word_1_215' title='bbox 2701 1503 2823 1556; x_wconf 70' lang='lat' dir='ltr'>haec</span> <span class='ocrx_word' id='word_1_216' title='bbox 2841 1509 3244 1572; x_wconf 89' lang='lat' dir='ltr'>repeteremus,</span> <span class='ocrx_word' id='word_1_217' title='bbox 3267 1503 3375 1556; x_wconf 91' lang='lat' dir='ltr'>nisi</span> <span class='ocrx_word' id='word_1_218' title='bbox 3394 1503 3532 1556; x_wconf 89' lang='lat' dir='ltr'>forte</span> <span class='ocrx_word' id='word_1_219' title='bbox 3557 1503 3809 1556; x_wconf 79' lang='lat' dir='ltr'>existerent</span> 
     </span>
    </p>
   </div>
   <div class='ocr_carea' id='block_1_30' title="bbox 2246 1594 3810 1667">
    <p class='ocr_par' dir='ltr' id='par_1_30' title="bbox 2246 1594 3810 1667">
     <span class='ocr_line' id='line_1_30' title="bbox 2246 1594 3810 1667; baseline 0.001 -20"><span class='ocrx_word' id='word_1_220' title='bbox 2246 1594 2675 1648; x_wconf 86' lang='lat' dir='ltr'>inconsideratae</span> <span class='ocrx_word' id='word_1_221' title='bbox 2702 1601 2922 1648; x_wconf 89' lang='lat' dir='ltr'>mentes</span> <span class='ocrx_word' id='word_1_222' title='bbox 2947 1596 3328 1666; x_wconf 90' lang='lat' dir='ltr'>quorumdam</span> <span class='ocrx_word' id='word_1_223' title='bbox 3360 1612 3484 1667; x_wconf 55' lang='lat' dir='ltr'>qua),</span> <span class='ocrx_word' id='word_1_224' title='bbox 3517 1595 3582 1648; x_wconf 88' lang='lat' dir='ltr'>ad</span> <span class='ocrx_word' id='word_1_225' title='bbox 3608 1596 3708 1649; x_wconf 63' lang='lat' dir='ltr'>haec</span> <span class='ocrx_word' id='word_1_226' title='bbox 3729 1602 3810 1648; x_wconf 87' lang='lat' dir='ltr'>sta-</span> 
     </span>
    </p>
   </div>
   <div class='ocr_carea' id='block_1_31' title="bbox 2246 1688 3809 1757">
    <p class='ocr_par' dir='ltr' id='par_1_31' title="bbox 2246 1688 3809 1757">
     <span class='ocr_line' id='line_1_31' title="bbox 2246 1688 3809 1757; baseline -0.001 -15"><span class='ocrx_word' id='word_1_227' title='bbox 2246 1688 2457 1742; x_wconf 87' lang='lat' dir='ltr'>tuenda</span> <span class='ocrx_word' id='word_1_228' title='bbox 2503 1693 2727 1742; x_wconf 88' lang='lat' dir='ltr'>nostros</span> <span class='ocrx_word' id='word_1_229' title='bbox 2769 1693 3043 1742; x_wconf 88' lang='lat' dir='ltr'>acuerent</span> <span class='ocrx_word' id='word_1_230' title='bbox 3082 1706 3298 1757; x_wconf 90' lang='lat' dir='ltr'>sensus,</span> <span class='ocrx_word' id='word_1_231' title='bbox 3329 1689 3426 1743; x_wconf 92' lang='lat' dir='ltr'>sed</span> <span class='ocrx_word' id='word_1_232' title='bbox 3459 1693 3512 1743; x_wconf 90' lang='lat' dir='ltr'>et</span> <span class='ocrx_word' id='word_1_233' title='bbox 3548 1690 3809 1743; x_wconf 89' lang='lat' dir='ltr'>communis</span> 
     </span>
    </p>
   </div>
   <div class='ocr_carea' id='block_1_32' title="bbox 518 1769 3810 1853">
    <p class='ocr_par' dir='ltr' id='par_1_32' title="bbox 518 1769 3810 1853">
     <span class='ocr_line' id='line_1_32' title="bbox 518 1769 3810 1853; baseline 0.003 -31"><span class='ocrx_word' id='word_1_234' title='bbox 518 1769 727 1823; x_wconf 91' lang='lat' dir='ltr'>dicium</span> <span class='ocrx_word' id='word_1_235' title='bbox 748 1785 878 1822; x_wconf 91' lang='lat' dir='ltr'>cum</span> <span class='ocrx_word' id='word_1_236' title='bbox 901 1786 1062 1824; x_wconf 87' lang='lat' dir='ltr'>servo</span> <span class='ocrx_word' id='word_1_237' title='bbox 1084 1773 1203 1837; x_wconf 90' lang='lat' dir='ltr'>tuo,</span> <span class='ocrx_word' id='word_1_238' title='bbox 1235 1771 1370 1841; x_wconf 90' lang='lat' dir='ltr'>quia</span> <span class='ocrx_word' id='word_1_239' title='bbox 1388 1789 1502 1825; x_wconf 90' lang='lat' dir='ltr'>non</span> <span class='ocrx_word' id='word_1_240' title='bbox 1518 1771 1922 1841; x_wconf 86' lang='lat' dir='ltr'>justiﬁcabitur</span> <span class='ocrx_word' id='word_1_241' title='bbox 1938 1772 1996 1826; x_wconf 91' lang='lat' dir='ltr'>in</span> <span class='ocrx_word' id='word_1_242' title='bbox 2019 1790 2150 1827; x_wconf 88' lang='lat' dir='ltr'>con-</span> <span class='ocrx_word' id='word_1_243' title='bbox 2169 1771 2225 1842; x_wconf 89' lang='lat' dir='ltr'><strong>B</strong></span> <span class='ocrx_word' id='word_1_244' title='bbox 2251 1781 2370 1834; x_wconf 76' lang='lat' dir='ltr'>haec</span> <span class='ocrx_word' id='word_1_245' title='bbox 2391 1797 2560 1834; x_wconf 80' lang='lat' dir='ltr'>causa</span> <span class='ocrx_word' id='word_1_246' title='bbox 2588 1787 2674 1835; x_wconf 78' lang='lat' dir='ltr'>est</span> <span class='ocrx_word' id='word_1_247' title='bbox 2700 1799 2873 1853; x_wconf 78' lang='lat' dir='ltr'>quam</span> <span class='ocrx_word' id='word_1_248' title='bbox 2902 1782 3207 1837; x_wconf 81' lang='lat' dir='ltr'>insinuavit</span> <span class='ocrx_word' id='word_1_249' title='bbox 3233 1783 3404 1837; x_wconf 81' lang='lat' dir='ltr'>frater</span> <span class='ocrx_word' id='word_1_250' title='bbox 3432 1786 3485 1836; x_wconf 89' lang='lat' dir='ltr'>et</span> <span class='ocrx_word' id='word_1_251' title='bbox 3509 1782 3810 1852; x_wconf 79' lang='lat' dir='ltr'>coepiscOpus</span> 
     </span>
    </p>
   </div>
   <div class='ocr_carea' id='block_1_33' title="bbox 517 1863 2147 1936">
    <p class='ocr_par' dir='ltr' id='par_1_33' title="bbox 517 1863 2147 1936">
     <span class='ocr_line' id='line_1_33' title="bbox 517 1863 2147 1936; baseline 0.003 -21"><span class='ocrx_word' id='word_1_252' title='bbox 517 1868 714 1932; x_wconf 89' lang='lat' dir='ltr'>spectu</span> <span class='ocrx_word' id='word_1_253' title='bbox 755 1865 850 1917; x_wconf 91' lang='lat' dir='ltr'>tuo</span> <span class='ocrx_word' id='word_1_254' title='bbox 882 1863 1065 1917; x_wconf 88' lang='lat' dir='ltr'>omnis</span> <span class='ocrx_word' id='word_1_255' title='bbox 1104 1863 1328 1933; x_wconf 85' lang='lat' dir='ltr'>vivens;</span> <span class='ocrx_word' id='word_1_256' title='bbox 1375 1868 1432 1918; x_wconf 90' lang='lat' dir='ltr'>et</span> <span class='ocrx_word' id='word_1_257' title='bbox 1466 1865 1524 1918; x_wconf 89' lang='lat' dir='ltr'>in</span> <span class='ocrx_word' id='word_1_258' title='bbox 1563 1865 1814 1919; x_wconf 88' lang='lat' dir='ltr'>oratione</span> <span class='ocrx_word' id='word_1_259' title='bbox 1853 1865 2147 1936; x_wconf 90' lang='lat' dir='ltr'>sapientis-</span> 
     </span>
    </p>
   </div>
   <div class='ocr_carea' id='block_1_34' title="bbox 516 1956 2149 2030">
    <p class='ocr_par' dir='ltr' id='par_1_34' title="bbox 516 1956 2149 2030">
     <span class='ocr_line' id='line_1_34' title="bbox 516 1956 2149 2030; baseline 0.003 -22"><span class='ocrx_word' id='word_1_260' title='bbox 516 1956 645 2010; x_wconf 84' lang='lat' dir='ltr'>simi</span> <span class='ocrx_word' id='word_1_261' title='bbox 666 1956 987 2012; x_wconf 90' lang='lat' dir='ltr'>Salomonis</span> <span class='ocrx_word' id='word_1_262' title='bbox 1013 1974 1025 2011; x_wconf 90' lang='lat'>:</span> <span class='ocrx_word' id='word_1_263' title='bbox 1050 1957 1170 2011; x_wconf 90' lang='lat' dir='ltr'>Non</span> <span class='ocrx_word' id='word_1_264' title='bbox 1191 1963 1274 2012; x_wconf 90' lang='lat' dir='ltr'>est</span> <span class='ocrx_word' id='word_1_265' title='bbox 1295 1958 1466 2012; x_wconf 91' lang='lat' dir='ltr'>homo</span> <span class='ocrx_word' id='word_1_266' title='bbox 1493 1958 1587 2028; x_wconf 89' lang='lat' dir='ltr'>qui</span> <span class='ocrx_word' id='word_1_267' title='bbox 1612 1975 1728 2012; x_wconf 92' lang='lat' dir='ltr'>non</span> <span class='ocrx_word' id='word_1_268' title='bbox 1749 1961 1974 2030; x_wconf 88' lang='lat' dir='ltr'>peccet;</span> <span class='ocrx_word' id='word_1_269' title='bbox 2006 1965 2064 2013; x_wconf 92' lang='lat' dir='ltr'>et</span> <span class='ocrx_word' id='word_1_270' title='bbox 2090 1960 2149 2014; x_wconf 91' lang='lat' dir='ltr'>in</span> 
     </span>
    </p>
   </div>
   <div class='ocr_carea' id='block_1_35' title="bbox 513 2049 2152 2123">
    <p class='ocr_par' dir='ltr' id='par_1_35' title="bbox 513 2049 2152 2123">
     <span class='ocr_line' id='line_1_35' title="bbox 513 2049 2152 2123; baseline 0.002 -20"><span class='ocrx_word' id='word_1_271' title='bbox 513 2049 660 2104; x_wconf 90' lang='lat' dir='ltr'>libro</span> <span class='ocrx_word' id='word_1_272' title='bbox 687 2050 792 2104; x_wconf 84' lang='lat' dir='ltr'>Job</span> <span class='ocrx_word' id='word_1_273' title='bbox 817 2066 830 2104; x_wconf 74' lang='grc' dir='ltr'>ς</span> <span class='ocrx_word' id='word_1_274' title='bbox 854 2052 916 2105; x_wconf 92' lang='lat' dir='ltr'><strong>In</strong></span> <span class='ocrx_word' id='word_1_275' title='bbox 951 2067 1126 2104; x_wconf 92' lang='lat' dir='ltr'>manu</span> <span class='ocrx_word' id='word_1_276' title='bbox 1155 2051 1340 2105; x_wconf 90' lang='lat' dir='ltr'>omnis</span> <span class='ocrx_word' id='word_1_277' title='bbox 1379 2052 1629 2106; x_wconf 88' lang='lat' dir='ltr'>hominis</span> <span class='ocrx_word' id='word_1_278' title='bbox 1673 2052 1878 2123; x_wconf 82' lang='lat' dir='ltr'>signat,</span> <span class='ocrx_word' id='word_1_279' title='bbox 1925 2058 1989 2106; x_wconf 91' lang='lat' dir='ltr'>ut</span> <span class='ocrx_word' id='word_1_280' title='bbox 2016 2053 2152 2108; x_wconf 88' lang='lat' dir='ltr'>sciat</span> 
     </span>
    </p>
   </div>
   <div class='ocr_carea' id='block_1_36' title="bbox 516 2143 2149 2200">
    <p class='ocr_par' dir='ltr' id='par_1_36' title="bbox 516 2143 2149 2200">
     <span class='ocr_line' id='line_1_36' title="bbox 516 2143 2149 2200; baseline 0.002 -4"><span class='ocrx_word' id='word_1_281' title='bbox 516 2143 705 2196; x_wconf 91' lang='lat' dir='ltr'>omnis</span> <span class='ocrx_word' id='word_1_282' title='bbox 733 2143 910 2196; x_wconf 92' lang='lat' dir='ltr'>homo</span> <span class='ocrx_word' id='word_1_283' title='bbox 936 2143 1329 2198; x_wconf 85' lang='lat' dir='ltr'>inﬁrmitatem</span> <span class='ocrx_word' id='word_1_284' title='bbox 1357 2161 1540 2198; x_wconf 90' lang='lat' dir='ltr'>suam.</span> <span class='ocrx_word' id='word_1_285' title='bbox 1563 2145 1719 2199; x_wconf 85' lang='lat' dir='ltr'>Unde</span> <span class='ocrx_word' id='word_1_286' title='bbox 1749 2146 1920 2199; x_wconf 89' lang='lat' dir='ltr'>etiam</span> <span class='ocrx_word' id='word_1_287' title='bbox 1947 2146 2149 2200; x_wconf 89' lang='lat' dir='ltr'>Daniel</span> 
     </span>
    </p>
   </div>
   <div class='ocr_carea' id='block_1_37' title="bbox 515 2235 2148 2307">
    <p class='ocr_par' dir='ltr' id='par_1_37' title="bbox 515 2235 2148 2307">
     <span class='ocr_line' id='line_1_37' title="bbox 515 2235 2148 2307; baseline 0.003 -20"><span class='ocrx_word' id='word_1_288' title='bbox 515 2240 744 2289; x_wconf 90' lang='lat' dir='ltr'>sanctus</span> <span class='ocrx_word' id='word_1_289' title='bbox 773 2238 830 2290; x_wconf 89' lang='lat' dir='ltr'>et</span> <span class='ocrx_word' id='word_1_290' title='bbox 865 2237 1052 2305; x_wconf 86' lang='lat' dir='ltr'>justus</span> <span class='ocrx_word' id='word_1_291' title='bbox 1099 2253 1228 2290; x_wconf 91' lang='lat' dir='ltr'>cum</span> <span class='ocrx_word' id='word_1_292' title='bbox 1262 2235 1320 2289; x_wconf 90' lang='lat' dir='ltr'>in</span> <span class='ocrx_word' id='word_1_293' title='bbox 1369 2237 1624 2291; x_wconf 87' lang='lat' dir='ltr'>oratione</span> <span class='ocrx_word' id='word_1_294' title='bbox 1664 2237 1960 2307; x_wconf 85' lang='lat' dir='ltr'>pluraliter</span> <span class='ocrx_word' id='word_1_295' title='bbox 1997 2239 2148 2292; x_wconf 90' lang='lat' dir='ltr'>dice-</span> 
     </span>
    </p>
   </div>
   <div class='ocr_carea' id='block_1_38' title="bbox 517 2328 2147 2399">
    <p class='ocr_par' dir='ltr' id='par_1_38' title="bbox 517 2328 2147 2399">
     <span class='ocr_line' id='line_1_38' title="bbox 517 2328 2147 2399; baseline 0.002 -19"><span class='ocrx_word' id='word_1_296' title='bbox 517 2333 650 2381; x_wconf 90' lang='lat' dir='ltr'>ret:</span> <span class='ocrx_word' id='word_1_297' title='bbox 698 2328 1078 2394; x_wconf 86' lang='lat' dir='ltr'>Peccavimus,</span> <span class='ocrx_word' id='word_1_298' title='bbox 1125 2328 1487 2399; x_wconf 91' lang='lat' dir='ltr'>iniquitatem</span> <span class='ocrx_word' id='word_1_299' title='bbox 1531 2329 1788 2395; x_wconf 83' lang='lat' dir='ltr'>fecimus,</span> <span class='ocrx_word' id='word_1_300' title='bbox 1830 2336 1885 2384; x_wconf 88' lang='lat' dir='ltr'>et</span> <span class='ocrx_word' id='word_1_301' title='bbox 1923 2337 2147 2398; x_wconf 66' lang='lat' dir='ltr'>caetera,</span> 
     </span>
    </p>
   </div>
   <div class='ocr_carea' id='block_1_39' title="bbox 518 2419 2147 2494">
    <p class='ocr_par' dir='ltr' id='par_1_39' title="bbox 518 2419 2147 2494">
     <span class='ocr_line' id='line_1_39' title="bbox 518 2419 2147 2494; baseline 0.002 -20"><span class='ocrx_word' id='word_1_302' title='bbox 518 2436 645 2490; x_wconf 69' lang='lat' dir='ltr'>quas</span> <span class='ocrx_word' id='word_1_303' title='bbox 677 2419 756 2474; x_wconf 92' lang='lat' dir='ltr'>ibi</span> <span class='ocrx_word' id='word_1_304' title='bbox 783 2421 1053 2476; x_wconf 85' lang='lat' dir='ltr'>veraciter</span> <span class='ocrx_word' id='word_1_305' title='bbox 1095 2425 1153 2475; x_wconf 92' lang='lat' dir='ltr'>et</span> <span class='ocrx_word' id='word_1_306' title='bbox 1188 2422 1479 2477; x_wconf 86' lang='lat' dir='ltr'>humiliter</span> <span class='ocrx_word' id='word_1_307' title='bbox 1517 2423 1837 2492; x_wconf 86' lang='lat' dir='ltr'>conﬁtetur,</span> <span class='ocrx_word' id='word_1_308' title='bbox 1879 2439 1949 2477; x_wconf 87' lang='lat' dir='ltr'>ne</span> <span class='ocrx_word' id='word_1_309' title='bbox 1981 2427 2147 2494; x_wconf 90' lang='lat' dir='ltr'>puta-</span> 
     </span>
    </p>
   </div>
   <div class='ocr_carea' id='block_1_40' title="bbox 517 2515 2150 2586">
    <p class='ocr_par' dir='ltr' id='par_1_40' title="bbox 517 2515 2150 2586">
     <span class='ocr_line' id='line_1_40' title="bbox 517 2515 2150 2586; baseline 0.003 -19"><span class='ocrx_word' id='word_1_310' title='bbox 517 2519 692 2584; x_wconf 89' lang='lat' dir='ltr'>retur,</span> <span class='ocrx_word' id='word_1_311' title='bbox 720 2515 1207 2586; x_wconf 88' lang='lat' dir='ltr'>quemadmodum</span> <span class='ocrx_word' id='word_1_312' title='bbox 1239 2515 1474 2586; x_wconf 90' lang='lat' dir='ltr'>quidam</span> <span class='ocrx_word' id='word_1_313' title='bbox 1505 2516 1757 2570; x_wconf 90' lang='lat' dir='ltr'>sentiunt</span> <span class='ocrx_word' id='word_1_314' title='bbox 1788 2517 1910 2571; x_wconf 63' lang='lat' dir='ltr'>haec</span> <span class='ocrx_word' id='word_1_315' title='bbox 1935 2533 2051 2571; x_wconf 91' lang='lat' dir='ltr'>non</span> <span class='ocrx_word' id='word_1_316' title='bbox 2080 2517 2150 2573; x_wconf 92' lang='lat' dir='ltr'>de</span> 
     </span>
    </p>
   </div>
   <div class='ocr_carea' id='block_1_41' title="bbox 519 2597 2150 2681">
    <p class='ocr_par' dir='ltr' id='par_1_41' title="bbox 519 2597 2150 2681">
     <span class='ocr_line' id='line_1_41' title="bbox 519 2597 2150 2681; baseline 0.002 -20"><span class='ocrx_word' id='word_1_317' title='bbox 519 2608 654 2676; x_wconf 92' lang='lat' dir='ltr'>suis,</span> <span class='ocrx_word' id='word_1_318' title='bbox 687 2609 784 2663; x_wconf 88' lang='lat' dir='ltr'>sed</span> <span class='ocrx_word' id='word_1_319' title='bbox 813 2609 882 2664; x_wconf 93' lang='lat' dir='ltr'>de</span> <span class='ocrx_word' id='word_1_320' title='bbox 910 2610 1102 2680; x_wconf 90' lang='lat' dir='ltr'>populi</span> <span class='ocrx_word' id='word_1_321' title='bbox 1134 2610 1222 2664; x_wconf 90' lang='lat' dir='ltr'>sui</span> <span class='ocrx_word' id='word_1_322' title='bbox 1247 2597 1654 2680; x_wconf 50' lang='lat' dir='ltr'>potius’dixisse</span> <span class='ocrx_word' id='word_1_323' title='bbox 1671 2611 1930 2681; x_wconf 86' lang='lat' dir='ltr'>peccatis,</span> <span class='ocrx_word' id='word_1_324' title='bbox 1956 2614 2150 2681; x_wconf 86' lang='lat' dir='ltr'>postea</span> 
     </span>
    </p>
   </div>
   <div class='ocr_carea' id='block_1_42' title="bbox 515 2701 2150 2774">
    <p class='ocr_par' dir='ltr' id='par_1_42' title="bbox 515 2701 2150 2774">
     <span class='ocr_line' id='line_1_42' title="bbox 515 2701 2150 2774; baseline 0.002 -19"><span class='ocrx_word' id='word_1_325' title='bbox 515 2701 658 2756; x_wconf 84' lang='lat' dir='ltr'>dixit</span> <span class='ocrx_word' id='word_1_326' title='bbox 685 2719 698 2756; x_wconf 91' lang='lat'><strong>:</strong></span> <span class='ocrx_word' id='word_1_327' title='bbox 731 2703 873 2756; x_wconf 88' lang='lat' dir='ltr'>Cum</span> <span class='ocrx_word' id='word_1_328' title='bbox 899 2719 1120 2757; x_wconf 88' lang='lat' dir='ltr'>orarem</span> <span class='ocrx_word' id='word_1_329' title='bbox 1142 2707 1198 2757; x_wconf 91' lang='lat' dir='ltr'>et</span> <span class='ocrx_word' id='word_1_330' title='bbox 1223 2704 1528 2758; x_wconf 84' lang='lat' dir='ltr'>conﬁterer</span> <span class='ocrx_word' id='word_1_331' title='bbox 1548 2707 1779 2774; x_wconf 91' lang='lat' dir='ltr'>peccata</span> <span class='ocrx_word' id='word_1_332' title='bbox 1800 2721 1930 2758; x_wconf 89' lang='lat' dir='ltr'>mea</span> <span class='ocrx_word' id='word_1_333' title='bbox 1951 2710 2007 2759; x_wconf 91' lang='lat' dir='ltr'>et</span> <span class='ocrx_word' id='word_1_334' title='bbox 2025 2720 2150 2774; x_wconf 87' lang='lat' dir='ltr'>pec-</span> 
     </span>
    </p>
   </div>
   <div class='ocr_carea' id='block_1_43' title="bbox 515 2795 2148 2867">
    <p class='ocr_par' dir='ltr' id='par_1_43' title="bbox 515 2795 2148 2867">
     <span class='ocr_line' id='line_1_43' title="bbox 515 2795 2148 2867; baseline 0.002 -18"><span class='ocrx_word' id='word_1_335' title='bbox 515 2799 639 2849; x_wconf 89' lang='lat' dir='ltr'>cata</span> <span class='ocrx_word' id='word_1_336' title='bbox 674 2795 874 2867; x_wconf 85' lang='lat' dir='ltr'>pOpuli</span> <span class='ocrx_word' id='word_1_337' title='bbox 910 2796 1023 2850; x_wconf 92' lang='lat' dir='ltr'>mei</span> <span class='ocrx_word' id='word_1_338' title='bbox 1063 2796 1307 2851; x_wconf 90' lang='lat' dir='ltr'>Domino</span> <span class='ocrx_word' id='word_1_339' title='bbox 1349 2798 1462 2850; x_wconf 92' lang='lat' dir='ltr'>Deo</span> <span class='ocrx_word' id='word_1_340' title='bbox 1499 2803 1713 2864; x_wconf 86' lang='lat' dir='ltr'>nostro,</span> <span class='ocrx_word' id='word_1_341' title='bbox 1746 2797 1930 2852; x_wconf 89' lang='lat' dir='ltr'>noluit</span> <span class='ocrx_word' id='word_1_342' title='bbox 1965 2797 2148 2853; x_wconf 88' lang='lat' dir='ltr'>dicere</span> 
     </span>
    </p>
   </div>
   <div class='ocr_carea' id='block_1_44' title="bbox 517 2890 2149 2962">
    <p class='ocr_par' dir='ltr' id='par_1_44' title="bbox 517 2890 2149 2962">
     <span class='ocr_line' id='line_1_44' title="bbox 517 2890 2149 2962; baseline 0.002 -20"><span class='ocrx_word' id='word_1_343' title='bbox 517 2893 744 2958; x_wconf 87' lang='lat' dir='ltr'>peccata</span> <span class='ocrx_word' id='word_1_344' title='bbox 773 2892 982 2956; x_wconf 88' lang='lat' dir='ltr'>nostra,</span> <span class='ocrx_word' id='word_1_345' title='bbox 1040 2890 1138 2943; x_wconf 89' lang='lat' dir='ltr'>sed</span> <span class='ocrx_word' id='word_1_346' title='bbox 1182 2890 1379 2960; x_wconf 88' lang='lat' dir='ltr'>populi</span> <span class='ocrx_word' id='word_1_347' title='bbox 1428 2891 1512 2944; x_wconf 91' lang='lat' dir='ltr'>sui</span> <span class='ocrx_word' id='word_1_348' title='bbox 1557 2890 1701 2944; x_wconf 84' lang='lat' dir='ltr'>dixit</span> <span class='ocrx_word' id='word_1_349' title='bbox 1745 2894 1803 2944; x_wconf 90' lang='lat' dir='ltr'>et</span> <span class='ocrx_word' id='word_1_350' title='bbox 1842 2907 1961 2960; x_wconf 92' lang='lat' dir='ltr'>sua,</span> <span class='ocrx_word' id='word_1_351' title='bbox 2013 2891 2149 2962; x_wconf 90' lang='lat' dir='ltr'>quia</span> 
     </span>
    </p>
   </div>
   <div class='ocr_carea' id='block_1_45' title="bbox 514 2981 2148 3056">
    <p class='ocr_par' dir='ltr' id='par_1_45' title="bbox 514 2981 2148 3056">
     <span class='ocr_line' id='line_1_45' title="bbox 514 2981 2148 3056; baseline 0.002 -20"><span class='ocrx_word' id='word_1_352' title='bbox 514 2981 738 3036; x_wconf 89' lang='lat' dir='ltr'>futuros</span> <span class='ocrx_word' id='word_1_353' title='bbox 761 2981 898 3036; x_wconf 89' lang='lat' dir='ltr'>istos</span> <span class='ocrx_word' id='word_1_354' title='bbox 927 2981 1025 3053; x_wconf 90' lang='lat' dir='ltr'>qui</span> <span class='ocrx_word' id='word_1_355' title='bbox 1052 2985 1172 3036; x_wconf 89' lang='lat' dir='ltr'>tam</span> <span class='ocrx_word' id='word_1_356' title='bbox 1189 2983 1339 3038; x_wconf 90' lang='lat' dir='ltr'>male</span> <span class='ocrx_word' id='word_1_357' title='bbox 1363 2983 1708 3054; x_wconf 87' lang='lat' dir='ltr'>intelligunt,</span> <span class='ocrx_word' id='word_1_358' title='bbox 1731 2988 2004 3056; x_wconf 88' lang='lat' dir='ltr'>tanquam</span> <span class='ocrx_word' id='word_1_359' title='bbox 2023 3002 2148 3056; x_wconf 85' lang='lat' dir='ltr'>pro-</span> 
     </span>
    </p>
   </div>
   <div class='ocr_carea' id='block_1_46' title="bbox 515 3075 996 3146">
    <p class='ocr_par' dir='ltr' id='par_1_46' title="bbox 515 3075 996 3146">
     <span class='ocr_line' id='line_1_46' title="bbox 515 3075 996 3146; baseline 0 -17"><span class='ocrx_word' id='word_1_360' title='bbox 515 3075 688 3145; x_wconf 87' lang='lat' dir='ltr'>pheta</span> <span class='ocrx_word' id='word_1_361' title='bbox 715 3075 996 3146; x_wconf 69' lang='lat' dir='ltr'>praevidit.</span> 
     </span>
    </p>
   </div>
   <div class='ocr_carea' id='block_1_47' title="bbox 589 3169 2144 3242">
    <p class='ocr_par' dir='ltr' id='par_1_47' title="bbox 589 3169 2144 3242">
     <span class='ocr_line' id='line_1_47' title="bbox 589 3169 2144 3242; baseline 0.003 -20"><span class='ocrx_word' id='word_1_362' title='bbox 589 3169 696 3222; x_wconf 89' lang='lat' dir='ltr'><strong>VII.</strong></span> <span class='ocrx_word' id='word_1_363' title='bbox 725 3169 866 3223; x_wconf 89' lang='lat' dir='ltr'>Item</span> <span class='ocrx_word' id='word_1_364' title='bbox 893 3169 1121 3240; x_wconf 90' lang='lat' dir='ltr'>placuit,</span> <span class='ocrx_word' id='word_1_365' title='bbox 1159 3175 1221 3225; x_wconf 92' lang='lat' dir='ltr'>ut</span> <span class='ocrx_word' id='word_1_366' title='bbox 1254 3170 1580 3242; x_wconf 89' lang='lat' dir='ltr'>quicunque</span> <span class='ocrx_word' id='word_1_367' title='bbox 1602 3171 1772 3226; x_wconf 90' lang='lat' dir='ltr'>verba</span> <span class='ocrx_word' id='word_1_368' title='bbox 1800 3171 1922 3242; x_wconf 90' lang='lat' dir='ltr'>ipsa</span> <span class='ocrx_word' id='word_1_369' title='bbox 1948 3172 2144 3226; x_wconf 87' lang='lat' dir='ltr'>Domi-</span> 
     </span>
    </p>
   </div>
   <div class='ocr_carea' id='block_1_48' title="bbox 518 3260 2150 3321">
    <p class='ocr_par' dir='ltr' id='par_1_48' title="bbox 518 3260 2150 3321">
     <span class='ocr_line' id='line_1_48' title="bbox 518 3260 2150 3321; baseline 0.004 -7"><span class='ocrx_word' id='word_1_370' title='bbox 518 3260 660 3315; x_wconf 65' lang='lat' dir='ltr'>nicaa</span> <span class='ocrx_word' id='word_1_371' title='bbox 681 3261 950 3316; x_wconf 87' lang='lat' dir='ltr'>orationis</span> <span class='ocrx_word' id='word_1_372' title='bbox 975 3262 1072 3316; x_wconf 91' lang='lat' dir='ltr'>ubi</span> <span class='ocrx_word' id='word_1_373' title='bbox 1101 3263 1371 3318; x_wconf 89' lang='lat' dir='ltr'>dicimus:</span> <span class='ocrx_word' id='word_1_374' title='bbox 1394 3264 1619 3320; x_wconf 90' lang='lat' dir='ltr'>Dimitte</span> <span class='ocrx_word' id='word_1_375' title='bbox 1640 3264 1803 3319; x_wconf 89' lang='lat' dir='ltr'>nobis</span> <span class='ocrx_word' id='word_1_376' title='bbox 1833 3265 2021 3319; x_wconf 72' lang='lat' dir='ltr'>debita</span> <span class='ocrx_word' id='word_1_377' title='bbox 2049 3282 2150 3321; x_wconf 88' lang='lat' dir='ltr'>no-</span> 
     </span>
    </p>
   </div>
   <div class='ocr_carea' id='block_1_49' title="bbox 514 3355 2146 3426">
    <p class='ocr_par' dir='ltr' id='par_1_49' title="bbox 514 3355 2146 3426">
     <span class='ocr_line' id='line_1_49' title="bbox 514 3355 2146 3426; baseline 0.003 -18"><span class='ocrx_word' id='word_1_378' title='bbox 514 3358 652 3421; x_wconf 88' lang='lat' dir='ltr'>stra,</span> <span class='ocrx_word' id='word_1_379' title='bbox 684 3355 765 3408; x_wconf 91' lang='lat' dir='ltr'>ita</span> <span class='ocrx_word' id='word_1_380' title='bbox 813 3355 1014 3411; x_wconf 89' lang='lat' dir='ltr'>volunt</span> <span class='ocrx_word' id='word_1_381' title='bbox 1035 3373 1070 3410; x_wconf 88' lang='lat' dir='ltr'>a</span> <span class='ocrx_word' id='word_1_382' title='bbox 1093 3357 1301 3411; x_wconf 89' lang='lat' dir='ltr'>sanctis</span> <span class='ocrx_word' id='word_1_383' title='bbox 1338 3357 1468 3426; x_wconf 91' lang='lat' dir='ltr'>dici,</span> <span class='ocrx_word' id='word_1_384' title='bbox 1501 3363 1561 3412; x_wconf 93' lang='lat' dir='ltr'>ut</span> <span class='ocrx_word' id='word_1_385' title='bbox 1587 3358 1880 3412; x_wconf 90' lang='lat' dir='ltr'>humiliter</span> <span class='ocrx_word' id='word_1_386' title='bbox 1904 3375 2018 3412; x_wconf 90' lang='lat' dir='ltr'>non</span> <span class='ocrx_word' id='word_1_387' title='bbox 2047 3375 2146 3413; x_wconf 85' lang='lat' dir='ltr'>ve-</span> 
     </span>
    </p>
   </div>
   <div class='ocr_carea' id='block_1_50' title="bbox 514 3447 2150 3516">
    <p class='ocr_par' dir='ltr' id='par_1_50' title="bbox 514 3447 2150 3516">
     <span class='ocr_line' id='line_1_50' title="bbox 514 3447 2150 3516; baseline 0.002 -14"><span class='ocrx_word' id='word_1_388' title='bbox 514 3447 720 3503; x_wconf 88' lang='lat' dir='ltr'>raciter</span> <span class='ocrx_word' id='word_1_389' title='bbox 744 3449 854 3504; x_wconf 88' lang='lat' dir='ltr'>hoc</span> <span class='ocrx_word' id='word_1_390' title='bbox 891 3449 1128 3516; x_wconf 90' lang='lat' dir='ltr'>dicatur,</span> <span class='ocrx_word' id='word_1_391' title='bbox 1162 3451 1468 3505; x_wconf 87' lang='lat' dir='ltr'>anathema</span> <span class='ocrx_word' id='word_1_392' title='bbox 1506 3451 1596 3505; x_wconf 89' lang='lat' dir='ltr'>sit.</span> <span class='ocrx_word' id='word_1_393' title='bbox 1635 3451 1770 3516; x_wconf 90' lang='lat' dir='ltr'>Quis</span> <span class='ocrx_word' id='word_1_394' title='bbox 1810 3452 1966 3506; x_wconf 88' lang='lat' dir='ltr'>enim</span> <span class='ocrx_word' id='word_1_395' title='bbox 2005 3451 2150 3507; x_wconf 85' lang='lat' dir='ltr'>ferat</span> 
     </span>
    </p>
   </div>
   <div class='ocr_carea' id='block_1_51' title="bbox 514 3544 2144 3616">
    <p class='ocr_par' dir='ltr' id='par_1_51' title="bbox 514 3544 2144 3616">
     <span class='ocr_line' id='line_1_51' title="bbox 514 3544 2144 3616; baseline 0.004 -21"><span class='ocrx_word' id='word_1_396' title='bbox 514 3545 778 3596; x_wconf 86' lang='lat' dir='ltr'>orantem</span> <span class='ocrx_word' id='word_1_397' title='bbox 804 3547 861 3598; x_wconf 92' lang='lat' dir='ltr'>et</span> <span class='ocrx_word' id='word_1_398' title='bbox 897 3559 1014 3598; x_wconf 90' lang='lat' dir='ltr'>non</span> <span class='ocrx_word' id='word_1_399' title='bbox 1053 3544 1400 3612; x_wconf 89' lang='lat' dir='ltr'>hominibus,</span> <span class='ocrx_word' id='word_1_400' title='bbox 1437 3545 1533 3599; x_wconf 92' lang='lat' dir='ltr'>sed</span> <span class='ocrx_word' id='word_1_401' title='bbox 1573 3545 1678 3616; x_wconf 91' lang='lat' dir='ltr'>ipsi</span> <span class='ocrx_word' id='word_1_402' title='bbox 1711 3545 1951 3601; x_wconf 90' lang='lat' dir='ltr'>Domino</span> <span class='ocrx_word' id='word_1_403' title='bbox 1981 3562 2144 3601; x_wconf 87' lang='lat' dir='ltr'>men-</span> 
     </span>
    </p>
   </div>
   <div class='ocr_carea' id='block_1_52' title="bbox 513 3634 2146 3710">
    <p class='ocr_par' dir='ltr' id='par_1_52' title="bbox 513 3634 2146 3710">
     <span class='ocr_line' id='line_1_52' title="bbox 513 3634 2146 3710; baseline 0.004 -22"><span class='ocrx_word' id='word_1_404' title='bbox 513 3634 749 3690; x_wconf 89' lang='lat' dir='ltr'>tientem</span> <span class='ocrx_word' id='word_1_405' title='bbox 775 3636 873 3707; x_wconf 90' lang='lat' dir='ltr'>qui</span> <span class='ocrx_word' id='word_1_406' title='bbox 921 3636 1082 3691; x_wconf 90' lang='lat' dir='ltr'>labiis</span> <span class='ocrx_word' id='word_1_407' title='bbox 1107 3637 1213 3691; x_wconf 89' lang='lat' dir='ltr'>sibi</span> <span class='ocrx_word' id='word_1_408' title='bbox 1256 3638 1391 3692; x_wconf 89' lang='lat' dir='ltr'>dicit</span> <span class='ocrx_word' id='word_1_409' title='bbox 1429 3638 1641 3692; x_wconf 90' lang='lat' dir='ltr'>dimitti</span> <span class='ocrx_word' id='word_1_410' title='bbox 1679 3639 1836 3710; x_wconf 86' lang='lat' dir='ltr'>velle,</span> <span class='ocrx_word' id='word_1_411' title='bbox 1875 3645 1933 3694; x_wconf 91' lang='lat' dir='ltr'>et</span> <span class='ocrx_word' id='word_1_412' title='bbox 1974 3640 2146 3695; x_wconf 87' lang='lat' dir='ltr'>corde</span> 
     </span>
    </p>
   </div>
   <div class='ocr_carea' id='block_1_53' title="bbox 511 3727 2145 3800">
    <p class='ocr_par' dir='ltr' id='par_1_53' title="bbox 511 3727 2145 3800">
     <span class='ocr_line' id='line_1_53' title="bbox 511 3727 2145 3800; baseline 0.004 -19"><span class='ocrx_word' id='word_1_413' title='bbox 511 3727 665 3795; x_wconf 89' lang='lat' dir='ltr'>dicit,</span> <span class='ocrx_word' id='word_1_414' title='bbox 723 3745 851 3800; x_wconf 71' lang='lat' dir='ltr'>quae</span> <span class='ocrx_word' id='word_1_415' title='bbox 894 3729 1000 3784; x_wconf 88' lang='lat' dir='ltr'>sibi</span> <span class='ocrx_word' id='word_1_416' title='bbox 1048 3730 1422 3797; x_wconf 88' lang='lat' dir='ltr'>dimittantur,</span> <span class='ocrx_word' id='word_1_417' title='bbox 1485 3732 1680 3787; x_wconf 89' lang='lat' dir='ltr'>debita</span> <span class='ocrx_word' id='word_1_418' title='bbox 1735 3750 1851 3788; x_wconf 87' lang='lat' dir='ltr'>non</span> <span class='ocrx_word' id='word_1_419' title='bbox 1894 3733 2145 3790; x_wconf 86' lang='lat' dir='ltr'>habere?</span> 
     </span>
    </p>
   </div>
   <div class='ocr_carea' id='block_1_54' title="bbox 513 3822 2145 3898">
    <p class='ocr_par' dir='ltr' id='par_1_54' title="bbox 513 3822 2145 3898">
     <span class='ocr_line' id='line_1_54' title="bbox 513 3822 2145 3898; baseline 0.004 -23"><span class='ocrx_word' id='word_1_420' title='bbox 513 3822 814 3893; x_wconf 85' lang='lat' dir='ltr'>Hucusque</span> <span class='ocrx_word' id='word_1_421' title='bbox 855 3823 924 3877; x_wconf 90' lang='lat' dir='ltr'>de</span> <span class='ocrx_word' id='word_1_422' title='bbox 963 3823 1074 3879; x_wconf 84' lang='lat' dir='ltr'>fide</span> <span class='ocrx_word' id='word_1_423' title='bbox 1111 3828 1312 3880; x_wconf 89' lang='lat' dir='ltr'>contra</span> <span class='ocrx_word' id='word_1_424' title='bbox 1349 3825 1700 3897; x_wconf 89' lang='lat' dir='ltr'>Pelagianos,</span> <span class='ocrx_word' id='word_1_425' title='bbox 1741 3844 1894 3881; x_wconf 90' lang='lat' dir='ltr'>nunc</span> <span class='ocrx_word' id='word_1_426' title='bbox 1931 3827 2145 3898; x_wconf 74' lang='lat' dir='ltr'>regulae</span> 
     </span>
    </p>
   </div>
   <div class='ocr_carea' id='block_1_55' title="bbox 513 3917 1266 3974">
    <p class='ocr_par' dir='ltr' id='par_1_55' title="bbox 513 3917 1266 3974">
     <span class='ocr_line' id='line_1_55' title="bbox 513 3917 1266 3974; baseline 0.007 -5"><span class='ocrx_word' id='word_1_427' title='bbox 513 3918 832 3970; x_wconf 88' lang='lat' dir='ltr'>tractantur</span> <span class='ocrx_word' id='word_1_428' title='bbox 855 3917 1266 3974; x_wconf 64' lang='lat' dir='ltr'>ecclesiasticae.</span> 
     </span>
    </p>
   </div>
   <div class='ocr_carea' id='block_1_56' title="bbox 581 4009 2145 4083">
    <p class='ocr_par' dir='ltr' id='par_1_56' title="bbox 581 4009 2145 4083">
     <span class='ocr_line' id='line_1_56' title="bbox 581 4009 2145 4083; baseline 0.004 -21"><span class='ocrx_word' id='word_1_429' title='bbox 581 4009 662 4064; x_wconf 80' lang='lat' dir='ltr'>IX.</span> <span class='ocrx_word' id='word_1_430' title='bbox 716 4010 932 4064; x_wconf 89' lang='lat' dir='ltr'>Placuit</span> <span class='ocrx_word' id='word_1_431' title='bbox 973 4015 1038 4064; x_wconf 91' lang='lat' dir='ltr'>ut</span> <span class='ocrx_word' id='word_1_432' title='bbox 1076 4028 1191 4066; x_wconf 90' lang='lat' dir='ltr'>non</span> <span class='ocrx_word' id='word_1_433' title='bbox 1229 4012 1303 4066; x_wconf 93' lang='lat' dir='ltr'>sit</span> <span class='ocrx_word' id='word_1_434' title='bbox 1339 4014 1488 4066; x_wconf 91' lang='lat' dir='ltr'>ultra</span> <span class='ocrx_word' id='word_1_435' title='bbox 1530 4013 1840 4083; x_wconf 85' lang='lat' dir='ltr'>fatigandis</span> <span class='ocrx_word' id='word_1_436' title='bbox 1877 4013 2145 4069; x_wconf 85' lang='lat' dir='ltr'>fratribus</span> 
     </span>
    </p>
   </div>
   <div class='ocr_carea' id='block_1_57' title="bbox 513 4101 2145 4176">
    <p class='ocr_par' dir='ltr' id='par_1_57' title="bbox 513 4101 2145 4176">
     <span class='ocr_line' id='line_1_57' title="bbox 513 4101 2145 4176; baseline 0.003 -20"><span class='ocrx_word' id='word_1_437' title='bbox 513 4101 899 4156; x_wconf 87' lang='lat' dir='ltr'>anniversaria</span> <span class='ocrx_word' id='word_1_438' title='bbox 937 4104 1258 4170; x_wconf 85' lang='lat' dir='ltr'>necessitas,</span> <span class='ocrx_word' id='word_1_439' title='bbox 1301 4105 1402 4159; x_wconf 91' lang='lat' dir='ltr'>sed</span> <span class='ocrx_word' id='word_1_440' title='bbox 1438 4105 1659 4176; x_wconf 88' lang='lat' dir='ltr'>quoties</span> <span class='ocrx_word' id='word_1_441' title='bbox 1691 4107 2145 4176; x_wconf 73' lang='lat' dir='ltr'>exegerit&#39;causa</span> 
     </span>
    </p>
   </div>
   <div class='ocr_carea' id='block_1_58' title="bbox 511 4195 2142 4270">
    <p class='ocr_par' dir='ltr' id='par_1_58' title="bbox 511 4195 2142 4270">
     <span class='ocr_line' id='line_1_58' title="bbox 511 4195 2142 4270; baseline 0.005 -24"><span class='ocrx_word' id='word_1_442' title='bbox 511 4195 848 4263; x_wconf 90' lang='lat' dir='ltr'>communis,</span> <span class='ocrx_word' id='word_1_443' title='bbox 871 4195 930 4248; x_wconf 90' lang='lat' dir='ltr'>id</span> <span class='ocrx_word' id='word_1_444' title='bbox 950 4201 1054 4263; x_wconf 91' lang='lat' dir='ltr'>est,</span> <span class='ocrx_word' id='word_1_445' title='bbox 1075 4198 1246 4250; x_wconf 88' lang='lat' dir='ltr'>totius</span> <span class='ocrx_word' id='word_1_446' title='bbox 1264 4198 1468 4252; x_wconf 56' lang='lat' dir='ltr'>Africa</span> <span class='ocrx_word' id='word_1_447' title='bbox 1491 4198 1873 4270; x_wconf 87' lang='lat' dir='ltr'>undecunque</span> <span class='ocrx_word' id='word_1_448' title='bbox 1895 4201 1965 4257; x_wconf 87' lang='lat' dir='ltr'>ad</span> <span class='ocrx_word' id='word_1_449' title='bbox 1994 4201 2142 4255; x_wconf 89' lang='lat' dir='ltr'>hanc</span> 
     </span>
    </p>
   </div>
   <div class='ocr_carea' id='block_1_59' title="bbox 511 4286 2141 4364">
    <p class='ocr_par' dir='ltr' id='par_1_59' title="bbox 511 4286 2141 4364">
     <span class='ocr_line' id='line_1_59' title="bbox 511 4286 2141 4364; baseline 0.006 -25"><span class='ocrx_word' id='word_1_450' title='bbox 511 4286 702 4340; x_wconf 87' lang='lat' dir='ltr'>sedem</span> <span class='ocrx_word' id='word_1_451' title='bbox 722 4303 825 4356; x_wconf 88' lang='lat' dir='ltr'>pro</span> <span class='ocrx_word' id='word_1_452' title='bbox 854 4288 1091 4342; x_wconf 90' lang='lat' dir='ltr'>concilio</span> <span class='ocrx_word' id='word_1_453' title='bbox 1122 4289 1266 4344; x_wconf 61' lang='lat' dir='ltr'>datae</span> <span class='ocrx_word' id='word_1_454' title='bbox 1293 4291 1498 4344; x_wconf 58' lang='lat' dir='ltr'>litteras</span> <span class='ocrx_word' id='word_1_455' title='bbox 1522 4291 1757 4360; x_wconf 86' lang='lat' dir='ltr'>fuerint,</span> <span class='ocrx_word' id='word_1_456' title='bbox 1787 4309 2141 4364; x_wconf 84' lang='lat' dir='ltr'>congregan-</span> 
     </span>
    </p>
   </div>
   <div class='ocr_carea' id='block_1_60' title="bbox 513 4379 2142 4458">
    <p class='ocr_par' dir='ltr' id='par_1_60' title="bbox 513 4379 2142 4458">
     <span class='ocr_line' id='line_1_60' title="bbox 513 4379 2142 4458; baseline 0.006 -26"><span class='ocrx_word' id='word_1_457' title='bbox 513 4379 647 4434; x_wconf 90' lang='lat' dir='ltr'>dam</span> <span class='ocrx_word' id='word_1_458' title='bbox 675 4397 794 4435; x_wconf 91' lang='lat' dir='ltr'>esse</span> <span class='ocrx_word' id='word_1_459' title='bbox 823 4381 1103 4452; x_wconf 81' lang='lat' dir='ltr'>synodum</span> <span class='ocrx_word' id='word_1_460' title='bbox 1132 4382 1188 4436; x_wconf 91' lang='lat' dir='ltr'>in</span> <span class='ocrx_word' id='word_1_461' title='bbox 1217 4400 1283 4436; x_wconf 89' lang='lat' dir='ltr'>ea</span> <span class='ocrx_word' id='word_1_462' title='bbox 1311 4384 1600 4456; x_wconf 87' lang='lat' dir='ltr'>provincia</span> <span class='ocrx_word' id='word_1_463' title='bbox 1624 4384 1724 4440; x_wconf 87' lang='lat' dir='ltr'>ubi</span> <span class='ocrx_word' id='word_1_464' title='bbox 1749 4387 2142 4458; x_wconf 88' lang='lat' dir='ltr'>opportunitas</span> 
     </span>
    </p>
   </div>
   <div class='ocr_carea' id='block_1_61' title="bbox 510 4475 2112 4550">
    <p class='ocr_par' dir='ltr' id='par_1_61' title="bbox 510 4475 2112 4550">
     <span class='ocr_line' id='line_1_61' title="bbox 510 4475 2112 4550; baseline 0.005 -22"><span class='ocrx_word' id='word_1_465' title='bbox 510 4475 867 4544; x_wconf 86' lang='lat' dir='ltr'>persuaserit,</span> <span class='ocrx_word' id='word_1_466' title='bbox 902 4492 1085 4530; x_wconf 56' lang='lat' dir='ltr'>causa;</span> <span class='ocrx_word' id='word_1_467' title='bbox 1111 4481 1305 4532; x_wconf 89' lang='lat' dir='ltr'>autem</span> <span class='ocrx_word' id='word_1_468' title='bbox 1335 4493 1464 4550; x_wconf 59' lang='lat' dir='ltr'>quas</span> <span class='ocrx_word' id='word_1_469' title='bbox 1481 4494 1813 4534; x_wconf 90' lang='lat' dir='ltr'>communes</span> <span class='ocrx_word' id='word_1_470' title='bbox 1836 4497 1954 4535; x_wconf 88' lang='lat' dir='ltr'>non</span> <span class='ocrx_word' id='word_1_471' title='bbox 1982 4487 2112 4536; x_wconf 91' lang='lat' dir='ltr'>sunt</span> 
     </span>
    </p>
   </div>
   <div class='ocr_carea' id='block_1_62' title="bbox 507 4567 1313 4640">
    <p class='ocr_par' dir='ltr' id='par_1_62' title="bbox 507 4567 1313 4640">
     <span class='ocr_line' id='line_1_62' title="bbox 507 4567 1313 4640; baseline 0.007 -21"><span class='ocrx_word' id='word_1_472' title='bbox 507 4567 620 4621; x_wconf 90' lang='lat' dir='ltr'>suis</span> <span class='ocrx_word' id='word_1_473' title='bbox 637 4569 942 4639; x_wconf 88' lang='lat' dir='ltr'>provinciis</span> <span class='ocrx_word' id='word_1_474' title='bbox 963 4569 1313 4640; x_wconf 86' lang='lat' dir='ltr'>judicentur.</span> 
     </span>
    </p>
   </div>
   <div class='ocr_carea' id='block_1_63' title="bbox 579 4662 2137 4739">
    <p class='ocr_par' dir='ltr' id='par_1_63' title="bbox 579 4662 2137 4739">
     <span class='ocr_line' id='line_1_63' title="bbox 579 4662 2137 4739; baseline 0.006 -25"><span class='ocrx_word' id='word_1_475' title='bbox 579 4662 638 4714; x_wconf 89' lang='lat' dir='ltr'>X.</span> <span class='ocrx_word' id='word_1_476' title='bbox 693 4663 909 4718; x_wconf 89' lang='lat' dir='ltr'>Placuit</span> <span class='ocrx_word' id='word_1_477' title='bbox 950 4663 1125 4718; x_wconf 88' lang='lat' dir='ltr'>etiam</span> <span class='ocrx_word' id='word_1_478' title='bbox 1170 4665 1286 4735; x_wconf 73' lang='lat' dir='ltr'>pati</span> <span class='ocrx_word' id='word_1_479' title='bbox 1328 4669 1391 4720; x_wconf 94' lang='lat' dir='ltr'>ut</span> <span class='ocrx_word' id='word_1_480' title='bbox 1431 4666 1685 4721; x_wconf 88' lang='lat' dir='ltr'>omnium</span> <span class='ocrx_word' id='word_1_481' title='bbox 1740 4666 2137 4739; x_wconf 91' lang='lat' dir='ltr'>episcoporum</span> 
     </span>
    </p>
   </div>
   <div class='ocr_carea' id='block_1_64' title="bbox 509 4754 2138 4824">
    <p class='ocr_par' dir='ltr' id='par_1_64' title="bbox 509 4754 2138 4824">
     <span class='ocr_line' id='line_1_64' title="bbox 509 4754 2138 4824; baseline 0.005 -16"><span class='ocrx_word' id='word_1_482' title='bbox 509 4754 760 4824; x_wconf 88' lang='lat' dir='ltr'>epistolis</span> <span class='ocrx_word' id='word_1_483' title='bbox 794 4757 1059 4812; x_wconf 88' lang='lat' dir='ltr'>omnibus</span> <span class='ocrx_word' id='word_1_484' title='bbox 1103 4758 1171 4814; x_wconf 91' lang='lat' dir='ltr'>de</span> <span class='ocrx_word' id='word_1_485' title='bbox 1219 4759 1454 4814; x_wconf 91' lang='lat' dir='ltr'>concilio</span> <span class='ocrx_word' id='word_1_486' title='bbox 1505 4760 1708 4815; x_wconf 89' lang='lat' dir='ltr'>dandis</span> <span class='ocrx_word' id='word_1_487' title='bbox 1751 4762 2016 4817; x_wconf 89' lang='lat' dir='ltr'>sanctitas</span> <span class='ocrx_word' id='word_1_488' title='bbox 2043 4767 2138 4816; x_wconf 89' lang='lat' dir='ltr'>tua</span> 
     </span>
    </p>
   </div>
   <div class='ocr_carea' id='block_1_65' title="bbox 507 4848 992 4905">
    <p class='ocr_par' dir='ltr' id='par_1_65' title="bbox 507 4848 992 4905">
     <span class='ocr_line' id='line_1_65' title="bbox 507 4848 992 4905; baseline 0.01 -5"><span class='ocrx_word' id='word_1_489' title='bbox 507 4848 628 4901; x_wconf 91' lang='lat' dir='ltr'>sola</span> <span class='ocrx_word' id='word_1_490' title='bbox 656 4848 992 4905; x_wconf 88' lang='lat' dir='ltr'>subscribat.</span> 
     </span>
    </p>
   </div>
   <div class='ocr_carea' id='block_1_66' title="bbox 578 4942 2137 5020">
    <p class='ocr_par' dir='ltr' id='par_1_66' title="bbox 578 4942 2137 5020">
     <span class='ocr_line' id='line_1_66' title="bbox 578 4942 2137 5020; baseline 0.005 -25"><span class='ocrx_word' id='word_1_491' title='bbox 578 4943 660 4996; x_wconf 83' lang='grc' dir='ltr'>ΧΙ.</span> <span class='ocrx_word' id='word_1_492' title='bbox 693 4942 905 4996; x_wconf 86' lang='lat' dir='ltr'>Placuit</span> <span class='ocrx_word' id='word_1_493' title='bbox 930 4946 984 4998; x_wconf 91' lang='lat' dir='ltr'>et</span> <span class='ocrx_word' id='word_1_494' title='bbox 1013 4943 1150 4999; x_wconf 92' lang='lat' dir='ltr'>illud</span> <span class='ocrx_word' id='word_1_495' title='bbox 1197 4947 1462 5003; x_wconf 87' lang='lat' dir='ltr'>adversus</span> <span class='ocrx_word' id='word_1_496' title='bbox 1500 4949 1930 5018; x_wconf 54' lang='lat' dir='ltr'>hereticosfvel</span> <span class='ocrx_word' id='word_1_497' title='bbox 1961 4966 2137 5020; x_wconf 86' lang='lat' dir='ltr'>paga-</span> 
     </span>
    </p>
   </div>
   <div class='ocr_carea' id='block_1_67' title="bbox 506 5036 2138 5113">
    <p class='ocr_par' dir='ltr' id='par_1_67' title="bbox 506 5036 2138 5113">
     <span class='ocr_line' id='line_1_67' title="bbox 506 5036 2138 5113; baseline 0.006 -25"><span class='ocrx_word' id='word_1_498' title='bbox 506 5050 632 5101; x_wconf 90' lang='lat' dir='ltr'>nos,</span> <span class='ocrx_word' id='word_1_499' title='bbox 659 5036 747 5089; x_wconf 91' lang='lat' dir='ltr'>vel</span> <span class='ocrx_word' id='word_1_500' title='bbox 776 5053 976 5090; x_wconf 88' lang='lat' dir='ltr'>eorum</span> <span class='ocrx_word' id='word_1_501' title='bbox 1006 5040 1460 5111; x_wconf 88' lang='lat' dir='ltr'>superstitiones,</span> <span class='ocrx_word' id='word_1_502' title='bbox 1479 5043 1736 5113; x_wconf 89' lang='lat' dir='ltr'>utlegati</span> <span class='ocrx_word' id='word_1_503' title='bbox 1757 5043 1911 5097; x_wconf 91' lang='lat' dir='ltr'>missi</span> <span class='ocrx_word' id='word_1_504' title='bbox 1937 5043 2007 5097; x_wconf 88' lang='lat' dir='ltr'>de</span> <span class='ocrx_word' id='word_1_505' title='bbox 2029 5043 2138 5098; x_wconf 90' lang='lat' dir='ltr'>hoc</span> 
     </span>
    </p>
   </div>
   <div class='ocr_carea' id='block_1_68' title="bbox 508 5128 2139 5206">
    <p class='ocr_par' dir='ltr' id='par_1_68' title="bbox 508 5128 2139 5206">
     <span class='ocr_line' id='line_1_68' title="bbox 508 5128 2139 5206; baseline 0.005 -24"><span class='ocrx_word' id='word_1_506' title='bbox 508 5128 754 5198; x_wconf 83' lang='lat' dir='ltr'>glorioso</span> <span class='ocrx_word' id='word_1_507' title='bbox 786 5130 1026 5185; x_wconf 91' lang='lat' dir='ltr'>concilio</span> <span class='ocrx_word' id='word_1_508' title='bbox 1053 5133 1327 5204; x_wconf 81' lang='lat' dir='ltr'>quidquid</span> <span class='ocrx_word' id='word_1_509' title='bbox 1356 5135 1490 5190; x_wconf 90' lang='lat' dir='ltr'>utile</span> <span class='ocrx_word' id='word_1_510' title='bbox 1506 5135 1858 5206; x_wconf 89' lang='lat' dir='ltr'>providerint</span> <span class='ocrx_word' id='word_1_511' title='bbox 1875 5153 1908 5190; x_wconf 87' lang='lat' dir='ltr'>a</span> <span class='ocrx_word' id='word_1_512' title='bbox 1935 5136 2139 5206; x_wconf 85' lang='lat' dir='ltr'>glorio-</span> 
     </span>
    </p>
   </div>
   <div class='ocr_carea' id='block_1_69' title="bbox 505 5221 1480 5298">
    <p class='ocr_par' dir='ltr' id='par_1_69' title="bbox 505 5221 1480 5298">
     <span class='ocr_line' id='line_1_69' title="bbox 505 5221 1480 5298; baseline 0.009 -24"><span class='ocrx_word' id='word_1_513' title='bbox 505 5221 738 5277; x_wconf 89' lang='lat' dir='ltr'>sissimis</span> <span class='ocrx_word' id='word_1_514' title='bbox 766 5223 1118 5295; x_wconf 87' lang='lat' dir='ltr'>principibus</span> <span class='ocrx_word' id='word_1_515' title='bbox 1148 5225 1480 5298; x_wconf 88' lang='lat' dir='ltr'>impetrent.</span> 
     </span>
    </p>
   </div>
   <div class='ocr_carea' id='block_1_70' title="bbox 576 5317 2136 5394">
    <p class='ocr_par' dir='ltr' id='par_1_70' title="bbox 576 5317 2136 5394">
     <span class='ocr_line' id='line_1_70' title="bbox 576 5317 2136 5394; baseline 0.005 -23"><span class='ocrx_word' id='word_1_516' title='bbox 576 5317 681 5373; x_wconf 79' lang='lat' dir='ltr'><strong>XII.</strong></span> <span class='ocrx_word' id='word_1_517' title='bbox 710 5318 930 5372; x_wconf 88' lang='lat' dir='ltr'>Placuit</span> <span class='ocrx_word' id='word_1_518' title='bbox 962 5318 1134 5373; x_wconf 86' lang='lat' dir='ltr'>etiam</span> <span class='ocrx_word' id='word_1_519' title='bbox 1172 5325 1228 5375; x_wconf 93' lang='lat' dir='ltr'>et</span> <span class='ocrx_word' id='word_1_520' title='bbox 1262 5320 1420 5391; x_wconf 91' lang='lat' dir='ltr'>illud,</span> <span class='ocrx_word' id='word_1_521' title='bbox 1464 5325 1529 5376; x_wconf 90' lang='lat' dir='ltr'>ut</span> <span class='ocrx_word' id='word_1_522' title='bbox 1563 5339 1758 5394; x_wconf 90' lang='lat' dir='ltr'>preces</span> <span class='ocrx_word' id='word_1_523' title='bbox 1799 5324 1887 5377; x_wconf 89' lang='lat' dir='ltr'>vel</span> <span class='ocrx_word' id='word_1_524' title='bbox 1927 5323 2136 5378; x_wconf 88' lang='lat' dir='ltr'>oratio-</span> 
     </span>
    </p>
   </div>
   <div class='ocr_carea' id='block_1_71' title="bbox 508 5411 2138 5486">
    <p class='ocr_par' dir='ltr' id='par_1_71' title="bbox 508 5411 2138 5486">
     <span class='ocr_line' id='line_1_71' title="bbox 508 5411 2138 5486; baseline 0.006 -22"><span class='ocrx_word' id='word_1_525' title='bbox 508 5428 627 5480; x_wconf 89' lang='lat' dir='ltr'>nes,</span> <span class='ocrx_word' id='word_1_526' title='bbox 657 5427 758 5466; x_wconf 89' lang='lat' dir='ltr'>seu</span> <span class='ocrx_word' id='word_1_527' title='bbox 780 5411 966 5467; x_wconf 85' lang='lat' dir='ltr'>missae</span> <span class='ocrx_word' id='word_1_528' title='bbox 993 5429 1120 5484; x_wconf 62' lang='lat' dir='ltr'>quae</span> <span class='ocrx_word' id='word_1_529' title='bbox 1143 5414 1392 5484; x_wconf 69' lang='lat' dir='ltr'>probatae</span> <span class='ocrx_word' id='word_1_530' title='bbox 1414 5416 1624 5472; x_wconf 88' lang='lat' dir='ltr'>fuerint</span> <span class='ocrx_word' id='word_1_531' title='bbox 1642 5417 1704 5472; x_wconf 90' lang='lat' dir='ltr'>in</span> <span class='ocrx_word' id='word_1_532' title='bbox 1733 5417 1994 5486; x_wconf 91' lang='lat' dir='ltr'>concilio,</span> <span class='ocrx_word' id='word_1_533' title='bbox 2023 5419 2138 5473; x_wconf 90' lang='lat' dir='ltr'>sive</span> 
     </span>
    </p>
   </div>
   <div class='ocr_carea' id='block_1_72' title="bbox 503 5505 2134 5585">
    <p class='ocr_par' dir='ltr' id='par_1_72' title="bbox 503 5505 2134 5585">
     <span class='ocr_line' id='line_1_72' title="bbox 503 5505 2134 5585; baseline 0.005 -25"><span class='ocrx_word' id='word_1_534' title='bbox 503 5505 882 5574; x_wconf 72' lang='lat' dir='ltr'>praefationes,</span> <span class='ocrx_word' id='word_1_535' title='bbox 905 5506 1018 5561; x_wconf 87' lang='lat' dir='ltr'>sive</span> <span class='ocrx_word' id='word_1_536' title='bbox 1045 5509 1584 5579; x_wconf 87' lang='lat' dir='ltr'>commendationes,</span> <span class='ocrx_word' id='word_1_537' title='bbox 1611 5527 1707 5566; x_wconf 92' lang='lat' dir='ltr'>seu</span> <span class='ocrx_word' id='word_1_538' title='bbox 1729 5528 1932 5567; x_wconf 90' lang='lat' dir='ltr'>manus</span> <span class='ocrx_word' id='word_1_539' title='bbox 1953 5512 2134 5585; x_wconf 82' lang='lat' dir='ltr'>impo-</span> 
     </span>
    </p>
   </div>
   <div class='ocr_carea' id='block_1_73' title="bbox 506 5597 2136 5672">
    <p class='ocr_par' dir='ltr' id='par_1_73' title="bbox 506 5597 2136 5672">
     <span class='ocr_line' id='line_1_73' title="bbox 506 5597 2136 5672; baseline 0.007 -22"><span class='ocrx_word' id='word_1_540' title='bbox 506 5597 736 5654; x_wconf 89' lang='lat' dir='ltr'>sitiones</span> <span class='ocrx_word' id='word_1_541' title='bbox 774 5599 845 5653; x_wconf 88' lang='lat' dir='ltr'>ab</span> <span class='ocrx_word' id='word_1_542' title='bbox 883 5601 1150 5655; x_wconf 90' lang='lat' dir='ltr'>omnibus</span> <span class='ocrx_word' id='word_1_543' title='bbox 1189 5602 1570 5672; x_wconf 90' lang='lat' dir='ltr'>celebrentur,</span> <span class='ocrx_word' id='word_1_544' title='bbox 1598 5622 1704 5660; x_wconf 89' lang='lat' dir='ltr'>nec</span> <span class='ocrx_word' id='word_1_545' title='bbox 1734 5607 1861 5662; x_wconf 71' lang='lat' dir='ltr'>aliae</span> <span class='ocrx_word' id='word_1_546' title='bbox 1902 5607 2136 5663; x_wconf 90' lang='lat' dir='ltr'>omnino</span> 
     </span>
    </p>
   </div>
   <div class='ocr_carea' id='block_1_74' title="bbox 509 5689 2134 5771">
    <p class='ocr_par' dir='ltr' id='par_1_74' title="bbox 509 5689 2134 5771">
     <span class='ocr_line' id='line_1_74' title="bbox 509 5689 2134 5771; baseline 0.007 -28"><span class='ocrx_word' id='word_1_547' title='bbox 509 5689 767 5746; x_wconf 84' lang='lat' dir='ltr'>dicantur</span> <span class='ocrx_word' id='word_1_548' title='bbox 796 5693 854 5748; x_wconf 95' lang='lat' dir='ltr'>in</span> <span class='ocrx_word' id='word_1_549' title='bbox 881 5695 1137 5762; x_wconf 84' lang='lat' dir='ltr'>ecclesia,</span> <span class='ocrx_word' id='word_1_550' title='bbox 1169 5696 1275 5752; x_wconf 89' lang='lat' dir='ltr'>nisi</span> <span class='ocrx_word' id='word_1_551' title='bbox 1301 5714 1431 5768; x_wconf 64' lang='lat' dir='ltr'>quae</span> <span class='ocrx_word' id='word_1_552' title='bbox 1467 5715 1499 5752; x_wconf 91' lang='lat' dir='ltr'>a</span> <span class='ocrx_word' id='word_1_553' title='bbox 1535 5700 1995 5771; x_wconf 83' lang='lat' dir='ltr'>prudentioribus</span> <span class='ocrx_word' id='word_1_554' title='bbox 2022 5705 2134 5756; x_wconf 86' lang='lat' dir='ltr'>tra-</span> 
     </span>
    </p>
   </div>
   <div class='ocr_carea' id='block_1_75' title="bbox 509 5785 2136 5867">
    <p class='ocr_par' dir='ltr' id='par_1_75' title="bbox 509 5785 2136 5867">
     <span class='ocr_line' id='line_1_75' title="bbox 509 5785 2136 5867; baseline 0.012 -33"><span class='ocrx_word' id='word_1_555' title='bbox 509 5785 666 5837; x_wconf 81' lang='lat' dir='ltr'>ctatae</span> <span class='ocrx_word' id='word_1_556' title='bbox 699 5785 783 5840; x_wconf 90' lang='lat' dir='ltr'>vel</span> <span class='ocrx_word' id='word_1_557' title='bbox 823 5789 1203 5862; x_wconf 70' lang='lat' dir='ltr'>comprobatae</span> <span class='ocrx_word' id='word_1_558' title='bbox 1248 5792 1305 5848; x_wconf 89' lang='lat' dir='ltr'>in</span> <span class='ocrx_word' id='word_1_559' title='bbox 1348 5794 1564 5867; x_wconf 86' lang='lat' dir='ltr'>synodo</span> <span class='ocrx_word' id='word_1_560' title='bbox 1601 5795 1832 5867; x_wconf 85' lang='lat' dir='ltr'>fuerint,</span> <span class='ocrx_word' id='word_1_561' title='bbox 1877 5813 1948 5852; x_wconf 87' lang='lat' dir='ltr'>ne</span> <span class='ocrx_word' id='word_1_562' title='bbox 1989 5795 2136 5854; x_wconf 82' lang='lat' dir='ltr'>forte</span> 
     </span>
    </p>
   </div>
   <div class='ocr_carea' id='block_1_76' title="bbox 2249 1875 3811 1946">
    <p class='ocr_par' dir='ltr' id='par_1_76' title="bbox 2249 1875 3811 1946">
     <span class='ocr_line' id='line_1_76' title="bbox 2249 1875 3811 1946; baseline 0.001 -19"><span class='ocrx_word' id='word_1_563' title='bbox 2249 1877 2462 1942; x_wconf 90' lang='lat' dir='ltr'>noster,</span> <span class='ocrx_word' id='word_1_564' title='bbox 2492 1877 2558 1927; x_wconf 91' lang='lat' dir='ltr'>ut</span> <span class='ocrx_word' id='word_1_565' title='bbox 2582 1875 2972 1946; x_wconf 86' lang='lat' dir='ltr'>unusquisque</span> <span class='ocrx_word' id='word_1_566' title='bbox 3000 1879 3262 1930; x_wconf 89' lang='lat' dir='ltr'>nostrum</span> <span class='ocrx_word' id='word_1_567' title='bbox 3285 1876 3537 1930; x_wconf 89' lang='lat' dir='ltr'>ordinem</span> <span class='ocrx_word' id='word_1_568' title='bbox 3553 1876 3646 1929; x_wconf 89' lang='lat' dir='ltr'>sibi</span> <span class='ocrx_word' id='word_1_569' title='bbox 3665 1876 3811 1929; x_wconf 83' lang='lat' dir='ltr'>decre-</span> 
     </span>
    </p>
   </div>
   <div class='ocr_carea' id='block_1_77' title="bbox 2249 1968 3811 2040">
    <p class='ocr_par' dir='ltr' id='par_1_77' title="bbox 2249 1968 3811 2040">
     <span class='ocr_line' id='line_1_77' title="bbox 2249 1968 3811 2040; baseline -0.002 -17"><span class='ocrx_word' id='word_1_570' title='bbox 2249 1973 2370 2023; x_wconf 89' lang='lat' dir='ltr'>tum</span> <span class='ocrx_word' id='word_1_571' title='bbox 2408 1983 2441 2020; x_wconf 92' lang='lat' dir='ltr'>a</span> <span class='ocrx_word' id='word_1_572' title='bbox 2485 1968 2597 2022; x_wconf 90' lang='lat' dir='ltr'>Deo</span> <span class='ocrx_word' id='word_1_573' title='bbox 2642 1972 2964 2040; x_wconf 84' lang='lat' dir='ltr'>cognoscat,</span> <span class='ocrx_word' id='word_1_574' title='bbox 3006 1973 3064 2022; x_wconf 89' lang='lat' dir='ltr'>et</span> <span class='ocrx_word' id='word_1_575' title='bbox 3106 1969 3441 2039; x_wconf 88' lang='lat' dir='ltr'>posteriores</span> <span class='ocrx_word' id='word_1_576' title='bbox 3493 1969 3811 2022; x_wconf 90' lang='lat' dir='ltr'>anterioribus</span> 
     </span>
    </p>
   </div>
   <div class='ocr_carea' id='block_1_78' title="bbox 2251 2062 3810 2134">
    <p class='ocr_par' dir='ltr' id='par_1_78' title="bbox 2251 2062 3810 2134">
     <span class='ocr_line' id='line_1_78' title="bbox 2251 2062 3810 2134; baseline -0.002 -18"><span class='ocrx_word' id='word_1_577' title='bbox 2251 2062 2529 2129; x_wconf 87' lang='lat' dir='ltr'>deferant,</span> <span class='ocrx_word' id='word_1_578' title='bbox 2567 2079 2672 2117; x_wconf 90' lang='lat' dir='ltr'>nec</span> <span class='ocrx_word' id='word_1_579' title='bbox 2717 2063 2797 2116; x_wconf 91' lang='lat' dir='ltr'>eis</span> <span class='ocrx_word' id='word_1_580' title='bbox 2839 2062 3168 2118; x_wconf 83' lang='lat' dir='ltr'>incOnsultis</span> <span class='ocrx_word' id='word_1_581' title='bbox 3205 2063 3418 2134; x_wconf 88' lang='lat' dir='ltr'>aliquid</span> <span class='ocrx_word' id='word_1_582' title='bbox 3452 2079 3610 2133; x_wconf 85' lang='lat' dir='ltr'>agere</span> <span class='ocrx_word' id='word_1_583' title='bbox 3641 2079 3810 2132; x_wconf 62' lang='lat' dir='ltr'>praesu-</span> 
     </span>
    </p>
   </div>
   <div class='ocr_carea' id='block_1_79' title="bbox 2251 2155 3814 2227">
    <p class='ocr_par' dir='ltr' id='par_1_79' title="bbox 2251 2155 3814 2227">
     <span class='ocr_line' id='line_1_79' title="bbox 2251 2155 3814 2227; baseline -0.002 -18"><span class='ocrx_word' id='word_1_584' title='bbox 2251 2161 2428 2210; x_wconf 89' lang='lat' dir='ltr'>mant.</span> <span class='ocrx_word' id='word_1_585' title='bbox 2461 2158 2582 2221; x_wconf 88' lang='lat' dir='ltr'>Qua</span> <span class='ocrx_word' id='word_1_586' title='bbox 2608 2157 2676 2211; x_wconf 90' lang='lat' dir='ltr'>de</span> <span class='ocrx_word' id='word_1_587' title='bbox 2705 2173 2767 2209; x_wconf 87' lang='lat' dir='ltr'>re</span> <span class='ocrx_word' id='word_1_588' title='bbox 2807 2159 3031 2226; x_wconf 89' lang='lat' dir='ltr'>oportet</span> <span class='ocrx_word' id='word_1_589' title='bbox 3067 2173 3162 2210; x_wconf 91' lang='lat' dir='ltr'>eos</span> <span class='ocrx_word' id='word_1_590' title='bbox 3202 2156 3300 2227; x_wconf 92' lang='lat' dir='ltr'>qui</span> <span class='ocrx_word' id='word_1_591' title='bbox 3330 2157 3632 2227; x_wconf 85' lang='lat' dir='ltr'>putaverint</span> <span class='ocrx_word' id='word_1_592' title='bbox 3656 2155 3814 2226; x_wconf 85' lang='lat' dir='ltr'>spretis</span> 
     </span>
    </p>
   </div>
   <div class='ocr_carea' id='block_1_80' title="bbox 2249 2249 3814 2320">
    <p class='ocr_par' dir='ltr' id='par_1_80' title="bbox 2249 2249 3814 2320">
     <span class='ocr_line' id='line_1_80' title="bbox 2249 2249 3814 2320; baseline -0.002 -17"><span class='ocrx_word' id='word_1_593' title='bbox 2249 2250 2564 2319; x_wconf 85' lang='lat' dir='ltr'>majoribus</span> <span class='ocrx_word' id='word_1_594' title='bbox 2595 2249 2806 2320; x_wconf 88' lang='lat' dir='ltr'>aliquid</span> <span class='ocrx_word' id='word_1_595' title='bbox 2837 2249 3304 2319; x_wconf 63' lang='lat' dir='ltr'>praesumendum</span> <span class='ocrx_word' id='word_1_596' title='bbox 3335 2252 3698 2320; x_wconf 89' lang='lat' dir='ltr'>competenter</span> <span class='ocrx_word' id='word_1_597' title='bbox 3723 2264 3814 2301; x_wconf 83' lang='lat' dir='ltr'>esse</span> 
     </span>
    </p>
   </div>
   <div class='ocr_carea' id='block_1_81' title="bbox 2249 2341 3812 2412">
    <p class='ocr_par' dir='ltr' id='par_1_81' title="bbox 2249 2341 3812 2412">
     <span class='ocr_line' id='line_1_81' title="bbox 2249 2341 3812 2412; baseline -0.002 -16"><span class='ocrx_word' id='word_1_598' title='bbox 2249 2342 2319 2396; x_wconf 90' lang='lat' dir='ltr'>ab</span> <span class='ocrx_word' id='word_1_599' title='bbox 2347 2343 2503 2396; x_wconf 90' lang='lat' dir='ltr'>omni</span> <span class='ocrx_word' id='word_1_600' title='bbox 2531 2343 2768 2397; x_wconf 90' lang='lat' dir='ltr'>concilio</span> <span class='ocrx_word' id='word_1_601' title='bbox 2786 2343 3149 2397; x_wconf 88' lang='lat' dir='ltr'>coercendos.</span> <span class='ocrx_word' id='word_1_602' title='bbox 3174 2343 3429 2397; x_wconf 89' lang='lat' dir='ltr'>Universi</span> <span class='ocrx_word' id='word_1_603' title='bbox 3450 2342 3675 2412; x_wconf 86' lang='lat' dir='ltr'>episcopi</span> <span class='ocrx_word' id='word_1_604' title='bbox 3693 2341 3812 2395; x_wconf 80' lang='lat' dir='ltr'>dixe-</span> 
     </span>
    </p>
   </div>
   <div class='ocr_carea' id='block_1_82' title="bbox 2250 2435 3817 2506">
    <p class='ocr_par' dir='ltr' id='par_1_82' title="bbox 2250 2435 3817 2506">
     <span class='ocr_line' id='line_1_82' title="bbox 2250 2435 3817 2506; baseline -0.002 -17"><span class='ocrx_word' id='word_1_605' title='bbox 2250 2441 2426 2491; x_wconf 86' lang='lat' dir='ltr'>runt:</span> <span class='ocrx_word' id='word_1_606' title='bbox 2476 2436 2572 2490; x_wconf 92' lang='lat' dir='ltr'>[lic</span> <span class='ocrx_word' id='word_1_607' title='bbox 2601 2437 2738 2491; x_wconf 90' lang='lat' dir='ltr'>ordo</span> <span class='ocrx_word' id='word_1_608' title='bbox 2790 2441 2846 2491; x_wconf 91' lang='lat' dir='ltr'>et</span> <span class='ocrx_word' id='word_1_609' title='bbox 2886 2453 2919 2490; x_wconf 90' lang='lat' dir='ltr'>a</span> <span class='ocrx_word' id='word_1_610' title='bbox 2963 2436 3220 2506; x_wconf 87' lang='lat' dir='ltr'>patribus</span> <span class='ocrx_word' id='word_1_611' title='bbox 3269 2440 3326 2490; x_wconf 89' lang='lat' dir='ltr'>et</span> <span class='ocrx_word' id='word_1_612' title='bbox 3365 2453 3399 2490; x_wconf 93' lang='lat' dir='ltr'>a</span> <span class='ocrx_word' id='word_1_613' title='bbox 3439 2435 3719 2506; x_wconf 88' lang='lat' dir='ltr'>majoribus</span> <span class='ocrx_word' id='word_1_614' title='bbox 3753 2437 3817 2488; x_wconf 83' lang='lat' dir='ltr'>est</span> 
     </span>
    </p>
   </div>
   <div class='ocr_carea' id='block_1_83' title="bbox 2251 2528 3814 2600">
    <p class='ocr_par' dir='ltr' id='par_1_83' title="bbox 2251 2528 3814 2600">
     <span class='ocr_line' id='line_1_83' title="bbox 2251 2528 3814 2600; baseline -0.002 -18"><span class='ocrx_word' id='word_1_615' title='bbox 2251 2534 2519 2595; x_wconf 87' lang='lat' dir='ltr'>servatus,</span> <span class='ocrx_word' id='word_1_616' title='bbox 2550 2534 2606 2584; x_wconf 91' lang='lat' dir='ltr'>et</span> <span class='ocrx_word' id='word_1_617' title='bbox 2649 2548 2681 2584; x_wconf 89' lang='lat' dir='ltr'>a</span> <span class='ocrx_word' id='word_1_618' title='bbox 2717 2529 2879 2584; x_wconf 90' lang='lat' dir='ltr'>nobis</span> <span class='ocrx_word' id='word_1_619' title='bbox 2921 2532 3032 2584; x_wconf 90' lang='lat' dir='ltr'>Deo</span> <span class='ocrx_word' id='word_1_620' title='bbox 3070 2530 3316 2600; x_wconf 90' lang='lat' dir='ltr'>propitio</span> <span class='ocrx_word' id='word_1_621' title='bbox 3353 2529 3664 2594; x_wconf 90' lang='lat' dir='ltr'>servabitur,</span> <span class='ocrx_word' id='word_1_622' title='bbox 3697 2528 3814 2581; x_wconf 82' lang='lat' dir='ltr'>salvo</span> 
     </span>
    </p>
   </div>
   <div class='ocr_carea' id='block_1_84' title="bbox 2251 2622 3646 2693">
    <p class='ocr_par' dir='ltr' id='par_1_84' title="bbox 2251 2622 3646 2693">
     <span class='ocr_line' id='line_1_84' title="bbox 2251 2622 3646 2693; baseline 0 -17"><span class='ocrx_word' id='word_1_623' title='bbox 2251 2622 2423 2676; x_wconf 90' lang='lat' dir='ltr'>etiam</span> <span class='ocrx_word' id='word_1_624' title='bbox 2447 2623 2578 2693; x_wconf 85' lang='lat' dir='ltr'>jure</span> <span class='ocrx_word' id='word_1_625' title='bbox 2607 2623 2884 2693; x_wconf 89' lang='lat' dir='ltr'>primatus</span> <span class='ocrx_word' id='word_1_626' title='bbox 2911 2623 3185 2677; x_wconf 56' lang='lat' dir='ltr'>Numidia</span> <span class='ocrx_word' id='word_1_627' title='bbox 3213 2629 3273 2677; x_wconf 90' lang='lat' dir='ltr'>et</span> <span class='ocrx_word' id='word_1_628' title='bbox 3294 2623 3646 2678; x_wconf 62' lang='lat' dir='ltr'>Mauritaniae.</span> 
     </span>
    </p>
   </div>
   <div class='ocr_carea' id='block_1_85' title="bbox 2321 2719 3812 2797">
    <p class='ocr_par' dir='ltr' id='par_1_85' title="bbox 2321 2719 3812 2797">
     <span class='ocr_line' id='line_1_85' title="bbox 2321 2719 3812 2797; baseline -0.004 -17"><span class='ocrx_word' id='word_1_629' title='bbox 2321 2727 2448 2780; x_wconf 89' lang='lat' dir='ltr'>XIV.</span> <span class='ocrx_word' id='word_1_630' title='bbox 2501 2724 2717 2780; x_wconf 90' lang='lat' dir='ltr'>Deinde</span> <span class='ocrx_word' id='word_1_631' title='bbox 2770 2725 2986 2796; x_wconf 88' lang='lat' dir='ltr'>placuit</span> <span class='ocrx_word' id='word_1_632' title='bbox 3023 2730 3086 2779; x_wconf 89' lang='lat' dir='ltr'>ut</span> <span class='ocrx_word' id='word_1_633' title='bbox 3129 2725 3456 2797; x_wconf 89' lang='lat' dir='ltr'>quicunque</span> <span class='ocrx_word' id='word_1_634' title='bbox 3497 2725 3733 2793; x_wconf 86' lang='lat' dir='ltr'>deinceps</span> <span class='ocrx_word' id='word_1_635' title='bbox 3763 2719 3812 2774; x_wconf 84' lang='lat' dir='ltr'>ab</span> 
     </span>
    </p>
   </div>
   <div class='ocr_carea' id='block_1_86' title="bbox 2249 2816 3816 2891">
    <p class='ocr_par' dir='ltr' id='par_1_86' title="bbox 2249 2816 3816 2891">
     <span class='ocr_line' id='line_1_86' title="bbox 2249 2816 3816 2891; baseline -0.004 -18"><span class='ocrx_word' id='word_1_636' title='bbox 2249 2819 2527 2890; x_wconf 88' lang='lat' dir='ltr'>episcopis</span> <span class='ocrx_word' id='word_1_637' title='bbox 2556 2818 2909 2888; x_wconf 89' lang='lat' dir='ltr'>ordinantur,</span> <span class='ocrx_word' id='word_1_638' title='bbox 2939 2819 3153 2874; x_wconf 88' lang='lat' dir='ltr'>litteras</span> <span class='ocrx_word' id='word_1_639' title='bbox 3183 2819 3464 2891; x_wconf 88' lang='lat' dir='ltr'>accipiant</span> <span class='ocrx_word' id='word_1_640' title='bbox 3485 2819 3550 2873; x_wconf 88' lang='lat' dir='ltr'>ab</span> <span class='ocrx_word' id='word_1_641' title='bbox 3576 2816 3816 2871; x_wconf 82' lang='lat' dir='ltr'>ordinato-</span> 
     </span>
    </p>
   </div>
   <div class='ocr_carea' id='block_1_87' title="bbox 2247 2911 3814 2982">
    <p class='ocr_par' dir='ltr' id='par_1_87' title="bbox 2247 2911 3814 2982">
     <span class='ocr_line' id='line_1_87' title="bbox 2247 2911 3814 2982; baseline -0.003 -17"><span class='ocrx_word' id='word_1_642' title='bbox 2247 2911 2402 2965; x_wconf 87' lang='lat' dir='ltr'>ribus</span> <span class='ocrx_word' id='word_1_643' title='bbox 2423 2912 2538 2965; x_wconf 91' lang='lat' dir='ltr'>suis</span> <span class='ocrx_word' id='word_1_644' title='bbox 2551 2927 2724 2965; x_wconf 88' lang='lat' dir='ltr'>manu</span> <span class='ocrx_word' id='word_1_645' title='bbox 2756 2928 2954 2966; x_wconf 91' lang='lat' dir='ltr'>eorum</span> <span class='ocrx_word' id='word_1_646' title='bbox 2973 2911 3186 2966; x_wconf 82' lang='lat' dir='ltr'>subseri</span> <span class='ocrx_word' id='word_1_647' title='bbox 3195 2916 3339 2982; x_wconf 90' lang='lat' dir='ltr'>ptas,</span> <span class='ocrx_word' id='word_1_648' title='bbox 3359 2913 3691 2967; x_wconf 87' lang='lat' dir='ltr'>continentes</span> <span class='ocrx_word' id='word_1_649' title='bbox 3713 2924 3814 2964; x_wconf 90' lang='lat' dir='ltr'>con-</span> 
     </span>
    </p>
   </div>
   <div class='ocr_carea' id='block_1_88' title="bbox 2248 3003 3818 3077">
    <p class='ocr_par' dir='ltr' id='par_1_88' title="bbox 2248 3003 3818 3077">
     <span class='ocr_line' id='line_1_88' title="bbox 2248 3003 3818 3077; baseline -0.002 -19"><span class='ocrx_word' id='word_1_650' title='bbox 2248 3006 2430 3058; x_wconf 91' lang='lat' dir='ltr'>sulem</span> <span class='ocrx_word' id='word_1_651' title='bbox 2461 3010 2515 3059; x_wconf 91' lang='lat' dir='ltr'>et</span> <span class='ocrx_word' id='word_1_652' title='bbox 2540 3004 2712 3073; x_wconf 91' lang='lat' dir='ltr'>diem,</span> <span class='ocrx_word' id='word_1_653' title='bbox 2762 3009 2825 3059; x_wconf 87' lang='lat' dir='ltr'>ut</span> <span class='ocrx_word' id='word_1_654' title='bbox 2860 3006 3016 3060; x_wconf 89' lang='lat' dir='ltr'>nulla</span> <span class='ocrx_word' id='word_1_655' title='bbox 3051 3006 3344 3061; x_wconf 82' lang='lat' dir='ltr'>altercatio</span> <span class='ocrx_word' id='word_1_656' title='bbox 3368 3007 3436 3061; x_wconf 92' lang='lat' dir='ltr'>de</span> <span class='ocrx_word' id='word_1_657' title='bbox 3474 3003 3818 3077; x_wconf 87' lang='lat' dir='ltr'>posterioribus</span> 
     </span>
    </p>
   </div>
   <div class='ocr_carea' id='block_1_89' title="bbox 2166 3097 2999 3207">
    <p class='ocr_par' dir='ltr' id='par_1_89' title="bbox 2166 3097 2999 3207">
     <span class='ocr_line' id='line_1_89' title="bbox 2166 3097 2999 3207; baseline 0.001 -55"><span class='ocrx_word' id='word_1_658' title='bbox 2166 3133 2220 3207; x_wconf 81' lang='lat' dir='ltr'><strong>C</strong></span> <span class='ocrx_word' id='word_1_659' title='bbox 2245 3099 2332 3152; x_wconf 91' lang='lat' dir='ltr'>vel</span> <span class='ocrx_word' id='word_1_660' title='bbox 2357 3097 2737 3152; x_wconf 89' lang='lat' dir='ltr'>anterioribus</span> <span class='ocrx_word' id='word_1_661' title='bbox 2767 3098 2999 3153; x_wconf 90' lang='lat' dir='ltr'>oriatur.</span> 
     </span>
    </p>
   </div>
   <div class='ocr_carea' id='block_1_90' title="bbox 2317 3197 3819 3271">
    <p class='ocr_par' dir='ltr' id='par_1_90' title="bbox 2317 3197 3819 3271">
     <span class='ocr_line' id='line_1_90' title="bbox 2317 3197 3819 3271; baseline -0.001 -18"><span class='ocrx_word' id='word_1_662' title='bbox 2317 3201 2422 3253; x_wconf 89' lang='lat' dir='ltr'>XV.</span> <span class='ocrx_word' id='word_1_663' title='bbox 2471 3201 2612 3255; x_wconf 90' lang='lat' dir='ltr'>Item</span> <span class='ocrx_word' id='word_1_664' title='bbox 2656 3199 2872 3271; x_wconf 91' lang='lat' dir='ltr'>placuit</span> <span class='ocrx_word' id='word_1_665' title='bbox 2911 3205 2972 3255; x_wconf 93' lang='lat' dir='ltr'>ut</span> <span class='ocrx_word' id='word_1_666' title='bbox 3036 3199 3364 3271; x_wconf 89' lang='lat' dir='ltr'>quicunque</span> <span class='ocrx_word' id='word_1_667' title='bbox 3414 3202 3470 3255; x_wconf 90' lang='lat' dir='ltr'>in</span> <span class='ocrx_word' id='word_1_668' title='bbox 3511 3199 3719 3255; x_wconf 85' lang='lat' dir='ltr'>ecclesia</span> <span class='ocrx_word' id='word_1_669' title='bbox 3754 3197 3819 3249; x_wconf 84' lang='lat' dir='ltr'>vel</span> 
     </span>
    </p>
   </div>
   <div class='ocr_carea' id='block_1_91' title="bbox 2248 3293 3819 3363">
    <p class='ocr_par' dir='ltr' id='par_1_91' title="bbox 2248 3293 3819 3363">
     <span class='ocr_line' id='line_1_91' title="bbox 2248 3293 3819 3363; baseline -0.003 -16"><span class='ocrx_word' id='word_1_670' title='bbox 2248 3293 2425 3347; x_wconf 92' lang='lat' dir='ltr'>semel</span> <span class='ocrx_word' id='word_1_671' title='bbox 2462 3293 2666 3363; x_wconf 88' lang='lat' dir='ltr'>legerit</span> <span class='ocrx_word' id='word_1_672' title='bbox 2707 3293 2779 3347; x_wconf 89' lang='lat' dir='ltr'>ab</span> <span class='ocrx_word' id='word_1_673' title='bbox 2816 3293 2925 3347; x_wconf 88' lang='lat' dir='ltr'>alia</span> <span class='ocrx_word' id='word_1_674' title='bbox 2966 3293 3220 3362; x_wconf 86' lang='lat' dir='ltr'>ecclesia,</span> <span class='ocrx_word' id='word_1_675' title='bbox 3269 3295 3345 3349; x_wconf 90' lang='lat' dir='ltr'>ad</span> <span class='ocrx_word' id='word_1_676' title='bbox 3389 3295 3698 3349; x_wconf 87' lang='lat' dir='ltr'>clericatum</span> <span class='ocrx_word' id='word_1_677' title='bbox 3731 3305 3819 3344; x_wconf 88' lang='lat' dir='ltr'>non</span> 
     </span>
    </p>
   </div>
   <div class='ocr_carea' id='block_1_92' title="bbox 2245 3390 2531 3441">
    <p class='ocr_par' dir='ltr' id='par_1_92' title="bbox 2245 3390 2531 3441">
     <span class='ocr_line' id='line_1_92' title="bbox 2245 3390 2531 3441; baseline -0.007 0"><span class='ocrx_word' id='word_1_678' title='bbox 2245 3390 2531 3441; x_wconf 88' lang='lat' dir='ltr'>teneatur.</span> 
     </span>
    </p>
   </div>
   <div class='ocr_carea' id='block_1_93' title="bbox 2317 3495 3819 3569">
    <p class='ocr_par' dir='ltr' id='par_1_93' title="bbox 2317 3495 3819 3569">
     <span class='ocr_line' id='line_1_93' title="bbox 2317 3495 3819 3569; baseline -0.003 -16"><span class='ocrx_word' id='word_1_679' title='bbox 2317 3499 2444 3553; x_wconf 77' lang='lat' dir='ltr'><strong>XVI.</strong></span> <span class='ocrx_word' id='word_1_680' title='bbox 2474 3497 2687 3552; x_wconf 91' lang='lat' dir='ltr'>Placuit</span> <span class='ocrx_word' id='word_1_681' title='bbox 2713 3502 3011 3569; x_wconf 68' lang='lat' dir='ltr'>praeterea,</span> <span class='ocrx_word' id='word_1_682' title='bbox 3049 3503 3109 3554; x_wconf 95' lang='lat' dir='ltr'>ut</span> <span class='ocrx_word' id='word_1_683' title='bbox 3139 3501 3554 3555; x_wconf 89' lang='lat' dir='ltr'>exsecutoribus</span> <span class='ocrx_word' id='word_1_684' title='bbox 3585 3500 3638 3554; x_wconf 88' lang='lat' dir='ltr'>in</span> <span class='ocrx_word' id='word_1_685' title='bbox 3673 3495 3819 3552; x_wconf 91' lang='lat' dir='ltr'>omni-</span> 
     </span>
    </p>
   </div>
   <div class='ocr_carea' id='block_1_94' title="bbox 2245 3591 3821 3665">
    <p class='ocr_par' dir='ltr' id='par_1_94' title="bbox 2245 3591 3821 3665">
     <span class='ocr_line' id='line_1_94' title="bbox 2245 3591 3821 3665; baseline -0.004 -19"><span class='ocrx_word' id='word_1_686' title='bbox 2245 3592 2350 3646; x_wconf 88' lang='lat' dir='ltr'>bus</span> <span class='ocrx_word' id='word_1_687' title='bbox 2368 3591 2537 3662; x_wconf 89' lang='lat' dir='ltr'>justis</span> <span class='ocrx_word' id='word_1_688' title='bbox 2581 3591 2874 3646; x_wconf 88' lang='lat' dir='ltr'>desideriis</span> <span class='ocrx_word' id='word_1_689' title='bbox 2921 3593 3304 3664; x_wconf 84' lang='lat' dir='ltr'>impartiatur,</span> <span class='ocrx_word' id='word_1_690' title='bbox 3353 3595 3562 3665; x_wconf 87' lang='lat' dir='ltr'>placuit</span> <span class='ocrx_word' id='word_1_691' title='bbox 3601 3593 3747 3647; x_wconf 88' lang='lat' dir='ltr'>etiam</span> <span class='ocrx_word' id='word_1_692' title='bbox 3775 3592 3821 3640; x_wconf 90' lang='lat' dir='ltr'>ut</span> 
     </span>
    </p>
   </div>
   <div class='ocr_carea' id='block_1_95' title="bbox 2247 3685 3822 3757">
    <p class='ocr_par' dir='ltr' id='par_1_95' title="bbox 2247 3685 3822 3757">
     <span class='ocr_line' id='line_1_95' title="bbox 2247 3685 3822 3757; baseline -0.004 -17"><span class='ocrx_word' id='word_1_693' title='bbox 2247 3688 2471 3756; x_wconf 84' lang='lat' dir='ltr'>petatur</span> <span class='ocrx_word' id='word_1_694' title='bbox 2507 3702 2537 3738; x_wconf 93' lang='lat' dir='ltr'>a</span> <span class='ocrx_word' id='word_1_695' title='bbox 2585 3685 3006 3756; x_wconf 87' lang='lat' dir='ltr'>gloriosissimis</span> <span class='ocrx_word' id='word_1_696' title='bbox 3049 3686 3511 3757; x_wconf 88' lang='lat' dir='ltr'>imperatoribus,</span> <span class='ocrx_word' id='word_1_697' title='bbox 3541 3692 3600 3742; x_wconf 91' lang='lat' dir='ltr'>ut</span> <span class='ocrx_word' id='word_1_698' title='bbox 3627 3685 3822 3756; x_wconf 85' lang='lat' dir='ltr'>jubeant</span> 
     </span>
    </p>
   </div>
   <div class='ocr_carea' id='block_1_96' title="bbox 2237 3777 3822 3848">
    <p class='ocr_par' dir='ltr' id='par_1_96' title="bbox 2237 3777 3822 3848">
     <span class='ocr_line' id='line_1_96' title="bbox 2237 3777 3822 3848; baseline -0.004 -17"><span class='ocrx_word' id='word_1_699' title='bbox 2237 3777 2526 3848; x_wconf 88' lang='lat' dir='ltr'>judicibus</span> <span class='ocrx_word' id='word_1_700' title='bbox 2564 3777 2701 3832; x_wconf 89' lang='lat' dir='ltr'>dare</span> <span class='ocrx_word' id='word_1_701' title='bbox 2745 3779 2947 3848; x_wconf 91' lang='lat' dir='ltr'>petitos</span> <span class='ocrx_word' id='word_1_702' title='bbox 2991 3778 3091 3832; x_wconf 90' lang='lat' dir='ltr'>sibi</span> <span class='ocrx_word' id='word_1_703' title='bbox 3136 3779 3463 3835; x_wconf 86' lang='lat' dir='ltr'>defensores</span> <span class='ocrx_word' id='word_1_704' title='bbox 3513 3777 3822 3833; x_wconf 82' lang='lat' dir='ltr'>scholasticos</span> 
     </span>
    </p>
   </div>
   <div class='ocr_carea' id='block_1_97' title="bbox 2245 3869 3825 3942">
    <p class='ocr_par' dir='ltr' id='par_1_97' title="bbox 2245 3869 3825 3942">
     <span class='ocr_line' id='line_1_97' title="bbox 2245 3869 3825 3942; baseline -0.003 -18"><span class='ocrx_word' id='word_1_705' title='bbox 2245 3869 2373 3942; x_wconf 84' lang='lat'>88</span> <span class='ocrx_word' id='word_1_706' title='bbox 2403 3871 2501 3941; x_wconf 90' lang='lat' dir='ltr'>qui</span> <span class='ocrx_word' id='word_1_707' title='bbox 2529 3871 2586 3924; x_wconf 91' lang='lat' dir='ltr'>in</span> <span class='ocrx_word' id='word_1_708' title='bbox 2615 3874 2744 3924; x_wconf 91' lang='lat' dir='ltr'>actu</span> <span class='ocrx_word' id='word_1_709' title='bbox 2765 3871 2896 3937; x_wconf 91' lang='lat' dir='ltr'>sint,</span> <span class='ocrx_word' id='word_1_710' title='bbox 2919 3873 3004 3925; x_wconf 91' lang='lat' dir='ltr'>vel</span> <span class='ocrx_word' id='word_1_711' title='bbox 3033 3872 3089 3926; x_wconf 90' lang='lat' dir='ltr'>in</span> <span class='ocrx_word' id='word_1_712' title='bbox 3120 3873 3312 3927; x_wconf 84' lang='lat' dir='ltr'>ofﬁcio</span> <span class='ocrx_word' id='word_1_713' title='bbox 3335 3874 3708 3928; x_wconf 88' lang='lat' dir='ltr'>defensionum</span> <span class='ocrx_word' id='word_1_714' title='bbox 3727 3884 3825 3921; x_wconf 79' lang='lat' dir='ltr'>cau-</span> 
     </span>
    </p>
   </div>
   <div class='ocr_carea' id='block_1_98' title="bbox 2245 3963 3821 4032">
    <p class='ocr_par' dir='ltr' id='par_1_98' title="bbox 2245 3963 3821 4032">
     <span class='ocr_line' id='line_1_98' title="bbox 2245 3963 3821 4032; baseline 0.001 -16"><span class='ocrx_word' id='word_1_715' title='bbox 2245 3980 2438 4017; x_wconf 88' lang='lat' dir='ltr'>sarum</span> <span class='ocrx_word' id='word_1_716' title='bbox 2473 3963 2998 4031; x_wconf 88' lang='lat' dir='ltr'>ecclesiasticarum,</span> <span class='ocrx_word' id='word_1_717' title='bbox 3040 3970 3104 4018; x_wconf 90' lang='lat' dir='ltr'>ut</span> <span class='ocrx_word' id='word_1_718' title='bbox 3139 3982 3303 4019; x_wconf 90' lang='lat' dir='ltr'>more</span> <span class='ocrx_word' id='word_1_719' title='bbox 3339 3967 3680 4022; x_wconf 87' lang='lat' dir='ltr'>sacerdotum</span> <span class='ocrx_word' id='word_1_720' title='bbox 3718 3976 3821 4032; x_wconf 84' lang='lat' dir='ltr'>pro-</span> 
     </span>
    </p>
   </div>
   <div class='ocr_carea' id='block_1_99' title="bbox 2243 4055 3822 4129">
    <p class='ocr_par' dir='ltr' id='par_1_99' title="bbox 2243 4055 3822 4129">
     <span class='ocr_line' id='line_1_99' title="bbox 2243 4055 3822 4129; baseline -0.003 -20"><span class='ocrx_word' id='word_1_721' title='bbox 2243 4055 2464 4123; x_wconf 82' lang='lat' dir='ltr'>vinciae,</span> <span class='ocrx_word' id='word_1_722' title='bbox 2511 4057 2568 4110; x_wconf 92' lang='lat' dir='ltr'>id</span> <span class='ocrx_word' id='word_1_723' title='bbox 2614 4062 2717 4125; x_wconf 90' lang='lat' dir='ltr'>est,</span> <span class='ocrx_word' id='word_1_724' title='bbox 2764 4057 2868 4127; x_wconf 91' lang='lat' dir='ltr'>ipsi</span> <span class='ocrx_word' id='word_1_725' title='bbox 2929 4059 3026 4129; x_wconf 90' lang='lat' dir='ltr'>qui</span> <span class='ocrx_word' id='word_1_726' title='bbox 3066 4058 3460 4114; x_wconf 88' lang='lat' dir='ltr'>defensionem</span> <span class='ocrx_word' id='word_1_727' title='bbox 3510 4057 3822 4114; x_wconf 82' lang='lat' dir='ltr'>ecclesiarum</span> 
     </span>
    </p>
   </div>
   <div class='ocr_carea' id='block_1_100' title="bbox 2242 4148 3822 4225">
    <p class='ocr_par' dir='ltr' id='par_1_100' title="bbox 2242 4148 3822 4225">
     <span class='ocr_line' id='line_1_100' title="bbox 2242 4148 3822 4225; baseline -0.003 -23"><span class='ocrx_word' id='word_1_728' title='bbox 2242 4149 2614 4219; x_wconf 89' lang='lat' dir='ltr'>susceperint,</span> <span class='ocrx_word' id='word_1_729' title='bbox 2647 4150 2900 4205; x_wconf 89' lang='lat' dir='ltr'>habeant</span> <span class='ocrx_word' id='word_1_730' title='bbox 2930 4152 3255 4207; x_wconf 89' lang='lat' dir='ltr'>facultatem</span> <span class='ocrx_word' id='word_1_731' title='bbox 3293 4170 3401 4224; x_wconf 89' lang='lat' dir='ltr'>pro</span> <span class='ocrx_word' id='word_1_732' title='bbox 3431 4153 3660 4225; x_wconf 88' lang='lat' dir='ltr'>negotiis</span> <span class='ocrx_word' id='word_1_733' title='bbox 3683 4148 3822 4202; x_wconf 81' lang='lat' dir='ltr'>eccle-</span> 
     </span>
    </p>
   </div>
   <div class='ocr_carea' id='block_1_101' title="bbox 2243 4239 3823 4317">
    <p class='ocr_par' dir='ltr' id='par_1_101' title="bbox 2243 4239 3823 4317">
     <span class='ocr_line' id='line_1_101' title="bbox 2243 4239 3823 4317; baseline 0.001 -21"><span class='ocrx_word' id='word_1_734' title='bbox 2243 4242 2457 4296; x_wconf 91' lang='lat' dir='ltr'>siarum</span> <span class='ocrx_word' id='word_1_735' title='bbox 2487 4242 2729 4314; x_wconf 89' lang='lat' dir='ltr'>(quoties</span> <span class='ocrx_word' id='word_1_736' title='bbox 2775 4245 3075 4298; x_wconf 87' lang='lat' dir='ltr'>necessitas</span> <span class='ocrx_word' id='word_1_737' title='bbox 3120 4247 3479 4317; x_wconf 79' lang='lat' dir='ltr'>tlagitaverit)</span> <span class='ocrx_word' id='word_1_738' title='bbox 3531 4246 3613 4300; x_wconf 88' lang='lat' dir='ltr'>vel</span> <span class='ocrx_word' id='word_1_739' title='bbox 3653 4243 3714 4298; x_wconf 86' lang='lat' dir='ltr'>ad</span> <span class='ocrx_word' id='word_1_740' title='bbox 3750 4239 3823 4292; x_wconf 81' lang='lat' dir='ltr'>0b-</span> 
     </span>
    </p>
   </div>
   <div class='ocr_carea' id='block_1_102' title="bbox 2242 4336 3822 4410">
    <p class='ocr_par' dir='ltr' id='par_1_102' title="bbox 2242 4336 3822 4410">
     <span class='ocr_line' id='line_1_102' title="bbox 2242 4336 3822 4410; baseline -0.001 -21"><span class='ocrx_word' id='word_1_741' title='bbox 2242 4336 2556 4391; x_wconf 89' lang='lat' dir='ltr'>sistendum</span> <span class='ocrx_word' id='word_1_742' title='bbox 2589 4336 2787 4390; x_wconf 80' lang='lat' dir='ltr'>callide</span> <span class='ocrx_word' id='word_1_743' title='bbox 2836 4337 3247 4408; x_wconf 89' lang='lat' dir='ltr'>decipientibus</span> <span class='ocrx_word' id='word_1_744' title='bbox 3295 4342 3387 4394; x_wconf 85' lang='lat' dir='ltr'>vel</span> <span class='ocrx_word' id='word_1_745' title='bbox 3427 4336 3822 4410; x_wconf 82' lang='lat' dir='ltr'>obrepentibus,</span> 
     </span>
    </p>
   </div>
   <div class='ocr_carea' id='block_1_103' title="bbox 2242 4429 3826 4506">
    <p class='ocr_par' dir='ltr' id='par_1_103' title="bbox 2242 4429 3826 4506">
     <span class='ocr_line' id='line_1_103' title="bbox 2242 4429 3826 4506; baseline 0 -26"><span class='ocrx_word' id='word_1_746' title='bbox 2242 4430 2325 4483; x_wconf 92' lang='lat' dir='ltr'>vel</span> <span class='ocrx_word' id='word_1_747' title='bbox 2358 4429 2431 4484; x_wconf 91' lang='lat' dir='ltr'>ad</span> <span class='ocrx_word' id='word_1_748' title='bbox 2453 4430 2772 4484; x_wconf 89' lang='lat' dir='ltr'>necessaria</span> <span class='ocrx_word' id='word_1_749' title='bbox 2791 4433 3148 4502; x_wconf 85' lang='lat' dir='ltr'>suggerenda</span> <span class='ocrx_word' id='word_1_750' title='bbox 3169 4433 3399 4504; x_wconf 84' lang='lat' dir='ltr'>ingredi</span> <span class='ocrx_word' id='word_1_751' title='bbox 3420 4434 3668 4506; x_wconf 86' lang='lat' dir='ltr'>judicum</span> <span class='ocrx_word' id='word_1_752' title='bbox 3687 4442 3826 4483; x_wconf 84' lang='lat' dir='ltr'>secre-</span> 
     </span>
    </p>
   </div>
   <div class='ocr_carea' id='block_1_104' title="bbox 2117 4503 2401 4577">
    <p class='ocr_par' dir='ltr' id='par_1_104' title="bbox 2117 4503 2401 4577">
     <span class='ocr_line' id='line_1_104' title="bbox 2117 4503 2401 4577; baseline 0.007 -2"><span class='ocrx_word' id='word_1_753' title='bbox 2117 4524 2130 4550; x_wconf 94' lang='lat'><strong>’</strong></span> <span class='ocrx_word' id='word_1_754' title='bbox 2152 4503 2212 4575; x_wconf 79' lang='grc' dir='ltr'>Ι)</span> <span class='ocrx_word' id='word_1_755' title='bbox 2236 4523 2401 4577; x_wconf 87' lang='lat' dir='ltr'>taria.</span> 
     </span>
    </p>
   </div>
   <div class='ocr_carea' id='block_1_105' title="bbox 2307 4636 3823 4711">
    <p class='ocr_par' dir='ltr' id='par_1_105' title="bbox 2307 4636 3823 4711">
     <span class='ocr_line' id='line_1_105' title="bbox 2307 4636 3823 4711; baseline -0.004 -20"><span class='ocrx_word' id='word_1_756' title='bbox 2307 4637 2464 4691; x_wconf 86' lang='lat' dir='ltr'><strong>XVII.</strong></span> <span class='ocrx_word' id='word_1_757' title='bbox 2493 4636 2706 4692; x_wconf 89' lang='lat' dir='ltr'>Placuit</span> <span class='ocrx_word' id='word_1_758' title='bbox 2727 4642 2788 4693; x_wconf 92' lang='lat' dir='ltr'>ut</span> <span class='ocrx_word' id='word_1_759' title='bbox 2814 4639 3122 4693; x_wconf 87' lang='lat' dir='ltr'>secundum</span> <span class='ocrx_word' id='word_1_760' title='bbox 3146 4641 3528 4711; x_wconf 83' lang='lat' dir='ltr'>evangelicam</span> <span class='ocrx_word' id='word_1_761' title='bbox 3561 4642 3614 4693; x_wconf 86' lang='lat' dir='ltr'>et</span> <span class='ocrx_word' id='word_1_762' title='bbox 3639 4638 3823 4707; x_wconf 87' lang='lat' dir='ltr'>aposto-</span> 
     </span>
    </p>
   </div>
   <div class='ocr_carea' id='block_1_106' title="bbox 2237 4729 3825 4804">
    <p class='ocr_par' dir='ltr' id='par_1_106' title="bbox 2237 4729 3825 4804">
     <span class='ocr_line' id='line_1_106' title="bbox 2237 4729 3825 4804; baseline -0.001 -21"><span class='ocrx_word' id='word_1_763' title='bbox 2237 4729 2463 4783; x_wconf 89' lang='lat' dir='ltr'>tolicam</span> <span class='ocrx_word' id='word_1_764' title='bbox 2491 4730 2872 4802; x_wconf 86' lang='lat' dir='ltr'>disciplinam,</span> <span class='ocrx_word' id='word_1_765' title='bbox 2893 4749 3078 4804; x_wconf 90' lang='lat' dir='ltr'>neque</span> <span class='ocrx_word' id='word_1_766' title='bbox 3099 4732 3366 4788; x_wconf 90' lang='lat' dir='ltr'>dimissus</span> <span class='ocrx_word' id='word_1_767' title='bbox 3389 4735 3460 4788; x_wconf 91' lang='lat' dir='ltr'>ab</span> <span class='ocrx_word' id='word_1_768' title='bbox 3482 4749 3651 4788; x_wconf 89' lang='lat' dir='ltr'>uxore</span> <span class='ocrx_word' id='word_1_769' title='bbox 3677 4739 3825 4797; x_wconf 82' lang='lat' dir='ltr'>neque</span> 
     </span>
    </p>
   </div>
   <div class='ocr_carea' id='block_1_107' title="bbox 2239 4823 3823 4898">
    <p class='ocr_par' dir='ltr' id='par_1_107' title="bbox 2239 4823 3823 4898">
     <span class='ocr_line' id='line_1_107' title="bbox 2239 4823 3823 4898; baseline -0.001 -21"><span class='ocrx_word' id='word_1_770' title='bbox 2239 4823 2464 4878; x_wconf 91' lang='lat' dir='ltr'>dimissa</span> <span class='ocrx_word' id='word_1_771' title='bbox 2495 4841 2527 4878; x_wconf 89' lang='lat' dir='ltr'>a</span> <span class='ocrx_word' id='word_1_772' title='bbox 2566 4825 2770 4880; x_wconf 86' lang='lat' dir='ltr'>marito</span> <span class='ocrx_word' id='word_1_773' title='bbox 2813 4826 2968 4880; x_wconf 90' lang='lat' dir='ltr'>alteri</span> <span class='ocrx_word' id='word_1_774' title='bbox 3013 4826 3460 4898; x_wconf 85' lang='lat' dir='ltr'>conjungantur,</span> <span class='ocrx_word' id='word_1_775' title='bbox 3503 4827 3596 4882; x_wconf 91' lang='lat' dir='ltr'>sed</span> <span class='ocrx_word' id='word_1_776' title='bbox 3633 4827 3699 4880; x_wconf 89' lang='lat' dir='ltr'>ita</span> <span class='ocrx_word' id='word_1_777' title='bbox 3731 4835 3823 4875; x_wconf 81' lang='lat' dir='ltr'>ma-</span> 
     </span>
    </p>
   </div>
   <div class='ocr_carea' id='block_1_108' title="bbox 2239 4918 3827 4993">
    <p class='ocr_par' dir='ltr' id='par_1_108' title="bbox 2239 4918 3827 4993">
     <span class='ocr_line' id='line_1_108' title="bbox 2239 4918 3827 4993; baseline -0.001 -22"><span class='ocrx_word' id='word_1_778' title='bbox 2239 4922 2430 4986; x_wconf 89' lang='lat' dir='ltr'>neant,</span> <span class='ocrx_word' id='word_1_779' title='bbox 2463 4923 2560 4973; x_wconf 91' lang='lat' dir='ltr'>aut</span> <span class='ocrx_word' id='word_1_780' title='bbox 2588 4918 2815 4974; x_wconf 89' lang='lat' dir='ltr'>sibimet</span> <span class='ocrx_word' id='word_1_781' title='bbox 2841 4919 3298 4990; x_wconf 89' lang='lat' dir='ltr'>reconcilientur,</span> <span class='ocrx_word' id='word_1_782' title='bbox 3330 4921 3483 4993; x_wconf 90' lang='lat' dir='ltr'>quod</span> <span class='ocrx_word' id='word_1_783' title='bbox 3514 4921 3558 4975; x_wconf 92' lang='lat' dir='ltr'>si</span> <span class='ocrx_word' id='word_1_784' title='bbox 3583 4920 3827 4981; x_wconf 49' lang='lat' dir='ltr'>conterat»</span> 
     </span>
    </p>
   </div>
   <div class='ocr_carea' id='block_1_109' title="bbox 2239 5006 3828 5087">
    <p class='ocr_par' dir='ltr' id='par_1_109' title="bbox 2239 5006 3828 5087">
     <span class='ocr_line' id='line_1_109' title="bbox 2239 5006 3828 5087; baseline -0.001 -22"><span class='ocrx_word' id='word_1_785' title='bbox 2239 5011 2415 5066; x_wconf 86' lang='lat' dir='ltr'>serint</span> <span class='ocrx_word' id='word_1_786' title='bbox 2442 5012 2514 5067; x_wconf 90' lang='lat' dir='ltr'>ad</span> <span class='ocrx_word' id='word_1_787' title='bbox 2545 5013 2943 5083; x_wconf 78' lang='lat' dir='ltr'>paenitentiam</span> <span class='ocrx_word' id='word_1_788' title='bbox 2988 5014 3341 5086; x_wconf 86' lang='lat' dir='ltr'>redigantur,</span> <span class='ocrx_word' id='word_1_789' title='bbox 3378 5015 3434 5070; x_wconf 93' lang='lat' dir='ltr'>in</span> <span class='ocrx_word' id='word_1_790' title='bbox 3471 5028 3576 5087; x_wconf 83' lang='lat' dir='ltr'>qua</span> <span class='ocrx_word' id='word_1_791' title='bbox 3603 5026 3744 5069; x_wconf 86' lang='lat' dir='ltr'>causa</span> <span class='ocrx_word' id='word_1_792' title='bbox 3766 5006 3828 5060; x_wconf 82' lang='lat' dir='ltr'>le-</span> 
     </span>
    </p>
   </div>
   <div class='ocr_carea' id='block_1_110' title="bbox 2240 5105 3484 5181">
    <p class='ocr_par' dir='ltr' id='par_1_110' title="bbox 2240 5105 3484 5181">
     <span class='ocr_line' id='line_1_110' title="bbox 2240 5105 3484 5181; baseline 0.005 -23"><span class='ocrx_word' id='word_1_793' title='bbox 2240 5122 2371 5176; x_wconf 90' lang='lat' dir='ltr'>gem</span> <span class='ocrx_word' id='word_1_794' title='bbox 2398 5105 2750 5176; x_wconf 90' lang='lat' dir='ltr'>imperialem</span> <span class='ocrx_word' id='word_1_795' title='bbox 2780 5107 3082 5178; x_wconf 88' lang='lat' dir='ltr'>petendam</span> <span class='ocrx_word' id='word_1_796' title='bbox 3111 5110 3484 5181; x_wconf 89' lang='lat' dir='ltr'>promulgari.</span> 
     </span>
    </p>
   </div>
   <div class='ocr_carea' id='block_1_111' title="bbox 2310 5210 3829 5292">
    <p class='ocr_par' dir='ltr' id='par_1_111' title="bbox 2310 5210 3829 5292">
     <span class='ocr_line' id='line_1_111' title="bbox 2310 5210 3829 5292; baseline -0.004 -21"><span class='ocrx_word' id='word_1_797' title='bbox 2310 5219 2482 5273; x_wconf 79' lang='lat' dir='ltr'><strong>XVIII.</strong></span> <span class='ocrx_word' id='word_1_798' title='bbox 2513 5218 2744 5285; x_wconf 86' lang='lat' dir='ltr'>Placuit,</span> <span class='ocrx_word' id='word_1_799' title='bbox 2774 5223 2836 5273; x_wconf 92' lang='lat' dir='ltr'>ut</span> <span class='ocrx_word' id='word_1_800' title='bbox 2862 5220 3189 5292; x_wconf 89' lang='lat' dir='ltr'>quicunque</span> <span class='ocrx_word' id='word_1_801' title='bbox 3217 5237 3333 5276; x_wconf 90' lang='lat' dir='ltr'>non</span> <span class='ocrx_word' id='word_1_802' title='bbox 3361 5219 3765 5276; x_wconf 88' lang='lat' dir='ltr'>communicans</span> <span class='ocrx_word' id='word_1_803' title='bbox 3786 5210 3829 5265; x_wconf 91' lang='lat' dir='ltr'>in</span> 
     </span>
    </p>
   </div>
   <div class='ocr_carea' id='block_1_112' title="bbox 2239 5303 3831 5385">
    <p class='ocr_par' dir='ltr' id='par_1_112' title="bbox 2239 5303 3831 5385">
     <span class='ocr_line' id='line_1_112' title="bbox 2239 5303 3831 5385; baseline -0.001 -20"><span class='ocrx_word' id='word_1_804' title='bbox 2239 5311 2524 5382; x_wconf 90' lang='lat' dir='ltr'>provincia</span> <span class='ocrx_word' id='word_1_805' title='bbox 2554 5313 2783 5383; x_wconf 90' lang='lat' dir='ltr'>propria</span> <span class='ocrx_word' id='word_1_806' title='bbox 2809 5312 2866 5367; x_wconf 90' lang='lat' dir='ltr'>in</span> <span class='ocrx_word' id='word_1_807' title='bbox 2887 5313 3008 5368; x_wconf 90' lang='lat' dir='ltr'>aliis</span> <span class='ocrx_word' id='word_1_808' title='bbox 3043 5313 3348 5385; x_wconf 89' lang='lat' dir='ltr'>provinciis</span> <span class='ocrx_word' id='word_1_809' title='bbox 3373 5316 3460 5369; x_wconf 89' lang='lat' dir='ltr'>vel</span> <span class='ocrx_word' id='word_1_810' title='bbox 3485 5303 3831 5369; x_wconf 71' lang='lat' dir='ltr'>transmarinis</span> 
     </span>
    </p>
   </div>
   <div class='ocr_carea' id='block_1_113' title="bbox 2237 5405 3829 5487">
    <p class='ocr_par' dir='ltr' id='par_1_113' title="bbox 2237 5405 3829 5487">
     <span class='ocr_line' id='line_1_113' title="bbox 2237 5405 3829 5487; baseline -0.001 -27"><span class='ocrx_word' id='word_1_811' title='bbox 2237 5405 2494 5477; x_wconf 87' lang='lat' dir='ltr'>partibus</span> <span class='ocrx_word' id='word_1_812' title='bbox 2519 5405 2590 5487; x_wconf 61' lang='lat' dir='ltr'>ad</span> <span class='ocrx_word' id='word_1_813' title='bbox 2621 5407 3158 5462; x_wconf 85' lang='lat' dir='ltr'>communicandum</span> <span class='ocrx_word' id='word_1_814' title='bbox 3203 5409 3543 5480; x_wconf 89' lang='lat' dir='ltr'>obrepserit,</span> <span class='ocrx_word' id='word_1_815' title='bbox 3580 5408 3829 5479; x_wconf 83' lang='lat' dir='ltr'>jacturam</span> 
     </span>
    </p>
   </div>
   <div class='ocr_carea' id='block_1_114' title="bbox 2238 5499 3384 5574">
    <p class='ocr_par' dir='ltr' id='par_1_114' title="bbox 2238 5499 3384 5574">
     <span class='ocr_line' id='line_1_114' title="bbox 2238 5499 3384 5574; baseline 0.002 -20"><span class='ocrx_word' id='word_1_816' title='bbox 2238 5499 2661 5554; x_wconf 90' lang='lat' dir='ltr'>communionis</span> <span class='ocrx_word' id='word_1_817' title='bbox 2691 5501 2776 5555; x_wconf 91' lang='lat' dir='ltr'>vel</span> <span class='ocrx_word' id='word_1_818' title='bbox 2795 5500 3098 5556; x_wconf 81' lang='lat' dir='ltr'>Clericatus</span> <span class='ocrx_word' id='word_1_819' title='bbox 3125 5503 3384 5574; x_wconf 82' lang='lat' dir='ltr'>excipiat.</span> 
     </span>
    </p>
   </div>
   <div class='ocr_carea' id='block_1_115' title="bbox 2307 5612 3829 5686">
    <p class='ocr_par' dir='ltr' id='par_1_115' title="bbox 2307 5612 3829 5686">
     <span class='ocr_line' id='line_1_115' title="bbox 2307 5612 3829 5686; baseline -0.001 -21"><span class='ocrx_word' id='word_1_820' title='bbox 2307 5613 2438 5667; x_wconf 78' lang='lat' dir='ltr'>XIX.</span> <span class='ocrx_word' id='word_1_821' title='bbox 2480 5613 2714 5680; x_wconf 88' lang='lat' dir='ltr'>Placuit,</span> <span class='ocrx_word' id='word_1_822' title='bbox 2755 5617 2821 5668; x_wconf 90' lang='lat' dir='ltr'>ut</span> <span class='ocrx_word' id='word_1_823' title='bbox 2857 5612 3181 5686; x_wconf 89' lang='lat' dir='ltr'>quicunque</span> <span class='ocrx_word' id='word_1_824' title='bbox 3216 5614 3290 5669; x_wconf 87' lang='lat' dir='ltr'>ad</span> <span class='ocrx_word' id='word_1_825' title='bbox 3327 5614 3724 5685; x_wconf 89' lang='lat' dir='ltr'>imperatorem</span> <span class='ocrx_word' id='word_1_826' title='bbox 3754 5619 3829 5658; x_wconf 75' lang='grc' dir='ltr'>εο-</span> 
     </span>
    </p>
   </div>
   <div class='ocr_carea' id='block_1_116' title="bbox 2241 5702 3831 5778">
    <p class='ocr_par' dir='ltr' id='par_1_116' title="bbox 2241 5702 3831 5778">
     <span class='ocr_line' id='line_1_116' title="bbox 2241 5702 3831 5778; baseline -0.002 -19"><span class='ocrx_word' id='word_1_827' title='bbox 2241 5705 2561 5776; x_wconf 89' lang='lat' dir='ltr'>gnitionem</span> <span class='ocrx_word' id='word_1_828' title='bbox 2575 5707 2924 5778; x_wconf 84' lang='lat' dir='ltr'>judiciorum</span> <span class='ocrx_word' id='word_1_829' title='bbox 2953 5707 3312 5778; x_wconf 90' lang='lat' dir='ltr'>publicorum</span> <span class='ocrx_word' id='word_1_830' title='bbox 3347 5709 3421 5763; x_wconf 87' lang='lat' dir='ltr'>ab</span> <span class='ocrx_word' id='word_1_831' title='bbox 3463 5702 3726 5778; x_wconf 86' lang='lat' dir='ltr'>episcopis</span> <span class='ocrx_word' id='word_1_832' title='bbox 3758 5711 3831 5769; x_wconf 79' lang='lat' dir='ltr'>pe-</span> 
     </span>
    </p>
   </div>
   <div class='ocr_carea' id='block_1_117' title="bbox 2241 5791 3829 5875">
    <p class='ocr_par' dir='ltr' id='par_1_117' title="bbox 2241 5791 3829 5875">
     <span class='ocr_line' id='line_1_117' title="bbox 2241 5791 3829 5875; baseline -0.004 -21"><span class='ocrx_word' id='word_1_833' title='bbox 2241 5798 2412 5870; x_wconf 86' lang='lat' dir='ltr'>tierit,</span> <span class='ocrx_word' id='word_1_834' title='bbox 2443 5800 2663 5858; x_wconf 87' lang='lat' dir='ltr'>honore</span> <span class='ocrx_word' id='word_1_835' title='bbox 2692 5801 2920 5873; x_wconf 89' lang='lat' dir='ltr'>proprio</span> <span class='ocrx_word' id='word_1_836' title='bbox 2954 5801 3226 5875; x_wconf 84' lang='lat' dir='ltr'>privetur,</span> <span class='ocrx_word' id='word_1_837' title='bbox 3258 5804 3301 5860; x_wconf 85' lang='lat' dir='ltr'>si</span> <span class='ocrx_word' id='word_1_838' title='bbox 3329 5805 3522 5857; x_wconf 84' lang='lat' dir='ltr'>autem</span> <span class='ocrx_word' id='word_1_839' title='bbox 3551 5791 3829 5872; x_wconf 70' lang='lat' dir='ltr'>episeopalc</span> 
     </span>
    </p>
   </div>
  </div>
