3964 6178
206 277 286 329 373

1390 272 1864 328 DECRETALIUM
1900 274 2281 330 COLLECTIO.

3428 284 3493 340 7t

197 378 425 451 judicium
450 377 514 431 ab
549 377 884 448 imperatore
909 377 1296 448 postulaverit,
1332 378 1476 434 nihil
1502 381 1555 434 ei
1593 381 1758 435 obsit.
1784 381 1986 467 Aticis
2016 382 2251 453 impune
2283 387 2344 438 ut
2379 382 2455 439 ibi
2485 385 2599 439 sint
2637 389 2695 440 et
2726 403 2890 443 suam
2926 387 3280 459 diligentiam
3315 390 3487 445 fuisse

256 474 342 529 XX.
381 470 589 537 Placuit,
630 473 695 525 ut
740 470 1060 544 quicunque
1107 471 1344 527 clericus
1386 480 1620 545 propter
1663 491 1761 530 ne-

198 568 462 621 cessitatem
491 581 644 618 suam
676 564 884 619 alicubi
913 565 984 619 ad
1014 565 1347 621 comitatum
1381 567 1461 621 ire
1505 568 1760 638 voluerit,

198 661 453 715 formatam
492 659 558 712 ab
596 658 855 730 episcopo
898 675 999 714 suo
1049 660 1314 730 accipiat,
1365 662 1518 732 quod
1564 662 1610 715 si
1642 662 1764 718 sine

197 755 393 808 formata
417 753 642 806 voluerit
668 768 931 823 pergere,
974 770 1008 807 a
1038 753 1442 811 communione
1479 772 1765 810 removea~

195 852 283 915 tur,
312 845 444 916 quod
473 845 516 899 si
543 845 743 900 alicubi
773 847 826 900 ei
851 846 1154 917 repentina
1179 848 1480 903 necessitas
1504 855 1627 905 orta
1645 851 1764 906 fue-

191 941 250 994 rit
267 940 327 994 ad
353 939 666 994 comitatum
695 940 994 1011 pergendi,
1013 940 1222 1012 alleget
1250 942 1399 1012 apud
1430 943 1762 1014 episcopum

193 1033 272 1088 loci
298 1033 405 1103 ejus
431 1033 600 1105 ipsam
627 1033 1039 1102 necessitatem,
1069 1037 1126 1089 et
1154 1035 1223 1089 de
1253 1035 1360 1090 hoc
1387 1037 1596 1108 scripta
1620 1037 1763 1108 ejus-

190 1125 292 1180 dem
313 1126 539 1198 episcopi
570 1127 804 1197 deferat,
830 1128 1090 1182 formata
1115 1131 1308 1182 autem
1340 1145 1469 1200 qua
1493 1147 1526 1184 a
1553 1131 1761 1200 prima-

188 1219 323 1288 tibus,
347 1221 424 1274 vel
447 1237 477 1274 a
504 1221 957 1292 quibuscumque
980 1221 1258 1292 episcopis
1277 1223 1494 1278 clericis
1515 1224 1760 1296 propriis

187 1312 372 1380 dantur,
404 1314 642 1369 habeant
669 1314 824 1370 diem
857 1315 1108 1370 Pascha.
1139 1315 1295 1383 Quod
1324 1316 1370 1371 si
1404 1315 1590 1372 adhuc
1617 1319 1762 1388 ejus-

187 1407 288 1462 dem
309 1407 427 1462 anni
472 1409 691 1481 Pascha
737 1409 860 1464 dies
901 1409 1117 1465 incerta
1157 1413 1258 1476 est,
1302 1410 1396 1464 ille
1432 1412 1762 1482 pracedens

186 1500 480 1572 adjungatur
506 1503 791 1573 quomodo
811 1503 950 1559 solet
974 1508 1100 1575 post
1129 1503 1482 1560 consulatum
1500 1504 1559 1559 in
1581 1504 1762 1577 publi-

184 1593 242 1648 cis
264 1594 414 1664 gestis
432 1595 651 1650 ascribi.

236 1689 341 1743 XXI.
374 1691 505 1744 Item
529 1691 761 1761 placuit,
814 1695 874 1747 ut
920 1691 1246 1763 quicunque
1293 1692 1557 1764 episcopi,
1590 1709 1756 1764 quas-

183 1797 363 1852 cunque
387 1783 642 1838 ecclesias
658 1785 744 1839 vel
766 1785 958 1855 plebes
977 1801 1120 1856 quas
1149 1785 1220 1840 ad
1247 1802 1407 1840 suam
1432 1786 1756 1842 cathedram

181 1875 416 1930 astimant
440 1876 748 1948 pertinere,
773 1895 890 1934 non
920 1878 996 1934 ita
1025 1883 1293 1950 repetunt
1324 1883 1385 1934 ut
1412 1896 1606 1934 causas
1628 1897 1755 1934 suas

183 1967 408 2039 episcopis
417 1970 807 2040 judicantibns
836 1975 1027 2042 agant,
1056 1973 1156 2026 sed
1181 1973 1225 2026 si
1253 1973 1313 2026 in
1337 1973 1445 2027 alio
1473 1973 1753 2028 retinente

180 2059 420 2129 irruerint,
467 2065 582 2118 sive
630 2065 950 2120 volentibus
989 2066 1104 2120 sive
1143 2066 1468 2122 nolentibus
1495 2067 1756 2138 plebibus

179 2169 321 2208 causa
338 2173 443 2210 sua
463 2158 878 2213 detrimentum
894 2160 1204 2231 patiantur,
1221 2164 1279 2215 et
1297 2160 1624 2232 quicunque
1633 2161 1753 2231 jam

177 2247 261 2302 hoc
290 2249 546 2318 fecerint,
591 2251 636 2306 si
669 2253 926 2308 nondum
953 2259 1036 2308 est
1072 2255 1226 2308 inter
1263 2254 1557 2325 episcopos
1593 2255 1756 2309 ﬁnita

175 2343 434 2412 contentio,
462 2345 559 2399 sed
591 2345 778 2400 adhuc
807 2346 940 2401 inde
975 2347 1344 2415 contendunt,
1374 2348 1467 2402 ille
1501 2348 1638 2402 inde
1667 2348 1751 2402 di-

177 2434 346 2504 scedat,
397 2454 564 2507 quem
623 2439 941 2494 constiterit
981 2440 1378 2511 pratermissis
1407 2440 1633 2511 judiciis
1663 2458 1754 2496 ec-

174 2525 443 2583 clesiasticis
477 2531 728 2598 irruisse,
767 2549 866 2586 nec
899 2533 1006 2587 sibi
1047 2534 1290 2605 quisque
1333 2534 1675 2603 blandiatur,
1707 2534 1753 2588 si

173 2637 196 2672 a
223 2622 430 2691 primate
468 2629 526 2678 ut
571 2625 811 2680 retineat
852 2627 1084 2696 litteras,
1128 2628 1466 2698 impetrarit,
1502 2628 1597 2682 sed
1638 2629 1753 2682 sive

173 2712 343 2769 haheat
367 2717 603 2784 litteras,
635 2719 752 2772 sive
779 2735 893 2773 non
919 2720 1151 2790 habeat,
1181 2721 1476 2776 conveniat
1506 2737 1637 2776 eum
1656 2722 1755 2792 qui

171 2810 310 2875 tenet,
337 2815 388 2864 et
412 2811 531 2882 ejus
564 2811 786 2866 litteras
810 2812 1072 2884 accipiat,
1099 2817 1166 2868 ut
1190 2830 1321 2868 eum
1347 2820 1622 2886 appareat
1648 2832 1752 2886 pa-

170 2899 293 2955 ciﬁce
308 2902 542 2960 tenuisse
560 2906 862 2960 ecclesiam
887 2906 958 2961 ad
973 2923 1029 2962 se
1048 2908 1428 2978 pertinentem
1450 2925 1463 2974 ;
1497 2908 1542 2962 si
1563 2911 1754 2963 autem

169 2993 241 3048 ille
264 2997 495 3068 aliquam
527 2999 910 3070 quaestionem
935 3001 1191 3057 retulerit
1221 3018 1324 3073 per
1350 3003 1645 3073 episcopos
1665 3003 1755 3073 ju-

169 3085 290 3142 dices
314 3106 469 3145 causa
488 3093 746 3159 finiatur,
782 3093 897 3148 sive
927 3094 1006 3149 eis
1033 3095 1306 3165 primates
1332 3095 1608 3166 dederint,
1637 3095 1751 3150 sive

166 3197 276 3251 quos
300 3184 440 3256 ipsos
464 3187 684 3241 vicinos
709 3203 773 3242 ex
804 3203 1086 3244 consensu
1111 3188 1450 3261 delegerint.

219 3277 349 3333 XXII.
390 3279 524 3334 Item
573 3280 823 3351 placuit,
868 3286 930 3337 ut
973 3282 1309 3353 presbyteri,
1359 3282 1616 3351 diaconi,
1664 3284 1752 3339 vel

165 3371 316 3425 caeteri
333 3372 634 3428 inferiores
658 3373 847 3428 clerici
873 3374 933 3429 in
963 3391 1164 3430 causas
1183 3392 1325 3447 quas
1355 3376 1680 3445 habuerint,
1706 3376 1752 3431 si

167 3459 218 3514 de
235 3462 438 3532 judiciis
475 3467 881 3540 episcoporum
925 3484 1157 3523 suorum
1187 3469 1371 3540 questi
1407 3469 1638 3536 fuerint,
1669 3471 1749 3524 vi-

166 3554 252 3609 cini
275 3559 509 3631 episcopi
539 3577 644 3615 eos
682 3561 932 3631 audiant,
965 3563 1021 3616 et
1049 3562 1201 3616 inter
1224 3578 1318 3616 eos
1344 3562 1620 3632 quidquid
1645 3567 1750 3630 est,

168 3646 331 3704 ﬁniant
348 3653 587 3709 adhibiti
617 3654 688 3708 ab
709 3654 787 3709 eis
813 3671 883 3708 ex
903 3671 1182 3710 consensu
1208 3655 1609 3726 episcoporum
1631 3673 1753 3711 suo-

164 3756 280 3797 rum.
308 3745 458 3808 Quod
498 3747 548 3801 si
599 3751 656 3801 et
701 3747 771 3801 ab
809 3747 892 3801 eis
940 3749 1360 3818 provocandum
1409 3748 1750 3818 putaverint,

165 3848 255 3889 non
276 3845 601 3907 provocent,
634 3840 740 3894 nisi
757 3839 828 3893 ad
855 3840 1116 3896 Africana
1141 3840 1393 3908 concilia,
1422 3843 1504 3895 vel
1536 3841 1606 3894 ad
1635 3842 1748 3912 pri-

162 3933 309 3984 mates
333 3934 758 4003 provinciarum
785 3950 1034 4002 suarum,
1064 3935 1133 3988 ad
1158 3935 1533 3989 transmarina
1562 3939 1753 3990 autem

162 4022 237 4090 qui
256 4027 519 4093 putaverit
544 4027 957 4098 appellandum
981 4043 1015 4082 a
1044 4028 1198 4082 nullo
1239 4027 1388 4082 intra
1421 4029 1664 4083 Africam
1693 4028 1751 4084 in

161 4120 522 4175 communione
547 4119 909 4192 suscipiatur.

213 4209 364 4267 XXIII.
393 4214 630 4283 Placuit,
662 4218 721 4268 ut
740 4213 1065 4285 quicunque
1092 4230 1393 4268 conversus
1421 4215 1492 4268 ab
1519 4215 1749 4271 hareti-

160 4302 219 4355 cis
239 4303 424 4361 dixerit
449 4325 508 4362 se
541 4307 702 4379 apud
732 4324 826 4362 eos
838 4307 1227 4379 panitentiam
1259 4307 1536 4378 accipere,
1586 4325 1755 4364 unus-

163 4395 362 4469 quisque
402 4401 714 4456 catholicus
755 4400 1055 4472 episcopus
1101 4401 1375 4473 requirat,
1425 4399 1526 4454 ubi
1578 4404 1634 4456 et
1681 4401 1754 4456 ob

1779 1765 1834 1836 Β

1773 3134 1828 3208 C

1864 479 2233 546 praventam,
2274 482 2335 532 ut
2363 494 2430 532 eo
2459 479 2629 534 modo
2657 481 2781 551 ejus
2809 498 2947 536 cura
2979 481 3244 537 solertior
3283 483 3489 537 vitare-

1864 572 1978 637 tur,
2007 585 2135 624 cum
2167 570 2271 624 hoc
2291 571 2511 640 judices
2539 573 2791 644 episcopi
2829 575 3216 646 cognoverint,
3254 575 3368 630 sive
3396 593 3492 630 ca-

1861 663 2079 720 thedra
2107 664 2225 718 loca
2252 664 2570 720 restituant.
2607 665 2758 720 Sane
2797 668 2844 721 si
2884 667 3131 740 episcopi
3173 669 3321 725 inter
3351 687 3493 740 quos

1864 773 2032 811 causa
2060 763 2332 827 versatur,
2375 759 2725 814 diversarum
2764 764 2896 814 sunt
2927 762 3367 832 provinciarum,
3399 763 3492 818 ille

1863 851 2078 921 primas
2110 851 2206 906 det
2226 851 2448 922 judices
2489 852 2548 907 in
2586 854 2748 924 cujus
2788 855 3073 924 provincia
3119 861 3204 911 est
3236 857 3388 911 locus
3419 855 3490 912 de

1862 960 1977 1016 quo
2010 945 2395 1013 contenditur,
2429 945 2478 999 si
2503 950 2697 1002 autem
2720 963 2789 1001 ex
2817 949 3109 1002 communi
3139 949 3340 1020 placito
3363 950 3491 1004 vici-

1861 1054 1965 1092 nos
1994 1038 2222 1108 judices
2267 1039 2564 1109 elegerint,
2611 1045 2709 1094 aut
2751 1040 2866 1095 duo
2905 1042 3190 1112 eligantur
3233 1048 3330 1097 aut
3358 1046 3488 1109 tres,

1861 1132 2011 1203 quod
2040 1132 2087 1186 si
2113 1137 2228 1186 tres
2253 1133 2548 1203 elegerint,
2587 1139 2686 1189 aut
2719 1134 2981 1188 omnium
3022 1135 3366 1189 sententiam
3400 1153 3488 1190 se-

1861 1228 2126 1296 quantur,
2157 1228 2257 1280 aut
2296 1226 2562 1295 duorum,
2596 1227 2886 1298 judicibus
2927 1230 3118 1281 autem
3160 1244 3301 1298 quos
3330 1245 3488 1282 com-

1860 1318 2051 1373 munis
2076 1334 2386 1374 consensus
2419 1319 2676 1390 elegerit,
2720 1337 2834 1376 non
2875 1320 3044 1375 liceat
3078 1337 3402 1391 provocare,
3437 1325 3493 1375 et

1860 1412 2116 1484 quisquis
2141 1412 2416 1485 probatus
2451 1413 2626 1469 fuerit
2663 1430 2767 1485 pro
2816 1414 3169 1470 contumacia
3208 1415 3364 1469 nolle
3390 1415 3488 1470 ob-

1861 1509 2178 1576 temperare
2196 1506 2505 1576 judicibus,
2529 1524 2659 1562 cum
2678 1507 2785 1563 hoc
2813 1509 3016 1579 prima
3049 1508 3195 1563 sedis
3227 1508 3491 1580 episcopo

1860 1598 2032 1654 fuerit
2056 1599 2382 1670 probatum,
2412 1601 2510 1655 det
2532 1601 2745 1656 litteras
2773 1607 2834 1657 ut
2859 1602 3048 1657 nullus
3087 1601 3139 1657 ei
3169 1602 3491 1657 communi-

1859 1696 1948 1746 cet
1978 1693 2375 1764 episcOporum
2404 1694 2584 1749 donec
2609 1694 2981 1766 obtemperet.

1928 1786 2076 1840 XXV.
2130 1785 2185 1841 Si
2227 1785 2285 1840 in
2337 1787 2674 1841 matricibus
2720 1787 3003 1842 cathedris
3045 1788 3343 1858 episcopus
3388 1805 3490 1843 ne-

1856 1877 2080 1949 gligens
2110 1878 2286 1934 fuerit
2307 1880 2576 1934 adversus
2611 1880 2922 1947 hareticos,
2951 1882 3324 1935 conveniatur
3353 1898 3385 1934 a
3410 1881 3490 1935 vi-

1853 1971 1993 2025 cinis
2038 1972 2317 2043 episcopis
2365 1973 2756 2043 diligentibus,
2803 1977 2860 2026 et
2904 1974 2957 2028 ei
2996 1990 3094 2027 sua
3145 1974 3494 2044 negligentia

1856 2069 2296 2138 demonstretur,
2319 2073 2385 2124 ut
2404 2087 2462 2125 se
2490 2086 2755 2125 excusare
2781 2086 2899 2125 non
2931 2070 3140 2142 possit;
3173 2071 3326 2142 quod
3352 2071 3399 2124 si
3423 2087 3492 2126 ex

1855 2161 1949 2215 die
1991 2178 2105 2232 quo
2147 2162 2482 2217 convenitur
2524 2163 2676 2217 intra
2729 2179 2823 2218 sex
2873 2179 3132 2230 menses,
3177 2163 3223 2216 si
3266 2163 3326 2218 in
3368 2163 3490 2234 ejus

1855 2254 2142 2325 provincia
2172 2255 2458 2310 exsecutio
2485 2256 2680 2334 fuerit,
2720 2261 2777 2311 et
2812 2273 2926 2310 non
2964 2273 3063 2311 eos
3101 2256 3169 2311 ad
3209 2256 3490 2312 unitatem

1854 2348 2185 2403 catholicam
2212 2350 2625 2405 convertendos
2662 2349 2962 2420 curaverit,
2993 2366 3110 2405 non
3145 2350 3196 2405 ei
3229 2367 3489 2405 commu-

1855 2442 2074 2495 nicetur
2101 2442 2279 2497 donec
2305 2443 2572 2514 impleat;
2613 2443 2658 2497 si
2689 2448 2883 2498 autem
2924 2447 3222 2498 exsecutor
3259 2444 3329 2498 ad
3369 2445 3492 2498 loca

1855 2551 1972 2589 non
2001 2535 2232 2599 venerit,
2264 2552 2378 2590 non
2403 2536 2720 2591 ascribatur
2747 2537 3036 2608 episcopo,
3067 2537 3111 2590 si
3138 2540 3331 2590 autem
3361 2553 3491 2607 pro-

1852 2628 2049 2682 batum
2096 2629 2268 2683 fuerit
2307 2645 2439 2684 eum
2484 2630 2554 2684 de
2605 2631 3008 2685 communione
3048 2630 3277 2684 illorum
3318 2629 3491 2685 fuisse

1852 2721 2161 2776 mentitum
2177 2723 2422 2778 dicendo
2443 2739 2540 2778 eos
2556 2723 3008 2778 communicasse
3031 2739 3170 2794 quos
3193 2739 3261 2778 eo
3281 2723 3488 2778 sciente

1853 2831 1968 2869 non
2017 2817 2466 2872 communicasse
2513 2817 2852 2884 constiterit,
2886 2817 3056 2872 etiam
3099 2817 3490 2889 episcopatum

1853 2908 2096 2964 amittat.

1924 3002 2096 3057 XXVI.
2146 3003 2290 3057 Item
2335 3002 2569 3073 placuit,
2613 3008 2678 3058 ut
2723 3004 3048 3075 quicunque
3094 3003 3489 3076 episcoporum

1850 3096 2178 3150 necessitate
2227 3095 2601 3167 periclitantis
2651 3097 2940 3168 pudicitia
2997 3097 3321 3168 virginalis,
3355 3113 3486 3151 cum

1851 3190 1938 3243 vel
1984 3189 2198 3262 petitor
2241 3193 2464 3260 potens,
2508 3189 2599 3244 vel
2643 3195 2840 3262 raptor
2887 3190 3092 3263 aliquis
3129 3190 3484 3266 formidatur,

1852 3283 1937 3336 vel
1969 3282 2014 3336 si
2043 3283 2234 3353 aliquo
2265 3282 2437 3337 etiam
2469 3283 2666 3338 mortis
2695 3283 2959 3355 scrupulo
2980 3284 3300 3354 periculoso
3325 3299 3484 3338 com-

1852 3381 2066 3448 puncta
2093 3375 2287 3444 fuerit,
2321 3392 2424 3432 nec
2446 3393 2560 3431 non
2585 3377 2768 3431 velata
2791 3377 2984 3443 fuerit,
3009 3380 3109 3430 aut
3134 3376 3489 3448 exigentibus

1853 3469 2199 3540 parentibus,
2230 3473 2330 3524 aut
2358 3469 2446 3524 his
2472 3469 2544 3524 ad
2569 3485 2818 3541 quorum
2861 3486 3059 3524 curam
3102 3469 3366 3540 pertinet,
3398 3485 3489 3523 ve-

1851 3561 2055 3615 laverit
2078 3561 2379 3632 virginem,
2425 3578 2526 3616 seu
2565 3562 2769 3617 velavit
2810 3563 2959 3617 intra
2996 3561 3196 3633 viginti
3230 3562 3486 3634 quinque

1853 3672 2035 3710 annos
2063 3655 2269 3722 atatis,
2303 3672 2420 3710 non
2452 3655 2504 3709 ei
2544 3655 2692 3710 obsit
2728 3656 3051 3724 concilium,
3090 3656 3240 3726 quod
3285 3655 3354 3710 de
3384 3655 3488 3710 isto

1855 3765 2137 3803 annorum
2164 3764 2403 3802 numero
2427 3749 2795 3803 constitutum
2831 3752 2934 3802 est.

1925 3843 2120 3897 XXVII.
2166 3843 2308 3896 Item
2344 3842 2562 3912 placuit
2601 3858 2672 3896 ne
2717 3841 2905 3896 diutus
2949 3841 3198 3895 universi
3239 3841 3487 3911 episcopi

1855 3935 1954 4006 qui
1999 3934 2069 3989 ad
2109 3934 2410 3989 concilium
2459 3934 2796 4005 congregati
2844 3937 2995 3999 sunt,
3043 3937 3379 3988 tenerentur
3414 3933 3485 3986 ab

1854 4027 2114 4082 universo
2140 4027 2380 4082 concilio
2409 4033 2602 4082 ternos
2631 4027 2855 4098 judices
2884 4027 2954 4082 de
2992 4026 3230 4097 singulis
3261 4025 3489 4096 provin-

1853 4121 1954 4176 ciis
1979 4121 2133 4192 eligi,
2164 4125 2220 4175 et
2256 4120 2417 4175 electi
2456 4126 2589 4176 sunt
2627 4121 2697 4176 de
2732 4121 3016 4192 provincia
3056 4118 3489 4191 Carthaginensi

1852 4215 2201 4281 Vincentius,
2249 4214 2690 4269 Fortunatianus
2733 4218 2788 4268 et
2839 4215 3033 4269 Clarus
3085 4214 3157 4269 de
3196 4212 3489 4285 provincia

1853 4308 2156 4377 Numidia,
2171 4307 2447 4379 Alippius,
2469 4307 2839 4378 Augustinus,
2858 4312 2914 4362 et
2934 4307 3247 4362 Restitutus
3269 4306 3338 4361 de
3364 4322 3490 4376 pro-

1852 4401 2036 4456 vincia
2075 4401 2404 4470 Bizancena,
2437 4417 2570 4455 cum
2612 4404 2807 4456 sancto
2842 4417 2977 4456 sene
3019 4400 3334 4454 Domitiano
3379 4399 3492 4469 pri-

161 4503 298 4557 quam
322 4509 545 4549 causam
577 4495 729 4565 apud
768 4495 996 4549 eosdem
1026 4494 1322 4549 hareticos
1363 4494 1750 4565 panitentiam
1773 4497 2005 4570 Dmate
2033 4494 2382 4562 Cresconius,
2421 4495 2704 4550 Jocundus
2743 4497 2800 4549 et
2841 4493 3128 4563 Melianus,
3171 4493 3242 4547 de
3281 4492 3487 4547 Mauri-

162 4587 448 4656 susceperit,
475 4593 544 4643 ut
569 4604 705 4642 cum
737 4587 1094 4642 documentis
1119 4588 1285 4642 certis
1315 4589 1420 4643 hoc
1443 4588 1632 4660 ipsum
1657 4605 1755 4660 ap-

163 4676 445 4741 probaverit
477 4681 593 4735 sibi
639 4696 740 4751 pro
782 4681 1057 4752 qualitate
1104 4681 1338 4752 peccati,
1388 4681 1532 4737 sicut
1574 4681 1757 4736 eidem

165 4768 385 4842 episcopo
411 4773 693 4828 catholico
723 4774 902 4828 visum
934 4773 1124 4843 fuerit,
1163 4777 1387 4846 tempus
1412 4774 1760 4845 poenitentia

163 4866 601 4922 reconciliationis
631 4867 917 4922 decernat.

218 4955 366 5012 XXIV.
410 4962 552 5015 Item
584 4960 814 5032 placuit,
846 4964 908 5014 ut
946 4961 1273 5033 quicunque
1309 4960 1613 5031 negligunt
1636 4962 1762 5016 loca

165 5047 219 5101 ad
244 5067 389 5107 suam
414 5054 749 5111 cathedram
765 5054 1111 5127 pertinentia
1129 5055 1190 5110 in
1210 5053 1544 5109 catholicam
1569 5055 1757 5110 unita-

165 5141 254 5195 tem
277 5144 473 5202 lucrari
509 5147 923 5202 conveniantur
952 5165 983 5202 a
1012 5147 1378 5218 diligentibus
1406 5147 1600 5201 vicinis
1635 5147 1758 5218 epi-

164 5239 333 5306 sc0pis,
361 5245 420 5295 ut
444 5242 503 5297 id
529 5257 702 5312 agere
735 5258 851 5297 non
881 5243 1198 5306 morentur,
1223 5241 1376 5312 quod
1411 5242 1458 5295 si
1483 5241 1631 5295 intra
1661 5258 1759 5296 sex

164 5339 350 5386 menses
392 5350 426 5386 a
469 5334 564 5389 die
608 5335 992 5390 conventionis
1041 5351 1159 5388 non
1212 5335 1318 5389 hoc
1362 5334 1620 5400 fecerint,
1663 5335 1759 5404 qui

163 5425 372 5484 potuerit
396 5444 490 5482 eas
537 5429 745 5483 lucrari
788 5429 859 5483 ad
905 5430 1096 5500 ipsum
1133 5427 1478 5500 pertineant,
1511 5427 1591 5481 ita
1629 5444 1761 5482 sane

165 5515 213 5564 ut
236 5515 275 5568 si
300 5517 388 5574 ille
413 5522 483 5574 ad
530 5539 702 5593 quem
753 5521 1088 5593 pertinuisse
1126 5521 1481 5588 videbantur,
1521 5521 1760 5592 probare

165 5610 380 5671 potuerit
405 5615 594 5687 magis
619 5615 770 5671 illius
791 5616 1034 5672 electam
1055 5613 1470 5688 negligentiam
1498 5614 1568 5668 ab
1584 5615 1762 5669 hare-

1857 4587 2014 4640 tania
2056 4587 2321 4654 Sitifensi,
2372 4587 2727 4653 Severianus,
2778 4587 3070 4655 Asiaticus,
3119 4591 3177 4640 et
3218 4587 3484 4650 Donatus,

1860 4681 1927 4735 de
1966 4679 2253 4751 provincia
2292 4680 2656 4751 Tripolitana,
2703 4680 2953 4734 Plautius
2994 4679 3092 4750 qui
3128 4695 3193 4734 ex
3230 4694 3387 4732 more
3413 4677 3491 4731 le-

1861 4779 2024 4845 gatus
2049 4790 2196 4828 unus
2223 4778 2308 4828 est
2331 4774 2556 4828 missus.
2596 4775 2702 4838 Qui
2731 4790 2930 4828 omnes
2966 4789 3096 4827 cum
3127 4776 3322 4827 sancto
3355 4787 3489 4828 sene

1858 4867 2086 4921 Aurelio
2112 4867 2371 4921 universa
2387 4870 2755 4936 cognoscant,
2778 4883 2811 4920 a
2830 4883 2943 4938 quo
2971 4865 3136 4937 petiit
3163 4866 3493 4920 universum

1860 4961 2182 5029 concilium,
2215 4965 2280 5014 ut
2305 4959 2523 5014 cunctis
2550 4960 2664 5014 sive
2708 4963 2879 5030 gestis
2915 4976 3043 5031 qua
3073 4961 3333 5014 confecta
3365 4959 3491 5029 jam

1859 5059 2008 5122 sunt,
2051 5053 2326 5125 episcopis
2373 5054 2494 5124 ipse
2538 5054 2872 5120 subscribat,
2920 5060 2976 5108 et
3015 5053 3486 5123 subscripserunt.

1859 5147 2115 5202 Aurelius
2169 5147 2463 5218 episcopus
2510 5146 2768 5201 Ecclesia
2821 5146 3301 5216 Carthaginensis,
3359 5143 3489 5199 huic

1859 5242 2087 5296 decreto
2117 5241 2372 5295 consensi
2399 5244 2454 5295 et
2489 5242 2740 5310 perlecto
2763 5239 3098 5311 subscripsi;
3139 5237 3486 5292 Donatianus

1858 5334 2206 5405 Telepsensis
2258 5334 2459 5404 prima
2521 5333 2674 5388 sedis
2734 5332 3069 5404 subscripsi;
3135 5327 3486 5400 Augustinus

1860 5429 2134 5498 Hippona
2181 5427 2473 5497 Regiensis
2519 5427 2840 5498 subscripsi.
2891 5425 3156 5481 Similiter
3197 5427 3254 5476 et
3293 5435 3489 5474 omnes

1861 5520 2106 5592 episcopi
2137 5521 2611 5591 subscripserunt.

2271 5615 2568 5686 [lucusque
2593 5611 2829 5668 concilia
2852 5610 3075 5666 Africa.
