3964 6178
469 286 571 337 375
1369 279 1650 334 APPEND.
1693 278 1779 333 AD
1816 278 1976 331 δίΕΟ.
2014 278 2034 329 l

2186 306 2202 316 -
2241 276 2477 332 ISIDORI
2513 275 2935 334 MERCATURIS
3675 292 3751 344 376

657 613 1795 766 'SEQUUNTUR
1900 608 2753 745 CONCILIA
2859 610 3579 744 GALLUE.

1940 837 2320 855 om

1237 977 1638 1044 INCIPIUNT
1681 976 2076 1046 CAPITULA
2117 974 2452 1042 CONCILII
2496 975 3060 1042 ARELATENSIS.

549 1250 598 1299 1.
641 1246 708 1298 Ut
731 1260 848 1298 uno
879 1245 968 1298 die
995 1247 1051 1297 et
1083 1247 1337 1315 tempore
1362 1244 1577 1298 Pascha
1609 1243 1945 1298 celebretur.
2128 1255 2186 1329 Α
2285 1245 2368 1297 13.
2402 1243 2473 1296 Ut
2503 1241 2820 1314 proditores
2848 1242 3110 1312 fratrum,
3136 1243 3223 1297 vel
3249 1259 3516 1311 vasorum,
3543 1258 3630 1298 seu
3656 1243 3774 1298 Scri-

542 1342 598 1392 2.
637 1339 709 1392 Ut
735 1337 829 1392 ubi
857 1337 1095 1408 quisque
1132 1337 1451 1406 ordinatur,
1481 1337 1558 1390 ibi
1590 1342 1942 1407 permaneat.
2210 1342 2512 1408 pturarum
2540 1352 2668 1390 cum
2693 1335 3025 1390 verberibus
3050 1337 3420 1408 deponantur.

507 1442 512 1446 ‘
544 1434 600 1485 3.
641 1432 712 1486 Ut
751 1431 847 1503 qui
889 1431 947 1485 in
984 1447 1119 1503 pace
1158 1445 1322 1485 arma
1362 1430 1686 1502 projiciunt,
1725 1430 2111 1485 excommuni-
2284 1431 2368 1485 14.
2412 1432 2480 1484 Ut
2508 1429 2634 1484 falsi
2659 1435 3007 1485 accusatores
3035 1430 3276 1486 fratrum
3305 1445 3478 1503 usque
3508 1429 3576 1484 ad
3602 1430 3777 1485 exitum

479 1530 698 1580 centur.
2210 1523 2795 1578 excommunicentur.

495 1630 498 1633 ‘
544 1619 595 1673 4.
636 1619 709 1672 Ut
734 1618 946 1691 aurigae
971 1619 1108 1674 dum
1136 1618 1352 1689 agitant
1377 1617 1958 1672 excommunicentur.
2283 1620 2368 1672 15.
2410 1618 2481 1671 Ut
2505 1616 2688 1670 levitte
2710 1631 2828 1670 non
2855 1615 3112 1671 offerant.

546 1715 599 1765 5.
641 1713 711 1766 Ut
752 1712 851 1785 qui
902 1711 962 1766 in
1017 1711 1250 1766 theatris
1303 1711 1666 1778 conveniunt,
1726 1709 2111 1765 excommuni-
2290 1713 2373 1764 t6.
2416 1711 2487 1765 Ut
2512 1710 2853 1780 pcenitentes
2872 1710 2974 1765 ubi
3000 1709 3320 1782 acceperint
3345 1709 3706 1766 onerationem
3723 1711 3785 1766 ibi

476 1807 694 1860 ccntur.
2211 1803 2655 1859 communicent.

549 1900 599 1951 6.
642 1899 713 1952 Ut
736 1898 794 1952 in
822 1899 1154 1954 inﬁrmitate
1176 1899 1431 1954 conversi
1458 1915 1660 1953 manus
1687 1897 2109 1969 impositionem
2286 1901 2369 1952 17.
2413 1899 2483 1952 Ut
2520 1897 2709 1951 nullus
2746 1897 3042 1970 episcopus
3081 1897 3256 1953 alium
3293 1897 3572 1952 conculcet
3607 1898 3776 1969 episco-

477 1991 779 2063 accipiant.
2208 2008 2367 2064 pum.

551 2093 601 2140 7.
645 2089 723 2141 De
751 2087 1112 2158 praesidibus,
1138 2091 1198 2140 ut
1227 2103 1357 2141 cum
1385 2086 1729 2140 conscientia
1758 2085 2004 2156 episcopi
2024 2085 2111 2140 sui
2287 2093 2372 2145 18.
2414 2090 2484 2145 Ut
2511 2089 2781 2144 diaconus
2806 2089 2951 2143 nihil
2982 2089 3101 2144 sine
3130 2089 3456 2161 presbytero
3484 2105 3576 2143 suo
3598 2093 3724 2158 agat.

475 2181 924 2236 communicent.
2287 2186 2372 2237 19.
2415 2184 2486 2237 Ut
2528 2183 2848 2254 presbyteri
2893 2182 3012 2238 sine
3059 2182 3403 2238 conscientia
3448 2183 3787 2254 episcoporum

549 2277 602 2328 8.
643 2275 715 2327 Ut
739 2290 803 2327 ex
835 2272 1038 2327 haeresi
1066 2271 1319 2325 conversi
1349 2272 1408 2325 in
1429 2272 1702 2326 Trinitate
1730 2271 2109 2342 baptizentur.
2214 2293 2449 2330 suorum
2477 2275 2622 2330 nihil
2648 2276 2873 2329 faciant.

551 2371 603 2420 9.
645 2367 716 2421 Ut
743 2365 842 2436 qui
871 2365 1262 2420 confessorum
1291 2365 1506 2420 litteras
1535 2369 1783 2438 portant,
1814 2367 1950 2421 alias
1978 2364 2114 2420 acci-
2283 2373 2374 2425 20.
2415 2370 2485 2424 Ut
2564 2368 2869 2440 peregrino
2939 2369 3203 2442 episcopo
3275 2370 3428 2424 locus
3490 2365 3788 2423 sacriﬁcandi

480 2459 660 2530 piant.
2215 2459 2399 2517 detur.

557 2557 641 2608 10.
685 2554 754 2607 Ut
781 2553 942 2624 cujus
960 2568 1109 2607 uxor
1127 2552 1483 2623 adulteravit,
1515 2553 1632 2626 ipse
1648 2553 1814 2608 aliam
1840 2570 1956 2610 non
1976 2554 2115 2609 acci-
2136 2627 2170 2628 ί
2286 2560 2374 2610 21.
2417 2557 2487 2610 Ut
2511 2555 2628 2610 sine
2649 2555 2831 2610 tribus
2858 2555 3134 2628 episcopis
3155 2557 3346 2612 nullus
3373 2555 3646 2628 episcOpus
3664 2553 3786 2608 ordi-

479 2647 618 2718 piat.
941 2658 958 2669 ⁸
2134 2627 2189 2698 Β
2214 2654 2399 2704 netur.

554 2743 638 2794 11.
681 2742 753 2795 Ut
778 2740 1004 2795 feminae
1021 2740 1217 2795 ﬁdeles
1246 2757 1374 2814 quae
1404 2740 1668 2812 gentibus
1694 2757 1752 2795 se
1773 2741 2110 2811 junxerunt,
2283 2747 2372 2797 22.
2416 2744 2484 2797 Ut
2512 2741 2748 2796 clericus
2777 2743 2907 2797 alibi
2936 2743 3214 2797 transiens
3247 2743 3751 2798 excommunicetur.

481 2833 1071 2889 excommunicentur.
2282 2840 2371 2891 23.
2412 2837 2482 2890 Ut
2505 2838 2772 2907 apostatze
2803 2836 2900 2907 qui
2936 2837 3150 2890 tardius
3184 2841 3560 2908 revertuntur,
3595 2835 3686 2890 nisi
3709 2849 3790 2906 per

557 2930 640 2984 12.
683 2928 754 2982 Ut
778 2927 962 2982 clerici
983 2927 1334 2983 feneratores
1360 2927 1943 2984 excommunicentur.
2213 2930 2449 3001 dignam
2479 2929 2873 3002 pcenitentiam
2902 2946 3018 2986 non
3037 2930 3406 3003 recipiantur.

839 3203 1298 3302 INCIPIT
1379 3205 2046 3302 CONCILIUM
2124 3205 2930 3304 ARELATENSE
3006 3208 3489 3305 PRIMUM

1394 3381 1711 3446 Habitum
1740 3389 2026 3465 tempore
2058 3380 2472 3446 Constantini
2503 3382 2939 3463 imperatoris.

555 3657 798 3713 Domino
829 3662 888 3714 et
930 3659 1278 3714 sanctissimo
1317 3659 1600 3731 Sylvestro
1632 3658 1894 3730 episcopo
1942 3663 2116 3713 castus
2137 3671 2190 3745 ρ
2217 3659 2610 3724 excludantur,
2641 3657 2901 3712 similiter
2925 3661 2982 3712 et
3000 3657 3070 3712 de
3101 3657 3301 3714 hisﬁat
3323 3656 3421 3730 qui
3438 3651 3794 3726 rempublicam

484 3752 880 3823 episcoporum
923 3753 1021 3824 qui
1068 3753 1300 3807 adunati
1329 3753 1562 3806 fuerunt
1586 3753 1645 3806 in
1680 3752 1887 3823 oppido
1935 3754 2119 3807 Arela-
2219 3768 2388 3823 agere
2419 3753 2636 3807 volunt.

481 3845 645 3900 tensi.
689 3846 825 3909 Quae
868 3846 1220 3901 decrevimus
1263 3846 1557 3900 communi
1595 3845 1837 3900 concilio
1877 3846 2121 3901 charita-
2289 3847 2422 3900 Vlll.
2454 3847 2529 3898 De
2553 3845 2774 3899 Arianis
2804 3845 2902 3916 qui
2937 3844 3168 3916 propria
3197 3845 3329 3914 lege
3365 3860 3466 3898 sua
3498 3843 3724 3902 utuntur,
3749 3839 3796 3887 ut

481 3939 591 3993 tive
617 3939 1022 4009 significamus,
1051 3945 1116 3995 ut
1147 3956 1342 3994 omnes
1386 3940 1568 3994 sciant
1596 3939 1732 4010 quid
1759 3940 1817 3993 in
1859 3939 2120 3994 futurum
2219 3939 2636 4009 rebaptizentur
2662 3939 2893 4008 placuit.
2923 3939 2978 3993 Si
3015 3938 3086 3991 ad
3123 3937 3423 3992 ecclesiam
3451 3935 3608 4007 aliqui
3634 3933 3691 3986 de
3717 3929 3796 3982 hac

483 4032 775 4087 observare
804 4033 1068 4087 debeant.
2218 4037 2421 4090 haeresi
2450 4035 2731 4104 venerint,
2761 4036 3118 4106 interrogent
3141 4051 3236 4089 eos
3262 4040 3469 4088 nostras
3499 4032 3619 4088 ﬁdei
3645 4042 3795 4083 sacer-

553 4127 687 4181 CAP.
725 4129 766 4180 l.
811 4127 891 4180 De
928 4127 1316 4181 observatione
1356 4127 1583 4181 Paschaa
1623 4125 1870 4192 Domini,
1903 4129 1965 4178 ut
2001 4141 2118 4180 uno
2218 4130 2376 4184 dotes
2406 4129 2748 4200 symbolum,
2778 4133 2834 4184 et
2876 4129 2924 4181 si
2952 4127 3316 4199 praeviderint
3351 4129 3410 4182 in
3441 4130 3592 4182 Patre
3616 4129 3666 4178 et
3689 4121 3796 4174 Filio

482 4217 572 4272 die
603 4222 660 4272 et
709 4221 965 4288 tempore
1013 4236 1116 4290 per
1159 4236 1386 4274 omnem
1429 4220 1629 4274 orbem
1678 4218 2028 4286 observetur,
2061 4221 2119 4273 et
2218 4227 2276 4279 et
2305 4223 2517 4294 Spiritu
2550 4227 2746 4278 sancto
2775 4239 2871 4276 eos
2917 4221 3245 4292 baptizatos,
3278 4238 3481 4276 manus
3510 4219 3582 4273 eis
3614 4217 3795 4270 tantum

472 4312 641 4382 juxta
668 4313 1129 4367 consuetudinem
1159 4314 1372 4367 litteras
1399 4312 1470 4366 ad
1502 4328 1701 4367 omnes
1729 4316 1788 4366 tu
1821 4310 2054 4383 dirigas.
2217 4318 2562 4388 imponatur,
2593 4321 2655 4370 ut
2685 4315 2962 4386 accipiant
2993 4315 3266 4385 Spiritum
3307 4318 3582 4368 sanctum.
3608 4307 3741 4373 Quod
3763 4303 3794 4355 si

555 4407 617 4459 ll.
652 4406 731 4458 De
770 4406 854 4459 his
882 4406 978 4476 qui
1006 4406 1062 4460 in
1092 4407 1527 4476 quibuscumque
1554 4405 1689 4458 locis
1715 4405 1960 4460 ordinati
1992 4405 2110 4460 fue-
2214 4411 2570 4480 interrogati,
2609 4426 2724 4463 non
2750 4408 3150 4479 responderint
3169 4408 3321 4462 hanc
3349 4407 3687 4466 Trinitatem,
3705 4411 3797 4452 non

481 4497 596 4551 rint
621 4498 888 4567 ministri,
916 4500 975 4553 in
1004 4499 1140 4570 ipsis
1165 4499 1303 4555 locis
1330 4501 1708 4570 perseverent.
2213 4503 2593 4574 baptizentur.

533 4594 639 4646 'llI.
677 4594 751 4646 De
787 4594 874 4647 his
905 4594 1000 4664 qui
1032 4610 1195 4647 arma
1239 4593 1548 4664 projiciunt
1585 4591 1646 4645 in
1693 4607 1849 4662 pace,
1883 4590 2112 4662 placuit,
2283 4598 2365 4650 IX.
2400 4598 2478 4650 De
2510 4597 2597 4650 his
2623 4596 2720 4667 qui
2750 4595 3137 4650 confessorum
3176 4594 3390 4650 litteras
3430 4591 3677 4653 afferunt,
3704 4583 3798 4656 Ριξξ-

483 4686 771 4740 abstinere
799 4703 895 4741 eos
920 4705 952 4740 a
980 4687 1399 4742 communione.
2215 4690 2329 4745 cuit
2355 4695 2417 4744 ut
2446 4689 2675 4743 sublatis
2702 4689 2780 4744 eis
2809 4688 3034 4757 litteris,
3065 4688 3203 4742 alias
3229 4688 3505 4760 accipiant
3528 4674 3798 4739 communi-

554 4781 637 4834 lV.
674 4781 747 4834 De
791 4781 1161 4851 agitatoribus
1194 4780 1289 4851 qui
1329 4779 1528 4834 ﬁdeles
1569 4783 1718 4848 sunt,
1765 4777 1978 4850 placuit
2017 4793 2114 4832 eos
2215 4783 2480 4839 catoriaS.

480 4874 732 4944 quandiu
760 4874 979 4945 agitant
1005 4892 1038 4928 a
1064 4874 1469 4929 communione
1501 4871 1773 4944 separari.
2284 4879 2342 4931 Χ.
2391 4878 2468 4931 De
2496 4878 2585 4931 his
2633 4877 2728 4948 qui
2775 4877 3046 4948 conjuges
3072 4891 3203 4930 suas
3246 4874 3305 4928 in
3335 4871 3604 4928 adulterio
3637 4868 3800 4936 depre-

555 4969 613 5022 V.
645 4969 722 5021 De
754 4967 1066 5035 theatricis,
1101 4973 1156 5022 et
1183 4969 1332 5039 ipsos
1362 4967 1577 5039 placuit
1607 4965 1879 5038 (quandiu
1911 4965 2109 5037 agunt)
2213 4971 2490 5038 hendunt,
2521 4975 2577 5025 et
2613 4970 2784 5025 iidem
2822 4973 2954 5023 sunt
2989 4969 3377 5023 adolescentes
3407 4967 3593 5020 ﬁdeles
3620 4965 3671 5015 et
3698 4970 3800 5030 pro-

483 5078 515 5115 a
546 5062 946 5116 communione
976 5063 1246 5132 separari.
2130 5044 2189 5115 D
2217 5065 2487 5118 bibentur
2517 5064 2756 5130 nubere,
2790 5062 3003 5132 placuit
3023 5068 3082 5116 ut
3109 5062 3167 5116 in
3192 5067 3472 5132 quantum
3498 5057 3674 5131 potest
3698 5065 3799 5105 con-

555 5157 637 5208 Vl.
668 5156 748 5209 De
776 5155 865 5209 his
893 5155 992 5226 qui
1021 5155 1352 5210 inﬁrmitate
1396 5154 1628 5210 credere
1659 5153 1873 5221 volunt,
1902 5153 2116 5226 placuit
2215 5159 2405 5212 silium
2437 5158 2518 5211 eis
2561 5157 2744 5224 detur,
2784 5173 2854 5209 ne
2890 5155 3206 5210 viventibus
3242 5154 3503 5209 uxoribus
3541 5149 3664 5217 suis,
3695 5144 3799 5199 licet

485 5248 695 5303 debere
719 5248 808 5302 his
829 5265 1066 5302 manum
1089 5249 1330 5320 imponi.
2216 5251 2512 5319 adulteris,
2544 5249 2685 5304 alias
2715 5248 3014 5320 accipiant.

552 5341 680 5415 89
708 5344 817 5396 Vll.
843 5342 920 5396 De
939 5342 1280 5413 prasidibus
1305 5342 1402 5414 qui
1427 5341 1626 5397 ﬁdeles
1650 5340 1723 5395 ad
1746 5341 2116 5412 prmsidatum
2285 5347 2364 5401 XI.
2401 5347 2476 5400 De
2515 5342 2717 5415 puellis
2746 5341 3006 5397 ﬁdelibus
3047 5357 3175 5413 quae
3212 5340 3474 5412 gentibus
3494 5333 3797 5409 junguntur,

477 5437 781 5507 prosiliunt
806 5436 882 5490 ita
909 5436 1142 5506 placuit,
1164 5440 1227 5490 ut
1259 5453 1386 5490 cum
1403 5436 1648 5508 promoti
1677 5434 2116 5490 fuerintlitteras
2215 5439 2427 5510 placuit
2455 5443 2514 5493 ut
2552 5437 2842 5510 aliquanto
2880 5441 3137 5508 tempore
3173 5452 3206 5489 a
3242 5431 3632 5491 communione
3671 5435 3800 5494 θερει-

477 5531 758 5602 accipiant
784 5529 1185 5585 ecclesiasticas
1225 5529 1776 5596 communicatorias,
1807 5527 1884 5583 ita
1920 5533 2116 5583 tamen
2215 5537 2435 5586 rentur.

484 5626 544 5676 ut
565 5624 998 5695 quibuscunque
1017 5623 1154 5679 locis
1177 5623 1459 5695 gesserint
1477 5623 1546 5677 ab
1569 5623 1837 5694 episcopo
1860 5621 2115 5692 ejusdem
2285 5627 2394 5681 ΧΠ.
2427 5627 2509 5682 De
2532 5625 2807 5680 ministris
2831 5624 2929 5695 qui
2955 5624 3309 5691 fenerantur,
3338 5619 3545 5694 placuit
3568 5632 3656 5672 eos
3667 5611 3799 5683 juxta

481 5716 587 5771 loci
613 5734 748 5771 cura
779 5717 849 5772 de
887 5719 997 5773 illis
1029 5723 1252 5789 agatur,
1272 5721 1335 5772 ut
1354 5734 1486 5772 cum
1510 5715 1784 5788 coeperint
1803 5731 1932 5768 cum
1955 5714 2116 5770 disci—
2215 5720 2460 5776 formam
2494 5719 2765 5774 divinitus
2792 5719 2980 5774 datam
3008 5734 3042 5772 a
3068 5716 3464 5772 communione
3488 5709 3760 5767 abstinere.

484 5810 639 5881 plina
664 5814 890 5883 publica
933 5833 1125 5888 agere,
1178 5823 1315 5872 tunc
1351 5815 1584 5873 demum
1634 5832 1666 5869 a
1711 5813 2113 5871 communione
2284 5815 2409 5870 XIII.
2436 5815 2514 5869 De
2532 5814 2618 5869 his
2637 5814 2736 5886 qui
2761 5812 3080 5886 Scripturas
3101 5817 3316 5869 sanctas
3334 5806 3616 5866 tradidisse
3635 5799 3794 5856 dicun-
