3964 6178
1397 290 1868 346 DECRETAIJI'M
1907 290 2288 345 CULLECTIO.
3397 299 3494 350 378

205 417 292 473 tur,
313 407 382 459 vel
402 422 514 458 vasa
537 404 847 471 Doniiuica,
874 404 959 458 vel
982 402 1218 458 nomina
1245 403 1488 456 fratrum
1509 419 1762 469 suorum,
1789 413 1845 485 Α
1939 401 2021 454 XV
2031 401 2108 453 III.
2141 401 2214 455 De
2241 401 2576 456 diaconibus
2618 402 2845 468 urbicis,
2876 406 2941 456 ut
2972 420 3087 458 non
3134 402 3348 474 aliquid
3391 423 3496 477 per

203 501 368 571 placuit
390 498 551 562 nobis,
586 503 648 551 ut
674 497 998 568 quicunque
1030 513 1230 551 eorum
1277 497 1334 550 in
1363 497 1500 550 actis
1531 495 1768 567 publicis
1868 510 1926 548 se
1957 498 2319 564 praasumant,
2349 495 2449 548 sed
2478 497 2664 550 honor
2693 496 3035 566 presbyteris
3064 500 3400 552 reservetur.

200 593 336 648 fuerit
384 592 638 658 detectus,
681 591 766 645 vel
815 591 998 645 verbis
1045 589 1213 643 nudis
1262 590 1331 643 ab
1382 589 1580 642 ordine
1634 588 1767 641 cleri
1941 588 2064 641 ΧΙΧ.
2099 590 2168 643 Ut
2207 587 2521 658 presbyteri
2561 590 2679 643 sine
2713 589 3054 643 conscientia
3103 590 3497 660 episcoporum

201 688 496 740 amoveatur.
525 685 660 738 Nam
693 684 738 737 si
768 684 936 738 iidem
967 684 1189 754 aliquos
1231 683 1523 736 ordinasse
1556 681 1768 735 fuerint
1869 681 2009 734 nihil
2040 681 2265 734 faciant.

197 777 507 849 deprehensi,
537 781 592 830 et
617 777 661 830 si
688 777 744 831 in
771 778 861 830 his
888 778 986 847 qui
1013 777 1435 840 ordinaverunt,
1469 775 1608 828 ratio
1632 775 1763 827 sub-
1939 776 2044 828 XX.
2091 775 2160 827 Ut
2215 774 2518 844 peregrino
2582 775 2846 847 episcopo
2893 775 3052 830 locus
3113 776 3494 834 satisfaciendi

195 873 324 936 sistit,
351 888 453 924 non
483 877 670 924 tamen
713 870 819 924 illis
857 871 1124 924 subsistat
1166 869 1465 933 ordinatio,
1499 868 1767 951 quoniam
1869 868 2054 921 detur.

190 965 323 1018 multi
349 964 583 1034 suntqui
625 969 823 1018 contra
869 963 1305 1017 ecclesiasticam
1357 962 1614 1030 regulam
1663 978 1763 1032 pu-
1937 961 2062 1014 XXI.
2096 962 2173 1015 De
2202 960 2289 1015 bis
2330 962 2426 1032 qui
2470 967 2753 1033 usurpant
2788 963 2893 1017 sibi
2923 963 3077 1034 quod
3122 965 3222 1018 soli
3250 965 3495 1021 debeant

192 1074 331 1128 gnare
359 1057 624 1124 videntur,
654 1060 710 1111 et
751 1073 852 1128 per
881 1061 1052 1112 testes
1098 1055 1422 1126 redemptos
1467 1060 1670 1125 putant
1709 1070 1766 1107 se
1867 1055 2194 1125 episcopum
2222 1055 2512 1121 ordinare,
2538 1057 2770 1126 placuit,
2802 1062 2861 1110 ut
2880 1056 3069 1110 nullus
3096 1058 3203 1111 hoc
3230 1055 3335 1112 sibi
3357 1077 3496 1129 pra:-

189 1151 244 1204 ad
280 1151 678 1204 accusationem
710 1149 935 1204 admitti
976 1149 1203 1214 debere,
1231 1148 1328 1219 qui
1373 1148 1606 1201 omnino
1649 1163 1764 1201 non
1866 1151 2074 1214 sumat,
2106 1147 2212 1200 nisi
2244 1149 2551 1219 assumptis
2576 1148 2683 1202 sibi
2709 1149 2832 1203 aliis
2861 1154 3076 1220 septem
3121 1151 3414 1222 episcopis,
3450 1153 3496 1206 si

188 1243 534 1308 admittantur,
566 1243 672 1297 nisi
706 1246 783 1311 (ut
827 1260 999 1314 supra
1053 1243 1314 1310 diximus)
1343 1242 1479 1295 actis
1528 1241 1765 1312 publicis
1865 1245 2057 1294 tamen
2105 1258 2218 1294 non
2258 1241 2548 1312 potuerint
2589 1246 2829 1313 septem,
2861 1242 2980 1297 sine
3009 1243 3190 1297 tribus
3232 1245 3497 1299 fratribus

185 1336 438 1390 docuerint
465 1337 621 1390 omni
652 1354 709 1390 se
739 1337 1056 1407 suspicione
1087 1352 1298 1389 carere.
1863 1351 1981 1388 non
2015 1334 2266 1388 audeant
2293 1335 2582 1390 ordinare.

237 1430 345 1482 XIV.
379 1430 447 1483 De
476 1430 564 1484 his
605 1431 699 1502 qui
744 1431 884 1484 falso
917 1435 1182 1484 accusant
1231 1430 1435 1482 fratres
1463 1445 1614 1494 suos,
1643 1428 1762 1498 pla-
1935 1429 2087 1483 ΧΧΙΙ,
2138 1429 2214 1482 De
2269 1429 2612 1499 presbyteris
2658 1433 2759 1483 aut
2804 1430 3130 1486 diaconibus
3174 1434 3272 1503 qui
3316 1435 3500 1489 solent

181 1523 272 1576 cuit
309 1539 395 1576 eos
437 1541 611 1594 usque
649 1524 721 1577 ad
756 1525 968 1578 exitum
1014 1539 1130 1576 non
1177 1521 1621 1587 communicare,
1667 1521 1762 1574 sed
1864 1521 2151 1575 dimittere
2198 1523 2322 1575 loca
2352 1523 2538 1576 suain
2579 1523 2784 1593 quibus
2838 1522 3086 1578 ordinati
3143 1533 3273 1580 sunt
3321 1535 3378 1582 et
3424 1529 3495 1583 ad

181 1617 346 1670 falsum
391 1608 586 1672 testem
623 1618 805 1688 (juxta
847 1616 1220 1687 Scripturam)
1251 1616 1596 1686 impunitum
1644 1631 1761 1669 non
1865 1615 1978 1668 alia
2006 1615 2127 1669 loca
2167 1632 2224 1668 se
2269 1616 2702 1683 transtulerunt,
2734 1618 2946 1688 placuit
2990 1623 3050 1672 ut
3088 1620 3175 1673 his
3217 1621 3356 1675 locis
3387 1621 3488 1675 mi-

179 1711 313 1764 licere
339 1727 470 1764 esse.
1864 1707 2108 1762 nistrent
2132 1707 2338 1778 quibus
2366 1708 2581 1778 praeﬁxi
2608 1715 2769 1775 sunt;
2800 1711 2917 1780 qui,
2950 1712 3158 1766 relictis
3185 1713 3323 1767 locis
3359 1715 3492 1780 suis,

232 1805 318 1858 XV.
345 1806 416 1859 De
445 1804 796 1872 diaconibus,
828 1819 972 1875 quos
1001 1803 1367 1874 cognovimus
1408 1801 1599 1857 multis
1627 1802 1758 1855 locis
1779 1781 1835 1853 Β
1860 1800 1933 1854 ad
1964 1801 2137 1855 alium
2171 1802 2360 1855 locum
2407 1819 2465 1854 se
2519 1801 2745 1856 deferre
2783 1803 3084 1873 voluerint,
3115 1807 3492 1876 deponantur.

177 1897 362 1965 oﬂ'erre,
391 1899 600 1969 placuit
625 1899 859 1953 minime
883 1897 1008 1951 fieri
1039 1897 1266 1951 debere.
1932 1895 2107 1950 XXIII.
2140 1895 2216 1948 De
2264 1894 2350 1948 liis
2390 1895 2487 1966 qui
2527 1898 2866 1966 apostatant,
2895 1903 2949 1951 et
2996 1902 3303 1970 antequam
3335 1917 3392 1954 se
3425 1901 3496 1955 ad

229 1993 336 2046 XVI.
368 1993 440 2046 De
470 1992 558 2046 his
590 1992 691 2064 qui
733 2008 836 2063 pro
878 1990 1083 2046 delicto
1130 2008 1230 2044 suo
1281 2007 1313 2044 a
1358 1988 1761 2044 communione
1860 1989 2152 2042 ecclesiam
2196 1991 2626 2058 repraesentant,
2674 2006 2777 2043 nec
2821 1989 3051 2060 quidem
3098 1992 3494 2062 paenitentiam

174 2091 480 2156 separantur,
550 2086 626 2140 ita
689 2084 924 2156 placuit,
983 2089 1048 2139 ut
1119 2084 1548 2155 quibuscunque
1625 2083 1760 2136 locis
1858 2098 2028 2152 agere
2056 2087 2338 2153 quaerunt,
2373 2087 2429 2135 et
2460 2087 2652 2152 postea
2677 2082 2733 2136 in
2767 2083 3096 2139 inﬁrmitate
3125 2087 3357 2157 arrepti,
3390 2104 3487 2158 pec

176 2178 358 2233 fuerant
397 2180 624 2248 exclusi,
653 2179 854 2235 eodem
881 2177 1006 2233 loco
1045 2177 1509 2232 communionem
1555 2192 1757 2231 conse-
1858 2177 1990 2228 tunt
2013 2175 2503 2241 communionem,
2535 2176 2745 2246 placuit
2786 2176 2866 2231 eis
2903 2194 3015 2232 non
3046 2179 3292 2234 dandam
3335 2197 3490 2235 com-

175 2275 398 2340 quantm,
1859 2269 2218 2335 munionem,
2249 2268 2355 2322 nisi
2385 2269 2761 2324 revelaverint
2785 2274 2842 2325 et
2866 2271 3092 2341 egerint
3135 2273 3338 2344 dignos
3368 2275 3490 2330 fru-

225 2365 351 2420 XV’II.
395 2367 462 2421 Ut
506 2367 700 2420 nullus
751 2366 1148 2439 episcoporum
1209 2364 1382 2420 alium
1433 2364 1758 2436 episcopum
1859 2365 1982 2416 ctus
2019 2361 2395 2433 poenitentiae.

172 2459 434 2515 conculcet,
2054 2455 2292 2528 Explicit
2317 2455 2623 2511 concilium
2651 2457 2977 2514 Arelatense
3008 2458 3287 2531 primum.

1597 2613 1656 2622 ,Α

2773 2611 3094 2625 W

3099 2611 3270 2625 «ιι-...με

3266 2610 3350 2625 ε...
3457 2613 3474 2627 ,

708 2745 1109 2814 INCIPIUNT
1154 2746 1547 2812 CAPITULA
1589 2743 1921 2812 CONCILII
1967 2741 2296 2810 SECUNDI
2341 2740 2910 2812 ARELATENSIS.

225 2903 265 2955 1.
301 2902 368 2955 De
393 2900 678 2974 neophitis
707 2902 925 2958 clericis
954 2920 1067 2958 non
1099 2903 1447 2958 ordinandis.
1931 2904 2013 2956 I3.
2056 2901 2126 2956 Ut
2166 2919 2238 2957 ne
2286 2901 2410 2974 quis
2453 2903 2706 2974 qualibet
2751 2901 3088 2959 necessitate
3119 2921 3281 2960 suam
3311 2902 3487 2963 relina

222 2998 263 3048 2.
298 2996 534 3060 Qualiter
562 2997 854 3068 conjugati
898 2997 968 3051 ad
1015 2998 1395 3052 sacerdotium
1434 2997 1756 3069 provehan-
1857 2999 1996 3066 quat
2031 2995 2348 3051 ecclesiam.

165 3090 253 3140 tur.
1795 3161 1828 3164 ζ
1935 3088 2014 3144 14.
2061 3089 2136 3145 Ne
2168 3089 2403 3144 clericus
2437 3107 2664 3146 usuram
2696 3089 2951 3164 accipiat.

218 3184 261 3236 3.
299 3183 360 3237 Ut
387 3184 580 3240 nullus
626 3184 862 3239 clericus
885 3189 984 3240 aut
1014 3184 1285 3240 diaconus
1331 3183 1389 3239 in
1436 3183 1632 3238 solatio
1659 3200 1757 3238 suo
1777 3161 1832 3234 Ο
1932 3185 2014 3237 15.
2058 3182 2133 3237 Ne
2160 3184 2432 3238 diaconus
2459 3199 2646 3238 coram
2679 3161 3011 3257 presbytero
3043 3188 3235 3244 sedeat
3264 3189 3352 3244 vel
3384 3186 3488 3244 Eu-

165 3279 452 3332 extraneam
485 3279 699 3333 habeat
725 3278 1045 3333 mulierem.
1857 3275 2187 3331 charistiam
2216 3276 2424 3332 tradat.

217 3369 260 3422 4.
297 3371 357 3424 L't
397 3373 592 3426 nullus
635 3373 871 3426 clericus
921 3371 978 3426 in
1030 3371 1258 3428 cellario
1305 3371 1392 3426 vel
1440 3369 1498 3425 in
1539 3374 1756 3425 secreto
1799 3356 1801 3358 2
1931 3372 2013 3424 I6.
2055 3371 2125 3424 Ut
2154 3367 2434 3425 Fotiniani
2463 3373 2521 3425 et
2548 3369 2906 3428 Paulianistaa
2929 3373 3307 3445 baptizentur.

162 3460 459 3519 intromittat
488 3465 766 3538 puellam.
1931 3466 2012 3517 17.
2057 3463 2126 3517 Ut
2169 3465 2419 3518 lueretici
2447 3463 2545 3536 qui
2591 3465 2647 3519 in
2688 3466 2962 3523 Trinitate
3007 3467 3277 3539 baptizati
3332 3473 3482 3539 sunt,

295 3558 356 3612 Ut
383 3560 686 3631 episcopus
707 3577 837 3614 cum
868 3558 1167 3614 ordinatur
1186 3576 1315 3614 cum
1336 3575 1617 3613 consensu
1638 3574 1756 3612 me-
1855 3572 1986 3610 cum
2013 3557 2314 3611 chrismate
2345 3564 2401 3612 et
2429 3575 2635 3612 manus
2661 3559 3015 3630 impositione
3043 3562 3408 3634 recipiantur.

160 3649 464 3720 trepolitani,
493 3660 619 3707 tres
643 3669 773 3707 eum
801 3653 1069 3708 ordinent
1095 3651 1359 3724 episcopi.
1931 3651 2013 3705 18.
2056 3651 2126 3705 Ut
2152 3651 2573 3722 metropolitani
2615 3653 2850 3708 arbitrio
2889 3656 3141 3726 synodus
3169 3675 3482 3730 congrege-

213 3742 256 3793 6.
293 3741 364 3797 De
392 3743 664 3814 episcopo
708 3743 806 3814 qui
835 3743 957 3797 sine
1004 3742 1431 3814 metropolitani
1476 3758 1754 3796 consensu
1855 3747 1969 3800 tur.

157 3831 294 3888 fuerit
321 3835 636 3891 ordinatus.
1933 3840 2014 3893 t9.
2056 3836 2124 3893 Ut
2161 3837 2298 3892 nulli
2345 3837 2614 3912 episcopo
2659 3841 2825 3896 liceat
2851 3859 2881 3895 a
2913 3843 3127 3914 synodo
3155 3845 3366 3915 deesse,
3396 3845 3483 3901 vel

211 3931 252 3981 7.
289 3929 358 3985 De
382 3929 468 3984 bis
496 3929 600 4002 qui
625 3929 838 4001 seipsos
868 3928 1224 3986 abscindunt.
1855 3935 1987 3986 ante
2019 3936 2308 4003 peractam
2337 3934 2618 4005 synodum
2647 3933 2957 3991 discedere.

211 4022 253 4074 8.
293 4024 360 4078 De
413 4025 503 4080 bis
551 4021 656 4096 qui
707 4025 1227 4080 excommunicatos
1285 4023 1515 4078 alterius
1577 4022 1751 4078 susci-
1923 4029 2011 4080 20.
2055 4025 2134 4079 De
2173 4024 2387 4096 aurigis
2431 4033 2488 4082 et
2518 4027 2808 4083 tlieatricis
2849 4029 3126 4084 ﬁdelibus.

156 4111 308 4181 piunt.
1924 4121 2010 4173 21.
2052 4117 2106 4173 Si
2145 4121 2272 4189 post
2301 4127 2587 4192 acceptam
2625 4123 3015 4193 paenitentiam
3052 4123 3178 4194 quis
3203 4125 3480 4195 nupserit.

160 4196 162 4198 ’
210 4209 252 4261 9.
289 4211 352 4265 Ut
374 4211 671 4268 Novatiani
697 4212 755 4266 in
787 4209 1250 4266 communionem
1283 4230 1397 4267 non
1430 4211 1749 4282 suscipian-
1922 4215 2007 4267 22.
2052 4213 2122 4267 Ut
2151 4213 2482 4283 poenitentia
2527 4215 2849 4285 conjugatis
2885 4232 2952 4270 ex
2993 4233 3267 4272 consensu
3294 4219 3479 4274 detur.

154 4301 242 4355 tur.
1865 4295 1868 4298 ’
1924 4308 2013 4361 23.
2055 4307 2134 4360 De
2163 4305 2545 4362 sacerdotibus
2577 4309 2674 4380 qui
2712 4309 3086 4365 idololatriam
3119 4328 3232 4366 non
3266 4316 3479 4368 everte-

215 4397 284 4451 10.
325 4399 394 4453 De
424 4399 514 4455 his
546 4399 644 4472 qui
677 4398 734 4454 in
775 4398 1171 4471 persecutione
1217 4394 1568 4469 przevaricati
1597 4402 1748 4453 sunt.
1853 4404 2005 4454 runt.

213 4494 283 4545 H.
324 4493 398 4547 De
446 4495 535 4548 his
591 4495 686 4564 qui
726 4494 908 4566 poenis
937 4493 1088 4562 victi,
1121 4492 1433 4548 sacriﬁcare
1473 4492 1830 4605 compulsiD
1922 4495 2013 4548 24.
2056 4493 2134 4549 De
2161 4493 2582 4551 accusatoribus
2610 4491 2872 4552 fratrum.

154 4589 274 4638 sunt.
1562 4587 1565 4589 ’
1771 4587 1827 4605 ⁵¹
1923 4587 2010 4642 25.
2053 4588 2132 4642 De
2158 4590 2429 4660 apostatis
2455 4590 2500 4644 si
2532 4607 2646 4644 non
2677 4595 3051 4647 revertuntur.

213 4680 282 4732 I2.
322 4681 394 4735 De
425 4683 514 4737 his
547 4681 649 4753 qui
679 4681 737 4736 in
781 4679 1114 4753 poenitentia
1154 4679 1325 4753 positi
1355 4679 1527 4736 vitam
1558 4697 1750 4738 exces-
2389 4681 2620 4738 Finiunt
2658 4684 2922 4755 capitula.

155 4779 333 4829 serunt.

1590 4849 2016 4869 ——-‘—I—I—_

359 5024 823 5124 INCIPIT
903 5023 1568 5121 CONCILIUM
1646 5018 2452 5123 ARELATENSE
2535 5024 3222 5130 SECUNDUM.

1167 5200 1454 5268 Nomina
1482 5207 1825 5264 auctorum
1854 5201 2145 5282 ejusdem
2174 5204 2448 5266 concilii.

209 5357 276 5415 Ex
323 5362 511 5419 Sicilia
564 5364 1042 5436 Syracusanorum
1096 5363 1283 5420 Sixtus
1333 5365 1649 5436 episcopus,
1699 5370 1756 5419 et
1853 5370 2041 5423 vester
2065 5366 2362 5440 episcopus
2391 5367 2563 5437 misit,
2593 5370 2930 5425 Claudianus
2957 5375 3012 5426 et
3033 5370 3230 5426 Abitus
3257 5364 3484 5443 presbya

152 5447 318 5509 Florus
345 5458 638 5526 diaconus,
681 5475 749 5514 ex
789 5457 1080 5530 provincia
1119 5459 1449 5530 Campaniae
1493 5458 1752 5528 civitatis,
1855 5461 1982 5528 teri,
2021 5463 2305 5533 Eugenius
2353 5468 2408 5516 et
2466 5463 2756 5528 Quiriacus
2809 5464 3030 5519 diaconi
3077 5481 3145 5519 ex
3196 5464 3485 5535 provincia

154 5543 361 5604 Prothus
389 5553 688 5625 episcopus
711 5557 767 5608 et
791 5553 1061 5624 Agrippa,
1096 5555 1154 5606 et
1180 5553 1355 5606 Tutus
1384 5552 1656 5607 diaconus
1685 5568 1754 5606 ex
1854 5555 2051 5622 Italiae,
2084 5556 2311 5610 Orosius
2359 5557 2677 5628 episcopus,
2708 5560 2981 5612 Nazarene
3023 5557 3218 5623 lector,
3251 5574 3319 5612 ex
3351 5576 3478 5629 pro-

155 5645 404 5705 provincia
465 5647 684 5716 Apauli,
742 5647 955 5700 Pardus
1009 5645 1326 5717 episcopus,
1379 5651 1436 5700 et
1487 5647 1755 5701 Crescens
1855 5647 2035 5701 vincia
2081 5648 2486 5704 Viennensium
2530 5649 2766 5704 civitatis
2812 5649 3024 5718 Arelas,
3051 5649 3321 5704 Martinus
3366 5654 3484 5725 epi-

156 5728 396 5790 diaconus
433 5755 503 5792 ex
536 5739 828 5809 provincia
870 5740 1134 5808 Damulti,
1165 5740 1488 5795 Theodorus
1535 5740 1753 5811 episco-
1854 5758 2072 5812 scopus,
2125 5742 2371 5797 Salanias
2420 5743 2731 5814 presbyter,
2782 5741 3007 5796 Nicetus
3047 5742 3198 5810 Afer,
3246 5745 3479 5815 Ursinis,

158 5839 256 5896 tius,
284 5837 335 5883 et
359 5833 930 5906 Agathon,diaconus
962 5851 1029 5888 ex
1077 5834 1210 5889 urbe
1257 5835 1438 5888 Roma
1471 5851 1610 5908 quos
1645 5833 1753 5890 Silo
1855 5839 1912 5894 et
1945 5837 2141 5891 Petrus
2188 5837 2453 5893 diacones
2504 5854 2568 5891 ex
2615 5835 2902 5908 provincia
2946 5851 3059 5908 qua
3101 5854 3270 5912 supra
3309 5841 3481 5901 Vien-
