3964 6178
478 299 578 350 379

1371 290 1649 348 APPEND.
1693 287 1780 347 Al)
1819 293 1978 347 δέκα.
2026 291 2108 344 ΙΧ.
2134 318 2200 326 ——
2240 285 2483 341 lSlDOItl
2526 285 2945 342 MERCATORIS
3667 301 3745 350 38L»

478 405 760 470 nensium,
788 404 960 457 Verus
1010 401 1323 472 episcopus,
1356 401 1535 456 Bedas
1582 401 1875 471 exorcista,
1921 418 1984 455 ex
2029 399 2105 454 ci-
2132 408 2190 481 Α
2211 411 2414 465 scopus
2437 395 2597 465 juxta
2616 411 2885 465 magnam
2910 394 3188 466 synodum
3213 411 3327 451 esse
3353 397 3636 470 episcopum
3657 420 3748 458 non

478 498 649 550 vitate
675 496 917 550 Vasione
952 496 1220 548 Dammas
1251 495 1568 566 episcopus,
1596 495 1784 549 Victor
1810 493 2106 560 exorcista,

480 606 548 644 ex
600 589 818 643 civitate
871 588 1292 658 Aurasicorum,
1343 588 1642 642 Laustinus
1701 589 1996 661 presbyter
2042 603 2110 642 ex

479 687 665 753 porta,
697 682 1055 735 Innocentius
1101 681 1386 749 diaconus,
1417 681 1665 752 Agapius
1713 682 2010 750 exorcista,
2043 697 2111 736 ex

478 773 769 846 provincia
805 774 979 827 Gallia
1007 773 1247 827 civitatis
1275 775 1602 842 Remorum,
1633 774 1960 829 Ibethanius
1989 773 2110 844 epi-

481 885 702 939 scopus,
755 867 1054 938 Prigenius
1101 867 1371 921 diaconus
1417 885 1484 922 ex
1531 869 1753 922 civitate
1806 867 2109 922 Rothoma-

482 961 766 1033 gensium,
789 961 1094 1014 Avidamus
1125 961 1443 1031 episcopus,
1466 961 1711 1015 Nicetius
1733 961 2024 1029 diaconus,
2049 978 2113 1014 ex

481 1054 705 1108 civitate
748 1056 1021 1124 Augusta,
1056 1053 1422 1124 Idonupetius
1468 1054 1783 1125 episcopus,
1824 1053 2115 1107 Amandus

481 1147 796 1219 presbyter,
853 1146 1143 1200 Filomatis
1201 1146 1490 1216 diaconus,
1535 1138 1614 1201 ex
1653 1147 1874 1202 civitate
1928 1146 2111 1200 Helvi-

485 1240 653 1307 dono,
685 1239 876 1294 Votius
919 1239 1233 1310 episcopus,
1264 1240 1497 1294 Pitulius
1545 1241 1835 1307 exorcista,
1868 1258 1938 1294 ex
1981 1239 2112 1294 civi-

485 1338 600 1388 tate
625 1332 960 1404 Agrippina,
991 1333 1270 1387 Maternus
1291 1334 1602 1404 episcopus,
1627 1334 1911 1388 Maurinus
1933 1333 2117 1387 diaco-

483 1443 611 1493 nus,
635 1443 701 1481 ex
715 1425 1358 1496 provinciaAquitanica
1374 1426 1610 1481 civitatis
1625 1427 1862 1498 Vagalii,
1876 1426 2118 1481 Genialis

487 1521 805 1592 episcopus,
835 1535 904 1573 ex
931 1519 1157 1573 civitate
1187 1519 1524 1591 Burdegala,
1559 1519 1862 1574 Orientalis
1903 1520 2116 1590 episco-

486 1631 614 1686 pus,
643 1613 864 1667 Flavius
906 1612 1192 1682 diaconus,
1224 1629 1294 1667 ex
1335 1613 1560 1667 civitate
1604 1614 1900 1680 Verorum,
1930 1613 2120 1667 Artius

489 1708 803 1778 episcopus,
840 1705 992 1760 Felix
1023 1707 1294 1761 exorcista
1323 1723 1388 1759 cx
1420 1706 1644 1761 civitate
1686 1707 1944 1774 'I‘holosa,
1973 1707 2114 1761 Mar-

2210 489 2437 544 debere.

2281 583 2388 637 VII.
2420 581 2474 636 Si
2503 581 2601 652 qui
2632 599 2691 636 se
2722 583 2931 637 carnali
2975 582 3110 638 vitio
3154 599 3458 656 repugnare
3499 587 3755 644 nescientes

2211 675 2568 740 abscindunt,
2601 675 2669 728 ad
2701 676 2914 730 clerum
2944 677 3238 748 pervenire
3264 695 3371 732 non
3401 686 3626 749 possunt.

2285 770 2410 823 VIII.
2453 767 2511 822 Si
2555 768 2680 838 quis
2722 769 3274 826 excommunicatum
3311 772 3524 826 alterius
3549 773 3645 828 sive
3669 773 3756 828 cle-

2212 862 2416 930 ricum,
2463 862 2576 917 sive
2620 863 2948 917 saecularem
2997 863 3248 935 recipere
3291 869 3413 936 post
3452 865 3760 921 interdictum

2213 955 2654 1028 praesumpserit,
2682 954 2808 1028 90
2837 957 3059 1010 noverit
3087 975 3144 1012 se
3165 975 3323 1012 reum
3356 958 3683 1014 fraternitatis
3705 961 3762 1014 fa-

2214 1053 2369 1103 ctum
2395 1065 2620 1103 causam
2647 1049 2703 1102 in
2733 1049 2968 1104 concilio
2995 1051 3366 1105 redditurum.

2285 1144 2368 1196 IX.
2401 1143 2768 1197 Novatianum
2799 1143 2856 1196 in
2895 1143 3349 1200 communionem
3377 1144 3538 1215 recipi
3561 1162 3662 1200 non
3687 1147 3763 1200 de-

2214 1236 2371 1303 bere,
2398 1236 2501 1289 nisi
2531 1241 2788 1307 suscepta
2819 1237 3151 1308 paenitentia
3180 1237 3565 1292 incredulitatis
3584 1242 3768 1309 praeter-

2217 1330 2360 1384 itum
2389 1329 2622 1385 damnet
2649 1346 2924 1386 errorem.

2287 1424 2348 1476 Χ.
2380 1424 2454 1477 De
2490 1423 2576 1476 his
2604 1424 2700 1494 qui
2725 1424 2784 1478 in
2808 1425 3202 1496 persecutione
3239 1426 3565 1497 praevaricati
3588 1429 3714 1495 sunt,
3737 1426 3771 1479 si

2216 1517 2530 1572 voluntarie
2562 1517 2732 1572 ﬁdem
2767 1518 3120 1590 negaverint,
3152 1519 3260 1572 hoc
3289 1519 3355 1573 de
3381 1520 3455 1573 eis
3479 1518 3678 1572 Nicmna
3701 1536 3770 1588 sy-

2217 1611 2401 1665 nodus
2425 1611 2636 1676 statuit,
2659 1614 2720 1664 ut
2752 1610 3008 1684 quinque
3037 1612 3204 1665 annis
3225 1612 3372 1665 inter
3394 1612 3773 1666 catechumenos

2221 1709 2438 1773 exeant,
2464 1709 2521 1758 et
2543 1703 2682 1758 duos
2708 1704 2860 1758 inter
2884 1704 3470 1773 discommunicantes,
3494 1704 3563 1759 ita
3582 1710 3638 1758 ut
3658 1720 3776 1758 com-

490 1801 646 1854 tinus
699 1799 1016 1871 episcopus,
1075 1798 1341 1854 Leontius
1391 1798 1658 1854 diaconus
1713 1818 1780 1854 ex
1834 1800 2118 1870 provincia
2139 1779 2194 1851 Β
2221 1798 2551 1852 munionem
2580 1797 2729 1852 inter
2757 1798 3092 1869 pmnitentes
3122 1816 3235 1852 non
3269 1802 3608 1869 praesumant,
3633 1797 3682 1850 in
3703 1813 3778 1867 po-

488 1892 726 1960 Bitania,
762 1893 1002 1947 Eburius
1032 1892 1325 1964 episcopus
1351 1909 1416 1946 ex
1447 1893 1668 1948 civitate
1703 1893 1922 1962 Culnia,
1950 1894 2116 1948 Adel-

487 1986 602 2041 sius
653 2003 721 2041 ex
765 1984 984 2041 civitate
1031 1987 1440 2056 Romanorum,
1493 1987 1745 2042 Liberius
1798 1989 2115 2060 episcOpus,

486 2078 771 2135 Flonetius
851 2079 1122 2134 diaconus
1195 2097 1261 2135 ex
1323 2078 1548 2135 civitate
1613 2081 1824 2150 Betica,
1879 2081 2118 2136 Sabinus

484 2173 783 2246 presbyter
824 2189 889 2226 ex
937 2172 1162 2227 civitate
1215 2173 1546 2239 Tarcacona,
1575 2174 1852 2229 Probatus
1883 2173 2116 2245 presby-

489 2271 596 2333 ter,
629 2264 912 2320 Castorius
961 2264 1227 2319 diaconus
1275 2281 1343 2320 ex
1395 2265 1618 2321 civitate
1663 2268 2115 2338 Cmsaraugusta,

488 2357 878 2414 Clementinus
924 2357 1241 2429 presbyter,
1272 2358 1522 2413 Rovinus
1565 2359 1845 2415 exorcista
1888 2377 1958 2417 ex
1985 2360 2115 2415 civi-

487 2455 600 2507 tate
647 2451 1180 2523 Tebestigenstium,
1230 2449 1531 2506 Trimanus
1577 2453 1891 2525 presbyter,
1931 2455 2120 2509 Victor

488 2545 763 2600 diaconus
788 2560 858 2599 ex
897 2545 1184 2617 provincia
1227 2545 1558 2601 Mauritania
1605 2547 1954 2614 Caesariensi,
1985 2549 2116 2603 For-

485 2641 719 2694 tunatus
749 2639 1059 2711 episcopus,
1091 2639 1390 2694 Deuterius
1436 2639 1705 2695 diaconus
1731 2657 1798 2696 ex
1828 2640 2118 2713 provincia

488 2731 763 2799 Sardinia,
817 2732 1052 2796 Quintus
1105 2733 1421 2804 episcopus,
1460 2733 1776 2788 Admonius
1823 2735 2120 2807 presbyter

490 2840 559 2879 ex
602 2825 891 2896 provincia
935 2825 1142 2890 Africa,
1171 2825 1484 2880 Cecilianus
1526 2827 1842 2898 presbyter,
1874 2829 2114 2899 Speran-

485 2918 598 2972 tius
629 2918 896 2972 diaconus
925 2935 995 2973 ex
1032 2917 1252 2973 civitate
1299 2918 1504 2988 Onina,
1534 2920 1874 2991 Lampadius
1906 2922 2118 2992 episco-

488 3028 594 3082 pus
639 3027 707 3065 ex
751 3010 973 3066 civitate
1019 3011 1198 3079 Utica,
1229 3011 1414 3066 Victor
1445 3012 1738 3085 episcopus
1782 3031 1846 3068 ex
1895 3014 2117 3071 civitate

489 3105 890 3174 Beneventina,
924 3105 1248 3159 Anastasius
1279 3106 1578 3178 episcopus
1620 3124 1688 3162 ex
1737 3104 1956 3163 civitate
1985 3110 2119 3163 Tur-

488 3197 716 3266 bistina,
771 3199 1002 3253 Faustus
1056 3197 1348 3270 episcopus
1405 3217 1474 3253 ex
1528 3200 1748 3256 civitate
1802 3201 2115 3272 Cocofeltis,

491 3290 824 3362 Surgentius
851 3290 1152 3362 episcopus
1180 3308 1248 3346 ex
1294 3293 1582 3361 Numidia,
1608 3293 1796 3349 Victor
1821 3295 2119 3367 episcopus

490 3399 554 3440 ex
604 3383 824 3440 civitate
873 3384 1216 3454 Virensium,
1258 3385 1451 3440 Vitalis
1500 3385 1798 3460 episcopus
1843 3405 1907 3443 ex
1949 3391 2120 3460 portu

491 3477 644 3533 urbis
668 3479 880 3547 Romae,
909 3475 1211 3550 Gregorius
1260 3475 1557 3552 episcopus
1598 3497 1665 3535 ex
1703 3483 2116 3551 Centumcellis,

492 3572 748 3644 Epitatus
789 3565 1081 3644 episcopus
1129 3590 1200 3628 ex
1242 3573 1469 3628 civitate
1499 3574 1742 3643 Ostensi,
1773 3576 2037 3631 Leontius
2065 3581 2121 3631 et

489 3664 803 3721 Macharius
841 3666 1178 3738 presbyteri.

562 3762 602 3815 Ι.
633 3758 896 3815 Ordinari
928 3757 1000 3814 ad
1038 3761 1372 3818 diaconatus
1398 3763 1488 3818 vel
1527 3763 1823 3820 sacerdotii
1869 3764 2118 3820 ofﬁcium

487 3854 824 3926 neophitum
859 3871 976 3910 non
1001 3854 1228 3911 debere.

565 3951 628 4004 II.
663 3949 880 4005 Assumi
908 3949 1158 4021 aliquem
1187 3949 1258 4004 ad
1285 3949 1672 4006 sacerdotium
1713 3968 1830 4006 non
1862 3969 2028 4024 posse
2061 3952 2120 4006 in

489 4043 742 4114 conjugii
787 4042 1010 4097 vinculo
1051 4043 1445 4111 constitutum,
1475 4044 1580 4098 nisi
1623 4045 1795 4099 fuerit
1841 4045 2122 4116 promissa

491 4137 796 4191 conversio.

567 4231 653 4284 Ill.
681 4230 739 4284 Si
767 4228 895 4300 quis
923 4229 994 4283 de
1018 4228 1234 4284 clericis
1259 4245 1291 4284 a
1319 4229 1495 4300 gradu
1522 4229 1846 4286 diaconatus
1877 4231 1934 4286 in
1975 4232 2120 4287 sola«-

491 4323 570 4378 tio
605 4339 705 4376 suo
748 4318 1047 4376 mulierem
1077 4328 1287 4394 praeter
1310 4323 1514 4391 aviam,
1551 4329 1814 4393 matrem,
1847 4342 2120 4392 sororem,

493 4416 689 4484 ﬁliam,
718 4417 968 4488 neptem,
999 4416 1087 4470 vel
1136 4432 1468 4470 conversam
1514 4433 1705 4472 secum
1747 4432 1981 4474 uxorem
2018 4419 2120 4474 ha-

2140 3150 2194 3223 C

2218 1894 2421 1945 testate
2448 1893 2638 1944 tamen
2663 1892 2752 1945 vel
2780 1890 3013 1946 arbitrio
3046 1892 3153 1946 erit
3182 1890 3448 1963 episcopi,
3468 1894 3529 1946 ut
3551 1891 3592 1944 si
3618 1907 3698 1944 eos
3725 1906 3776 1944 ex

2217 1984 2408 2038 animo
2434 2000 2689 2038 errorem
2716 1984 2922 2039 deflere
2945 1989 3000 2038 et
3019 2001 3192 2055 agere
3211 1983 3585 2057 pmnitentiam
3598 1982 3776 2046 viderit,

2219 2077 2264 2130 si
2294 2077 2361 2132 ad
2388 2076 2847 2132 communionem
2879 2077 2935 2132 in
2961 2076 3188 2150 propria
3219 2077 3446 2133 ecclesia
3470 2077 3591 2132 velit
3617 2077 3775 2130 huma-

2219 2169 2393 2225 nitate
2429 2170 2729 2242 suscipere.

2288 2265 2372 2317 Xl.
2404 2264 2457 2319 Si
2485 2264 2584 2334 qui
2610 2280 2744 2318 vero
2769 2263 2962 2320 dolore
2987 2264 3118 2319 victi
3144 2269 3201 2319 et
3226 2265 3465 2337 pondere
3492 2260 3780 2336 persecutio.

2219 2355 2306 2412 nis
2331 2372 2542 2428 negare
2571 2361 2627 2411 et
2653 2357 2964 2413 sacriﬁcare
3007 2359 3285 2430 compulsi
3325 2359 3470 2426 sunt,
3497 2357 3691 2412 duobus
3711 2372 3783 2409 an-

2220 2450 2305 2504 nis
2343 2450 2491 2506 inter
2527 2451 2988 2518 catechumenos,
3020 2451 3269 2507 triennio
3317 2452 3465 2506 inter
3503 2450 3784 2523 poenitentes

2217 2544 2534 2599 habeantur
2559 2561 2592 2598 a
2623 2544 3025 2600 communione
3052 2545 3331 2617 suspensi.

2290 2639 2399 2692 XII.
2432 2639 2510 2692 De
2537 2638 2624 2692 his
2656 2638 2754 2709 qui
2780 2639 2839 2692 in
2871 2638 3197 2710 poenitentia
3239 2638 3405 2710 positi
3447 2638 3605 2693 vitam
3639 2651 3784 2692 exces-

2218 2734 2434 2798 serunt,
2453 2731 2685 2802 placuit,
2706 2732 2928 2786 nullum
2951 2731 3358 2788 communione
3379 2748 3601 2787 vacuum
3619 2729 3784 2783 debere

2220 2824 2448 2891 dimitti,
2481 2824 2581 2878 sed
2618 2840 2724 2896 pro
2769 2841 2836 2880 eo
2882 2825 3033 2898 quod
3080 2826 3381 2882 honoravit
3425 2819 3783 2898 penitentiam,

2221 2917 2428 2972 oblatio
2459 2915 2611 2971 illius
2636 2918 2964 2989 recipiatur.

2286 3011 2418 3066 XIII.
2469 3011 2664 3066 Nullus
2704 3012 3111 3084 cujuscumque
3163 3012 3381 3069 ordinis
3431 3011 3660 3076 clericus,
3701 3024 3787 3062 non

2223 3104 2520 3174 diaconus,
2548 3122 2659 3159 non
2683 3105 2994 3176 presbyter,
3011 3123 3126 3160 non
3149 3107 3463 3179 episcopus,
3487 3116 3788 3178 quacumque

2221 3198 2513 3253 occasione
2553 3198 2815 3268 faciente,
2858 3198 3153 3270 propriam
3202 3202 3486 3273 relinquat
3525 3195 3788 3262 ecclesiam,

2219 3291 2317 3348 sed
2349 3291 2676 3347 omnimodo
2707 3299 2803 3348 aut
2828 3294 3377 3365 excommunicetur,
3407 3299 3500 3348 aut
3532 3291 3696 3348 redire
3718 3304 3788 3342 co-

2221 3390 2408 3458 gatur.
2429 3388 2592 3452 Quod
2611 3388 2655 3442 si
2670 3388 2872 3459 aliquis
2891 3389 3363 3445 commorationis
3380 3391 3642 3459 tempore,
3655 3381 3794 3438 invito

2220 3481 2485 3554 episcopo
2503 3499 2626 3550 suo,
2649 3481 2707 3536 in
2724 3483 2911 3538 aliena
2929 3483 3163 3539 ecclesia
3187 3482 3475 3549 habitans,
3496 3479 3560 3534 ab
3575 3478 3793 3550 episcopo

2218 3575 2326 3630 loci
2355 3576 2588 3632 clericus
2629 3577 2805 3632 fuerit
2851 3578 3166 3648 ordinatus,
3196 3574 3524 3649 hujusmodi
3561 3566 3794 3627 ordinatio

2219 3668 2378 3724 irrita
2411 3670 2710 3724 habeatur.

2292 3761 2418 3818 XIV.
2455 3763 2510 3819 Si
2539 3761 2665 3835 quis
2691 3764 2925 3820 clericus
2955 3763 3256 3836 pecuniam
3287 3763 3443 3820 dedit
3479 3758 3548 3818 ad
3583 3770 3793 3822 usuram,

2129 3890 2140 3894 ε
2221 3861 2320 3911 aut
2345 3857 2656 3912 conductor
2679 3857 2880 3913 aliena:
2901 3858 2984 3912 rei
3003 3859 3248 3914 voluerit
3282 3875 3423 3926 esse,
3445 3860 3538 3911 aut
3564 3852 3720 3924 turpis
3738 3848 3798 3902 lu-

2222 3948 2302 4003 cri
2332 3951 2513 4020 gratia
2542 3950 2774 4022 aliquod
2805 3968 2985 4023 genus
3010 3951 3418 4023 negotiationis
3445 3948 3702 4012 exerceat,
3725 3941 3800 3995 de-

2223 4041 2437 4112 positus
2463 4060 2497 4097 a
2523 4043 2691 4111 clero,
2723 4061 2755 4098 a
2779 4044 3178 4100 communione
3206 4045 3432 4100 alienus
3463 4041 3730 4097 habeatur.

2294 4136 2400 4191 XV.
2431 4137 2492 4190 In
2531 4139 2832 4193 secretario
2873 4138 3140 4194 diaconos
3177 4138 3331 4194 inter
3367 4135 3698 4210 presbyteros
3731 4143 3798 4181 se-

2223 4230 2356 4286 dere
2386 4246 2502 4286 non
2532 4231 2714 4301 liceat,
2743 4233 2827 4287 vel
2856 4249 3060 4304 corpus
3084 4232 3292 4287 Christi
3319 4234 3586 4304 praesente
3616 4221 3800 4298 presby-

2223 4327 2347 4379 tero
2374 4325 2602 4380 tradere
2647 4339 2762 4380 non
2806 4331 3174 4397 prwsumant,
3205 4326 3358 4397 quod
3399 4325 3444 4379 si
3490 4320 3723 4384 fecerint,
3749 4311 3801 4366 ab

2223 4418 2408 4473 officio
2437 4419 2770 4474 diaconatus
2814 4419 3139 4475 abscedant.

493 4509 629 4568 bere
667 4509 1115 4584 prasumpserit,
1144 4527 1177 4564 a
1211 4511 1615 4566 communione
1665 4513 1882 4568 alienus
1924 4513 2204 4598 habea-D
2296 4511 2422 4566 XVI.
2467 4509 2786 4566 Fotinianos
2824 4512 2937 4566 sive
2987 4511 3364 4568 Paulianistas
3407 4505 3697 4567 secundum
3733 4517 3802 4573 pa-

493 4612 614 4673 tur;
637 4623 740 4678 par
758 4621 983 4678 quoque
1011 4609 1065 4660 et
1085 4603 1390 4660 mulierem
1414 4605 1556 4676 (sise
1582 4622 1840 4677 separare
1865 4609 2124 4678 noluerit)

493 4717 661 4772 poma
691 4699 978 4770 percellat.

567 4795 650 4847 IV.
680 4793 877 4848 Nullus
926 4794 1216 4864 diaconus,
1246 4792 1330 4848 vel
1358 4791 1672 4865 presbyter,
1702 4795 1786 4849 vel
1829 4793 2127 4869 episcopus

495 4886 568 4942 ad
593 4886 804 4942 cellarii
834 4890 1114 4942 secretum
1153 4887 1499 4943 intromittat
1559 4889 1809 4960 puellam
1847 4891 1930 4943 vel
1959 4891 2123 4961 inge-

495 4995 690 5050 nuam,
723 4981 809 5036 vel
840 4981 1124 5037 ancillam.

565 5078 627 5131 V.
657 5075 852 5130 Nullus
881 5074 1179 5147 episcopus
1205 5075 1325 5131 sine
1351 5072 1771 5148 metropolitani
1818 5071 2122 5149 permissu,

491 5188 600 5230 nec
645 5170 945 5242 episcopus
974 5169 1446 5240 metropolitanus
1478 5171 1600 5225 sine
1628 5171 1807 5225 tribus
1851 5171 2125 5244 episcopis

493 5262 1733 5338 comprovincialibus,praesumatepisc0pum
1754 5265 2126 5332 ordinare,ita

495 5365 559 5417 ut
581 5359 674 5414 alii
699 5356 1200 5430 comprovinciales
1231 5357 1486 5429 epistolis
1510 5357 1948 5427 admoneantur,
1971 5365 2036 5414 ut
2063 5376 2124 5414 se

494 5472 595 5510 suo
621 5469 893 5526 responso
939 5450 1287 5507 consensisse
1331 5451 1673 5523 significent.
1701 5452 1861 5516 Quod
1888 5453 1934 5508 si
1973 5453 2126 5508 inter

493 5553 682 5620 partes
713 5547 905 5619 aliqua
928 5545 1102 5601 fuerit
1127 5545 1402 5600 dubitatio
1426 5545 1629 5616 majori
1659 5563 1901 5602 numero
1923 5552 2125 5603 metro-

492 5642 778 5714 politanus
809 5641 866 5695 in
895 5639 1171 5696 electione
1203 5639 1534 5695 consentiat.

566 5720 653 5788 γε’.
691 5733 829 5789 Illud
855 5739 1049 5790 autem
1076 5737 1208 5789 ante
1236 5733 1428 5789 omnia
1454 5734 1678 5806 clareat,
1713 5752 1844 5791 eum
1877 5735 1974 5808 qui
2003 5735 2124 5790 sine

498 5826 840 5884 conscientia
905 5827 1326 5902 metrOpolitani
1382 5828 1719 5886 constitutus
1773 5829 1945 5886 fuerit
1999 5829 2120 5904 epi-

2226 4609 2381 4660 trum
2407 4608 2618 4660 statuta
2644 4605 2918 4677 baptizari
2943 4608 3190 4678 oportet.

2296 4699 2446 4753 XVII.
2479 4698 2839 4754 Bononianos
2862 4702 3052 4755 autem
3082 4716 3150 4755 ex
3181 4700 3388 4756 eodem
3414 4713 3601 4754 errore
3625 4689 3807 4748 venien-

2226 4797 2309 4847 tes
2336 4792 2494 4864 (quos
2520 4792 2662 4847 sicut
2685 4793 2922 4848 Arianos
2947 4793 3221 4866 baptizari
3253 4795 3314 4849 in
3356 4793 3621 4850 Trinitate
3657 4780 3805 4840 manis

2224 4886 2434 4941 festum
2461 4886 2563 4958 est)
2593 4887 2730 4942 dum
2768 4887 3108 4960 interrogati
3136 4887 3309 4943 ﬁdem
3350 4893 3596 4942 nostram
3627 4897 3686 4935 ex
3713 4877 3805 4931 toto

2227 4981 2399 5036 corde
2449 4981 2686 5036 confessi
2735 4981 2970 5049 fuerint,
3015 4997 3146 5037 cum
3193 4981 3496 5037 chrismate
3545 4979 3599 5032 et
3641 4980 3808 5028 manus

2224 5075 2591 5146 impositione
2627 5073 2684 5129 in
2715 5073 2949 5130 ecclesia
2972 5076 3149 5148 recipi
3177 5074 3404 5132 sufﬁcit.

2295 5167 2470 5224 XVIII.
2502 5169 2585 5224 Ad
2609 5168 2952 5223 Arelatensis
2981 5169 3230 5241 episcopi
3269 5167 3567 5223 arbitrium
3602 5154 3809 5234 synodus

2225 5267 2308 5318 est
2333 5261 2754 5334 congreganda,
2779 5262 2852 5317 ad
2873 5279 3046 5334 quam
3065 5263 3267 5318 urbem
3283 5279 3349 5317 ex
3373 5259 3629 5317 omnibus
3645 5245 3809 5308 mundi

2226 5356 2480 5428 partibus
2501 5355 2603 5411 sub
2618 5357 2793 5410 sancti
2812 5355 3035 5411 Martini
3065 5359 3321 5427 tempore
3347 5353 3588 5426 legimus
3605 5344 3812 5403 celebra-

2224 5455 2345 5506 tum
2374 5450 2542 5505 fuisse
2569 5450 2872 5505 concilium
2904 5455 3074 5522 atque
3101 5451 3463 5517 conventum,
3487 5445 3532 5500 si
3556 5443 3672 5516 quis
3691 5449 3809 5491 com-

2224 5544 2474 5600 monitus
2515 5544 2864 5600 infirmitatis
2902 5561 3069 5600 causa
3110 5543 3376 5612 defuerit,
3406 5549 3692 5614 personam
3715 5527 3811 5582 vice

2224 5656 2324 5694 sua
2353 5637 2581 5710 dirigat.

2295 5733 2422 5787 XIX.
2453 5733 2509 5788 Si
2540 5733 2666 5804 quis
2699 5739 2888 5789 autem
2929 5733 3119 5788 adesse
3145 5727 3474 5804 neglexerit,
3508 5724 3600 5782 aut

2222 5827 2485 5896 fratrum,
2508 5832 2815 5904 antequam
2837 5827 3170 5884 dissolvatur
3197 5822 3524 5892 concilium,
3547 5810 3814 5875 crediderit
