3964 6178
227 328 308 379 381
1422 315 1894 377 DECRETALII'M
1933 320 2322 376 COLI.EGTIO.

3468 326 3569 380 382

222 431 612 500 deserendum,
640 430 894 513 alienum
914 447 974 486 se
1004 447 1040 485 a
1063 427 1308 485 fratrum
1330 431 1738 485 communione
1758 445 1844 484 co-
1865 440 1924 513 Α
1944 429 1990 483 si
2018 428 2352 485 admonitus
2388 428 2696 484 emendare
2737 426 3005 499 noluerit,
3032 429 3433 487 communione
3459 433 3574 505 pri-

218 530 460 595 gnoscat,
487 542 592 580 nec
621 542 756 579 eum
782 525 958 596 recipi
997 525 1181 592 liceat,
1212 524 1323 578 nisi
1358 524 1418 578 in
1464 523 1722 596 sequenti
1756 540 1843 595 sy-

216 619 356 673 nodo
385 618 564 673 fuerit
582 619 896 673 absolutus.

277 713 379 766 XX.
410 713 486 766 De
515 711 895 783 agitatoribus
916 710 1031 766 sive
1052 710 1339 766 theatricis
1360 711 1457 782 qui
1473 711 1669 766 ﬁdeles
1685 714 1837 778 sunt,
1868 758 1871 759 ν

208 806 417 875 placuit
448 822 546 860 eos
573 804 829 876 quandiu
856 808 1055 876 agunt,
1086 821 1119 859 a
1140 805 1546 859 communione
1573 804 1836 885 separari.

276 899 405 954 XXI.
451 899 797 953 Paenitentes
826 915 954 970 quae
986 898 1255 953 defuncto
1302 898 1424 952 viro
1462 898 1586 951 aliis
1624 897 1840 952 nubere

205 992 693 1064 praesumpserint,
724 992 811 1046 vel
838 998 1117 1063 suspecta,
1151 992 1236 1046 vel
1267 991 1567 1046 interdicta
1591 990 1840 1046 familia-

206 1086 368 1140 ritate
397 1102 531 1140 cum
557 1092 831 1141 extraneo
849 1085 1169 1156 junxerint,
1192 1102 1323 1139 cum
1342 1085 1543 1139 eodem
1568 1084 1638 1139 ab
1659 1085 1842 1139 Eccle-

207 1179 303 1233 sia
326 1179 625 1233 liminibus
642 1183 961 1234 arceantur.
991 1180 1122 1234 Haec
1142 1178 1315 1233 etiam
1342 1178 1410 1233 de
1432 1178 1553 1232 viro
1575 1178 1635 1231 in
1653 1177 1836 1250 poeni-

207 1272 380 1326 tentia
408 1272 597 1344 posito
624 1272 837 1343 placuit
863 1272 1173 1327 observari.

276 1365 424 1420 XXII.
454 1365 849 1421 Paenitentiam
876 1364 1199 1436 conjugatis
1225 1364 1451 1419 nonnisi
1469 1381 1533 1420 ex
1560 1381 1839 1419 consensu

213 1459 482 1514 dandam.

283 1553 449 1606 XXIII.
483 1551 542 1607 Si
573 1552 633 1606 in
658 1551 899 1623 alicujus
938 1552 1291 1624 presbyterio
1316 1552 1598 1623 inﬁdeles,
1632 1556 1733 1607 aut
1754 1552 1835 1607 fa-

221 1646 367 1700 culas
391 1645 773 1712 accenderint,
800 1648 900 1700 aut
935 1638 1185 1713 arbores,
1219 1646 1404 1701 fontes
1447 1648 1535 1700 vel
1576 1663 1709 1701 saxa
1738 1663 1836 1700 ve-

223 1743 497 1805 nerentur,
526 1739 573 1793 si
596 1739 721 1793 haec
750 1753 954 1793 eruere
983 1738 1323 1810 neglexerit,
1345 1739 1605 1810 sacrilegi
1630 1756 1687 1794 se
1716 1756 1837 1795 esse

224 1849 375 1888 reum
390 1837 707 1904 cognoscat,
725 1832 989 1888 dominus
1008 1838 1203 1888 autem
1219 1832 1519 1888 ordinator
1539 1833 1623 1888 rei
1640 1832 1836 1905 ipsius,
1858 1819 1916 1891 B

1939 526 2122 578 vetur.

2011 616 2188 672 XXIV.
2220 617 2329 671 Eos
2358 614 2457 686 qui
2500 615 2643 670 falsa
2685 614 2950 672 fratribus
2993 617 3256 690 capitalia
3298 618 3570 691 objecisse

1939 710 2181 765 convicti
2223 708 2454 775 fuerint,
2493 709 2705 780 placuit
2752 727 2845 764 eos
2892 728 3066 782 usque
3092 712 3162 766 ad
3200 712 3412 768 exitum
3449 731 3567 769 non

1940 802 2382 870 communicare,
2407 802 2552 856 sicut
2581 818 2792 873 magna
2819 803 3069 874 synodus
3094 806 3225 859 ante
3255 807 3567 877 constituit,

1938 896 2046 951 nisi
2076 896 2251 966 digna
2277 894 2657 950 satisfactione
2686 895 3077 967 pcenituerint.

2012 990 2159 1044 XXV.
2190 989 2248 1046 Si
2275 989 2372 1061 qui
2401 991 2531 1060 post
2568 993 2821 1044 sanctam
2847 989 3136 1060 religionis
3167 992 3571 1062 professionem

1939 1086 2282 1155 apostatant,
2310 1085 2367 1136 et
2397 1081 2469 1135 ad
2498 1082 2765 1136 saeculum
2808 1082 3069 1150 redeunt,
3105 1088 3161 1139 et
3206 1087 3572 1155 postmodum

1940 1175 2287 1248 paenitentiae
2317 1175 2571 1230 remedia
2602 1192 2717 1230 non
2737 1175 3055 1247 requirunt,
3088 1176 3211 1231 sine
3242 1178 3575 1249 pcenitentia

1939 1269 2405 1325 communionem
2427 1268 2652 1339 penitus
2672 1286 2787 1323 non
2802 1269 3104 1341 accipiant,
3127 1287 3268 1342 quos
3294 1272 3469 1326 etiam
3482 1273 3570 1343 ju-

1937 1363 2139 1418 bemus
2152 1362 2224 1417 ad
2250 1361 2548 1417 clericatus
2566 1361 2815 1417 ofﬁcium
2836 1379 2951 1418 non
2972 1363 3219 1432 admitti,
3247 1367 3304 1419 et
3320 1364 3575 1437 quicum-

1939 1472 2050 1528 que
2078 1456 2173 1510 ille
2204 1456 2294 1524 sit,
2322 1459 2453 1527 post
2492 1456 2908 1528 paenitentiam,
2948 1458 3278 1513 saecularem
3316 1458 3572 1515 habitum

1938 1566 2056 1605 non
2074 1555 2401 1620 praesumat,
2418 1550 2570 1621 quod
2586 1548 2630 1604 si
2646 1551 3092 1622 praesumpserit,
3108 1552 3179 1606 ab
3191 1552 3426 1608 ecclesia
3444 1553 3574 1607 alie-

1939 1660 2046 1698 nus
2075 1643 2369 1698 habeatur.

2010 1736 2253 1809 Explicit
2275 1736 2579 1792 concilium
2604 1736 2935 1794 Arelatense
2964 1737 3297 1795 secundum.

823 2036 1224 2105 INCIPIUNT
1268 2035 1663 2105 CAPITULA
1707 2037 2042 2105 CONCILII
2082 2034 2347 2103 TERTII
2390 2036 2965 2105 ARELATENSIS.

296 2167 345 2220 l.
369 2166 433 2221 Ut
459 2165 730 2222 diaconus
752 2172 887 2223 ante
917 2170 1006 2236 25,
1037 2171 1095 2223 et
1118 2167 1380 2224 sacerdos
1407 2171 1537 2224 ante
1561 2171 1632 2225 30
1656 2185 1836 2224 annos

226 2274 337 2313 non
360 2260 666 2315 ordinetur.

288 2355 341 2406 2.
365 2353 428 2407 L't
444 2353 655 2424 digami
681 2353 771 2408 vel
790 2355 1130 2426 pmnitentes
1154 2356 1241 2410 vel
1266 2355 1698 2428 repudiatarum
1719 2372 1837 2411 ma’

224 2445 312 2499 riti
339 2445 403 2499 ad
429 2447 804 2503 sacerdotium
834 2465 950 2505 non
970 2450 1379 2521 provehantur.

2007 2170 2059 2223 3.
2089 2168 2160 2223 Ut
2184 2166 2361 2223 laicus
2386 2172 2519 2222 ante
2562 2183 2783 2223 annum
2823 2164 3208 2223 conversionis
3250 2184 3367 2224 non
3412 2169 3567 2226 ordi-

1933 2264 2124 2317 netur.

2006 2354 2059 2410 4.
2093 2355 2163 2411 Ut
2207 2353 2304 2426 qui
2351 2354 2623 2410 clericum
2673 2353 2926 2410 alienum
2987 2354 3295 2411 defendere
3347 2355 3568 2427 nititur,

1934 2437 2345 2504 communione
2369 2448 2643 2520 privetur.

528 2664 992 2762 INCIPIT
1071 2667 1736 2766 CONCILIUM
1817 2665 2623 2765 ARELATENSE
2697 2667 3244 2766 TERTIUM

1143 2813 1390 2896 Viginti
1414 2822 1701 2897 quatuor
1729 2815 2200 2898 episcoporum,
2228 2832 2367 2877 aera
2398 2833 2665 2878 coccum.

285 2942 546 2999 Martiano
573 2947 825 3015 Augusto
851 2946 1110 3018 Opilione
1131 2951 1190 3001 et
1218 2948 1619 3004 Vincomalone
1641 2965 1837 3021 consu-
1857 2962 1912 3035 ρ
1938 2948 2197 3003 omnium
2222 2948 2464 3003 fratrum
2495 2947 2765 3003 charitaie
2793 2950 3015 3004 noverit
3043 2967 3102 3004 se
3127 2950 3400 3019 alienum,
3437 2951 3570 3024 quia
3614 2935 3617 2939 I

214 3033 375 3105 libus,
400 3054 491 3092 vui
517 3038 646 3093 Idus
663 3040 792 3093 Julii
822 3056 953 3094 cum
980 3041 1264 3095 voluntate
1294 3041 1394 3095 Dei
1421 3042 1493 3097 ad
1520 3042 1833 3097 dedicatio-

214 3144 344 3183 nem
370 3130 613 3187 basilicae
638 3136 849 3188 sanctae
874 3133 1061 3189 Marias
1091 3134 1149 3189 in
1174 3135 1491 3190 Arelatensi
1511 3135 1730 3190 civitate
1756 3153 1837 3190 sa-

210 3223 461 3279 cerdotes
477 3225 706 3280 Domini
726 3228 1142 3298 convenissent,
1158 3245 1481 3305 congruum
1500 3230 1579 3285 eis
1599 3233 1656 3284 et
1672 3229 1836 3285 ratio-

212 3315 388 3372 nabile
413 3318 597 3374 visum
628 3323 734 3388 est,
762 3325 825 3376 ut
849 3322 1103 3392 primum
1125 3322 1196 3376 de
1222 3322 1585 3377 observandis
1609 3323 1837 3377 canoni-

209 3405 314 3462 bus
339 3413 713 3468 attentissima
743 3414 1120 3470 sollicitudine
1150 3421 1563 3488 pertractantes
1590 3417 1836 3488 qualiter

207 3501 278 3555 ab
325 3504 455 3575 ipsis
504 3506 903 3563 ecclesiasticae
945 3509 1160 3580 regulae
1204 3513 1587 3579 servarentur,
1620 3510 1836 3564 salubri

207 3598 436 3653 concilio
468 3599 795 3655 delinirent.

273 3691 402 3747 CAP.
430 3694 468 3747 I.
500 3695 567 3748 Et
595 3695 727 3766 quia
752 3694 811 3749 in
838 3695 1173 3752 ordinandis
1197 3697 1413 3752 clericis
1459 3697 1834 3769 antiquorum

204 3787 429 3853 patrum
454 3790 664 3842 statuta
689 3805 803 3843 non
826 3789 900 3843 ad
928 3790 1215 3861 integrum
1255 3791 1418 3861 (sicut
1455 3791 1703 3862 expedit)
1734 3791 1831 3846 ob-

204 3885 417 3934 servata
454 3896 577 3935 esse
608 3889 1029 3953 cognoscuntur
1059 3900 1130 3938 ne
1156 3885 1301 3939 forte
1337 3901 1835 3957 quorumcumque

203 3968 545 4043 importunis
581 3979 639 4029 et
682 3976 1018 4031 inordinatis
1066 3977 1326 4048 precibus
1369 3979 1685 4034 sacerdotes
1726 3980 1831 4033 Do-

202 4066 341 4120 mini
386 4067 721 4139 fatigentur,
767 4074 823 4124 et
863 4086 933 4124 ea
979 4087 1109 4142 qua:
1151 4072 1318 4126 toties
1367 4076 1499 4127 sunt
1548 4076 1836 4145 praecepta

201 4161 521 4231 transgredi
544 4162 980 4234 compellantur,
1009 4165 1120 4219 hoc
1147 4165 1297 4220 inter
1327 4182 1384 4221 se
1417 4165 1833 4221 observandum

205 4268 321 4307 esse
350 4237 658 4320 definiunt,
683 4260 747 4310 ut
766 4257 953 4312 nullus
980 4258 1379 4330 episcoporum
1413 4260 1714 4314 diaconum
1740 4277 1835 4314 an-

1936 3042 2177 3113 dignum
2221 3046 2307 3097 est
2348 3046 2413 3096 ut
2459 3043 2815 3097 severitatem
2837 3042 3229 3098 ecclesiasticae
3258 3045 3568 3117 disciplina:

1935 3135 2143 3189 sentiat
2190 3136 2289 3207 qui
2345 3135 2644 3191 salubriter
2679 3153 2709 3189 a
2760 3136 2970 3191 sanctis
3010 3137 3272 3192 Patribus
3316 3138 3571 3195 instituta

1937 3228 2237 3284 observare
2267 3230 2601 3284 contemnit.

2011 3323 2095 3377 III.
2125 3324 2190 3376 Et
2219 3321 2353 3376 licet
2389 3322 2458 3377 de
2496 3321 2655 3377 laicis
2690 3321 3000 3393 prolixiora
3043 3330 3307 3397 tempora
3347 3326 3570 3399 antiqui

1936 3416 2125 3470 Patres
2155 3415 2544 3470 ordinaverint
2572 3416 2943 3487 observanda,
2974 3421 3168 3473 tamen
3195 3420 3332 3491 quia
3360 3437 3571 3476 accres‘

1936 3513 2073 3563 cunt
2097 3510 2320 3564 numeri
2349 3509 2737 3578 ecclesiarum,
2759 3527 2985 3565 necesse
3003 3512 3266 3567 estnobis
3288 3513 3408 3569 sine
3428 3529 3571 3585 prae-

1929 3602 2146 3673 judicio
2183 3603 2460 3658 duntaxat
2487 3619 2771 3665 canonum
2803 3607 3145 3661 constituere
3174 3605 3566 3679 antiquorum,

1936 3699 1999 3749 ut
2024 3696 2213 3750 nullus
2228 3697 2800 3768 metropolitanorum
2817 3698 3155 3770 cuicumque
3172 3700 3315 3755 laico
3330 3700 3571 3772 dignita-

1935 3794 2050 3845 tem
2083 3790 2437 3861 episcopatus
2465 3790 2698 3857 tribuat,
2748 3790 2845 3845 sed
2887 3807 2992 3845 nec
3031 3792 3237 3864 reliqui
3270 3794 3569 3864 pontifices

1935 3882 2271 3955 presbyterii
2288 3884 2374 3938 vel
2402 3883 2731 3939 diaconatus
2754 3884 3033 3939 honorem
3064 3886 3325 3940 conferre
3352 3903 3565 3958 praesu-

1935 3979 2115 4045 mant,
2152 3977 2261 4031 nisi
2292 3994 2443 4032 anno
2474 3977 2701 4049 integro
2724 3977 2896 4033 fuerit
2918 3978 3212 4050 praemissa
3254 3979 3565 4035 conversio.

2011 4072 2093 4126 IV.
2124 4071 2183 4127 Si
2207 4071 2353 4126 forte
2382 4071 2587 4143 aliquis
2611 4072 2945 4126 clericorum
2965 4073 3228 4144 regulam
3257 4073 3569 4146 disciplina;

1935 4164 2328 4220 ecclesiastica:
2353 4164 2773 4236 subterfugiens
2814 4165 2989 4220 fuerit
3021 4169 3294 4238 evagatus
3323 4167 3566 4240 quicun-

1934 4275 2045 4330 que
2069 4275 2200 4314 eum
2226 4258 2559 4331 susceperit,
2580 4264 2638 4313 et
2654 4258 2816 4313 illum
2836 4259 3087 4331 pontiﬁci
3117 4277 3218 4315 suo
3234 4277 3351 4316 non
3365 4276 3565 4317 recon-

208 4350 439 4418 tequam
453 4349 654 4419 viginti
672 4350 923 4422 quinque
945 4368 1122 4406 annos
1142 4352 1379 4423 impleat
1399 4352 1665 4407 ordinare
1680 4370 1830 4425 praa-
1851 4333 1912 4405 Ῑ)
1934 4352 2223 4421 ciliaverit,
2243 4352 2346 4407 sed
2366 4352 2547 4423 magis
2562 4352 2855 4407 defensare
2876 4354 3307 4425 praesumpserit
3322 4353 3569 4411 ecclesia:

211 4447 411 4509 sumat,
426 4442 781 4514 episcopatus
803 4459 933 4499 vero
955 4445 1043 4499 vel
1066 4446 1379 4517 presbyteri
1400 4446 1683 4501 honorem
1706 4446 1831 4500 nul-

213 4531 296 4586 lus
318 4534 493 4590 laicus
526 4541 658 4591 ante
691 4538 1045 4608 prmmissam
1086 4540 1223 4594 anni
1265 4540 1716 4610 conversionem,
1746 4541 1834 4594 vel

218 4632 339 4681 ante
365 4628 605 4700 triginta
643 4646 825 4685 annos
851 4632 1034 4687 astatis
1060 4632 1318 4704 accipiat.

282 4721 339 4774 ll.
368 4721 564 4776 Nullus
606 4725 998 4795 paenitentem,
1045 4726 1236 4781 nullus
1283 4726 1603 4799 digamum,
1647 4726 1838 4782 nullus

220 4813 504 4870 viduarum
527 4817 762 4872 maritos
781 4818 838 4872 in
869 4819 1152 4890 praedictis
1175 4820 1493 4875 honoribus
1517 4821 1726 4876 audeat
1750 4838 1838 4875 ora

223 4905 427 4979 dieare,
457 4914 516 4964 et
558 4910 693 4965 licet
737 4912 859 4966 hasc
882 4912 1003 4983 jam
1042 4929 1221 4985 prOpe
1245 4913 1506 4969 omnium
1549 4930 1837 4969 canonum

226 4998 463 5058 instituta
491 5004 836 5074 contineant,
865 5012 1061 5061 tamen
1091 5024 1163 5061 ne
1182 5007 1449 5079 cuiquam
1478 5006 1837 5062 sacerdotum

227 5096 644 5167 supplicantium
679 5099 841 5166 (sicut
866 5100 992 5171 jam
1019 5101 1285 5173 diximus)
1312 5101 1717 5172 importunitas
1744 5102 1836 5155 vel

230 5191 491 5261 Suggestio
534 5191 732 5263 iniqua
761 5193 1031 5265 subrepat
1057 5211 1285 5250 necesse
1312 5195 1441 5263 fuit,
1470 5199 1534 5249 ut
1562 5212 1715 5250 nunc
1743 5211 1835 5250 se-

235 5281 479 5339 Veriorem
521 5286 776 5357 regulam
804 5286 909 5341 sibi
936 5288 1111 5343 velint
1136 5288 1366 5343 Domini
1392 5288 1715 5344 sacerdotes
1736 5288 1838 5344 im-

228 5379 435 5443 Ponere,
464 5383 524 5432 et
547 5378 675 5434 ideo
699 5379 1024 5451 quicunque
1050 5381 1122 5436 ab
1151 5382 1255 5436 hac
1276 5379 1370 5436 die
1395 5386 1591 5437 contra
1617 5399 1683 5436 ea
1709 5399 1837 5454 quos

226 5471 459 5541 Saperius
488 5478 622 5527 sunt
643 5474 1051 5546 comprehensa
1080 5475 1349 5530 clericum
1385 5475 1654 5530 ordinare
1686 5492 1834 5548 prae-

222 5566 532 5638 sllmpserit,
580 5566 652 5621 ab
698 5584 766 5622 ea
802 5568 893 5623 die
929 5585 1043 5640 qua
1079 5569 1131 5623 ei
1169 5569 1357 5640 potuit
1383 5570 1494 5624 hoc
1528 5569 1838 5641 approbari

218 5659 351 5714 anno
372 5661 605 5733 integro
640 5661 843 5716 missas
890 5662 1077 5718 facere
1119 5679 1236 5718 non
1283 5666 1614 5735 prmsumat.
1652 5663 1837 5728 Quam

208 5750 328 5809 rem
352 5756 393 5810 si
422 5755 552 5828 quis
577 5755 876 5811 observare
906 5756 1171 5825 noluerit,
1202 5760 1260 5812 et
1286 5762 1482 5813 contra
1508 5773 1835 5812 consessum

207 5831 440 5907 tuitrum
476 5849 691 5907 faciens
720 5851 920 5907 missas
962 5850 1247 5908 celebrare
1285 5851 1732 5926 praesumpserit,
1766 5850 1837 5906 ab

1935 4446 2347 4500 communione
2377 4445 2651 4516 privetur.
2681 4446 2955 4501 Caesarius
2993 4447 3051 4501 in
3084 4445 3290 4502 Christi
3334 4448 3567 4504 nomine

1934 4538 2232 4610 episcopus
2251 4538 2644 4594 definitionem
2662 4540 2805 4594 hanc
2823 4545 3147 4594 sanctorum
3159 4541 3401 4595 fratrum
3414 4559 3567 4597 meo-

1936 4648 2066 4686 rum
2096 4632 2183 4686 vel
2227 4648 2416 4687 meam
2442 4632 2618 4704 relegi
2651 4636 2709 4686 et
2744 4632 3084 4704 subscripsi;
3118 4634 3569 4691 Contumeliosus

1937 4725 2236 4797 episcopus
2247 4726 2509 4780 consensi
2526 4730 2584 4781 et
2598 4725 2900 4797 subscripsi
2919 4742 2933 4780 :
2955 4726 3252 4798 Filiargius
3271 4728 3569 4801 episcopus

1935 4818 2263 4889 subscripsi;
2282 4820 2609 4874 Pretaxatus
2624 4818 2923 4890 episcopus
2944 4818 3120 4888 subs.;
3144 4820 3413 4876 Maximus
3425 4822 3571 4894 epis-

1937 4928 2111 4984 copus
2136 4912 2284 4978 sub.;
2314 4912 2572 4966 Julianus
2599 4912 2899 4984 episcOpus
2923 4913 3071 4980 sub.;
3092 4914 3412 4970 Florentius
3426 4916 3570 4988 epis-

1937 5022 2110 5076 copus
2157 5005 2483 5078 subscripsi.
2535 5007 2674 5060 Item
2719 5006 3032 5077 Cyprianus
3079 5008 3377 5080 episcopus
3420 5010 3565 5077 sub.;

1935 5100 2272 5155 leestinus
2302 5100 2600 5171 episcopus
2624 5099 2958 5171 subscripsi;
3004 5101 3321 5157 Proitianus
3349 5102 3564 5175 episco-

1935 5210 2041 5264 pus
2085 5193 2234 5263 sub.;
2282 5193 2592 5248 Eucherius
2640 5193 2941 5265 episcopus
2966 5194 3173 5263 subsc.;
3208 5194 3569 5254 Catafronius

1937 5287 2232 5359 presbyter
2268 5285 2514 5342 directus
2555 5305 2589 5342 a
2636 5287 2883 5342 dominis
2926 5284 3069 5344 meis
3110 5289 3342 5360 Agricio
3382 5295 3437 5344 et
3462 5290 3564 5346 Se-

1936 5397 2070 5436 vero
2098 5380 2376 5452 episcopis
2401 5378 2734 5453 subscripsi;
2768 5362 2889 5453 vego
2916 5383 3234 5439 Desiderius
3272 5382 3569 5453 presbyter

1939 5473 2185 5529 directus
2206 5492 2241 5528 a
2264 5475 2498 5530 domino
2531 5492 2660 5530 meo
2685 5476 2897 5531 Joanne
2926 5476 3186 5547 episcopo
3228 5475 3485 5530 consensi
3511 5482 3568 5531 et

1939 5566 2265 5640 subscripsi;
2320 5568 2588 5623 Leontius
2631 5568 2928 5641 presbyter
2970 5568 3213 5623 directus
3261 5585 3295 5622 a
3337 5568 3567 5624 domino

1937 5678 2068 5717 meo
2096 5661 2461 5717 Constantino
2506 5662 2770 5735 episcopo
2815 5660 3148 5732 subscripsi;
3197 5677 3305 5731 ego
3348 5662 3562 5718 Methe-

1936 5755 2054 5811 rius
2079 5756 2324 5811 directus
2354 5773 2389 5812 a
2416 5756 2652 5813 domino
2679 5772 2811 5812 meo
2841 5754 3094 5812 Gallieno
3138 5752 3400 5830 episcOpo
3427 5772 3561 5816 con-

1937 5849 2087 5906 sensi
2120 5853 2177 5905 et
2208 5849 2533 5925 subscripsi.
