3964 6178
549 287 649 338 383
1440 279 1721 337 API’END.
1764 282 1852 336 AD
1893 284 2052 339 SA‘ZC.
2098 284 2181 338 IX.
2216 314 2284 324 —
2314 285 2555 340 ISIDORI
2593 282 3014 341 MERCATORIS
3729 300 3803 353 384

1384 548 1779 641 ΙΝΕΙΡΙΠΝΤ
1823 549 2216 615 CAPITULA
2259 550 2590 616 CONCILII
2633 550 3084 616 VALENTINI.

622 706 671 761 1.
708 704 783 759 De
810 703 1054 777 digamis
1078 720 1193 760 non
1221 704 1639 760 consecrandis.
2199 715 2259 791 Α
2279 709 2535 761 sanctum
2566 707 2848 761 lavacrum
2867 706 2954 761 vel
2970 706 3221 777 profanis
3239 707 3507 762 sacrificiis
3524 708 3811 781 damonum,

616 803 669 855 2.
703 800 775 854 Ut
798 800 1022 866 devota,
1046 800 1094 853 si
1118 815 1176 853 se
1196 798 1549 853 maritaverit
1572 798 1657 853 vel
1684 798 1968 854 machata
1985 798 2174 868 fuerit,
2277 799 2365 854 vel
2392 799 2607 854 incesta
2629 800 2909 855 lavatione
2935 800 3281 871 polluerunt.

545 893 897 964 panitentia
925 892 1249 963 deputetur.
2349 894 2401 947 4.
2432 895 2501 948 Ut
2526 893 2843 949 sacerdotes
2869 895 2958 948 vel
2978 894 3168 961 levita,
3197 893 3244 948 si
3267 894 3334 949 de
3354 910 3409 949 se
3427 895 3619 950 crimen
3637 897 3814 967 aliquod

619 988 668 1041 3.
701 986 858 1041 Circa
887 1002 1086 1040 eorum
1114 1001 1247 1040 vero
1273 1000 1542 1056 personas
1567 984 1667 1057 qui
1685 1002 1742 1041 se
1766 990 1895 1057 post
1926 1002 2102 1041 unum
2123 990 2180 1041 et
2277 987 2601 1057 conﬁtetur,
2633 987 2970 1058 deponatur.

1178 1267 1636 1366 INCIPIT
1717 1268 2384 1368 CONCILIUM
2461 1270 3259 1370 VALENTINUM

553 1433 851 1518 Triginta
883 1433 1269 1517 episcorum,
1301 1453 1437 1499 ara
1477 1454 1752 1513 ccccxm,
1785 1436 2256 1596 sutbgrottiqno
2297 1445 2360 1500 et
2398 1436 2850 1581 νῖξὲιτιίηιάηο
2891 1438 3411 1521 imperatoribus,
3441 1437 3720 1505 Gratiano
3743 1437 3825 1501 III

1818 1535 1850 1578 e
1973 1536 2091 1579 um
2122 1535 2228 1580 mo
2256 1536 2452 1581 consu
2480 1538 2499 1581 τ
2590 1537 2642 1581 s.

1818 1535 1881 1579 ετ
1914 1535 2228 1581 uumtmo
2256 1535 2621 1581 consutzous
2629 1565 2642 1580 .

614 1676 994 1732 Dilectissimis
1027 1677 1295 1732 fratribus
1322 1693 1424 1749 per
1446 1676 1648 1733 Gallias
1677 1682 1734 1733 et
1759 1678 2011 1750 quinque
2038 1696 2173 1750 pro-
2195 1693 2251 1765 B
2275 1679 2598 1752 largitatem
2627 1684 2685 1735 et
2722 1681 2875 1737 solus
2901 1681 3142 1750 obtinet,
3171 1687 3229 1737 et
3255 1686 3372 1737 tam
3398 1680 3542 1736 dives
3563 1677 3820 1734 misericor-

543 1771 755 1825 vincias
818 1771 1136 1826 constitutis
1191 1771 1487 1842 episcopis,
1542 1772 1835 1843 Fegadius,
1893 1773 2170 1843 Emerius,
2277 1774 2372 1828 dia
2398 1780 2502 1843 est,
2536 1778 2601 1829 ut
2623 1791 2794 1829 nemo
2821 1775 3114 1847 desperet:
3147 1778 3293 1831 Deus
3330 1774 3477 1829 enim
3502 1776 3714 1829 mortem
3735 1788 3821 1826 non

542 1864 883 1933 Florentius,
917 1864 1188 1933 Artimus,
1221 1865 1553 1935 Emilianus,
1594 1866 1796 1935 Britto,
1821 1867 2033 1934 Justus,
2062 1868 2170 1921 Eu-
2271 1867 2425 1937 fecit,
2455 1884 2559 1923 nec
2592 1868 2816 1923 latatur
2838 1868 2897 1923 in
2924 1869 3245 1941 perditione
3264 1869 3531 1924 vivorum.

541 1957 749 2027 fodius,
808 1958 1137 2024 Rodamius,
1190 1958 1471 2028 Evortius,
1528 1959 1745 2025 Cretus,
1802 1960 2171 2027 Concordius,
2345 1962 2428 2015 lV.
2461 1962 2574 2016 Nec
2598 1961 2765 2029 illud,
2785 1962 3002 2032 fratres,
3024 1962 3270 2040 scribere
3298 1958 3823 2017 alienumabecclesias

541 2051 961 2119 Constantinus,
1015 2050 1237 2118 Paulus,
1286 2051 1572 2120 Anterius,
1622 2052 1795 2121 Felix,
1849 2054 2170 2124 Neuterius,
2270 2053 2519 2109 utilitate
2544 2054 2890 2124 censuimus,
2920 2058 2986 2110 ut
3009 2055 3229 2111 sciretis
3255 2055 3565 2128 quicunque
3605 2053 3693 2107 sub
3715 2051 3827 2106 ordi-

532 2145 821 2211 Urbanus,
850 2144 1174 2215 Simplicius
1191 2148 1249 2198 et
1265 2145 1594 2200 Vincentius
1625 2146 1876 2217 episcopi
1901 2147 1960 2201 in
1988 2147 2171 2202 Domi—
2271 2148 2496 2202 natione
2520 2149 2605 2203 vel
2630 2148 2979 2220 diaconatus,
3006 2150 3094 2204 vel
3122 2147 3471 2221 presbyterii,
3489 2148 3569 2202 vel
3591 2147 3822 2218 episcopa-

541 2255 617 2294 no
644 2239 902 2293 salutem.
2272 2245 2382 2309 tus,
2416 2243 2641 2297 mortali
2671 2242 2907 2297 crimine
2936 2242 3180 2298 dixerint
3212 2260 3273 2298 se
3304 2259 3422 2298 esse
3445 2241 3681 2314 pollutos,
3706 2256 3734 2293 a
3762 2254 3826 2292 su-

611 2331 930 2386 Transactis
957 2330 1323 2385 Valentinum
1348 2331 1614 2386 omnibus
1642 2336 1698 2386 et
1723 2331 1782 2386 in
1808 2331 1911 2386 Dei
1937 2332 2172 2387 nomine
2270 2334 2538 2405 pradictis
2582 2336 3040 2391 ordinationibus
3083 2336 3496 2391 submovendas
3524 2351 3637 2389 reos
3662 2332 3825 2387 scilicet

540 2422 601 2480 in
625 2427 774 2480 statu
794 2424 1033 2481 meliore
1065 2424 1388 2497 compositis
1408 2442 1536 2497 qua
1556 2426 1788 2480 fuerunt
1813 2430 1992 2496 capta
2006 2442 2170 2480 causa
2271 2428 2356 2481 vel
2384 2428 2498 2483 veri
2528 2429 2876 2485 confessione
2920 2430 3008 2484 vel
3049 2431 3348 2485 mendacio
3387 2427 3643 2484 falsitatis.
3681 2426 3826 2495 Neque

540 2519 780 2589 dissidii,
810 2520 1194 2592 quorumdam
1225 2519 1334 2574 fuit
1357 2525 1587 2591 patrum
1616 2519 1772 2574 utilis
1817 2523 1873 2574 et
1911 2518 2172 2591 religiosa
2271 2520 2426 2574 enim
2448 2521 2659 2575 absolvi
2683 2526 2872 2593 potest
2890 2522 2936 2576 is
2960 2523 3059 2595 qui
3085 2523 3143 2576 in
3178 2540 3238 2577 se
3266 2523 3451 2593 ipsum
3472 2520 3660 2576 dixerit
3674 2517 3827 2572 mortis

538 2614 829 2685 suggestio
856 2616 1165 2669 retractata
1195 2614 1265 2669 de
1294 2612 1379 2667 his
1406 2629 1533 2685 qua
1562 2629 1671 2668 nec
1700 2612 1958 2685 recipere
1980 2629 2173 2684 possu-
2269 2631 2521 2685 causam,
2552 2615 2689 2686 quia
2712 2616 2894 2687 major
2919 2616 3201 2672 homicida
3246 2617 3328 2671 ﬁt.
3374 2614 3562 2670 Divina
3587 2613 3739 2685 pietas
3757 2624 3827 2662 vos

537 2722 669 2762 mus
695 2707 765 2762 ob
792 2708 1055 2762 Ecclesia
1091 2707 1471 2774 sanctitatem,
1498 2723 1602 2761 nec
1630 2710 1825 2761 tamen
1850 2723 2165 2778 usquequa-
2268 2707 2330 2761 in
2353 2712 2633 2763 aternum
2666 2709 2963 2779 custodiat,
2992 2708 3343 2765 dilectissimi
3370 2710 3576 2763 fratres.

539 2817 649 2872 que
673 2801 1095 2856 consuetudinis
1120 2817 1284 2855 causa
1310 2800 1600 2867 damnare,
1630 2800 1709 2855 ita
1737 2800 1893 2855 enim
1919 2817 2022 2871 per
2048 2816 2168 2854 om-
2625 2804 2758 2859 Item
2787 2804 3013 2874 epistola
3039 2803 3283 2872 ejusdem
3311 2804 3537 2859 concilii.

539 2911 639 2949 nes
664 2894 923 2949 ecclesias
951 2894 1234 2965 ejusmodi
1277 2893 1397 2948 vitii
1442 2909 1680 2964 germen
1719 2894 1971 2964 inolevit,
2002 2898 2067 2948 ut
2095 2894 2167 2948 ad
2336 2895 2719 2950 Dilectissimis
2734 2895 3029 2965 fratribus,
3045 2896 3194 2951 clero
3214 2901 3277 2952 et
3289 2896 3442 2968 plebi
3462 2893 3685 2949 ecclesia
3700 2892 3825 2945 Foro-

535 2989 709 3060 plena
735 2988 989 3044 remedia
1015 3004 1129 3042 non
1156 2986 1337 3042 facilis
1357 2988 1430 3043 sit
1445 3004 1725 3057 recursus,
1746 2991 1897 3042 certe
1914 3004 2028 3042 non
2046 2988 2167 3042 sine
2260 2988 2542 3059 juliensis,
2570 2988 2870 3060 Fegadius,
2897 2989 3175 3059 Emerius,
3210 2989 3547 3054 Florentius,
3580 2984 3827 3045 Artemius,

534 3082 880 3138 verecundia
906 3097 1105 3137 eorum
1139 3082 1345 3153 quibus
1376 3098 1542 3136 causa
1568 3081 1807 3153 contigit
1826 3081 2167 3137 subcisivum
2189 3060 2244 3134 C
2268 3081 2616 3152 Emilianus,
2674 3081 2851 3137 Britto
2869 3125 2884 3151 ,
2937 3084 3127 3137 Justus
3145 3125 3161 3151 ,
3219 3082 3512 3151 Eufodius,
3562 3076 3826 3138 Rodamius,

535 3176 694 3248 quod
719 3176 866 3230 circa
895 3176 1101 3230 fratres
1123 3175 1587 3248 generatodium,
1608 3173 1724 3248 91
1753 3174 2168 3248 moderatoque
2268 3175 2546 3244 Evortius,
2585 3176 2967 3244 Constantius,
3010 3178 3238 3247 Paulus,
3281 3179 3493 3243 Cretus,
3531 3169 3828 3232 Concordius,

534 3270 767 3325 consilio
793 3286 862 3323 ea
891 3270 1126 3324 cautela
1152 3270 1297 3324 ratio
1319 3272 1540 3323 servata
1561 3272 1663 3337 est,
1683 3285 1812 3341 qua
1829 3272 1886 3323 et
1904 3269 2169 3324 scandala
2265 3269 2551 3337 Anterius,
2592 3270 2907 3338 Neuterius,
2937 3269 3208 3339 Nicecius,
3244 3271 3514 3336 Urbanus,
3547 3267 3697 3333 Felix,
3719 3263 3825 3318 Sim-

532 3363 899 3419 submoveret
925 3369 982 3419 et
1014 3363 1374 3418 sanctitatem
1408 3362 1669 3418 Ecclesia
1693 3362 2022 3418 custodiret.
2266 3362 2466 3433 plicius
2499 3365 2557 3416 et
2579 3362 2924 3440 Vincentius,
2970 3364 3220 3435 episcopi
3266 3365 3327 3419 in
3359 3362 3588 3419 Domino
3626 3359 3828 3413 salutem.

605 3458 731 3513 CAP.
762 3459 804 3512 Ι.
830 3458 1003 3512 Decet
1029 3473 1169 3529 ergo
1201 3457 1496 3512 neminem
1532 3460 1659 3528 post
1684 3457 1834 3511 hanc
1862 3456 2164 3529 synodum,
2267 3457 2534 3521 Quamvis
2576 3462 2697 3512 tam
2742 3474 2805 3512 ea
2849 3458 3186 3513 Benedictus
3234 3458 3411 3514 frater
3452 3458 3519 3512 de
3555 3447 3829 3509 sanctissimi

532 3566 645 3623 qua
669 3550 945 3621 ejusmodi
984 3550 1190 3606 illicitis
1222 3552 1307 3605 vel
1357 3567 1481 3605 sero
1510 3550 1875 3619 succurritur,
1904 3551 1973 3605 de
2004 3549 2162 3622 diga-
2266 3550 2482 3623 accepti
2502 3568 2745 3623 persona
2766 3552 3024 3623 suggerit
3046 3568 3175 3624 qua
3194 3552 3468 3624 prudenti
3495 3555 3551 3605 et
3574 3544 3830 3604 Christiano

525 3644 658 3712 mis,
705 3648 802 3699 aut
841 3644 986 3699 inter
1029 3647 1343 3716 nuptarum
1386 3644 1626 3699 maritos
1653 3643 1908 3700 ordinari
1936 3643 2165 3699 clericos
2264 3645 2382 3699 viro
2411 3649 2548 3700 sunt
2571 3645 2875 3716 condigna,
2903 3662 3074 3716 quam
3106 3646 3267 3717 quod
3301 3646 3485 3701 studio
3515 3641 3741 3698 omnium
3765 3650 3831 3687 ve-

528 3752 718 3809 posse,
735 3754 840 3793 nec
857 3737 1261 3810 requirendum
1280 3741 1550 3793 utrumne
1566 3737 1771 3792 initiati
1798 3738 2165 3793 sacramentis
2262 3742 2444 3794 strum
2471 3739 2542 3794 ad
2568 3740 2849 3795 honorem
2879 3739 3176 3794 sacerdotii
3202 3744 3470 3811 poscatur
3515 3733 3743 3798 edixerit,
3766 3734 3831 3782 ta-

529 3831 753 3900 divinis,
777 3837 875 3888 aut
906 3832 1148 3904 gentiles
1174 3832 1281 3887 hac
1311 3848 1370 3887 se
1401 3831 1613 3887 infelici
1647 3835 1798 3886 sorte
1828 3832 2163 3888 necessitate
2264 3850 2395 3888 men
2420 3833 2557 3905 quia
2581 3833 2640 3887 in
2667 3833 2880 3904 synodo
2919 3832 3041 3904 jam
3083 3833 3311 3888 sederat
3334 3831 3695 3888 ordinationes
3719 3824 3828 3895 ejus-

526 3928 974 3982 maculaverunt.
2262 3927 2419 3981 modi
2472 3927 2886 3982 submovendas
2941 3944 3069 3999 qua
3117 3928 3242 3982 sine
3297 3927 3559 3983 seandalo
3607 3938 3709 3978 esse
3748 3929 3832 3971 non

602 4020 667 4075 ΙΙ.
695 4023 773 4076 De
816 4020 1019 4092 puellis
1061 4036 1198 4075 vero
1246 4035 1375 4091 qua
1418 4036 1476 4075 se
1523 4020 1640 4075 Deo
1686 4024 1979 4090 voverunt,
2014 4019 2062 4074 si
2091 4020 2161 4074 ad
2261 4022 2514 4091 possunt,
2553 4036 2670 4075 non
2712 4020 3003 4092 potuimus
3045 4021 3146 4076 uni
3182 4026 3464 4093 prastare
3488 4017 3631 4092 quod
3658 4009 3831 4069 caeteris

528 4119 809 4181 terrenas,
824 4114 1053 4184 nuptias
1065 4118 1268 4185 sponte
1282 4112 1707 4181 transierunt,id
1720 4113 2161 4167 custodiendum
2260 4113 2594 4185 negabatur.
2630 4115 2694 4168 Et
2720 4113 2855 4168 licet
2879 4130 2994 4169 non
3023 4114 3358 4186 ignoremus
3382 4115 3588 4171 multos
3612 4119 3829 4165 verecun~

527 4225 648 4267 esse
683 4206 1057 4275 decrevimus,
1087 4211 1154 4261 ut
1177 4206 1521 4278 poenitentes
1549 4223 1664 4261 non
1691 4206 1880 4261 statim
1899 4206 1972 4261 ad
1990 4207 2158 4277 pani-
2262 4207 2377 4277 dia,
2405 4212 2463 4263 et
2490 4208 2792 4262 nonnullos
2830 4208 3051 4263 honore
3097 4209 3447 4281 suscipiendi
3487 4195 3829 4262 sacerdotium:

525 4301 771 4359 tentiam
798 4299 1165 4371 recipiantur,
1198 4305 1257 4354 et
1282 4316 1414 4354 cum
1448 4299 1584 4354 data
1608 4305 1801 4355 tamen
1828 4300 2021 4369 fuerit,
2053 4301 2160 4356 nisi
2260 4305 2318 4356 et
2362 4307 2422 4356 ut
2464 4301 2736 4374 trepidos,
2788 4318 2917 4373 qua
2959 4302 3158 4375 utique
3201 4303 3372 4374 signa
3415 4306 3545 4357 sunt
3579 4289 3832 4355 sanctitati!

524 4396 696 4469 plene
724 4393 1097 4449 satisfecerint
1139 4394 1252 4448 Deo
1298 4393 1357 4447 in
1401 4397 1684 4465 quantum
1714 4392 1856 4449 ratio
1886 4411 2154 4466 poposce~
2177 4433 2237 4505 D
2260 4396 2397 4450 falsa
2442 4396 2505 4450 in
2547 4412 2607 4451 se
2654 4395 2944 4468 rejiciendi
2980 4396 3210 4452 honoris
3241 4414 3416 4453 causa
3443 4396 3651 4462 dixisse,
3682 4394 3828 4444 tamen

560 4491 592 4505 ο.
688 4489 698 4500 ι
748 4490 763 4505 1
1172 4488 1182 4497 ι
1268 4487 1375 4505 τιτι-κ
1426 4492 1539 4505 κιην
2344 4490 2353 4500 -
2555 4490 2565 4500 ι
2718 4490 2740 4505 n
2928 4490 2944 4505 ι
3377 4495 3388 4505 .
3502 4490 3512 4501 ο
3635 4480 3828 4505 ,A_--Il.m

525 4491 621 4558 rit,
650 4489 867 4546 eisdem
892 4488 1224 4544 communio
1252 4487 1565 4543 differatur.
2177 4480 2236 4505 ”
2260 4490 2393 4561 quia
2414 4490 2666 4545 omnium
2712 4490 2831 4546 fere
2876 4490 2949 4545 ad
2996 4507 3064 4546 ea
3105 4508 3232 4563 qua
3260 4495 3398 4547 sunt
3425 4490 3612 4563 pejora
3634 4480 3829 4558 proclive

599 4586 687 4641 111.
712 4583 873 4641 Circa
896 4599 1092 4638 eorum
1134 4599 1268 4637 vero
1304 4598 1575 4655 personas
1601 4582 1699 4654 qui
1725 4599 1784 4637 se
1810 4587 1943 4654 post
1979 4599 2159 4639 unum
2251 4583 2531 4655 judicium
2573 4588 2676 4651 est,
2722 4589 2778 4639 et
2824 4584 2956 4640 hinc
3000 4585 3267 4641 materies
3320 4582 3747 4657 disputationum
3788 4570 3830 4624 ill

525 4684 584 4735 et
606 4684 862 4734 sanctum
907 4678 1193 4732 lavacrum
1225 4677 1313 4732 vel
1343 4676 1601 4747 profanis
1627 4676 1912 4731 sacriﬁciis
1943 4676 2155 4732 damo-
2258 4676 2659 4733 obtrectatores
2688 4679 3046 4736 sacerdotum
3074 4678 3174 4735 Dei
3199 4680 3500 4751 quaritur,
3530 4675 3666 4732 sedit
3689 4672 3739 4725 in
3764 4681 3829 4736 si"
3868 4751 3873 4755 ο

524 4790 664 4828 num
690 4773 777 4828 vel
800 4773 1015 4827 incesta
1052 4772 1331 4826 lavatione
1368 4771 1716 4842 polluerunt,
1744 4787 1873 4825 eam
1904 4787 2158 4827 censura
2255 4771 2432 4841 nodo,
2478 4774 2543 4826 ut
2591 4771 2831 4843 quisque
2877 4772 2949 4828 de
2991 4789 3051 4829 se
3098 4773 3185 4828 vel
3219 4789 3374 4843 vera,
3421 4772 3510 4827 vel
3547 4768 3677 4825 falsa
3696 4759 3831 4818 dixis-

523 4867 768 4922 formam
794 4866 1039 4922 diximus
1071 4881 1192 4921 esse
1215 4865 1572 4933 servandam,
1600 4870 1667 4921 ut
1688 4865 1778 4919 his
1798 4865 1963 4936 juxta
1984 4882 2154 4938 syno-
2255 4868 2380 4932 set,
2432 4865 2573 4920 ﬁdes
2620 4883 2793 4938 quam
2844 4866 3054 4922 suimet
3103 4867 3432 4923 testimonio
3483 4859 3831 4921 confirmaret,

525 4947 998 5016 dumNicanam
1044 4959 1446 5014 satisfactionis
1499 4958 1735 5030 quidam
1791 4958 1982 5015 aditus
2037 4976 2156 5015 non
2255 4959 2580 5028 haberetur,
2609 4964 2962 5033 quapropter
2991 4961 3289 5016 decretum
3337 4965 3425 5016 est
3467 4946 3833 5014 submovendas

521 5057 784 5127 negetur,
830 5070 904 5109 ne
948 5052 1268 5108 infelicibus
1311 5052 1575 5124 lacrymis
1618 5053 1705 5108 vel
1747 5053 1938 5107 solatii
1975 5053 2157 5125 janua
2253 5053 2515 5125 protinus
2539 5071 2661 5109 esse
2682 5055 2752 5108 ab
2781 5072 2847 5109 eo
2877 5056 3057 5125 gradu
3083 5072 3261 5127 quem
3306 5056 3380 5111 ab
3425 5053 3579 5110 omni
3617 5039 3832 5105 seandalo

523 5147 918 5220 desperatione
968 5146 1282 5216 claudatur,
1338 5147 1520 5201 acturi
1572 5163 1703 5202 vero
1758 5147 2154 5218 panitentiam
2252 5147 2496 5203 liberum
2540 5165 2661 5204 esse
2704 5148 2882 5216 decet,
2915 5149 3106 5204 divina
3150 5150 3330 5222 pietas
3358 5167 3460 5204 vos
3508 5149 3565 5202 in
3599 5147 3830 5199 atomum

522 5258 701 5315 usque
728 5242 787 5296 in
813 5242 964 5298 diem
985 5240 1205 5311 mortis,
1238 5256 1358 5296 non
1390 5241 1511 5295 sine
1533 5257 1631 5312 spe
1652 5244 1846 5295 tamen
1872 5241 2156 5296 remissio-
2251 5245 2533 5315 protegat.

520 5335 629 5405 nis,
665 5353 837 5408 quam
865 5335 937 5390 ab
965 5351 1031 5391 eo
1070 5336 1236 5406 plene
1280 5352 1510 5406 sperare
1549 5334 1861 5402 debebunt,
1903 5334 2000 5405 qui
2031 5335 2153 5406 ejus
2568 5338 2810 5409 Explicit
2843 5338 3149 5395 concilium
3175 5340 3559 5397 Valentinum.

524 5476 3830 5505 ψ’

1317 5603 1712 5670 INCIPIUNT
1755 5601 2149 5672 CAPITULA
2198 5608 2531 5675 CONCILII
2576 5610 3081 5713 LAURINATIS.

534 5749 542 5754 ‘
592 5746 640 5796 ι.
670 5744 743 5797 Ut
765 5743 864 5813 qui
893 5743 1294 5815 approbaverit
1336 5759 1500 5799 suam
1531 5743 1814 5801 civitatem
1847 5751 2144 5821 metropo-
2320 5750 2460 5805 2.Ut
2475 5748 3440 5823 episc.quicontrastatutafaciunt,
3459 5749 3672 5804 honore
3686 5730 3805 5814 pri“

515 5832 617 5890 lim
643 5833 836 5904 fuisse,
861 5841 1049 5891 teneat
1073 5837 1406 5907 primatum.
2317 5847 2369 5900 3.
2405 5845 2481 5898 De
2508 5844 2664 5901 laicis
2692 5846 2789 5921 qui
2815 5845 3040 5903 clericis
3055 5846 3267 5903 crimen
3294 5843 3621 5900 intendunt.
