3964 6178
73 329 152 382 385
1279 320 1751 376 DECRETALIUM
1790 318 2174 380 COLLECTIO.
3293 332 3393 381 38¢;

129 437 171 488 4.
210 435 287 487 De
314 432 530 486 clericis
551 432 651 502 qui
677 448 781 502 per
807 433 1030 502 culpam
1062 431 1132 485 ab
1164 430 1426 502 episcopo
1452 445 1553 486 suo
1583 445 1675 484 ex-
1695 440 1755 512 Α
1845 430 1896 482 6.
1940 428 2008 481 Ut
2035 425 2265 480 alterius
2290 426 2555 481 clericum
2586 445 2703 482 non
2740 436 3069 499 promoveat
3096 433 3256 499 alter,
3291 452 3395 490 nec

77 527 564 582 communicantur.
1775 521 2060 591 abjectum
2082 519 2333 590 recipiat.

203 621 278 674 De
316 619 406 674 his
436 619 533 690 qui
571 635 630 673 se
669 619 740 673 ab
779 619 1061 674 hareticis
1099 633 1363 690 separare
1397 615 1680 672 voluerint
1844 619 1896 668 7.
1939 615 2017 668 De
2048 613 2138 666 his
2182 613 2280 683 qui
2310 618 2505 668 contra
2553 615 2917 672 interdictum
2962 624 3095 674 sunt
3130 623 3393 693 ordinati,

72 718 122 769 ut
144 714 206 768 ab
236 712 474 768 ecclesia
498 711 774 767 catholica
800 712 1198 784 suscipiantur.
1776 708 1862 762 vel
1892 707 1951 761 in
1975 707 2190 760 honore
2220 706 2361 761 ﬁlios
2384 713 2726 776 genuerunt.

790 1006 1207 1100 INCIPIT
1285 1003 1894 1099 CONCILIUM
1980 1002 2656 1097 TAUBINATE.

131 1189 406 1244 Fratribus
427 1189 802 1246 dilectissimis
827 1208 932 1263 per
960 1193 1160 1246 Gallias
1187 1195 1244 1246 et
1266 1192 1517 1264 quinque
1543 1207 1676 1261 pro-
1777 1189 1964 1243 visitet
1991 1205 2128 1259 quas
2169 1187 2388 1259 oppidis
2417 1187 2531 1241 suis
2575 1187 2856 1243 maximas
2898 1191 3083 1262 magis
3110 1209 3230 1248 esse
3272 1213 3402 1251 con-

71 1283 262 1337 vincias
275 1283 608 1338 constitutis
647 1288 840 1339 sancta
876 1285 1126 1355 synodus
1167 1302 1295 1356 qua
1331 1284 1594 1340 convenit
1619 1283 1679 1337 in
1778 1282 2004 1350 stiterit,
2027 1282 2103 1336 ita
2119 1287 2182 1335 ut
2197 1297 2480 1336 memores
2499 1281 3069 1354 unanimitatisatque
3087 1291 3403 1346 concordia

72 1375 190 1430 urbe
214 1376 609 1433 Taurinatum.
1778 1392 1896 1430 non
1923 1376 2164 1429 alterum
2213 1375 2320 1428 sibi
2365 1375 2590 1445 longius
2638 1377 2965 1446 usurpando
2997 1380 3149 1449 quod
3193 1387 3279 1436 est
3307 1385 3404 1438 alii

132 1472 259 1524 Cum
278 1470 351 1524 ad
375 1470 818 1541 postulationem
845 1471 1266 1544 provinciarum
1284 1471 1475 1527 Gallia
1492 1487 1677 1525 sacer-
1779 1468 2013 1540 propius
2041 1467 2340 1540 inquietat.

77 1562 214 1617 dotes
242 1563 704 1619 convenissemus
740 1566 810 1619 ad
855 1566 1223 1620 Taurinatum
1267 1565 1576 1631 civitatem,
1604 1568 1682 1617 at-

76 1673 167 1726 que
193 1656 248 1710 in
279 1657 534 1726 ejusdem
558 1658 718 1712 urbis
754 1659 990 1713 ecclesia
1030 1659 1290 1714 auditore
1329 1657 1567 1713 Domino
1592 1658 1678 1711 vel

82 1749 373 1804 mediatore
401 1750 750 1817 sederemus,
773 1752 979 1806 auditis
1006 1751 1442 1823 allegationibus
1470 1752 1682 1822 episco-

83 1858 279 1912 porum,
310 1859 507 1897 eorum
534 1845 794 1900 videlicet
820 1845 917 1916 qui
945 1846 1015 1900 ad
1029 1845 1312 1915 judicium
1337 1846 1582 1914 fuerant,
1611 1844 1680 1898 de

85 1935 288 2006 singulis
335 1937 584 2008 negotiis
631 1938 752 1992 hac
804 1939 1101 1993 sententia
1158 1940 1341 1993 forma
1389 1938 1679 2010 processit,

91 2030 213 2100 quod
237 2047 268 2083 a
295 2030 488 2100 paucis
511 2034 720 2085 statuta
749 2049 1035 2087 canonum
1063 2036 1442 2100 servarentur,
1472 2038 1527 2086 et
1552 2033 1679 2103 plu-

90 2121 334 2178 rimorum
385 2125 847 2180 contentionibus
891 2127 1263 2182 adhiberetur
1312 2127 1460 2181 utilis
1510 2125 1684 2180 medi-

91 2231 209 2270 cina.

1851 1590 1915 1642 ll.
1958 1588 2170 1643 Placuit
2195 1588 2383 1660 itaque
2413 1588 2632 1660 perpeti
2662 1589 3016 1662 disciplinam
3055 1611 3226 1664 quam
3258 1597 3405 1652 circa

1782 1683 2074 1751 Octavum,
2108 1682 2426 1751 Ursionem,
2453 1683 2774 1754 Remigium
2795 1689 2850 1738 et
2866 1685 3162 1742 Triferium
3192 1690 3405 1759 episco-

1781 1792 1884 1847 pos
1910 1779 2106 1830 sancta
2143 1775 2390 1846 synodus
2419 1776 2687 1844 decrevit,
2732 1778 2830 1848 qui
2872 1781 3239 1850 usurpatione
3273 1768 3406 1853 qua-

1783 1869 1916 1922 dam
1945 1869 2014 1923 de
2055 1868 2413 1923 ordinatione
2451 1869 2809 1924 sacerdotum
2846 1872 2916 1924 ad
2951 1872 3221 1928 invidiam
3251 1893 3406 1930 voca-

1781 1962 2007 2029 bantur,
2039 1963 2187 2032 quod
2211 1961 2291 2015 eis
2318 1961 2591 2016 hactenus
2608 1962 2817 2017 idcirco
2853 1964 3402 2037 videturindultum,

1784 2059 1845 2109 ut
1863 2056 1933 2109 de
1959 2061 2166 2109 catero
2198 2055 2303 2110 hac
2330 2055 2659 2110 auctoritate
2695 2058 3026 2112 commoniti
3068 2060 3209 2114 nihil
3247 2078 3406 2116 usur-

1781 2165 1919 2220 pare
1944 2151 2240 2217 conentur,
2268 2148 2544 2219 siquidem
2561 2165 2628 2202 ea
2647 2149 2716 2203 ab
2739 2149 2840 2204 hac
2861 2167 3026 2206 causa
3046 2155 3406 2209 excusatione

1783 2242 2158 2308 defenderint,
2192 2258 2305 2313 qua
2338 2241 2589 2296 dicerent
2615 2242 2773 2312 prius
2798 2260 2856 2298 se
2881 2261 2998 2298 non
3028 2262 3145 2300 esse
3173 2264 3410 2303 conven-

145 2311 255 2410 ους
309 2314 519 2410 ιο-λδω
571 2330 701 2369 cum
752 2315 969 2386 Primus
1023 2315 1280 2410 omnium
1321 2315 1406 2369 Vir
1455 2318 1684 2369 δθηοῖυδ
1785 2339 1888 2390 tos.
1919 2334 2162 2389 Proinde
2197 2334 2471 2405 judicavit
2515 2335 2786 2405 synodus,
2836 2341 2900 2392 ut
2929 2338 2975 2391 si
3025 2340 3151 2410 quis
3201 2357 3266 2394 ex
3305 2342 3410 2396 hoc

91 2402 321 2460 Proculus
340 2406 709 2504 ,Μεδδῧίθηδίθ
737 2409 1030 2481 episcopus
1057 2409 1295 2464 CiVitatis
1325 2425 1381 2463 se
1408 2412 1683 2504 tanquam
1703 2471 1758 2504 ι)
1787 2429 1983 2484 fecerit
2011 2433 2206 2483 contra
2248 2430 2453 2482 statuta
2497 2430 2804 2499 majorum,
2853 2431 2993 2485 sciat
3033 2433 3079 2486 is
3121 2434 3216 2504 qui
3267 2435 3412 2489 ordi-

93 2499 556 2570 metropolitanum
593 2503 838 2557 ecclesiis
866 2519 993 2573 qua
1034 2503 1091 2557 in
1128 2503 1372 2558 secunda
1397 2501 1684 2574 provincia

1795 2471 1983 2484 me...
2012 2471 2206 2483 υνυς...
2248 2471 2453 2482 ,μνη-ιι.
2497 2471 2804 2499 “manu”,
2853 2471 2993 2485 om...
3033 2471 3079 2486 ω
3121 2471 3216 2504 Ψ..
3267 2471 3411 2489 um.—

1795 2528 1954 2577 natus
2002 2523 2172 2576 fuerit
2215 2522 2513 2576 sacerdotii
2555 2539 2612 2577 se
2653 2523 2868 2578 honore
2913 2526 3271 2595 privandum,
3318 2528 3413 2584 ille

94 2590 403 2648 Narbonensi
451 2595 652 2665 posita
695 2595 1030 2650 videbantur
1073 2597 1287 2652 diceret
1330 2611 1567 2666 praesse
1597 2595 1688 2650 de-

93 2681 221 2751 bere,
246 2691 411 2757 atque
439 2705 542 2758 per
567 2704 627 2742 se
642 2689 1024 2744 ordinationes
1047 2689 1107 2743 in
1127 2692 1445 2744 memorata
1469 2689 1689 2760 provin—

94 2777 158 2830 cia
181 2795 531 2836 summorum
551 2781 675 2837 ﬁeri
703 2783 1081 2851 sacerdotum,
1106 2783 1384 2853 siquidem
1409 2785 1691 2836 assereret

95 2872 291 2926 eadem
320 2874 582 2929 ecclesias
608 2876 691 2930 ve]
721 2891 849 2930 suas
886 2875 1079 2943 fuisse,
1121 2875 1208 2929 vel
1246 2875 1538 2946 episcopos
1573 2892 1605 2928 a
1631 2891 1690 2929 se

93 2962 135 3016 in
155 2965 356 3021 eisdem
382 2968 628 3023 ecclesiis
657 2969 970 3035 ordinatos,
1014 2973 1072 3024 et
1115 2985 1144 3050 εξ
1175 2969 1393 3024 diverso
1433 2969 1691 3039 ejusdem

92 3058 310 3128 regionis
336 3061 585 3132 episcopi
617 3062 769 3116 aliud
801 3063 1183 3131 defensarent,
1225 3079 1288 3117 ac
1323 3062 1428 3116 sibi
1460 3061 1692 3116 alterius

93 3153 363 3218 provincia
383 3155 737 3210 sacerdotem
756 3173 1000 3228 praesse
1023 3173 1138 3210 non
1162 3156 1368 3211 debere
1390 3155 1694 3211 contende-

95 3249 218 3311 rent,
244 3246 301 3300 id
323 3247 646 3317 judicatum
679 3266 714 3303 a
738 3255 932 3303 sancta
964 3249 1183 3320 synodo
1212 3249 1691 3320 contemplatione

93 3339 224 3405 pacis
248 3344 416 3411 atque
445 3342 780 3409 concordia,
804 3347 867 3398 ut
887 3360 1004 3398 non
1035 3348 1151 3397 tam
1178 3343 1390 3397 civitati
1416 3343 1536 3413 ejus
1566 3359 1694 3413 qua

92 3428 138 3482 in
177 3433 344 3488 altera
396 3434 688 3506 provincia
732 3436 836 3490 sita
881 3441 982 3503 est,
1034 3425 1201 3507 cujus
1242 3436 1695 3507 magnitudinem

93 3524 289 3590 penitus
304 3527 675 3598 nesciremus,
693 3545 885 3599 quam,
903 3529 1008 3583 nisi
1030 3529 1424 3600 potisssimum
1451 3529 1698 3584 deferre-

93 3622 186 3684 tur,
231 3623 290 3674 ut
335 3620 463 3675 liliis
509 3621 728 3676 honore
783 3623 1061 3693 primatus
1111 3623 1398 3677 existeret.
1451 3621 1698 3692 Dignum

93 3711 226 3766 enim
267 3714 446 3768 visum
511 3718 616 3784 est,
675 3721 740 3770 ut
791 3715 1049 3787 quamvis
1118 3717 1329 3771 unitate
1393 3715 1698 3787 provincia

93 3805 303 3861 minime
330 3812 642 3879 teneretur,
671 3808 1202 3881 constringerentur
1243 3815 1434 3864 tamen
1472 3808 1697 3879 pietatis

95 3896 291 3954 aﬂ'ectu.
323 3901 448 3956 Hac
474 3902 583 3973 ipsi
610 3908 836 3958 tantum
862 3903 922 3957 in
949 3904 1038 3958 die
1064 3903 1193 3958 vita
1219 3903 1340 3974 ejus
1367 3904 1550 3957 forma
1578 3919 1694 3956 ser-
1721 3896 1772 3916 ν
2099 3973 2108 3978 ι
2163 3967 2194 3978 ._
2552 3966 2566 3978 ἱ
2653 3969 2690 3978 ﬁ
2960 3967 2992 3978 ﬂ

96 3991 313 4060 vabitur,
342 3998 406 4049 ut
434 3966 776 4052 in-ecclesiis
805 3997 1106 4068 provincia
1135 3966 1395 4052 secunda
1421 3996 1699 4050 Narbona
1873 3969 1956 4068 [vf
1994 3967 2202 4068 δίδῖυίξ
2245 3983 2474 4068 (Ιυοίῖξιεξ
2536 3966 2630 4068 (ξε.
2652 3967 3033 4068 Εξιιρετεηῐίρ
3093 3969 3424 4068 presbytero

98 4084 202 4151 quis
228 4059 346 4142 suas
387 4089 690 4160 parochias
735 4059 825 4145 vel
861 4107 992 4146 suos
1031 4091 1334 4161 discipulos
1377 4090 1545 4145 fuisse
1571 4105 1702 4144 con—
1800 4062 2423 4166 δαίῖῗίθξιδγηοίξυδίίῖω
2557 4060 2826 4131 muriam
2857 4062 3427 4166 δίξῃθιίῇθνίδθοΡξεδυί

100 4153 581 4238 stiteritordinatos
596 4184 872 4254 primatus
891 4184 1101 4239 habeat
1119 4153 1480 4254 dignitatem.
1504 4184 1646 4239 Illud
1667 4199 1700 4237 a
1799 4156 2019 4212 Triferii
2050 4154 2327 4257 graVi‘iF‘
2352 4153 2535 4207 multa
2559 4158 2938 4257 consénéérai’
2962 4161 3019 4209 εἰ
3035 4155 3426 4257 fre??°{‘tib“_’

103 4273 323 4338 Partibus
348 4277 461 4330 suis
499 4248 915 4333 Obs’ervandum
952 4279 1106 4350 quod
1145 4248 1276 4332 liget
1314 4294 1378 4332 ex
1415 4278 1701 4348 superﬂuo
1801 4266 1933 4305 eum
1952 4248 2309 4304 contumeliis
2328 4251 2746 4318 provocaverat,
2770 4248 2847 4300 ita
2862 4252 2928 4302 ut
2947 4250 3431 4306 nonnullafecerit

103 4377 200 4418 non
232 4372 413 4424 tamen
452 4371 733 4426 inutiliter
770 4341 1183 4442 command”,
1227 4375 1293 4425 ut
1335 4341 1703 4441 ipse-proca,
1802 4348 1995 4398 contra
2040 4341 2474 4396 ecclesiasticam
2518 4341 2895 4411 disciplinam,
2960 4348 3194 4414 propter
3252 4361 3427 4415 quam

105 4454 174 4510 lus
202 4463 461 4534 tanquam
490 4465 618 4535 pius
646 4470 810 4536 pater
838 4435 1264 4520 consacerdo'tes
1290 4435 1422 4519 subs
1457 4464 1705 4518 honoret
1803 4453 2032 4492 causam
2054 4435 2124 4489 ab
2147 4451 2212 4490 eo
2232 4435 2417 4489 fuerat
2439 4435 2728 4488 Dominica
2749 4437 3156 4491 communione
3180 4438 3430 4507 privatus

105 4527 325 4624 utﬁlios;
340 4564 391 4611 et
410 4527 747 4614 memorata
769 4559 1074 4630 provincia
1089 4559 1407 4614 sacerdotes
1427 4561 1701 4628 tanquam
1801 4535 1868 4586 nt
1896 4531 1953 4584 in
1984 4531 2104 4632 ej"?
2130 4527 2480 4632 Sitnaf'bitf‘iP
2507 4528 2789 4632 rfsmfnio
2829 4528 3003 4632 iplsms
3036 4529 3095 4583 in
3135 4530 3296 4632 aut,”
3325 4548 3427 4632 p0:

106 4640 219 4700 boni
242 4621 335 4703 filii
363 4651 632 4707 eumdem
671 4621 919 4707 habeant
945 4656 1006 4707 ut
1030 4657 1345 4724 parentem,
1379 4657 1435 4706 et
1459 4621 1703 4706 invicem
1804 4627 2014 4728 ξῗδίδίξ
2044 4622 2166 4692 ejus
2210 4622 2316 4728 fuit.
2363 4621 2620 4728 abjefuf)’
2670 4621 2780 4728 hec
2816 4624 2918 4728 esf’
2962 4627 3023 4724 Ψ
3066 4623 3312 4728 (ἶυωξξίῗ),
3343 4625 3432 4728 v.81

108 4737 194 4792 Sibi
211 4743 505 4800 exhibeant
527 4746 820 4801 charitatis
851 4714 1134 4813 affectum,
1171 4714 1403 4817 impleto
1424 4745 1529 4799 hoc
1551 4743 1705 4816 quod
1804 4718 1958 4820 iqem
1977 4715 2389 4820 Εξιψίῗῗδξηίυδ
2420 4714 2772 4820 εδῒξῗΐθθθτίδ
2798 4714 2883 4768 vel
2905 4715 3170 4818 θῐῗίδφρο
3191 4717 3428 4820 Triferio

110 4829 376 4891 “theam:
402 4841 701 4910 Apostolus
735 4859 748 4894 ε
787 4841 1015 4895 Honore
1041 4810 1702 4909 mﬁtuo‘prwvenier’nes’
1804 4810 2209 4910 visum-fuerit,
2240 4814 2373 4910 tunc
2404 4810 2648 4910 gratiam
2678 4810 3096 4910 communionis
3128 4812 3384 4882 accipiat.

109 4937 205 4980 non
243 4931 349 4984 alta
391 4933 698 5003 sapientes,
751 4934 851 4988 sed
913 4933 1222 4988 humilibus
1267 4931 1683 4987 consentientes

1877 4905 1938 4957 V.
1961 4903 2100 4958 Illud
2118 4903 2366 4956 decrevit
2389 4903 2670 4970 praterea
2695 4904 2886 4955 sancta
2903 4903 3173 4973 synodus,
3205 4911 3267 4960 ut
3297 4925 3436 4980 quo-

110 5015 228 5073 lllud
250 4993 642 5082 deinde-inter
685 4993 978 5099 episcopos
1007 5027 1236 5081 urbium
1283 5024 1627 5080 Arelatensis
1652 5039 1689 5078 e‘

1806 4998 1960 5053 niam
1990 4998 2204 5067 legatos
2228 4993 2477 5066 episcopi
2514 4993 2817 5048 Galliarum
2839 4995 2937 5067 qui
2976 4996 3142 5052 Felici
3173 5016 3428 5058 commu-

119 5107 409 5171 Viennensis
432 5119 530 5190 qui
555 5119 624 5172 de
650 5088 928 5191 primatis
958 5121 1107 5190 apud
1135 5137 1238 5173 nos
1275 5119 1494 5173 honore
1521 5120 1703 5172 certa_
1807 5093 2004 5147 nicant
2032 5089 2412 5155 destinarant,
2440 5091 2506 5140 ut
2530 5088 2574 5140 si
2606 5088 2732 5190 quis
2762 5088 2831 5142 ab
2869 5090 2988 5160 ejus
3025 5097 3432 5152 communione

121 5197 272 5263 tanta
320 5181 514 5266 sane-ta
547 5181 759 5284 Syr]de
805 5181 1105 5268 deﬁniium
1150 5219 1253 5280 est,
1298 5216 1361 5266 ut
1399 5211 1496 5282 qui
1527 5228 1596 5265 ex
1626 5211 1784 5285 eisD
1809 5203 1868 5240 se
1914 5183 2153 5239 voluerit
2195 5184 2571 5253 sequestrare,
2616 5181 2676 5234 in
2731 5185 2940 5236 sancta
3004 5186 3159 5255 pacis
3204 5205 3429 5244 consor-

124 5305 529 5373 Comprobaverit
558 5273 719 5360 suam
761 5307 1049 5362 civitatem
1094 5324 1215 5362 esse
1240 5273 1631 5376 ’metropolim,
1663 5305 1708 5359 is
1726 5273 1777 5285 ν
1807 5281 1952 5334 tium
1979 5276 2316 5376 δυῗέίρίίξωῖ
2337 5275 2504 5376 in“?
2524 5273 2747 5376 litteras
2770 5278 3106 5376 veferf‘bilis
3140 5283 3433 5376 memf’l‘i‘?

124 5368 252 5450 totius
276 5400 583 5470 provincia
601 5401 883 5455 honorem
905 5402 1184 5472 primatus
1206 5368 1481 5467 obtineat,
1514 5368 1708 5469 etipse
1807 5371 2092 5472 ’δηξδτοδξί
2115 5368 2370 5472 ΑθΡίδθοΡί
2400 5369 2486 5472 ῨθῙ
2524 5369 2803 5472 Rom???
2833 5371 3094 5472 Ecqesm
3129 5375 3434 5472 S‘i‘ter‘tf’t“

125 5463 362 5548 canonum
384 5494 810 5550 ordinationum
828 5463 1037 5550 habeat
1058 5497 1422 5567 potestatem.
1451 5463 1689 5548 Certe-ac

1809 5467 2024 5522 dudum
2053 5465 2215 5534 latas,
2260 5479 2388 5534 qua
2421 5463 2478 5517 in
2520 5463 2756 5518 concilio
2789 5463 2992 5535 legatis
3029 5467 3433 5536 panitentibus

129 5585 229 5643 Pacis
260 5588 552 5642 vinculum
589 5589 1041 5644 conservandum
1086 5590 1196 5644 hoc
1229 5587 1465 5644 concilio
1502 5585 1711 5640 utiliori
1808 5561 2055 5616 Γθοιίδίδῖε
2075 5562 2223 5612 sunt-

131 5668 366 5737 decretum
396 5686 484 5737 est
523 5686 608 5751 ut,
659 5683 703 5737 si
748 5685 951 5754 placet,
999 5688 1440 5738 memoratarum
1483 5680 1710 5735 urbium
1880 5677 1968 5730 Vl.
1997 5676 2106 5730 Nec
2135 5673 2269 5729 illud
2307 5672 2867 5746 pratermittendum
2899 5671 3005 5726 fuit
3045 5674 3194 5743 quod
3232 5677 3442 5747 synodi

130 5769 372 5848 ePiscopis,
424 5793 784 5849 unaquaque
826 5769 896 5831 de
935 5777 1022 5831 his
1066 5776 1366 5833 viciniores
1411 5775 1520 5831 sibi
1563 5775 1714 5828 inter
1813 5769 2095 5825 sententia
2121 5767 2422 5823 deﬁnitum
2457 5770 2560 5836 est,
2582 5771 2647 5820 ut
2673 5765 2967 5819 ecclesiam
3000 5765 3230 5823 alterius
3246 5786 3443 5827 secun-

131 5867 400 5926 Plovincias
457 5872 681 5927 muniat
741 5871 1010 5939 civitates,
1063 5875 1232 5942 atque
1303 5887 1395 5927 eas
1451 5868 1715 5924 ecclesias
1815 5865 1953 5918 dum
1983 5865 2187 5918 statuta
2227 5877 2512 5916 canonum
2559 5875 2730 5913 nemo
2767 5857 3051 5928 suscipiat,
3100 5877 3289 5935 neque
3325 5883 3440 5921 sua

491 5969 760 6034 Parnm.
815 5967 1042 6033 CXXX.
2980 5965 3046 6022 13

1787 2633 1920 2671 vero
1949 2615 2042 2685 qui
2070 2615 2411 2669 ordinaverit
2437 2617 2830 2670 auctoritatem
2859 2634 2915 2672 se
2951 2618 3008 2672 in
3039 2619 3413 2675 ordinationi-

1787 2711 1893 2764 bus
1921 2710 2008 2763 vel
2037 2708 2095 2762 in
2123 2708 2370 2762 conciliis
2399 2708 2638 2762 minime
2663 2708 3045 2765 retinendam.
3083 2713 3205 2766 Non
3233 2715 3415 2768 solum

1789 2809 1978 2858 autem
2029 2802 2174 2855 circa
2222 2805 2564 2856 memoratos
2624 2804 2915 2875 epiSCOpos
2961 2805 3084 2858 hac
3135 2809 3418 2862 sententia

1790 2896 2138 2968 pravalebit,
2160 2895 2256 2949 sed
2278 2895 2424 2949 circa
2452 2912 2652 2950 omnes
2673 2897 2770 2967 qui
2790 2897 2958 2951 simili
2986 2915 3178 2954 errore
3199 2899 3418 2972 decepti

1793 2989 2174 3044 ordinationes
2199 2988 2527 3058 hujusmodi
2555 2995 2970 3059 perpetrarunt.

1864 3111 1954 3164 Ill.
1983 3111 2062 3163 De
2106 3109 2356 3162 Palladio
2383 3115 2575 3163 autem
2610 3109 2774 3179 laico,
2809 3128 2919 3182 que
2961 3112 3147 3183 Spano
3183 3113 3416 3186 presby-

1795 3207 1918 3258 tero
1937 3220 2050 3257 non
2072 3203 2188 3257 leve
2203 3202 2417 3257 crimen
2437 3202 2781 3274 intenderat,
2797 3204 2946 3260 inter
2960 3222 3103 3277 quos
3124 3207 3422 3281 episcopus

1794 3297 2065 3350 Triferius
2116 3296 2371 3366 ejusdem
2441 3295 2693 3350 criminis
2739 3314 2935 3352 causas
2985 3315 3042 3354 se
3091 3301 3422 3371 cognovisse

1797 3392 2032 3444 testatus
2052 3395 2156 3458 est,
2189 3389 2246 3442 id
2275 3389 2498 3444 concilii
2532 3389 2780 3445 decrevit
2815 3392 3137 3460 auctoritas,
3177 3398 3241 3448 ut
3267 3393 3422 3449 idem

1795 3483 2078 3537 Palladius
2115 3483 2172 3535 in
2206 3482 2404 3536 eadem
2445 3484 2726 3538 sententia
2761 3489 3037 3552 maneret,
3068 3502 3181 3556 qua
3223 3488 3421 3557 cogni-

1797 3576 1966 3631 tionis
1993 3580 2246 3646 tempore
2276 3592 2308 3628 a
2334 3575 2574 3630 Triferio
2597 3576 2783 3630 fuerat
2813 3577 3104 3632 sacerdote
3126 3579 3421 3650 multatus,

1797 3670 1902 3724 hoc
1951 3669 2002 3723 ei
2048 3667 2405 3723 humanitate
2450 3672 2730 3724 reservato
2776 3671 2999 3724 concilii
3048 3675 3111 3725 ut
3152 3673 3272 3743 ipse
3313 3673 3426 3728 Tri-

1797 3763 1971 3818 ferius
1999 3761 2058 3816 in
2101 3765 2381 3834 potestate
2426 3762 2650 3830 habeat,
2697 3762 2928 3834 quando
2973 3764 3026 3818 ei
3054 3765 3296 3822 voluerit
3343 3781 3426 3820 re-

1717 3841 1772 3916 Ο
1800 3858 2010 3911 laxare.
