3964 6178
561 295 658 347 387

1456 289 1739 343 APPEND.
1783 289 1868 342 AD
1907 287 2068 341 SIEC.
2110 285 2196 339 IX.
2226 313 2292 323 —
2331 282 2571 338 ISIDORI
2610 279 3034 336 MERCATORIS
3723 290 3798 344 383

559 399 811 457 ecclesiae
841 398 899 454 in
922 397 1033 453 alio
1062 397 1244 469 gradu
1271 396 1474 451 audeat
1501 397 1764 450 ordinare
1799 411 1987 466 neque
2023 393 2177 464 abje-
2203 403 2262 476 Α
2281 390 2527 460 majores
2553 388 2762 460 gradus
2782 387 3046 442 ordinum
3061 385 3544 458 permittantur[f.]
3569 391 3797 462 accedant,

561 499 713 550 ctum
742 492 980 563 recipiat
1007 493 1067 546 in
1089 489 1568 546 communionem.
1600 492 1601 495 “

632 588 738 643 Vll.
769 587 834 640 Hi
862 590 1053 640 autem
1093 584 1191 655 qui
1219 588 1418 639 contra
1452 581 1818 637 interdictum
1861 585 1994 635 sunt
2033 579 2182 634 ordi-

559 681 696 748 nati,
743 681 828 734 vel
892 679 950 733 in
1006 677 1323 732 ministerio
1364 680 1690 747 genuerunt
1738 675 1904 742 ﬁlios,
1973 690 2044 728 ne
2112 673 2185 726 ad

2285 483 2488 555 synodi
2520 481 2765 538 decrevit
2795 479 3116 536 auctoritas.
3158 479 3452 535 Incolumes
3474 497 3558 536 vos
3591 483 3804 539 Dominus

2285 581 2481 633 noster
2509 593 2626 631 aevo
2649 575 2982 647 longissimo
3009 589 3334 630 conservare
3358 574 3611 646 dignetur,
3638 577 3806 633 domini

2284 673 2488 726 fratres
2514 669 2883 726 dilectissimi.

1399 990 1797 1058 INCIPIUNT
1841 989 2232 1056 CAPITULA
2274 985 2608 1054 CONCILII
2649 985 3085 1052 REGIENSIS.

637 1171 687 1223 1.
719 1169 789 1222 Ut
817 1165 1065 1239 perversi
1093 1163 1448 1221 ordinatores
1466 1165 1636 1220 nullis
1667 1165 1854 1220 denuo
1884 1162 2186 1219 ordinatio-

560 1263 728 1318 nibus
759 1260 1041 1316 intersint.

635 1360 688 1411 2.
732 1356 804 1409 Ut
849 1373 881 1409 a
920 1354 1137 1408 duobus
1193 1352 1473 1425 episcopis
1538 1353 1831 1408 ordinatus
1885 1349 2185 1422 aliquando

561 1449 858 1522 episcOpus
883 1449 1058 1518 possit
1085 1464 1202 1502 non
1228 1464 1365 1502 esse.

633 1547 686 1598 3.
719 1544 800 1597 De
846 1541 1124 1597 haereticis
1166 1546 1223 1597 et
1270 1539 1638 1595 schismaticis
1682 1538 1972 1611 episcopis,
2021 1539 2069 1593 si
2115 1538 2187 1594 ad

560 1635 903 1692 catholicam
955 1635 1129 1690 ﬁdem
1191 1635 1470 1701 venerint,
1537 1632 1674 1704 quid
1737 1632 2022 1688 observari
2089 1633 2184 1688 de-

556 1731 707 1786 beat.

2355 1163 2408 1218 4.
2450 1161 2521 1216 Ut
2550 1161 2849 1234 episcopus
2893 1165 2951 1216 et
2989 1157 3290 1214 benedicat
3326 1161 3381 1212 et
3420 1155 3683 1234 confirmet
3713 1171 3818 1210 neo-

2283 1254 2546 1328 phytum.
2590 1233 2605 1234 7
2746 1233 2754 1234 ί
3623 1233 3655 1266 ⁸

2358 1354 2409 1405 5.
2443 1351 2515 1403 Ut
2543 1349 2854 1420 episcopus,
2878 1365 3007 1403 cum
3029 1346 3314 1419 sepelierit
3339 1344 3654 1417 episcopum,
3677 1357 3824 1396 curam

2285 1443 2494 1499 habeat
2522 1442 2772 1498 ecclesiae
2790 1442 2982 1515 ipsius.

2359 1541 2412 1594 6.
2464 1539 2536 1592 Ut
2589 1537 2802 1609 absque
2852 1533 3281 1608 metropolitani
3323 1533 3516 1588 litteris
3557 1535 3608 1586 et
3651 1546 3828 1585 consen-

2287 1648 2374 1703 su,
2433 1632 2623 1686 nullus
2671 1630 2904 1686 accedat
2962 1630 3035 1685 ad
3078 1629 3401 1685 destitutam
3446 1624 3706 1683 ecclesiam
3745 1623 3831 1693 epi-

2288 1742 2450 1799 copo.

1352 2039 1768 2135 INCIPIT
1844 2038 2456 2135 CONCILIUM
2531 2038 3124 2134 REGIENSE.

631 2265 748 2323 Sub
777 2263 1216 2338 imperatoribus
1241 2267 1555 2324 Theodosio
1585 2269 1817 2340 juniore
1846 2275 1903 2326 et
1942 2269 2188 2325 Valenti-
2209 2282 2267 2354 B
2293 2269 2448 2342 quod
2475 2269 2713 2325 clericus
2741 2268 3018 2324 innocens
3039 2264 3352 2336 disciplina
3378 2264 3456 2330 (ut
3473 2252 3837 2354 probatumest)

557 2362 754 2429 niano,
785 2360 1102 2416 Theodosio
1135 2361 1374 2432 septimo
1401 2368 1460 2418 et
1483 2363 1649 2417 Festo
1680 2363 2024 2434 consulibus,
2059 2379 2188 2418 cum

558 2456 618 2510 in
672 2455 964 2509 voluntate
1013 2455 1234 2510 Domini
1295 2456 1446 2526 apud
1506 2456 1851 2528 Begiensem
1897 2457 2190 2512 ecclesiam

559 2549 1038 2617 convenissemus,
1071 2554 1128 2604 et
1153 2549 1622 2621 transgressionis
1640 2551 1790 2621 apud
1816 2551 2188 2607 Ebredunen-

559 2659 678 2698 sem
719 2643 1016 2698 ecclesiam
1064 2643 1272 2698 habite
1318 2644 1637 2699 remedium
1675 2649 2052 2715 quaereretur,
2082 2661 2193 2716 qua

558 2737 766 2791 sanctis
811 2736 1073 2790 Ecclesia:
1121 2737 1456 2805 canonibus,
1500 2754 1565 2792 ac
1612 2738 1937 2793 reverendis
1963 2739 2193 2792 Patrum

557 2829 1058 2884 constitutionibus
1082 2829 1238 2884 omni
1266 2836 1423 2900 parte
1452 2832 1749 2902 neglectis,
1778 2831 1992 2902 absque
2013 2831 2191 2886 trium

560 2923 868 2996 praesentia
891 2965 904 2990 ,
955 2923 1165 2994 absque
1209 2923 1644 2994 provincialium
1691 2924 1893 2979 litteris
1919 2967 1932 2992 ,
1980 2925 2194 2996 absque

562 3016 982 3088 metropolitani
1023 3017 1358 3073 auctoritate
1397 3018 1617 3073 irritam
1659 3018 2030 3074 ordinationis
2065 3035 2193 3090 spe-

563 3109 708 3167 ciem
764 3126 798 3164 a
844 3110 1065 3165 duobus
1103 3116 1320 3166 temere
1363 3111 1824 3167 convenientibus
1880 3111 2007 3185 92
2047 3129 2192 3184 prae-

564 3208 852 3276 sumptam
877 3220 998 3259 esse
1024 3205 1297 3275 clarebat,
1336 3222 1450 3260 non
1485 3205 1677 3261 minus
1717 3202 1934 3261 doloris
1960 3207 2029 3261 de
2054 3191 2197 3278 prae-

565 3304 790 3370 sumpto
821 3299 983 3370 lapsu
1011 3313 1184 3370 quam
1225 3297 1296 3354 de
1338 3299 1592 3354 ecclesia:
1622 3299 1798 3372 ipsius
1831 3301 2194 3356 convulsione

563 3393 624 3449 in
651 3392 970 3465 pectoribus
1006 3391 1264 3447 omnium
1304 3392 1530 3448 diutina
1571 3393 1869 3450 collatione
1911 3399 2197 3449 versatum

567 3492 668 3543 est.
696 3486 951 3542 Primum
978 3486 1167 3558 itaque
1206 3485 1338 3558 quia
1375 3503 1489 3542 non
1524 3487 1851 3558 ulciscendi,
1881 3489 1978 3543 sed
2009 3503 2194 3543 reme-

568 3578 762 3636 diandi
789 3579 1042 3635 studium
1064 3584 1208 3636 nutu
1236 3581 1465 3636 Domini
1508 3582 1911 3637 universorum
1948 3581 2196 3654 pectori-

566 3675 671 3730 bus
690 3685 920 3746 prorsus
944 3673 1277 3730 sacerdotali
1299 3675 1532 3730 consilio
1564 3675 1851 3731 insederat
1880 3675 1938 3730 in
1976 3692 2196 3731 sermo-
2218 3662 2274 3736 C

569 3768 736 3824 nibus
773 3767 1010 3840 singulis
1060 3785 1163 3838 pro
1206 3768 1418 3840 pietate
1458 3775 1756 3841 perspecta
1790 3769 2005 3841 patuit,
2050 3769 2201 3841 quod

570 3863 716 3918 sicut
743 3863 988 3934 reproba
1013 3879 1140 3934 quas
1164 3869 1515 3934 praesumpta
1542 3866 1734 3918 essent
1756 3862 1816 3918 in
1847 3863 2074 3918 irritum
2100 3863 2200 3918 de-

572 3956 847 4025 vocanda,
877 3957 957 4011 ita
977 3972 1074 4010 eos
1096 3955 1193 4026 qui
1214 3957 1455 4028 reproba
1471 3956 1986 4028 praesumpsissent,
2007 3972 2204 4028 quam-

569 4052 652 4106 vis
701 4050 1050 4104 confundere
1102 4066 1340 4104 censura
1395 4054 1628 4120 cogeret
1687 4049 1947 4104 charitati
2009 4050 2207 4106 liceret

574 4144 886 4209 absolvere,
915 4142 1236 4213 praesertim
1269 4155 1402 4197 cum
1445 4142 1505 4196 hi
1546 4143 1644 4213 qui
1685 4142 1746 4196 in
1787 4146 1907 4198 tam
1938 4159 2207 4214 perversa

575 4236 906 4292 incidissent
921 4253 954 4290 a
976 4234 1165 4306 primo
1181 4235 1346 4307 lapsu
1365 4235 1545 4307 ipsius
1571 4236 1684 4291 diei
1702 4236 1969 4292 adhibitis
1998 4237 2206 4309 passim

577 4329 838 4403 precibus
884 4330 1108 4400 culpam
1161 4329 1267 4383 sibi
1312 4329 1680 4400 poenitentes,
1728 4335 1826 4385 aut
1867 4330 2208 4402 ignorantia:

579 4423 982 4497 proscriptioni
1015 4423 1408 4494 imputassent,
1438 4422 1573 4495 quia
1602 4429 1659 4479 et
1682 4424 1729 4478 si
1766 4424 2053 4480 inveniale
2084 4443 2204 4481 cre-

582 4520 818 4574 deretur
860 4517 1206 4572 sacerdotem
1253 4515 1622 4572 sacerdotalia
1665 4521 1874 4574 statuta
1943 4521 2206 4592 nescisse,

581 4613 758 4668 levius
786 4615 982 4666 tamen
1013 4614 1134 4666 erat
1161 4627 1332 4682 quam
1366 4611 1413 4665 si
1455 4627 1550 4666 ore
1588 4610 1905 4683 impudenti
1937 4614 2214 4670 fateretur

585 4723 643 4763 se
670 4709 806 4761 nota
827 4706 1090 4759 calcasse.

655 4801 788 4855 Car.
818 4801 858 4852 Ι.
886 4799 1024 4852 Item
1046 4813 1140 4852 eos
1161 4797 1258 4869 qui
1280 4802 1400 4854 tam
1420 4799 1711 4856 incondita
1739 4819 1804 4856 ac
1826 4802 1946 4857 tam
1975 4797 2213 4858 instabi-

587 4895 665 4950 lia
690 4895 1121 4964 usurpaverant,
1152 4893 1364 4964 placuit
1399 4894 1801 4950 misericordiae
1817 4901 1896 4950 ~et
1925 4896 2218 4951 charitatis

587 5004 822 5045 occursu
851 4986 931 5040 ita
957 4985 1015 5040 in
1044 4988 1504 5043 communionem
1526 4988 2006 5061 dilectionemque
2021 4989 2214 5061 recipi,

2289 2380 2517 2419 memor
2532 2363 2913 2435 quorumdam
2928 2359 3323 2430 insolentia,ac
3332 2356 3480 2412 varia
3490 2348 3841 2427 perturbatione

2289 2464 2545 2526 vexatus,
2583 2458 2757 2513 etiam
2787 2458 2848 2512 in
2888 2454 3269 2511 sacerdotibus
3305 2468 3371 2506 ac
3403 2446 3659 2505 ministris
3688 2442 3842 2506 minas,

2289 2569 2354 2607 ac
2367 2553 2563 2624 jurgia
2584 2555 2643 2607 et
2659 2551 2774 2606 vim
2790 2549 3206 2606 acerbissimam
3225 2544 3541 2618 perniciosa
3557 2554 3718 2611 nuper
3733 2533 3843 2590 caede

2290 2647 2626 2719 pertulerat,
2657 2662 2764 2700 nec
2796 2646 3041 2716 poterat,
3071 2641 3306 2698 differri.
3341 2642 3615 2694 Bonorum
3649 2649 3702 2686 ac
3724 2626 3844 2684 disci-

2292 2741 2466 2812 plinae
2482 2756 2706 2795 memor
2717 2755 2789 2793 ne
2799 2739 2889 2793 vel
2909 2736 3331 2809 exspectatione
3347 2733 3596 2788 videatur
3613 2729 3844 2812 contuma~

2293 2811 2445 2883 cium
2465 2834 2522 2884 et
2538 2828 2930 2900 inquietorum
2950 2830 3079 2881 vota
3096 2826 3350 2897 palpare,
3374 2835 3610 2894 quorum
3630 2811 3850 2883 conspira-

2292 2922 2480 2978 tiones
2498 2939 2626 2994 quae
2656 2922 2716 2976 in
2746 2921 3098 2993 praeteritum
3125 2919 3425 2991 (quantum
3445 2905 3757 2986 deprehendi
3773 2919 3850 2975 po-

2293 3019 2420 3086 test)
2466 3015 2957 3072 animadversione
2999 3012 3380 3069 ecclesiastica
3419 3005 3718 3082 puniendus,
3753 2997 3852 3068 etin

2295 3111 2552 3166 futurum
2599 3109 2991 3182 mancipandaa
3035 3112 3216 3163 erant.
3276 3109 3470 3177 Itaque
3509 3095 3856 3156 ordinationem

2297 3221 2463 3277 quam
2498 3221 2748 3259 canones
2800 3204 3018 3258 irritam
3065 3201 3369 3270 deﬁniunt,
3422 3213 3523 3253 nos
3557 3205 3750 3266 quoque
3787 3199 3855 3236 Va‘

2298 3299 2578 3354 cuandam
2606 3315 2725 3353 esse
2753 3297 3096 3366 censuimus,
3128 3297 3187 3350 in
3213 3312 3328 3367 qua
3353 3287 3712 3366 praetermissa
3729 3279 3860 3336 trium

2297 3392 2619 3465 praesentia,
2647 3408 2754 3447 nec
2792 3390 3056 3462 expetitis
3096 3383 3653 3461 comprovincialium
3691 3370 3857 3471 litteris.

2297 3485 2732 3557 metropolitani
2753 3500 2984 3557 quoque
3001 3484 3297 3538 voluntate
3309 3481 3585 3552 neglecta,
3603 3483 3796 3548 prorsus
3805 3480 3863 3518 m-

2298 3580 2380 3636 hil
2401 3579 2558 3653 quod
2587 3580 2913 3651 episcopum
2943 3579 3175 3647 faceret,
3204 3580 3500 3632 ostensum
3526 3575 3622 3627 est.

2372 3769 2441 3824 ll.
2483 3770 2674 3841 Itaque
2717 3762 2780 3823 in
2831 3766 3123 3822 voluntate
3161 3764 3384 3838 placuit
3421 3758 3658 3827 Domini,
3699 3752 3866 3847 remot?

2302 3862 2412 3917 hoc
2458 3863 2555 3934 qui
2600 3879 2905 3935 perperam
2937 3863 3258 3933 assumptus
3312 3861 3437 3915 erat
3471 3856 3756 3928 episcopus,
3780 3845 3870 3898 ﬁeri

2303 3957 2539 4011 omnino
2567 3957 2810 4012 fratrum
2850 3955 3317 4011 constitutionem
3355 3947 3712 4009 ecclesiastica
3741 3935 3869 3994 tmdi'

2304 4051 2461 4105 tione
2483 4056 2730 4121 servata;
2758 4067 2954 4106 verum
2992 4050 3124 4122 quia
3148 4049 3268 4104 haec
3307 4050 3509 4103 sancta
3549 4037 3771 4116 synodus
3791 4044 3871 4131 non

2307 4144 2663 4216 disciplinam
2701 4149 2944 4211 tantum,
2993 4143 3093 4198 sed
3147 4147 3204 4198 et
3250 4137 3695 4198 misericordiam
3732 4128 3872 4200 395$“,

2307 4253 2554 4310 cumque
2610 4244 2945 4309 occurreret,
2997 4237 3150 4309 quod
3198 4253 3256 4292 se
3315 4230 3693 4291 armentarius
3731 4219 3877 4278 diebus

2307 4333 2579 4405 proximis
2605 4332 2788 4387 eidem
2829 4331 3077 4386 ecclesiae
3114 4331 3297 4385 multa
3337 4331 3742 4384 assentatorum
3765 4317 3874 4405 inso-

2307 4403 2483 4482 lentia
2509 4427 2811 4494 retulisset,
2847 4425 3221 4480 occurrebant
3242 4427 3450 4479 tamen
3489 4416 3641 4493 quod
3674 4403 3876 4505 antearl-

2309 4521 2689 4578 monitionem
2711 4519 3050 4575 discessisset
3073 4518 3230 4590 quod
3258 4535 3292 4571 a
3312 4515 3608 4572 nonnullis
3635 4502 3884 4564 sacerdoti-

2311 4616 2418 4670 bus
2455 4615 2515 4669 in
2559 4616 2669 4670 hoc
2717 4615 2904 4686 ipsum
2956 4614 3344 4682 conﬁrmatus,
3399 4627 3459 4667 se
3503 4608 3668 4665 etiam
3707 4595 3883 4672 privam

2313 4709 2514 4764 domui
2536 4709 2898 4778 reddidisset,
2928 4708 3078 4780 quod
3103 4707 3377 4779 epistolas
3407 4705 3482 4759 ad
3515 4703 3720 4758 clerum
3743 4694 3881 4762 ipsum

2316 4804 2597 4874 emiserat,
2641 4804 2846 4876 quibus
2893 4803 3280 4874 episcopatum
3321 4815 3503 4873 quem
3551 4812 3608 4852 se
3650 4787 3887 4857 indeptum

2317 4898 2663 4970 agnoscebat
2697 4901 2966 4970 appetere
3001 4895 3454 4961 renuntiaverat,
3502 4895 3621 4946 erat
3646 4887 3700 4941 in
3728 4887 3889 4938 nomen

2319 5009 2488 5048 suum
2511 4997 2735 5065 potens,
2759 4995 2816 5046 et
2831 4992 2937 5046 hoc
2955 4990 3145 5063 ipsum
3161 4989 3317 5062 quod
3342 4987 3624 5043 stabiliter
3648 4983 3701 5036 et
3716 4977 3890 5065 impr?

2320 5041 2735 5065 ___-__r---,-,
2765 5041 3488 5063 -c_--_,_____1__ciam
3787 5041 3801 5044 _

589 5089 652 5140 ut
680 5081 890 5137 scirent
909 5080 1224 5135 secundum
1245 5088 1536 5137 recentem
1559 5088 1616 5137 et
1635 5082 2065 5138 saluberrimam
2084 5085 2220 5138 Tau-
2236 5041 2297 5114 D
2321 5090 2612 5159 sumptum
2643 5089 2784 5155 erat,
2807 5086 2931 5157 jam
2947 5090 3084 5140 tunc
3108 5085 3504 5139 inordinatum
3535 5085 3591 5136 et
3614 5074 3810 5132 irritum
3833 5063 3896 5159 ξίν

588 5176 788 5234 rinatis
813 5173 1012 5246 synodi
1037 5173 1433 5231 deﬁnitionem
1451 5176 1523 5230 ad
1550 5180 1890 5249 perpetuam
1911 5178 2039 5232 vita:
2061 5177 2220 5232 istius

593 5276 961 5334 suffusionem
985 5274 1152 5329 nullis
1168 5291 1226 5330 se
1247 5275 1316 5330 de
1334 5279 1540 5331 cetero
1561 5271 2031 5345 ordinationibus,
2050 5278 2220 5333 nullis

591 5370 896 5430 ordinariis
921 5369 1144 5424 futuros
1168 5367 1438 5424 interesse
1480 5369 1750 5438 consiliis,
1794 5370 1927 5441 quia
1958 5370 2100 5426 nihil
2127 5389 2218 5428 sa-

587 5468 751 5522 lubre
772 5465 842 5520 ab
874 5462 988 5519 illis
1026 5462 1389 5518 statuendum
1436 5468 1875 5535 exspectaretur,
1917 5465 2015 5537 qui
2051 5471 2221 5522 tanta

591 5555 977 5632 occupationis
1015 5559 1136 5610 tam
1172 5556 1512 5611 detestanda
1553 5558 1814 5630 exempla
1854 5560 2223 5632 praebuerant

593 5649 1272 5708 Ebredunensiecclesim.
1323 5653 1465 5704 Ante
1515 5652 1706 5706 omnia
1750 5659 1969 5709 mature
2016 5654 2216 5723 visum,

593 5745 1028 5813 consulendum,
1059 5744 1191 5815 quia
1218 5750 1464 5814 quatuor
1482 5745 1551 5800 de
1576 5745 1789 5803 biennii
1814 5747 2103 5804 mensibus
2127 5765 2217 5804 sa-

593 5839 822 5889 cordum
853 5838 1110 5904 legitimo
1144 5836 1406 5892 destitutis
1430 5839 1536 5894 IlOC
1564 5841 1790 5910 gravius
1819 5845 2214 5914 (egrotavcrat,

2318 5186 2536 5252 turum,
2569 5184 2947 5252 protestatum
2985 5195 3106 5236 esse
3132 5179 3484 5234 confirmans
3509 5175 3568 5230 in
3593 5171 3732 5228 illam
3755 5156 3896 5256 politis

2319 5281 2543 5348 partem
2571 5275 2844 5331 declinata
2882 5275 3168 5330 sententia
3194 5277 3298 5342 est,
3331 5279 3402 5328 ut
3422 5267 3626 5344 juveni
3654 5259 3898 5356 edocto”.In

2321 5371 2532 5426 timore
2555 5371 2784 5426 Domini
2800 5370 2927 5442 plus
2948 5369 3382 5440 suﬁ‘ragaretur,
3407 5362 3567 5439 quod
3583 5360 3640 5416 in
3657 5359 3770 5413 acto
3787 5348 3902 5442 γὶῐιςν

2321 5466 2541 5521 sissimo
2560 5463 2848 5521 interdum
2878 5481 3015 5520 sana
3037 5463 3318 5531 sensisset,
3359 5476 3536 5532 quam
3557 5451 3703 5528 quod
3723 5449 3901 5519 juveni-

2319 5559 2470 5616 libus
2510 5557 2921 5616 titillationibus
2950 5559 3141 5630 aliqua
3174 5558 3234 5612 in
3260 5560 3427 5628 parte
3457 5547 3725 5608 cessisset.
3752 5541 3900 5604 Itaque

2318 5654 2718 5726 praetermissis
2744 5651 2832 5708 his
2846 5669 2974 5726 quae
2999 5653 3059 5707 in
3080 5653 3345 5725 ingressu
3383 5647 3565 5720 ipsius
3595 5655 3718 5697 eum
3736 5633 3900 5697 absque

2320 5748 2489 5803 ullius
2517 5745 2890 5805 excusationis
2917 5747 3128 5819 effugio
3148 5748 3327 5820 culpae
3357 5740 3700 5798 associatum
3729 5733 3905 5820 83579?”

2319 5846 2470 5911 rant,
2493 5845 2647 5899 velut
2661 5843 3027 5898 innocentem
3039 5818 3304 5897 eumdem
3315 5835 3624 5910 praeterire
3642 5818 3909 5883 sacerdote!
