3964 6178
139 322 210 373 389
1228 309 1702 366 DECRETALIUM
1740 309 2122 365 CULLECTIO.
3292 319 3393 368 390

136 421 305 477 Domini
325 419 407 489 qui
433 416 554 469 huic
597 416 836 470 concilio
888 416 1131 471 aderant
1175 417 1543 473 damnatione
1571 435 1663 472 va-
1687 419 1947 503 Anullas
1969 419 2091 488 jam
2120 417 2436 488 provincias
2478 418 2689 473 habere
2728 420 2996 487 occurrit,
3023 420 3154 475 huic
3201 427 3394 477 autem

136 532 260 571 cuum
287 512 594 566 maluerunt.
1767 513 1940 566 etiam
1961 513 2019 566 in
2050 511 2412 566 ecclesiarum
2433 513 2691 582 plebibus
2709 530 2812 584 per
2837 515 2960 568 loca
2991 517 3187 569 tamen
3208 517 3392 586 magis

180 609 246 662 lll.
267 605 396 669 Quod
443 620 570 674 ergo
609 603 670 658 in
711 603 1053 675 quibusdam
1103 604 1476 659 schismaticis
1522 605 1661 660 reci-
1767 623 1939 677 quam
1969 623 2073 677 per
2107 606 2271 660 urbes
2300 606 2408 659 hoc
2437 605 2617 659 visum
2647 611 2733 660 est
2763 623 2885 661 esse
2913 607 3300 662 tribuendum.
3331 612 3392 664 In

128 700 292 774 piendis
314 698 572 752 Nicanum
614 698 918 752 concilium
972 698 1160 768 potuit
1206 715 1240 752 a
1291 698 1527 770 singulis
1562 716 1666 770 per
1767 700 2004 754 ecclesia
2041 716 2267 770 quoque
2315 716 2427 770 qua
2468 699 2762 754 ordinatus
2806 701 2997 770 fuerit,
3031 704 3396 758 consecrandi

128 792 346 848 territoria
371 807 478 858 sua,
510 791 613 844 hoc
641 791 818 845 etiam
843 807 1094 862 prasens
1137 795 1444 846 conventus
1473 792 1667 846 statuit
1764 793 2064 864 virginem,
2088 794 2234 847 sicut
2259 793 2636 847 confirmandi
2661 795 3030 864 neophytum,
3047 796 3142 865 jus
3161 796 3396 851 habebit

127 887 176 940 ab
197 884 407 940 omnibus
432 884 635 938 servari
665 884 894 951 debere,
925 884 981 938 id
1011 889 1116 954 est,
1149 890 1212 939 ut
1248 885 1562 956 cuicunque
1594 885 1664 939 de
1767 892 1823 941 et
1850 903 1950 957 per
1974 887 2167 940 omnia
2193 892 2255 940 ut
2276 887 2346 939 sit
2374 887 2570 939 multa
2600 886 2969 956 indulgentiae
3000 889 3392 944 testimonium

125 979 330 1033 fratribus
353 978 450 1031 tale
469 977 679 1048 aliquid
706 977 998 1032 charitatis
1041 978 1274 1032 concilia
1314 977 1662 1045 dictaverint,
1766 997 1994 1052 semper
2022 998 2080 1034 se
2107 980 2434 1034 inferiorem
2464 980 2749 1050 episcopo,
2781 980 3130 1050 superiorem
3160 983 3391 1054 presby-

125 1073 244 1125 liceat
265 1087 414 1124 unam
443 1071 840 1141 parochiarum
871 1088 1107 1126 suarum
1136 1072 1432 1126 ecclesiam
1461 1073 1662 1127 cedere
1766 1079 1886 1129 tero
1911 1075 2360 1145 agat,mandatis
2379 1073 2634 1144 votisque
2653 1073 2911 1128 omnium
2931 1078 3250 1129 sanctorum
3268 1093 3395 1146 pro-

122 1167 161 1218 in
180 1181 265 1236 qua
285 1170 370 1218 aut
391 1164 772 1236 chorepiscopi
801 1166 1057 1231 nomine,
1085 1171 1151 1220 ut
1183 1165 1338 1219 idem
1370 1182 1551 1219 canon
1580 1167 1662 1221 lo-
1767 1169 2134 1238 sequentibus
2162 1169 2311 1222 vivat
2349 1167 2406 1220 in
2433 1166 2640 1221 timore
2683 1167 2926 1236 Domini,
2959 1171 3017 1221 et
3064 1169 3393 1240 episcopum

124 1258 280 1328 quitur,
303 1251 389 1310 aut.
410 1257 728 1327 peregrina,
763 1261 827 1312 ut
855 1258 1036 1325 aiunt,
1065 1260 1465 1313 communione
1508 1259 1663 1314 fove-
1766 1278 1931 1315 suum
1963 1262 2132 1328 colat,
2162 1262 2278 1315 Deo
2309 1261 2534 1328 serviat,
2563 1261 2763 1331 synodi
2791 1261 2937 1314 circa
2965 1277 3021 1315 se
3052 1261 3389 1318 benevolen-

119 1355 280 1404 rentur.
309 1351 543 1404 Primum
569 1350 763 1422 itaque
796 1352 1082 1421 statuitur,
1107 1357 1170 1406 ut
1193 1352 1301 1407 hoc
1325 1353 1385 1406 in
1412 1353 1668 1423 qualibet
1767 1355 1858 1410 tia
1890 1356 2100 1426 gratias
2142 1357 2291 1424 agat,
2319 1370 2664 1425 semperque
2708 1354 3012 1425 indignum
3058 1371 3116 1409 se
3160 1355 3396 1411 indultis

117 1444 335 1514 provincia
357 1449 730 1514 praeterquam
779 1445 841 1498 in
887 1445 1090 1516 Alpina
1140 1446 1429 1500 maritima
1476 1446 1663 1513 liceat,
1765 1449 2011 1518 negatis,
2047 1451 2106 1500 et
2131 1447 2413 1517 imparem
2444 1465 2563 1503 esse
2589 1448 2854 1502 fateatur.

118 1553 239 1606 quam
273 1537 310 1590 si
355 1537 410 1590 in
447 1537 638 1609 aliqua
695 1542 855 1608 parte
902 1539 1217 1606 accesserit,
1263 1542 1330 1593 ut
1377 1541 1664 1594 malorum
1837 1543 1899 1594 V.
1921 1543 1980 1594 In
2005 1557 2309 1595 commune
2331 1544 2522 1595 autem
2551 1557 2749 1595 omnes
2777 1542 2875 1610 qui
2908 1548 3291 1598 convenerant
3312 1561 3396 1597 sa-

117 1629 314 1684 incitator
329 1635 378 1684 et
396 1631 598 1701 quietis
618 1630 924 1702 impatiens
947 1632 1302 1687 damnationi
1327 1649 1504 1704 quam
1527 1633 1586 1686 in
1607 1649 1665 1687 se
1767 1635 2024 1689 cerdotes
2045 1634 2408 1705 sibimetipsis
2423 1639 2616 1688 contra
2633 1634 2957 1703 hujusmodi
2976 1636 3239 1690 scandala
3253 1653 3396 1707 pra-

114 1729 429 1791 provocaverat
453 1724 783 1794 subjacebit.
809 1725 914 1780 Sed
935 1726 982 1780 si
1000 1727 1127 1797 quis
1145 1726 1332 1780 eidem
1351 1727 1666 1798 quidquam
1766 1727 2084 1782 cavendum
2109 1730 2474 1782 censuerunt.
2506 1728 2696 1798 Itaque
2735 1732 2972 1798 propter
2996 1729 3277 1798 ejusmodi
3306 1734 3392 1785 te-

115 1829 158 1867 ex
181 1816 246 1869 his
265 1833 373 1888 qua
402 1820 610 1872 statuta
640 1823 772 1873 sunt
797 1819 1245 1890 transgredienti
1272 1820 1661 1874 communica-
1687 1803 1742 1874 Β
1767 1823 2090 1876 meritatem
2137 1821 2324 1875 stabili
2367 1820 2705 1875 deﬁnitione
2747 1822 3066 1875 consultum
3100 1828 3204 1888 est,
3235 1828 3296 1877 ut
3323 1823 3392 1877 de

112 1910 672 1975 verit,acommunione
691 1913 950 1966 omnium
967 1912 1064 1968 ﬁat
1081 1912 1318 1982 alienus,
1337 1913 1542 1968 deinde
1556 1931 1662 1968 nec
1764 1918 1968 1969 catero
1995 1915 2410 1979 observaretur,
2442 1930 2514 1968 ne
2545 1913 2672 1984 quis
2699 1914 2769 1967 ad
2794 1930 2919 1967 eam
2949 1915 3242 1968 ecclesiam
3268 1932 3394 1986 qua

114 2002 304 2070 quolibet
327 2005 380 2057 in
405 2005 543 2074 loco,
573 2010 783 2076 prater
811 2023 983 2077 quam
1021 2007 1080 2059 in
1111 2007 1336 2077 publico
1368 2010 1660 2077 gerentur,
1765 2009 2091 2079 episcopum
2134 2007 2495 2079 perdidisset,
2530 2007 2639 2060 nisi
2668 2007 2864 2061 vicina
2895 2008 3140 2062 ecclesia
3173 2010 3393 2080 episco-

110 2110 158 2148 ne
177 2097 428 2168 quisquam
471 2099 523 2153 ei
566 2099 744 2153 laicus
789 2099 1148 2168 decernatur,
1176 2117 1346 2171 quem
1392 2100 1564 2154 curia
1608 2103 1665 2154 et
1763 2118 1870 2173 pus
1932 2101 2327 2172 exsequiarum
2384 2103 2640 2171 tempore
2693 2101 3004 2168 accederet,
3053 2102 3153 2172 qui
3203 2105 3394 2156 tamen

109 2187 291 2243 civitatis
312 2192 516 2261 species
544 2197 648 2246 aut
679 2193 820 2247 ordo
860 2193 1143 2248 nobilitat.
1175 2194 1412 2248 Additur
1455 2211 1526 2247 ne
1555 2211 1661 2248 un-
1766 2195 1954 2249 statim
1982 2195 2234 2249 ecclesia
2262 2194 2436 2264 ipsius
2465 2210 2658 2247 curam
2705 2194 3116 2248 districtissime
3147 2203 3392 2266 gereret,

106 2283 295 2350 quamin
314 2284 626 2340 civitatibus
645 2287 730 2340 vel
753 2286 1153 2358 episcoporum
1178 2287 1435 2341 absentia
1457 2287 1663 2342 offerre
1765 2305 1836 2342 ne
1879 2288 2014 2359 quid
2059 2292 2194 2341 ante
2240 2287 2660 2341 ordinationem
2705 2287 3155 2347 discordantium
3201 2288 3260 2342 in
3293 2306 3392 2343 no-

105 2381 367 2444 prasumat,
382 2396 483 2433 nec
502 2379 768 2434 ordinare
788 2380 876 2434 vel
898 2380 1164 2434 ultimum
1185 2381 1454 2435 clericum
1482 2398 1584 2436 nec
1606 2381 1664 2434 in
1765 2382 2030 2436 vitatibus
2055 2381 2389 2435 clericorum
2422 2380 2774 2435 subversioni
2805 2381 3019 2435 liceret.
3047 2382 3238 2452 Itaque
3266 2399 3396 2437 cum

104 2468 252 2522 eadem
277 2472 512 2541 ecclesia,
544 2489 677 2544 qua
720 2472 802 2526 illi
846 2473 1230 2545 cujuscunque
1274 2473 1512 2528 minima
1542 2475 1663 2528 fue-
1765 2477 1874 2530 tale
1939 2475 2153 2546 aliquid
2216 2474 2436 2540 accidit,
2505 2474 2702 2528 vicinis
2760 2474 3076 2530 vicinarum
3140 2476 3398 2530 ecclesia-

103 2559 154 2610 rit
185 2563 438 2632 attributa,
466 2583 573 2621 nec
604 2567 701 2620 ulli
747 2566 1148 2638 episcoporum
1189 2568 1279 2621 vel
1329 2568 1665 2622 succedente
1765 2585 1897 2623 rum
1925 2567 2224 2638 inspectio,
2258 2567 2583 2638 descriptio,
2611 2567 2975 2638 recensioque
3008 2584 3203 2623 rerum
3232 2586 3396 2624 man-

103 2659 222 2707 atate
241 2664 511 2730 assumpto
539 2660 736 2731 aliquo
755 2659 816 2714 in
844 2660 1187 2715 rudimentis
1214 2661 1328 2715 suis
1356 2661 1487 2715 huic
1508 2661 1669 2732 quasi
1768 2662 1956 2716 datur.

99 2761 174 2814 pro
194 2751 349 2804 atatis
373 2754 699 2807 reverentia
733 2753 937 2808 cedere
962 2754 1143 2822 liceat,
1173 2771 1274 2809 nec
1305 2772 1540 2826 usquam
1564 2755 1668 2825 ipsi
1841 2756 1924 2810 VI.
1945 2756 2069 2810 Hac
2088 2759 2279 2809 autem
2295 2754 2489 2808 omnia
2517 2754 2918 2824 exsequiarum
2936 2757 3196 2826 tempore
3217 2772 3397 2827 usque

98 2841 349 2912 quidquam
377 2847 443 2901 de
464 2847 884 2918 episcopalibus
905 2848 1104 2902 ofﬁciis
1121 2865 1417 2919 usurpare,
1441 2854 1670 2918 prater-
1768 2851 1840 2904 ad
1864 2850 2166 2920 septimam
2189 2847 2441 2903 defuncti
2464 2852 2598 2918 agat
2625 2847 2800 2914 diem,
2818 2847 3023 2901 exinde
3052 2849 3298 2904 ecclesia
3315 2867 3400 2904 re-

102 2947 227 3001 quam
237 2937 286 2990 in
303 2940 530 2995 ecclesia
547 2957 724 3012 quam
743 2942 1075 3013 cujusquam
1097 2941 1481 2996 misericordia
1499 2942 1672 2996 fuerit
1770 2945 1958 2998 ferens
1984 2943 2321 2997 mandatum
2349 2940 2776 3012 metropolitani
2805 2940 2971 2994 simul
2992 2957 3123 2996 cum
3139 2943 3401 2998 omnibus

97 3024 324 3099 indeptus,
351 3031 407 3087 in
439 3051 553 3105 qua
581 3034 638 3088 ei
677 3035 863 3088 solum
889 3036 1205 3106 neophytos
1232 3037 1586 3102 conﬁrmare,
1615 3039 1670 3089 et
1771 3035 2272 3108 sanctisepiscopis
2288 3034 2691 3106 sepeliatur,ne
2705 3034 3007 3105 quisquam
3019 3035 3091 3090 ad
3109 3035 3401 3093 ecclesiam

97 3125 188 3174 ante
206 3125 545 3196 presbyteros
565 3128 775 3182 offerre
797 3130 1140 3184 conceditur.
1163 3130 1324 3192 Quod
1347 3130 1394 3184 si
1416 3146 1669 3201 unquam
1691 3173 1742 3203 η
1772 3147 1899 3202 qua
1929 3147 2220 3184 summum
2249 3129 2518 3183 amiserat
2547 3128 2903 3182 sacerdotem
2935 3128 3043 3183 nisi
3069 3132 3402 3203 metropoli-

175 3173 182 3174 ’
206 3173 375 3196 r""'.1
395 3173 544 3183 'V-V"
567 3173 775 3182 "“'"“"
799 3173 1140 3184 νν’·νν““⁸¹’“⁶·
1167 3173 1324 3192 ιζ’-’νυ-
1347 3173 1394 3184 υ⁵
1419 3173 1669 3201 “¹⁸“1““⁵⁴¹’“
1772 3173 1899 3202 ‘1“w
1929 3173 2220 3184 "““"“"‘”‘
2249 3173 2518 3183 “”⁶⁸⁴·¹¹¹ν⁵“”’
2547 3173 2903 3182 ⁵·””ν“’⁸““⁴¹ν“ν¹’“
2935 3173 3043 3183 ⁵⁵⁶ν⁶
3069 3173 3370 3203 συνυινιινμ

95 3214 232 3270 taliter
270 3220 463 3291 aliquis
507 3222 792 3278 charitate
836 3222 1064 3278 alterius
1090 3228 1418 3294 provocatus
1448 3224 1666 3278 habita-
1690 3173 1744 3246 Ο
1769 3226 1890 3282 tani
1919 3226 2118 3280 litteris
2149 3225 2415 3280 invitatus
2432 3226 2521 3295 (ne
2551 3241 2584 3278 a
2605 3224 2772 3294 plebe
2797 3224 3129 3297 decipiatur)
3153 3228 3399 3297 accedat,

97 3305 222 3362 tionis
252 3316 760 3370 commutationem
791 3316 1106 3387 variaverit,
1137 3335 1252 3372 non
1281 3317 1444 3372 aliter
1473 3318 1531 3371 in
1563 3318 1671 3371 alia
1772 3325 1829 3374 et
1852 3319 1967 3373 vim
1995 3319 2113 3390 pati
2133 3319 2371 3372 voluisse
2392 3317 2668 3372 videatur.
2691 3318 2809 3388 Ego
2830 3318 3076 3372 Hilarius
3103 3320 3402 3391 episcopus

95 3404 274 3459 ecclesia
295 3409 559 3480 requiem
593 3408 850 3481 accipiat,
874 3427 1046 3482 quam
1065 3411 1124 3465 in
1154 3411 1334 3482 priori
1361 3411 1564 3465 habuit
1583 3411 1671 3464 cui
1764 3414 1927 3485 juxta
1955 3413 2010 3468 id
2037 3413 2189 3484 quod
2220 3411 2498 3466 universis
2543 3411 2748 3465 sanctis
2793 3412 3072 3482 episcopis
3110 3414 3272 3480 meis,
3305 3415 3399 3486 qui

93 3497 475 3573 renuntiaverat,
509 3520 622 3560 nec
651 3504 885 3559 omnino
920 3521 1176 3576 unquam
1218 3506 1460 3559 duarum
1490 3505 1669 3559 eccle-
1773 3523 2002 3561 mecum
2033 3505 2506 3576 subscripserunt,
2537 3504 2754 3574 placuit
2795 3505 3003 3558 statuta
3039 3505 3273 3560 Patrum
3316 3507 3403 3562 his

91 3586 254 3646 siarum
276 3596 760 3665 gubernationem
779 3599 1048 3666 obtineat,
1075 3599 1163 3653 cui
1183 3599 1352 3654 etiam
1381 3599 1524 3652 inea
1544 3613 1672 3669 qua
1772 3599 2201 3655 definitionibus
2245 3596 2549 3667 subscripsi
2581 3597 2684 3650 sub
2729 3596 2819 3651 die
2850 3613 2940 3652 xvr
2983 3598 3266 3654 Kalendas
3298 3601 3401 3656 De-

90 3679 168 3749 ἱρΞὶ
191 3687 388 3744 ceditur
406 3692 712 3747 ministros
734 3709 768 3746 a
793 3692 1036 3748 civitatis
1055 3693 1317 3764 episcopo
1344 3709 1571 3747 necesse
1592 3696 1674 3746 est
1773 3693 2037 3759 cembris,
2063 3691 2378 3746 Theodosio
2407 3693 2660 3761 Augusto
2691 3691 2800 3759 VII,
2833 3691 2996 3746 Festo
3047 3693 3114 3746 ιν
3158 3693 3401 3749 consuli-

89 3776 307 3851 Ordinari,
335 3801 472 3840 sane
507 3786 654 3858 quia
703 3785 1097 3841 ministrorum
1141 3787 1354 3842 mentio
1387 3787 1532 3841 facta
1565 3788 1670 3852 est,
1771 3787 1895 3842 bus.
1925 3788 2044 3858 Ego
2084 3783 2414 3840 Severianus
2463 3782 2762 3854 episcopus
2807 3782 2942 3838 huic
2968 3784 3284 3841 deﬁnitioni
3311 3787 3398 3841 in-

91 3871 130 3919 et
149 3878 375 3931 nonnulli
403 3880 476 3933 ab
507 3881 644 3952 ipso
674 3880 888 3935 inventi
915 3885 1048 3935 sunt
1074 3879 1556 3936 excommunicati
1587 3883 1670 3935 te-
1774 3881 1966 3948 terfui,
2016 3883 2074 3934 et
2120 3876 2419 3948 subscripsi
2463 3876 2552 3931 die
2606 3876 2934 3931 consulibus
2981 3880 3398 3952 suprascriptis.

89 3977 204 4020 mere
240 3970 292 4024 in
333 3973 486 4029 clero
533 3974 812 4046 provecti,
850 3978 1125 4030 statutum
1175 3979 1260 4030 est
1305 3992 1398 4030 eos
1448 3975 1546 4046 qui
1596 3975 1675 4029 ita
1774 3977 1890 4047 Ego
1917 3973 2229 4029 Audentius
2254 3971 2551 4042 episcopus
2592 3971 2812 4025 statutis
2854 3970 3110 4042 interfui,
3143 3973 3234 4028 die
3262 3991 3398 4030 con-

88 4063 302 4134 Etﬁallmpti
325 4072 462 4122 sunt
490 4068 892 4140 deponendos.
923 4069 1137 4133 Quibus
1166 4074 1359 4124 autem
1382 4070 1540 4124 nulla
1561 4085 1677 4123 ma—
1774 4069 1986 4124 sulibus
2011 4065 2424 4138 suprascriptis.
2451 4065 2572 4136 Ego
2610 4064 2790 4119 Julius
2837 4064 3137 4138 episcopus
3182 4069 3402 4124 statutis

87 4152 176 4206 cuia
211 4161 658 4218 conversationis
703 4163 1178 4234 prajudicaverit,
1207 4167 1380 4236 prout
1416 4163 1671 4218 Ebredu—
1773 4161 2028 4230 interfui,
2062 4166 2120 4215 et
2149 4157 2447 4230 subscripsi
2487 4158 2577 4212 die
2621 4157 2941 4213 consulibus
2984 4161 3400 4232 suprascriptis.

89 4248 204 4301 nensi
217 4255 490 4310 sacerdoti
506 4257 909 4312 constituendo
921 4257 1106 4311 visum
1123 4257 1410 4326 est,autin
1425 4256 1674 4312 ecclesia
1773 4259 1892 4328 Ego
1929 4254 2210 4310 Achadius
2247 4252 2541 4324 episcopus
2569 4251 2659 4306 his
2691 4251 3116 4308 deﬁnitionibus
3145 4254 3398 4323 interfui,

86 4352 168 4393 me
189 4345 492 4404 ministerio
523 4351 831 4418 tenendos,
859 4354 958 4404 aut
994 4351 1066 4406 ad
1105 4352 1296 4422 ipsum
1338 4367 1673 4422 quocunque
1774 4354 1830 4405 et
1857 4348 2157 4420 subscripsi
2199 4346 2288 4401 die
2333 4345 2658 4401 consulibus
2689 4346 3104 4417 suprascriptis.
3136 4349 3251 4420 Ego
3281 4352 3398 4404 Au-

87 4427 330 4495 hahitasset
356 4443 814 4515 transferendos,
843 4445 1138 4516 plebisque
1169 4445 1676 4517 acciperentlicen-
1773 4445 1973 4516 spitius
2003 4443 2296 4513 episcopus
2323 4440 2413 4494 his
2440 4439 2863 4495 definitionibus
2904 4441 3157 4510 interfui,
3186 4447 3243 4496 et
3266 4443 3400 4498 sub-

84 4525 188 4581 liam
205 4547 261 4586 ex
277 4537 710 4592 constitutionis
730 4539 898 4608 hujus
923 4539 1204 4610 permissu
1231 4540 1591 4606 benedicere,
1609 4541 1673 4592 ut
1689 4550 1748 4622 D
1771 4537 1966 4609 scripsi
1993 4535 2316 4591 consulibus
2354 4535 2443 4589 die
2490 4533 2900 4604 suprascriptis.
2938 4534 3054 4604 Ego
3094 4534 3400 4591 Severinus

83 4632 211 4689 supra
225 4626 520 4686 deﬁnitum
540 4636 654 4698 est,
671 4636 729 4686 et
744 4632 934 4687 inuna
950 4632 1266 4705 eademque
1289 4634 1522 4689 ecclesia
1540 4650 1676 4688 neo-
1774 4632 2072 4704 episcopus
2117 4628 2545 4683 deﬁnitionibus
2575 4627 2662 4680 his
2691 4625 2944 4695 interfui,
2981 4632 3037 4680 et
3077 4627 3398 4701 subscripsi,

81 4713 240 4784 P111105
265 4726 646 4780 conﬁrmare.
699 4729 762 4782 In
800 4727 1044 4782 castellis
1081 4745 1145 4782 ac
1173 4728 1308 4782 vicis
1356 4732 1537 4784 totum
1567 4729 1674 4783 illis
1774 4729 1892 4798 Ego
1921 4723 2174 4779 Valerius
2221 4722 2515 4793 episcopus
2546 4720 2634 4774 his
2676 4719 3098 4774 deﬁnitionibus
3145 4722 3397 4791 interfui,

82 4810 177 4864 ante
195 4818 560 4891 presbyteros
594 4820 776 4875 sicubi
801 4822 1060 4876 venerint
1087 4821 1252 4877 liceat
1277 4822 1433 4893 quod
1463 4823 1522 4876 in
1547 4823 1678 4877 civi-
1774 4825 1833 4875 et
1857 4817 2180 4888 subscripsi.
2213 4817 2331 4886 Ego
2358 4813 2659 4869 Neuterius
2686 4813 2981 4883 episcopus
3011 4813 3098 4868 his
3123 4815 3403 4872 definitio-

80 4902 243 4963 tmitius
265 4915 503 4969 omnino
541 4914 959 4986 prascribitur.
1774 4915 1943 4970 nibus
1971 4909 2224 4976 interfui,
2258 4912 2313 4963 et
2342 4906 2669 4977 subscripsi.
2719 4908 2836 4977 Ego
2861 4907 3153 4978 Asclepius
3179 4909 3397 4980 episco-

130 4997 196 5054 IV.
226 5003 289 5058 Ut
315 5008 654 5080 presbyteri
681 5008 947 5080 privatim
992 5009 1257 5065 ﬁdelibus
1297 5009 1670 5064 desideranti-
1774 5025 1880 5080 pus
1922 5006 2011 5060 his
2054 5002 2478 5060 deﬁnitionibus
2529 4999 2778 5067 interfui,
2809 5002 2868 5054 et
2913 5000 3236 5073 subscripsi.
3282 5007 3398 5077 Ego

78 5085 156 5144 bus
193 5097 552 5170 benedicant,
605 5103 663 5156 et
710 5103 1096 5158 interminatus
1145 5104 1248 5158 has
1302 5103 1675 5158 discussiones
1774 5101 2100 5156 Theodorus
2138 5097 2435 5169 episcopus
2464 5094 2552 5148 his
2597 5093 3022 5149 deﬁnitionibus
3058 5095 3311 5165 interfui,
3345 5105 3402 5154 et

81 5181 216 5244 τίειῐω
242 5193 298 5248 in
325 5195 608 5251 deﬁnitae
640 5196 874 5252 omnino
912 5197 1242 5269 presbytero
1265 5214 1372 5269 per
1400 5197 1671 5263 familias,
1775 5193 2098 5266 subscripsi.
2128 5194 2246 5263 Ego
2278 5188 2606 5244 Vincentius
2635 5188 2938 5259 presbyter
2976 5188 3224 5261 episcopi
3251 5192 3394 5247 Con-

77 5291 152 5344 Ρει·
171 5299 341 5358 agros,
370 5307 480 5360 per
525 5290 784 5361 privatas
833 5291 1033 5347 domos
1070 5308 1176 5362 pro
1218 5291 1498 5346 desiderio
1527 5290 1672 5345 ﬁde-
1775 5287 2099 5344 stantiniani
2125 5287 2194 5340 ab
2226 5284 2430 5339 eodem
2459 5281 2759 5337 ordinatus
2800 5281 3035 5336 interfui
3066 5283 3183 5338 vice
3224 5283 3399 5354 ipsius

75 5367 182 5430 lium
216 5378 550 5440 facultatem
600 5383 1012 5440 benedictionis
1056 5386 1298 5457 aperire,
1331 5386 1486 5458 quod
1527 5402 1672 5440 non-
1775 5386 1833 5439 et
1869 5379 2188 5452 subscripsi.

81 5493 3387 5524 ww

829 5626 1227 5693 INCIPIUNT
1270 5627 1664 5693 CAPITULA
1706 5621 2226 5690 AURAICENSIS
2273 5617 2627 5684 CONCILll.

129 5748 167 5806 ί.
198 5753 261 5813 Ut
279 5759 474 5816 nullus
507 5759 777 5818 minister
797 5762 918 5818 sine
942 5763 1249 5819 chrismate
1271 5763 1679 5836 proﬁciscatur.
1854 5763 1906 5815 3.
1950 5761 2023 5813 De
2050 5754 2453 5828 panitentibus
2482 5752 2580 5826 qui
2605 5751 2672 5805 de
2703 5760 2936 5821 corpore
2965 5751 3187 5803 eXeunt.

124 5848 169 5898 2.
184 5849 254 5902 De
268 5851 569 5908 hareticis
582 5853 695 5909 siin
709 5857 906 5911 mortis
920 5857 1245 5912 discrimine
1262 5861 1682 5912 convertantur.
1857 5844 1909 5906 4.
1954 5853 2030 5906 De
2057 5849 2274 5904 clericis
2301 5845 2688 5919 paenitentiam
2718 5841 3051 5897 volentibus.
