3964 6178
553 297 648 347 391
1451 289 1733 345 ΑΡΡΕΝΙ).
1774 292 1860 344 AD
1899 291 2058 345 SASC.
2103 292 2118 343 Ι

2246 315 2289 327 -·
2326 287 2575 342 ISIDORI
2612 285 3035 342 MERCATORIS
3735 293 3811 347 392

622 403 673 454 5.
715 399 792 453 De
821 397 909 452 his
951 397 1050 468 qui
1091 397 1163 452 ad
1211 396 1504 452 ecclesiam
1551 397 1910 468 confugiunt,
1943 410 2014 452 ne
2058 401 2176 451 tra-
2200 409 2260 482 Α
2355 399 2440 451 17.
2465 395 2608 451 Utin
2623 410 2805 449 unum
2825 390 3139 465 propositio
3162 393 3482 448 sacramenti
3503 400 3809 452 consecretur.

555 493 781 547 dantur.
2360 493 2440 545 18.
2469 491 2538 544 Ut
2571 487 2872 558 Evangelia
2903 485 3298 540 catechumeni
3322 501 3427 540 non
3461 487 3678 542 audiant.

624 589 677 640 6.
719 585 912 639 Nullus
958 602 1059 656 pro
1119 584 1233 640 suis
1279 584 1577 656 mancipiis
1622 585 1720 656 qui
1773 586 1842 640 ad
1889 584 2180 640 ecclesiam
2355 586 2440 638 19.
2481 584 2552 638 Ut
2581 580 2978 637 catechumeni
3013 580 3082 634 ad
3110 579 3431 649 baptisteria
3456 596 3561 634 non
3585 583 3814 638 accedant.

551 678 890 749 confugiunt
914 678 1246 738 clericorum
1271 677 1558 750 mancipia
1587 683 1838 749 occupet.
2353 679 2440 732 20.
2475 677 2545 731 Ut
2587 672 2978 730 catechumeni
3005 689 3136 727 cum
3167 671 3416 727 ﬁdelibus
3443 672 3818 730 benedictionem

625 778 677 827 7.
721 773 793 826 De
820 771 1040 826 libertis
1066 771 1164 842 qui
1196 771 1255 825 in
1287 771 1522 826 ecclesia
1544 771 1924 827 commendati
1954 777 2087 826 sunt
2110 786 2180 826 ne
2279 787 2395 825 non
2422 769 2718 840 accipiant.

553 865 971 937 opprimantur.
2350 867 2440 919 21.
2479 864 2551 918 Ut
2578 863 2690 917 duo
2719 861 2973 934 episcopi
3002 859 3331 932 episcopum
3358 876 3464 914 non
3489 859 3686 916 faciant.

627 963 679 1013 8.
720 960 796 1012 De
823 958 911 1012 his
939 957 1037 1028 qui
1063 957 1330 1013 clericum
1361 959 1609 1014 alienum
1652 959 1920 1016 ordinare
1963 975 2178 1030 praesu-
2350 961 2439 1012 22.
2480 959 2551 1013 Ut
2577 955 2764 1011 clerici
2792 955 3104 1027 conjugati,
3129 953 3239 1008 nisi
3276 954 3651 1008 continentiam
3688 954 3822 1023 proli-

554 1055 742 1108 munt.
936 1029 952 1044 ’
2281 1054 2530 1118 teantur,
2564 1050 2786 1104 diaconi
2812 1066 2930 1104 non
2961 1049 3121 1102 ﬁant.

627 1149 679 1200 9.
720 1145 798 1198 De
827 1141 916 1197 his
941 1143 1040 1214 qui
1069 1143 1216 1200 cives
1244 1146 1456 1202 alienos
1485 1148 1895 1203 ordinaverint.
2351 1147 2441 1200 23.
2483 1145 2559 1197 De
2585 1142 2673 1197 his
2698 1143 2798 1214 qui
2835 1146 2965 1214 post
2995 1143 3290 1212 acceptum
3318 1140 3651 1196 diaconatum
3677 1138 3823 1196 incon-

630 1241 712 1292 10.
755 1239 832 1292 De
879 1236 1155 1307 episcopis
1197 1239 1293 1310 qui
1321 1240 1380 1294 in
1421 1241 1795 1312 possessione,
1825 1243 1882 1294 et
1910 1239 1970 1294 in
1999 1238 2183 1295 aliena
2283 1238 2532 1293 tinentes
2567 1236 2953 1292 inveniuntur.

554 1331 777 1387 dioecesi
807 1327 1092 1384 basilicam
1119 1337 1578 1390 construxerunt.
2350 1333 2438 1387 24.
2469 1332 2545 1384 De
2576 1330 2666 1385 his
2689 1331 2790 1402 qui
2834 1331 3171 1401 priusquam
3223 1327 3620 1396 ordinarentur,
3647 1326 3828 1382 inconti-

629 1428 713 1478 11.
754 1425 830 1478 De
875 1421 1150 1494 episcopis
1197 1425 1295 1496 qui
1343 1426 1900 1482 excommunicatum
1949 1426 2181 1483 alterius
2280 1427 2481 1481 nentes
2517 1424 2729 1478 inventi
2764 1429 2916 1478 sunt.

553 1515 885 1589 suscipiunt.
2351 1522 2440 1575 25.
2482 1520 2557 1573 De
2583 1518 2715 1572 viris
2739 1516 2992 1589 probatis
3017 1514 3063 1570 si
3092 1515 3362 1588 conjugia
3385 1511 3762 1586 duplicaverint.

629 1615 712 1667 12.
754 1613 832 1666 De
861 1612 948 1665 his
987 1613 1086 1684 qui
1129 1611 1316 1667 subito
1371 1612 1788 1682 obmutescunt,
1818 1614 1973 1686 quod
1999 1617 2056 1669 et
2079 1613 2178 1669 ba-
2352 1616 2441 1667 26.
2483 1613 2562 1667 De
2591 1609 2917 1666 diaconissis
2949 1626 3063 1664 non
3091 1608 3438 1664 ordinandis.

552 1705 826 1776 ptismum
856 1709 912 1758 et
939 1705 1333 1776 paenitentiam
1363 1705 1614 1777 accipere
1638 1709 1891 1778 possunt.
2349 1710 2440 1762 27.
2482 1707 2560 1760 De
2592 1704 2819 1760 feminis
2844 1721 2973 1775 quae
3001 1703 3339 1759 viduitatem
3364 1701 3616 1774 professae
3640 1704 3750 1755 sunt
3769 1715 3832 1754 co-

629 1802 711 1854 13.
753 1800 830 1853 De
863 1799 950 1852 his
980 1799 1079 1870 qui
1105 1803 1297 1854 mente
1330 1799 1634 1870 desipiunt.
2199 1781 2257 1853 Β
2281 1818 2408 1856 ram
2446 1801 2732 1871 episc0po.

625 1894 710 1948 14.
751 1894 828 1947 De
859 1891 1264 1964 energumenis
1293 1892 1609 1963 baptizatis.
2349 1898 2438 1950 28.
2479 1895 2558 1949 De
2583 1891 2670 1947 his
2699 1887 2800 1966 qui
2824 1889 3062 1965 professi
3093 1896 3228 1948 sunt
3255 1890 3580 1957 castitatem,
3607 1888 3649 1943 si
3668 1901 3830 1959 praeva-

625 1987 709 2039 15.
750 1987 823 2040 Ut
851 1985 1257 2055 energumenis
1283 1988 1340 2040 et
1360 1985 1785 2041 catechumenis
1809 1986 1878 2043 de
1898 1985 2180 2060 baptismo
2279 1984 2444 2044 ricati
2467 1987 2698 2044 fuerint.

551 2080 899 2134 consulatur.
2351 2085 2440 2138 29.
2481 2083 2554 2137 Ut
2579 2081 2769 2137 nullus
2800 2081 3100 2154 episcopus
3118 2080 3191 2136 de
3215 2079 3450 2136 concilio
3475 2077 3588 2134 sine
3612 2087 3831 2130 consensu

627 2174 712 2226 16.
752 2172 826 2225 Ut
843 2173 1215 2242 energumeni
1239 2173 1311 2227 ad
1329 2173 1545 2229 clerum
1565 2188 1684 2230 non
1709 2178 2185 2248 promoveantur.
2281 2175 2550 2244 discedat,
2577 2179 2676 2230 aut
2698 2175 2772 2230 ad
2797 2175 3105 2231 concilium
3131 2175 3214 2230 ire
3238 2176 3481 2230 recuset.

1272 2469 1688 2574 INCIPIT
1757 2473 2374 2575 CONCILIUM
2443 2475 3188 2574 AURAICENSE.

641 2646 948 2738 Tempore
987 2653 1327 2718 Theodosii
1351 2657 1648 2738 juniorz’s
1683 2665 1746 2720 et
1776 2657 1944 2740 Cyri
1971 2659 2309 2723 consulum
2336 2679 2402 2723 v1
2438 2659 2598 2723 Idus
2625 2659 2921 2722 novemb.
2955 2659 3023 2720 in
3052 2657 3316 2720 ecclesia
3342 2644 3778 2716 Justim’anensi.

623 2838 750 2893 CAP.
782 2839 823 2891 Ι.
851 2837 1044 2890 Nullus
1076 2835 1473 2892 ministrorum
1501 2838 1601 2908 qui
1627 2838 1950 2910 baptizandi
1980 2840 2252 2928 recipitC
2277 2840 2637 2912 obsequium,
2673 2839 2762 2894 vel
2794 2840 2866 2895 ad
2899 2838 3252 2894 coloniarum
3298 2835 3667 2893 conditionem
3698 2823 3839 2896 impri-

551 2930 802 2986 ofﬁcium
827 2929 946 2984 sine
961 2930 1263 2985 chrismate
1286 2947 1528 3001 usquam
1549 2931 1719 2986 debet
1732 2933 2020 3004 progredi,
2044 2934 2178 3005 quia
2216 2924 2252 2928 vi
2277 2950 2437 2989 mere
2461 2933 2784 3002 tentaverit,
2813 2932 3303 2988 animadversione
3347 2924 3696 2984 ecclesiastica
3719 2931 3834 2973 coer-

553 3025 702 3080 inter
733 3041 837 3078 nos
861 3024 1072 3094 placuit
1097 3024 1271 3078 semel
1297 3025 1356 3078 in
1384 3024 1728 3096 baptismate
1757 3026 2076 3095 chrismari,
2109 3028 2178 3082 de
2279 3027 2517 3082 cebitur.

549 3135 616 3173 eo
646 3121 838 3172 autem
867 3118 966 3188 qui
991 3117 1338 3188 baptismate
1371 3135 1708 3190 quacunque
1737 3119 2065 3175 necessitate
2090 3121 2172 3176 fa-
2351 3123 2484 3176 VIll.
2531 3122 2584 3177 Si
2628 3121 2755 3193 quis
2805 3120 2940 3174 alibi
2987 3118 3398 3173 consistentem
3447 3113 3694 3170 clericum
3733 3101 3838 3159 ordi-

547 3212 733 3266 eiente
761 3228 879 3265 non
910 3211 1248 3266 chrismatus
1290 3212 1481 3279 fuerit,
1514 3213 1570 3266 in
1621 3212 2056 3269 conﬁrmatione
2083 3232 2174 3269 sa-
2279 3215 2534 3270 nandum
2570 3214 2869 3286 putaverit,
2896 3214 3052 3284 prius
3089 3211 3326 3267 deﬁniat
3371 3215 3434 3265 ut
3475 3224 3597 3263 cum
3638 3204 3739 3274 ipso
3773 3198 3840 3249 11³·

548 3305 745 3360 cerdos
789 3304 1264 3359 commonebitur.
1322 3307 1462 3360 Nam
1515 3305 1666 3362 inter
1707 3324 1810 3362 nos
1854 3307 2176 3363 chrismatis
2278 3309 2438 3376 bitet,
2493 3324 2594 3363 nec
2649 3324 2779 3362 eum
2841 3307 2964 3360 sine
3020 3305 3439 3360 consultatione
3490 3301 3605 3371 ejus
3652 3287 3838 3366 episcopi

546 3399 722 3470 ipsius
750 3415 867 3453 non
893 3398 1000 3452 nisi
1031 3415 1146 3452 una
1174 3399 1495 3454 benedictio
1523 3403 1627 3467 est,
1661 3405 1722 3455 ut
1750 3417 1864 3455 non
1901 3401 2174 3472 prmjudi-
2279 3419 2412 3457 cum
2458 3418 2572 3473 quo
2614 3405 2744 3456 ante
2787 3399 3059 3455 habitavit
3099 3398 3372 3454 ordinare
3420 3393 3720 3468 praesumat,
3747 3382 3840 3455 quia

547 3507 677 3548 cans
703 3492 1015 3562 quidquam
1043 3491 1189 3562 dico,
1217 3491 1318 3546 sed
1352 3496 1413 3548 ut
1440 3493 1757 3548 necessaria
1785 3494 2063 3550 habeatur
2091 3511 2177 3550 reo
2279 3512 2394 3551 non
2419 3495 2541 3550 sine
2570 3510 2736 3549 causa
2761 3493 2860 3549 diu
2887 3493 2958 3547 ab
2984 3492 3094 3546 alio
3123 3509 3237 3546 non
3281 3490 3572 3546 ordinatus
3611 3475 3839 3538 remansit-

549 3585 892 3640 Chrismatio-
2351 3591 2434 3645 IX.
2483 3588 2538 3644 Si
2587 3587 2684 3659 qui
2732 3592 2926 3642 autem
2989 3585 3206 3640 alienos
3258 3585 3412 3640 cives
3461 3585 3557 3636 aut
3601 3574 3717 3632 alibi
3753 3584 3844 3625 con-

621 3681 684 3735 11.
715 3678 1018 3734 Ηωνθιίεοδ
1059 3678 1118 3734 in
1147 3679 1348 3735 mortis
1373 3678 1701 3737 discrimine
1738 3681 1974 3755 positos,
2001 3682 2048 3738 si
2080 3700 2174 3739 ca-
2279 3683 2544 3738 sistentes
2574 3679 2982 3746 ordinaverint,
3004 3696 3078 3734 ne
3095 3677 3409 3733 inordinati
3432 3675 3492 3730 in
3511 3673 3621 3728 ullo
3644 3676 3844 3723 accusen-

547 3773 742 3829 tholici
797 3789 916 3830 esse
980 3772 1327 3844 desiderent,
1383 3775 1432 3828 si
1481 3774 1628 3830 desit
1677 3776 1993 3849 episcOpus,
2043 3793 2174 3849 pres
2279 3779 2394 3846 tur,
2427 3779 2526 3829 aut
2553 3774 2622 3829 ad
2651 3773 2722 3841 fse
2770 3791 2866 3828 eos
2899 3776 3187 3842 revocent,
3215 3774 3319 3826 aut
3366 3770 3473 3841 ipsi
3508 3767 3584 3823 eis
3625 3759 3844 3832 imperem

547 3866 784 3939 sbyteris
817 3883 948 3923 cum
972 3867 1274 3923 chrismate
1306 3872 1362 3922 et
1396 3868 1796 3926 benedictione
1837 3863 2176 3941 consignare
2281 3886 2411 3925 cum
2438 3868 2643 3940 quibus
2671 3868 2950 3923 habitent.

546 3961 751 4032 placet.
2009 3940 2022 3941 γ
2351 3966 2416 4019 Χ.
2444 3963 2501 4019 Si
2531 3963 2659 4033 quis
2702 3963 3100 4033 episcoporum
3127 3960 3188 4015 in
3233 3959 3443 4015 aliena:
3486 3951 3706 4013 civitatis
3729 3940 3846 4040 ῑειτίς

622 4057 705 4111 IlI.
737 4054 842 4119 Qui
867 4053 1141 4110 recedunt
1174 4054 1244 4109 de
1267 4069 1504 4126 corpore
1549 4056 1886 4126 pmnitentia
1927 4061 2176 4128 accepta,
2279 4057 2425 4112 torio
2455 4056 2748 4112 ecclesiam
2778 4054 3062 4110 aediﬁcare
3093 4053 3369 4126 disponit,
3398 4053 3486 4108 vel
3512 4066 3609 4123 pro
3629 4041 3765 4102 fundi
3785 4049 3844 4090 εω

546 4142 759 4216 placuit
801 4144 923 4198 sine
962 4144 1410 4198 reconciliatoria
1455 4161 1657 4199 manus
1699 4143 2068 4217 impositione
2097 4145 2180 4199 eis
2283 4151 2534 4222 negotio,
2563 4153 2662 4204 aut
2706 4148 3078 4204 ecclesiastica
3118 4147 3365 4203 utilitate
3394 4147 3484 4201 vel
3525 4160 3622 4217 pro
3659 4144 3846 4222 quaeuti:

549 4237 998 4306 communicare,
1031 4237 1185 4308 quod
1227 4237 1520 4292 morientis
1566 4239 1773 4293 sufﬁcit
1799 4223 2259 4298 consolationiD
2281 4261 2391 4317 que
2419 4260 2518 4298 sua
2544 4242 2970 4315 opportunitate
3014 4240 3290 4313 permissa
3331 4239 3555 4296 licentia
3590 4219 3844 4317 aediﬁcandi

550 4330 867 4386 sechndum
889 4330 1249 4386 deﬁnitiones
1275 4331 1528 4401 Patrum,
1553 4333 1651 4404 qui
1677 4333 2013 4404 hujusmodi
2032 4349 2181 4388 com-
2283 4313 2434 4410 (quia
2458 4313 2762 4409 prohibere
2791 4337 2898 4392 hoc
2923 4335 3086 4391 nefas
3117 4335 3244 4406 est),
3277 4351 3401 4389 non
3430 4327 3722 4406 praesumat
3739 4313 3846 4374 ded?

548 4425 882 4482 munionem
939 4430 1323 4496 congruenter
1374 4425 1641 4480 viaticum
1708 4427 2176 4497 nominaverunt;
2284 4432 2590 4498 cationem,
2623 4446 2751 4501 qua:
2786 4429 2869 4484 illi
2914 4428 3238 4483 omnimode
3283 4429 3605 4482 reservatur
3645 4420 3697 4474 in
3731 4410 3846 4479 cui“s

548 4520 700 4593 quod
729 4520 777 4575 si
802 4517 1237 4591 supervixeriut,
1267 4521 1417 4574 stent
1439 4517 1500 4573 in
1529 4520 1726 4574 ordine
1753 4520 2177 4591 poenitentium,
2282 4525 2572 4581 territorio
2625 4523 2860 4578 ecclesia
2905 4522 3170 4594 assurgit,
3199 4524 3492 4576 reservata
3516 4532 3642 4572 vero
3665 4506 3846 4566 aediﬁci?

547 4617 614 4669 ut
641 4613 879 4669 ostensis
911 4611 1237 4668 necessariis
1282 4611 1627 4683 poenitentia:
1672 4612 1945 4667 fructibus
1989 4612 2181 4684 legiti-
2287 4618 2399 4673 tori
2419 4617 2685 4688 episcopo
2707 4617 2814 4672 hac
2836 4616 3036 4688 gratia,
3058 4593 3123 4670 ut
3143 4632 3286 4686 quos
3303 4613 3591 4670 desiderat
3607 4593 3849 4663 clericosin

548 4723 704 4762 mam
735 4706 1200 4762 communionem
1215 4689 1348 4761 cum
1364 4705 1816 4761 reconciliatoria
1841 4721 2048 4760 manus
2072 4706 2183 4761 im-
2287 4727 2349 4766 re
2386 4726 2488 4764 sua
2517 4710 2734 4779 videre,
2769 4711 2918 4781 ipsos
2963 4709 3206 4778 ordinet,
3240 4709 3331 4763 his
3375 4704 3612 4762 civitatis
3649 4701 3699 4754 in
3735 4689 3850 4759 cuius

550 4801 832 4872 positione
856 4800 1150 4871 recipiant.
2286 4803 2639 4859 territorium
2670 4807 2774 4873 est,
2807 4803 2895 4858 vel
2921 4803 2967 4856 si
2994 4801 3235 4858 ordinati
3263 4802 3389 4872 jam
3415 4802 3550 4855 sunt
3574 4793 3669 4868 ipsi
3694 4784 3851 4873 habet?

622 4896 707 4950 ιν.
735 4893 1132 4950 Paenitentiam
1176 4892 1625 4949 desiderantibus
1667 4893 1883 4949 clericis
1928 4911 2046 4950 non
2080 4911 2180 4950 ne-
2286 4897 2624 4969 acquiescat.
2657 4899 2724 4952 Et
2759 4897 2946 4952 omnis
2974 4895 3226 4952 ecclesia:
3265 4895 3447 4967 ipsius
3487 4881 3780 4964 gubernatio

552 4990 825 5062 gandam.
2289 5008 2422 5046 eum
2447 4991 2526 5063 (in
2555 4990 2713 5062 cujus
2740 4991 2979 5045 civitatis
3006 4989 3289 5044 territorio
3323 4986 3556 5045 ecclesia
3587 4969 3850 5038 surrexeri‘l

625 5087 686 5139 V.
719 5085 824 5140 Eos
848 5081 946 5154 qui
973 5081 1042 5135 ad
1071 5079 1364 5135 ecclesiam
1407 5081 1665 5153 fugerint
1694 5081 1839 5136 tradi
1866 5097 1980 5136 non
2011 5099 2180 5153 opor-
2286 5085 2626 5156 pertinebit;
2675 5084 2826 5156 quod
2875 5085 2923 5138 si
2968 5083 3137 5138 etiam
3181 5082 3542 5138 saecularium
3591 5073 3852 5148 quicllmluc

551 5181 693 5248 tere,
723 5177 820 5234 sed
845 5175 954 5231 loci
985 5174 1162 5229 sancti
1192 5175 1510 5229 reverentia
1554 5179 1612 5229 et
1654 5174 2060 5231 intercessione
2091 5176 2186 5232 de-
2288 5177 2648 5234 zediﬁcaverit
2686 5177 2981 5233 ecclesiam
3024 5184 3082 5233 et
3123 5178 3296 5232 alium
3337 5174 3524 5247 magis
3565 5181 3722 5243 quam
3757 5166 3852 5255 cui“

549 5273 722 5332 fendi.
2289 5271 2346 5326 in
2375 5273 2534 5344 cujus
2573 5271 2859 5327 territorio
2909 5271 3152 5327 aediﬁcat
3199 5269 3557 5326 invitandum
3607 5252 3851 5335 putaverit.

625 5371 712 5424 Vl.
742 5367 797 5424 Si
837 5364 966 5438 quis
1002 5366 1194 5418 autem
1238 5361 1524 5432 mancipia
1569 5361 1900 5416 clericorum
1936 5379 2040 5434 pro
2066 5363 2184 5418 suis
2288 5368 2404 5420 tam
2442 5366 2559 5437 ipse
2584 5365 2671 5419 cui
2700 5369 2896 5420 contra
2940 5365 3406 5420 constitutionem
3456 5377 3520 5416 ac
3559 5348 3853 5424 disciplinam

551 5461 853 5534 mancipiis
875 5461 946 5516 ad
965 5457 1257 5515 ecclesiam
1285 5454 1744 5526 confugientibus
1764 5455 2074 5512 crediderit
2095 5473 2183 5512 oc-
2289 5459 2590 5530 gratiﬁcari
2632 5460 2770 5528 vult,
2805 5476 2975 5530 quam
3030 5476 3230 5514 omnes
3275 5454 3525 5529 episcOpi
3565 5450 3654 5522 qui
3693 5439 3851 5534 ad_h_ll'

551 5557 836 5631 cupanda,
866 5571 970 5627 per
995 5567 1191 5608 omnes
1215 5548 1477 5605 ecclesias
1503 5549 1921 5604 districtissima
1948 5550 2184 5606 damna-
2279 5553 2530 5623 jusmodi
2563 5553 2979 5608 dedicationem
3022 5553 3334 5608 invitantur
3365 5568 3401 5605 a
3431 5545 3698 5605 conventu
3725 5530 3852 5631 abst.

549 5654 703 5708 tione
732 5651 990 5706 feriatur.
2285 5645 2534 5716 nebunt;
2565 5647 2612 5701 si
2638 5647 2762 5719 quis
2811 5647 3133 5717 excesserit,
3164 5647 3222 5701 in
3266 5650 3492 5701 reatum
3531 5627 3853 5696 devocabituri

623 5747 731 5799 νη.
760 5747 820 5798 In
865 5741 1100 5797 ecclesia
1125 5737 1504 5794 manumissos
1547 5742 1604 5793 et
1633 5752 1735 5809 per
1775 5741 2180 5794 testamentum
2287 5738 2332 5793 si
2359 5739 2486 5810 quis
2512 5740 2831 5812 excesserit,
2861 5741 3122 5796 ordinem
3151 5741 3518 5811 recognoscat
3553 5723 3852 5812 canonicunl-

552 5826 810 5891 Ecclesiae
853 5834 1296 5899 commendatos,
1337 5831 1381 5886 si
1430 5831 1556 5902 quis
1601 5831 1659 5886 in
1709 5832 2062 5900 servitutem,
2094 5832 2180 5887 vel
2357 5833 2440 5888 XI.
2469 5834 2684 5889 Placuit
2717 5835 2775 5890 in
2800 5838 3025 5890 reatum
3053 5835 3246 5890 venire
3287 5833 3641 5904 episcopum,
3670 5816 3753 5892 qui
3779 5807 3851 5864 ad‘
