3964 6178
162 319 241 372 393
1311 309 1780 364 DECRETALIUM

1819 309 2208 364 COLLECTIO.
3341 321 3406 373 39
3423 319 3443 373 ἱ

161 420 358 475 monitus
373 414 935 470 excommunicatione
960 415 1232 488 cujusque
1252 415 1370 471 sine
1389 416 1713 472 rcconcilia-
1733 427 1792 500 Α
1811 431 1937 487 quae
1957 416 2078 488 jam
2104 419 2256 486 sunt,
2284 418 2668 475 benedictioni
2697 437 2822 492 quin
2850 422 3060 494 populo
3088 422 3444 496 impenditur

158 515 274 568 tione
294 510 397 581 ejus
419 509 506 580 qui
528 525 654 563 eum
676 508 1180 564 excommunicavit
1205 510 1257 563 ei
1285 511 1710 566 communicare

154 602 532 678 presumpserit,
557 604 620 656 ut
645 602 866 673 integra
895 603 1091 656 omnia
1119 602 1183 672 (si
1211 604 1593 658 reconciliatio
1621 604 1708 658 in-

154 696 432 766 tercesserit)
459 696 523 750 de
552 695 826 766 injustitia
853 697 938 750 vel
972 696 1268 767 iniquitate
1316 698 1706 754 excommuni-

151 791 340 848 cationis
362 789 620 860 proxima:
648 789 865 859 synodo
891 795 1269 845 reserventur.

198 885 286 940 XII.
309 882 490 938 Subito
517 882 908 937 obmutescens
951 887 1120 954 prout
1165 888 1441 940 statutum
1480 889 1566 940 est
1602 886 1705 940 ba-

146 977 316 1050 ptizari,
340 979 427 1030 aut
455 975 845 1046 paanitentiam
871 977 1126 1048 accipere
1172 982 1378 1049 potest,
1418 979 1466 1032 si
1499 979 1705 1034 volun-

145 1071 242 1126 tatis
264 1069 536 1140 praateritse
561 1068 956 1124 testimonium
998 1069 1241 1126 aliorum
1285 1071 1470 1128 verbis
1513 1072 1703 1143 habet,

146 1170 220 1219 aut
238 1162 503 1235 praesentis
525 1162 584 1216 in
606 1178 708 1217 suo
739 1166 903 1218 nutu.

195 1257 301 1314 XIII.
326 1255 644 1313 Amentibus
685 1273 1038 1330 quaecunque
1081 1261 1211 1314 sunt
1248 1258 1474 1331 pietatis
1509 1259 1700 1315 confe-

141 1351 289 1406 renda.

192 1445 292 1500 XIV.
314 1443 708 1515 Energumenis
736 1443 1030 1516 baptizatis
1058 1443 1104 1499 si
1133 1445 1202 1500 de
1236 1446 1570 1518 purgatione
1599 1464 1702 1502 sua

140 1543 303 1607 curent,
324 1541 376 1592 et
396 1554 451 1592 se
479 1537 846 1595 sollicitudini
876 1539 1210 1594 clericorum
1235 1537 1483 1608 tradant,
1511 1540 1700 1597 moni-

139 1632 280 1704 tisque
326 1631 736 1704 obtemperent,
779 1632 1106 1688 omnimode
1145 1634 1574 1690 communicent
1611 1651 1697 1689 sa-

137 1725 354 1780 cramenti
369 1724 541 1796 ipsius
559 1725 770 1780 virtute
789 1723 880 1780 vel
898 1726 1198 1782 muniendi
1228 1725 1297 1780 ab
1324 1727 1557 1782 incursu
1581 1728 1695 1782 dse-

1812 510 1998 580 capita
2029 510 2385 567 submittant.

1883 604 2076 658 XXVII.
2119 605 2188 659 Ut
2216 605 2504 661 viduitatis
2541 607 2830 662 servandae
2860 609 3210 679 professione
3244 627 3440 670 coram

1810 697 2070 769 episcopo
2103 698 2162 752 in
2192 699 2498 755 secretario
2529 700 2720 756 habita
2753 701 3079 775 impositam
3126 721 3159 757 a
3203 705 3438 777 presby-

1808 795 1932 845 tero
1958 794 2173 847 vestem
2204 792 2490 847 vidualem
2517 810 2633 848 non
2653 811 2771 849 esse
2789 794 3132 851 violandam.
3155 797 3285 868 Ejus
3304 815 3438 854 vero

1808 884 2252 955 repudiatorem,
2281 887 2370 942 vel
2401 886 2584 958 ipsam
2609 889 2737 942 talis
2764 889 3131 960 professionis
3167 891 3432 951 desertri-

1808 995 1932 1032 cem
1963 980 2172 1034 merito
2204 996 2325 1035 esse
2353 980 2756 1036 damnandam.

1877 1073 2094 1127 XXVIII.
2144 1073 2211 1127 Hi
2262 1089 2398 1128 vero
2459 1075 2557 1147 qui
2609 1077 2742 1130 sunt
2797 1075 3113 1131 desertores
3164 1077 3433 1149 professa

1805 1165 2077 1220 castitatis
2103 1167 2559 1238 praevaricatores
2608 1168 2876 1236 habendi,
2923 1173 2981 1224 et
3027 1170 3291 1229 omnibus
3331 1188 3434 1246 per

1804 1259 2200 1332 paenitentiam
2227 1260 2548 1331 legitimam
2567 1262 3006 1319 consulendum.

1874 1353 2044 1410 XXIX.
2075 1355 2199 1410 Haec
2225 1371 2355 1426 quae
2400 1355 2835 1427 subscripsimus
2882 1373 3012 1412 cum
3053 1373 3254 1414 eorum
3286 1375 3431 1432 quo.

1803 1463 1916 1518 que
1947 1446 2253 1502 concordia
2275 1447 2372 1520 qui
2398 1465 2701 1504 consensus
2721 1448 3002 1506 dederunt
3020 1453 3146 1506 rata
3165 1451 3433 1524 deinceps

1799 1539 1954 1595 inter
1995 1556 2097 1594 nos
2139 1556 2205 1594 ac
2252 1546 2473 1596 nostros
2519 1541 2718 1597 haberi
2767 1543 3048 1613 volumus,
3081 1546 3137 1598 et
3168 1543 3433 1602 habenda

1800 1633 2103 1702 sancimus,
2152 1651 2270 1689 non
2313 1638 2722 1706 praetereuntes
2771 1652 2867 1690 eos
2915 1637 3015 1708 qui
3072 1637 3285 1708 synodo
3334 1642 3434 1696 aut

1798 1742 1902 1798 per
1929 1743 2007 1793 se,
2040 1731 2138 1782 aut
2165 1744 2270 1798 per
2298 1744 2608 1783 consensus
2652 1745 2800 1797 suos,
2832 1730 2922 1784 vel
2967 1730 3037 1784 ad
3081 1731 3260 1786 vicem
3295 1728 3430 1788 sub-

136 1833 322 1872 monum
343 1835 447 1890 quo
470 1818 834 1890 infestantur,
860 1821 946 1875 vel
977 1820 1283 1893 purgandi,
1307 1837 1553 1893 quorum
1575 1822 1695 1894 jam
1717 1799 1774 1871 B
1799 1821 2017 1891 legatos
2083 1819 2420 1876 destinando
2491 1821 2689 1876 adesse
2749 1822 3098 1891 detractant,
3169 1829 3234 1879 ut
3291 1825 3428 1897 quid

134 1912 384 1968 ostenditur
408 1913 520 1968 vita
546 1914 861 1986 purgatior.

185 2005 262 2058 IN.
291 2009 344 2060 In
371 2010 651 2078 quantum
694 2009 782 2063 vel
821 2009 1130 2064 necessitas
1167 2009 1438 2080 exegerit,
1471 2009 1562 2064 vel
1590 2026 1692 2082 op-

131 2099 386 2168 portunitas
410 2101 768 2172 praemiserit,
793 2103 863 2157 de
891 2102 1232 2174 baptismate
1254 2103 1690 2160 consulendum.

181 2192 282 2246 XVI.
305 2195 682 2265 Energumeni
709 2211 824 2251 non
850 2195 1033 2251 solum
1062 2212 1180 2250 non
1210 2196 1539 2251 assumendi
1565 2201 1696 2252 sunt

127 2284 180 2339 ad
200 2286 348 2343 ullum
370 2289 631 2344 ordinem
658 2289 974 2360 clericatus,
1025 2290 1120 2344 sed
1170 2295 1226 2345 et
1268 2290 1348 2344 illi
1394 2291 1493 2362 qui
1535 2290 1692 2346 ordi-

130 2380 214 2433 nati
236 2387 348 2436 sunt
375 2383 441 2437 ab
470 2383 746 2455 imposito
775 2383 961 2438 ofﬁcio
990 2389 1123 2438 sunt
1151 2384 1479 2456 repellendi.

176 2473 296 2529 XVII.
319 2477 727 2534 Admistionem
756 2477 1120 2534 Eucharistiaa
1155 2478 1324 2532 simul
1355 2494 1689 2534 consecran-

125 2564 224 2620 dam
246 2570 571 2626 censuimus.

179 2665 317 2721 XVIII.
343 2666 559 2722 Placuit
590 2664 1014 2722 catechumenis
1038 2682 1154 2721 non
1179 2665 1296 2738 legi
1324 2665 1690 2738 Evangelium

122 2761 163 2815 in
185 2761 411 2817 Ecclesia.

166 2855 269 2910 XIX.
295 2852 697 2911 Catechumeni
719 2869 1132 2925 nonnunquam
1163 2852 1506 2908 admittendi
1537 2859 1687 2921 sunt,

119 2947 247 3002 etiam
270 2949 406 3003 inter
434 2946 776 3003 domesticas
806 2945 1114 3002 orationes.

165 3043 246 3096 XX.
270 3042 612 3114 Segregandi
636 3040 1094 3112 informandique
1115 3043 1247 3095 sunt
1272 3025 1686 3109 catechumeni,

115 3135 217 3188 utsi
240 3141 484 3191 revocent
516 3140 577 3190 et
609 3132 915 3206 signandos
942 3135 1026 3189 vel
1050 3131 1472 3190 benedicendos
1501 3150 1686 3190 semo-
1708 3169 1764 3244 Ο

113 3227 187 3281 tim
207 3229 423 3286 offerant
448 3247 544 3286 eos
577 3227 796 3284 fideles.

161 3321 262 3378 XXI.
287 3325 398 3379 Duo
423 3325 470 3378 si
489 3323 974 3396 praesumpserint
992 3321 1256 3377 ordinare
1277 3321 1609 3396 episcopum
1627 3323 1686 3378 in

109 3416 258 3470 vestris
272 3418 594 3488 provinciis,
622 3416 839 3488 placuit
855 3417 926 3472 de
945 3416 1476 3488 prmsumptoribus,
1500 3419 1564 3471 ut
1577 3417 1684 3471 sic-

109 3505 179 3561 ubi
208 3511 485 3583 contigerit
532 3511 681 3566 duos
726 3509 1021 3582 episcopos
1068 3509 1311 3565 invitum
1358 3509 1687 3583 episc0pum

105 3600 246 3658 facere
269 3606 590 3660 auctoribus
631 3604 934 3672 damnatis,
975 3603 1145 3659 unius
1188 3603 1450 3658 Ecclesia:
1488 3621 1686 3660 eorum

107 3692 194 3764 ipse
216 3697 300 3768 qui
325 3714 520 3770 passus
555 3700 665 3765 est,
699 3697 1094 3765 substituatur,
1137 3695 1183 3751 si
1221 3699 1416 3752 tamen
1448 3696 1561 3752 vita
1589 3714 1682 3753 re-

103 3789 305 3858 spondet,
342 3797 396 3848 et
425 3793 576 3848 alter
609 3790 668 3846 in
697 3790 930 3846 alterius
975 3788 1182 3862 dejecti
1229 3789 1354 3846 loco
1389 3789 1682 3846 nihilomi—

104 3893 180 3934 nus
202 3884 505 3957 ordinatur;
543 3886 596 3941 si
624 3883 1010 3940 voluntarium
1049 3884 1163 3939 duo
1193 3883 1449 3952 fecerint,
1479 3887 1535 3940 et
1561 3884 1684 3957 ipse

101 3972 426 4050 damnabitur,
453 3997 575 4053 quo
616 3977 833 4034 cautius
859 3994 925 4032 ea
951 3994 1080 4051 quae
1108 3982 1241 4034 sunt
1263 3977 1577 4050 antiquitus
1601 3979 1684 4034 in-

102 4067 248 4124 stituta
280 4077 595 4129 serventur.

147 4161 270 4221 XXII.
297 4166 444 4222 Sedit
469 4168 758 4240 praeterea
802 4168 865 4221 ut
907 4165 1173 4237 deinceps
1204 4181 1322 4221 non
1345 4166 1683 4221 ordinentur

100 4251 308 4314 diacones
335 4261 658 4334 conjugati,
681 4259 788 4315 nisi
820 4259 918 4333 qui
946 4260 1105 4332 prius
1134 4259 1518 4316 conversionis
1545 4276 1677 4331 pro-

97 4350 233 4414 posito
254 4357 485 4412 confessi
516 4354 738 4411 fuerint
767 4353 1107 4409 castitatem.

145 4442 287 4502 XXIII.
316 4449 372 4505 Si
417 4449 548 4522 quis
598 4450 792 4503 autem
833 4450 962 4520 post
1008 4450 1299 4520 acceptam
1328 4445 1680 4503 benedictio-

93 4539 484 4597 nemleviticam
515 4558 656 4598 cum
702 4557 874 4598 uxore
925 4557 1027 4595 sua
1067 4540 1428 4597 incontinens
1455 4541 1673 4597 inveni-
1696 4543 1755 4615 Ι)

94 4628 176 4695 tur,
201 4632 260 4686 ab
282 4635 464 4692 officio
490 4635 814 4706 abjiciatur.

144 4723 287 4781 XXIV.
315 4731 389 4784 De
419 4730 512 4784 his
542 4731 742 4784 autem
770 4728 867 4800 qui
894 4728 1226 4801 priusquam
1267 4729 1515 4784 ordinati
1561 4729 1680 4783 fue-

97 4812 179 4868 rint
200 4817 249 4872 in
274 4821 372 4879 hoc
403 4823 604 4895 ipsum
632 4821 954 4890 inciderint,
997 4821 1314 4876 Taurinatis
1360 4822 1561 4893 synodi
1599 4837 1680 4877 se-

95 4912 325 4974 quendam
345 4932 466 4973 esse
491 4915 838 4972 sententiam
873 4932 984 4988 qua
995 4915 1274 4987 jubentur
1297 4931 1414 4969 non
1441 4915 1678 4970 ulterius

98 5010 383 5065 promoveri.

142 5096 262 5153 XW.
289 5103 363 5158 De
387 5103 622 5159 idoneis
648 5107 839 5158 autem
871 5101 1234 5174 probatisque
1279 5102 1434 5170 viris,
1477 5105 1533 5156 et
1561 5102 1675 5156 cle-

97 5185 247 5247 ricatui
281 5196 523 5269 alligatis
568 5197 694 5268 ipsa
723 5197 851 5250 vita:
883 5196 1068 5267 gratia
1106 5196 1185 5251 ita
1232 5195 1398 5268 gerit,
1444 5195 1490 5250 si
1529 5196 1677 5251 forte

95 5277 346 5344 inciderint
385 5291 447 5345 in
497 5290 788 5361 duplicata
829 5289 1216 5357 matrimonia,
1257 5295 1321 5344 ut
1363 5307 1480 5345 non
1528 5289 1678 5344 ultra

97 5373 515 5440 subdiaconatum
544 5382 633 5439 vel
661 5383 1064 5439 ecclesiasticas
1090 5383 1318 5455 capiant
1347 5383 1674 5455 dignitates.

145 5469 653 5533 XXVI.Diaconissae
698 5477 1032 5533 omnimode
1074 5494 1193 5532 non
1237 5477 1593 5544 ordinandas,
1630 5474 1678 5530 si

1798 1913 1900 1967 sibi
1930 1913 1998 1967 de
2027 1913 2135 1967 illis
2163 1915 2378 1985 placeat
2424 1915 2522 1986 qui
2562 1916 2796 1969 Patrum
2838 1918 3049 1970 statuta
3085 1916 3424 1988 despiciunt,

1794 2006 2130 2075 innotescat,
2187 2023 2301 2061 non
2356 2007 2505 2079 quod
2556 2007 2721 2062 nobis
2776 2012 3099 2080 temporum
3152 2010 3424 2081 qualitate

1795 2098 2023 2154 difﬁcile
2069 2100 2141 2154 sit
2183 2101 2252 2155 ad
2302 2105 2558 2155 sanctam
2605 2101 2888 2172 synodum
2918 2102 3242 2172 convenire,
3285 2104 3427 2174 adji.

1795 2193 2006 2248 cientes
2055 2194 2208 2265 quod
2271 2193 2316 2247 si
2377 2193 2652 2248 similibus
2709 2193 2976 2266 deinceps
3029 2196 3267 2268 paganis
3317 2213 3422 2270 pro

1793 2287 2122 2344 salubritate
2179 2287 2550 2344 ecclesiastica
2611 2305 2676 2342 ac
2738 2288 3007 2343 remediis
3071 2306 3423 2362 congregare

1794 2384 2104 2435 conventus
2166 2381 2536 2449 voluerimus,
2607 2382 3038 2452 constituamus,
3103 2386 3170 2438 ut
3239 2385 3424 2442 nullus

1792 2480 2107 2530 conventus
2154 2475 2276 2530 sine
2327 2476 2561 2530 alterius
2623 2481 2934 2532 conventus
2997 2477 3420 2534 denuntiatione

1793 2569 2056 2623 solvatur.
2095 2571 2287 2640 Itaque
2331 2569 2590 2640 sequenti
2631 2586 2781 2624 anno
2810 2569 2856 2624 si
2883 2569 3126 2625 Domino
3160 2573 3272 2626 Deo
3314 2589 3418 2628 no-

1777 2665 1908 2717 stro
1961 2664 2090 2717 Jesu
2116 2663 2336 2720 Christo
2371 2662 2736 2733 permittente
2779 2663 3131 2732 conceditur,
3183 2664 3274 2721 die
3323 2664 3419 2722 de-

1790 2755 1936 2810 cimo
1971 2756 2172 2828 quinto
2211 2757 2490 2811 Kalendas
2528 2757 2859 2812 Novembris
2887 2757 2947 2811 in
2992 2758 3261 2813 Aurasico
3301 2765 3419 2814 ter-

1790 2849 1985 2906 ritorio
2028 2855 2373 2906 conventum
2404 2850 2742 2918 habeamus,
2784 2851 2885 2923 qui
2911 2851 3043 2906 ideo
3079 2854 3237 2907 tanto
3265 2853 3422 2924 prius

1790 2946 1922 2999 ante
1971 2945 2341 2999 denuntiatur
2363 2987 2377 3014 ,
2441 2947 2504 2998 ut
2571 2946 2688 2999 tam
2753 2944 3127 3001 excusationis
3190 2945 3421 3003 libertas

1790 3053 1964 3109 quam
2006 3038 2358 3093 invitationis
2401 3037 2706 3092 necessitas
2743 3055 2862 3093 non
2896 3039 2987 3093 sit.
3027 3040 3106 3094 De
3139 3039 3231 3095 die
3266 3041 3418 3096 enim

1788 3148 1854 3186 ac
1923 3131 2044 3186 loco
2105 3147 2212 3204 per
2262 3131 2413 3203 ipsos
2474 3149 2574 3186 nos
2619 3132 3131 3201 commonebimur,
3206 3133 3419 3206 singuli

1788 3229 1955 3286 nobis
1980 3247 2112 3285 cum
2141 3226 2567 3302 exemplaribus
2621 3233 2678 3286 et
2720 3247 2785 3286 ea
2830 3247 2959 3303 quae
3004 3247 3110 3303 per
3145 3247 3250 3287 nos
3285 3237 3420 3288 sunt

1787 3324 2096 3379 constituta
2137 3324 2449 3380 referentes
2488 3321 2708 3396 aliquos
2756 3323 2852 3396 qui
2900 3324 3227 3395 defuerunt,
3282 3325 3413 3382 bea-

1786 3417 1988 3472 tissimi
2046 3417 2249 3473 fratres
2301 3416 2501 3485 nostri,
2571 3417 2762 3472 Hilarii
2815 3415 3174 3473 sollicitudini
3237 3419 3411 3474 relino

1785 3527 2049 3582 quamus,
2079 3511 2222 3566 datis
2265 3511 2338 3565 ad
2388 3509 2541 3581 ipsos
2586 3510 3005 3582 exemplaribus
3034 3526 3408 3567 commonen-

1785 3604 1909 3659 dos.
1939 3603 1993 3659 Si
2019 3607 2145 3675 post
2171 3603 2370 3659 omnia
2395 3604 2702 3658 occurrerit
2725 3603 3078 3659 imbecillitas
3095 3603 3414 3676 fragilitatis

1783 3698 2068 3764 humanas,
2114 3701 2176 3751 ut
2223 3697 2269 3751 si
2328 3697 2458 3768 quis
2511 3697 2811 3768 episcopus
2861 3713 2967 3768 per
3018 3697 3410 3756 inﬁrmitatem

1785 3791 2206 3847 debilitatemve
2226 3788 2479 3862 aliquam
2507 3794 2604 3845 aut
2631 3789 3039 3846 hebetudinem
3060 3807 3257 3845 sensus
3277 3791 3412 3846 inci-

1783 3883 1949 3953 derit,
1963 3889 2062 3940 aut
2077 3883 2329 3941 ofﬁcium
2349 3883 2464 3938 oris
2482 3883 2758 3951 amiserit,
2787 3899 2854 3937 ea
2880 3899 3008 3954 quae
3033 3899 3153 3938 non
3175 3883 3283 3938 nisi
3308 3899 3411 3956 per

1781 3977 2077 4050 episcopos
2108 3980 2402 4050 geruntur,
2431 3993 2550 4032 non
2575 3972 2679 4031 sub
2717 3976 3022 4048 prasentia
3046 3992 3147 4032 sua
3169 3976 3407 4049 presby-

1779 4076 1934 4128 teros
1958 4088 2128 4144 agere
2157 4071 2474 4142 permittat,
2519 4070 2619 4125 sed
2666 4070 2994 4142 episcopum
3028 4069 3086 4125 in
3117 4069 3226 4125 hoc
3255 4071 3411 4142 quod

1779 4165 1840 4221 in
1865 4165 2098 4222 ecclesia
2123 4165 2411 4237 agendum
2457 4164 2650 4232 fuerit,
2694 4164 2972 4235 imponat.
3008 4165 3127 4236 Ego
3171 4164 3411 4219 Hilarius

1780 4259 2080 4331 episcopus
2124 4258 2445 4330 subscripsi.
2491 4260 2610 4329 Ego
2650 4257 2914 4313 Claudius
2955 4257 3249 4329 episcOpus
3275 4257 3408 4312 sub.

1781 4353 1996 4424 scripsi.
2031 4354 2150 4424 Ego
2177 4351 2578 4409 Constantinus
2608 4351 2907 4422 episcopus
2935 4351 3262 4423 subscripsi.
3292 4351 3409 4422 Ego

1777 4445 2097 4501 Audentius
2123 4445 2420 4517 episcopus
2450 4444 2775 4515 subscripsi.
2804 4445 2923 4515 Ego
2968 4444 3253 4514 Egrestius
3284 4444 3407 4516 epi-

1780 4557 1984 4612 scopus
2015 4539 2337 4611 subscripsi.
2360 4541 2479 4610 Ego
2520 4538 2778 4593 Julianus
2809 4537 3109 4609 episcopus
3159 4536 3406 4592 subscri-

1778 4634 1885 4706 psi.
1918 4635 2039 4704 Ego
2065 4632 2353 4704 Auspitius
2381 4632 2678 4704 episcopus
2709 4630 3032 4701 subscripsi.
3079 4631 3196 4701 Ego
3247 4629 3409 4686 Maxi-

1778 4743 1906 4782 mus
1935 4726 2231 4798 episcopus
2261 4724 2584 4796 subscripsi.
2636 4725 2754 4794 Ego
2792 4722 3146 4778 Theuderius
3187 4724 3404 4794 episco-

1776 4838 1883 4892 pus
1924 4818 2248 4890 subscripsi.
2298 4821 2415 4889 Ego
2460 4816 2768 4873 Eucherius
2808 4816 3102 4888 episcopus
3157 4817 3404 4872 subscri-

1777 4914 1882 4986 psi.
1916 4914 2257 4970 Sanctorum
2281 4911 2644 4967 sacerdotum
2670 4909 3229 4981 comprovincialium
3248 4927 3402 4967 meo-

1776 5024 1908 5063 rum
1967 5007 2064 5078 qui
2126 5005 2384 5077 superius
2449 5006 2580 5058 sunt
2645 5003 2951 5058 memorati
3009 5007 3404 5075 exspectantes

1774 5114 2067 5155 assensum
2135 5099 2422 5154 Nectarius
2489 5097 2813 5168 subscripsi.
2865 5098 3054 5152 Justus
3109 5098 3404 5170 episcopus

1773 5193 2094 5264 subscripsi.
2141 5191 2470 5264 Augustalis
2513 5192 2815 5263 episcopus
2863 5191 3185 5263 subscripsi.
3235 5193 3399 5262 Inge-

1773 5288 1904 5342 nius
1945 5287 2238 5359 episcopus
2269 5285 2595 5358 subscripsi.
2645 5285 2905 5341 Salonius
2942 5285 3238 5356 episcopus
3266 5283 3397 5337 sub-

1775 5381 1990 5453 scripsi.
2042 5382 2157 5452 Ego
2195 5383 2574 5452 superventor
2606 5395 2710 5451 pro
2756 5381 2920 5451 patre
2965 5394 3094 5433 meo
3136 5376 3398 5447 episcopo

1772 5473 2006 5530 Claudio
2035 5473 2339 5545 subscripsi
2368 5476 2426 5528 et
2450 5471 2774 5545 recognovi.

98 5562 3386 5592 Μ

886 5649 1287 5716 INCIPIUNT
1333 5649 1727 5714 CAPITULA

99 5841 112 5886 ἱ
151 5751 188 5804 I.
212 5752 273 5809 Ut
297 5757 566 5814 Gallicani
588 5759 841 5834 episcopi
886 5759 945 5815 in
999 5759 1188 5814 Galliis
1217 5775 1332 5815 non
1364 5757 1673 5814 discutian—

117 5855 178 5886 ur-

117 5855 179 5894 ur.

1772 5647 2103 5714 CONCILII
2147 5645 2554 5712 VALENSIS.

1848 5760 1900 5811 2.
1931 5757 2009 5810 De
2041 5756 2450 5828 paenitentibus
2481 5753 2668 5810 subito
2703 5750 2942 5808 mortuis
2978 5753 3044 5806 ut
3086 5747 3402 5822 oblationes

1779 5865 1977 5907 eorum
2005 5849 2371 5924 recipiantur.
