3964 6178
578 272 678 322 393i

1453 264 1734 317 API’END.
1775 264 1860 317 Al)
1899 264 2057 316 5.1%.
2102 262 2184 314 IX.

2326 260 2575 314 ISIUORI
2613 261 3039 314 MEHCATURlS
3735 273 3810 324 39η)

646 378 698 427 3.
733 375 801 428 Ut
846 371 1077 426 alterius
1115 371 1363 442 episcopi
1410 370 1660 425 chrisma
1703 371 1892 425 nullus
1943 369 2197 440 accipiat,
2223 381 2282 452 Α
2373 375 2424 423 7.
2454 371 2524 424 Ut
2553 372 2908 422 accusatores
2948 366 3018 420 de
3065 365 3277 422 levibus
3315 369 3481 422 causis
3515 386 3611 426 non
3635 375 3814 432 audian-

579 467 675 522 sed
706 465 1102 519 tantummodo
1129 464 1364 536 proprii.

649 560 700 614 4.
731 561 798 614 Ut
817 558 914 629 qui
935 557 1247 614 oblationes
1269 557 1668 612 defunctorum
1690 556 1959 623 retinent,
1983 573 2204 611 excom-

577 653 957 707 municentur.

649 751 700 801 5.
733 748 801 801 Ut
833 745 932 817 qui
977 745 1272 801 sententia
1319 743 1570 818 episcopi
1609 744 1695 799 sui
1737 760 1852 798 non
1896 743 2205 815 acquiescit

577 843 832 896 recurrat
859 839 931 894 ad
955 840 1255 911 synodum.

649 938 701 989 6.
732 936 800 988 Ut
834 933 1359 990 excommunicatus
1411 931 1672 991 humiliet
1723 932 2094 1006 semetipsum
2143 935 2206 987 ut

578 1027 814 1085 festinus
839 1027 1249 1088 reconcilietur.

2302 467 2416 533 tur,
2447 462 2572 535 94
2604 463 2673 517 de
2701 461 3033 516 criminibus
3057 477 3190 514 vero
3218 460 3574 519 discutiantur.

2375 559 2427 612 8.
2457 558 2526 611 Ut
2555 556 2853 627 episcopus
2882 555 3138 610 alienum
3179 553 3430 609 clericum
3453 556 3710 628 redarguat
3729 578 3819 631 pec.

2304 654 2547 707 cantem.

2376 747 2428 798 9.
2459 746 2528 800 Ut
2553 743 2654 817 qui
2678 741 2994 815 expositum
3040 741 3334 814 invenerit,
3377 743 3636 800 ecclesiam
3659 752 3824 802 contes-

2304 841 2479 893 tetur.

2379 934 2462 986 tO.
2507 933 2575 987 Ut
2611 931 2710 1003 qui
2738 935 2943 1003 prater
2968 931 3336 986 constitutum
3359 931 3600 1004 exposcit,
3627 936 3678 987 ut
3697 933 3827 989 homi-

2304 1023 2432 1080 cida
2458 1025 2758 1081 habeatur.

2043 1177 2418 1192 _-_——.-"

1384 1339 1799 1432 INCIPIT
1883 1336 2501 1433 CONCILIUM
2569 1335 3122 1430 VALENSE.

2025 1517 2193 1581 Αἶγα
2223 1534 2500 1581 anxxx.

655 1692 1098 1748 Constitutiones
1125 1691 1327 1764 synodi
1365 1694 1610 1746 tractatu
1656 1689 1862 1745 habita
1892 1690 1951 1744 in
1984 1689 2206 1744 civitate
2226 1703 2283 1774 B
2377 1692 2440 1744 V.
2474 1689 2533 1746 Si
2557 1689 2683 1763 quis
2709 1689 2957 1763 episcopi
2995 1686 3290 1743 sententia
3329 1701 3441 1741 non
3477 1682 3751 1758 acquiescit,
3773 1697 3833 1736 re-

578 1787 799 1842 Valensi
848 1786 1001 1859 apud
1043 1785 1373 1857 episcopum
1417 1785 1682 1839 Urbicum
1708 1783 1969 1840 Ecclesia
2013 1784 2204 1838 catho-

579 1880 721 1948 lica,
753 1880 1103 1952 temporibus
1131 1878 1425 1934 Theodosii
1447 1877 1694 1950 junioris
1729 1883 1784 1934 et
1807 1877 2054 1934 Dioscori
2082 1893 2209 1932 con-

579 1974 714 2030 sulis
744 1974 847 2028 sub
881 1974 971 2028 die
1001 1973 1207 2029 Iduum
1233 1973 1500 2028 Novemb.

649 2068 780 2124 CAP.
814 2069 853 2122 l.
886 2067 1102 2122 Placuit
1132 2067 1422 2138 episcopos
1466 2067 1536 2121 de
1584 2065 1878 2120 Gallicanis
1907 2064 2210 2136 provinciis

580 2161 870 2216 venientes
911 2162 1060 2215 intra
1089 2158 1289 2214 Gallias
1315 2173 1428 2213 non
1457 2159 1863 2227 discutiendos,
1893 2159 1994 2212 sed
2029 2160 2211 2213 solum

581 2255 842 2310 sufﬁcere
888 2254 934 2308 si
973 2251 1162 2308 nullus
1193 2253 1662 2307 communionem
1707 2252 1787 2306 eis
1831 2251 2207 2320 interdixerit,

581 2348 714 2420 quia
755 2349 905 2402 inter
945 2345 1483 2401 circumhabitantes
1527 2362 1591 2399 ac
1639 2344 1745 2398 sibi
1779 2361 1924 2416 pene
1967 2345 2209 2400 invicem

581 2446 747 2497 notos
772 2459 889 2496 non
919 2446 1039 2496 tam
1063 2439 1388 2494 testimonio
1414 2438 1676 2509 indigent
1713 2438 1894 2509 probi,
1918 2455 2090 2510 quam
2115 2439 2212 2494 de-

577 2535 868 2592 notatione
896 2538 953 2590 et
971 2533 1499 2590 denuntiationibus
1521 2532 1831 2604 depravati.

652 2631 714 2684 ll.
751 2631 962 2684 Horum
992 2629 1087 2700 qui
1129 2627 1464 2699 pauitantia
1510 2630 1741 2698 accepta
1785 2627 1844 2680 in
1887 2626 2040 2682 bono
2083 2627 2210 2682 vita

582 2740 746 2778 cursu
772 2721 1144 2777 satisfactoria
1175 2720 1614 2792 compunctione
1635 2720 1908 2789 viventes,
1931 2721 2050 2775 sine
2066 2737 2213 2776 com-

584 2817 857 2871 munione
896 2816 1192 2886 inopinato
1241 2830 1657 2886 nonnunquam
1703 2814 1949 2868 transitu
1977 2814 2033 2868 in
2061 2815 2211 2885 agris

582 2913 681 2964 aut
708 2911 768 2964 in
794 2909 1089 2964 itineribus
1114 2908 1545 2980 praveniuntur
1561 2906 1905 2963 oblationem
1937 2908 2213 2979 recipien-

584 3004 736 3072 dam,
761 3007 817 3058 et
847 3003 1274 3076 eorumfunera
1293 3018 1358 3056 ac
1377 3001 1640 3073 deinceps
1667 3001 2004 3056 memoriam
2030 3001 2208 3056 eccle-

2309 1787 2497 1839 currat
2521 1783 2593 1840 ad
2624 1784 2927 1856 synodum.

2379 1881 2464 1933 VI.
2497 1880 2571 1933 Ex
2604 1877 2842 1949 epistola
2868 1878 3045 1933 sancti
3087 1877 3390 1933 Clementis
3431 1876 3577 1931 utilia
3610 1891 3715 1946 qua
3736 1889 3836 1946 pre-

2310 1973 2455 2028 senti
2499 1978 2754 2044 tempore
2799 1971 3048 2028 ecclesiis
3085 1971 3404 2028 necessaria
3446 1973 3566 2024 sunt
3604 1966 3838 2022 honoriﬁce

2309 2067 2672 2138 proferenda,
2704 2072 2760 2122 et
2789 2083 2919 2121 cum
2947 2065 3269 2120 reverentia
3290 2065 3358 2120 ab
3380 2064 3620 2120 omnibus
3649 2061 3841 2116 ﬁdelibus

2311 2177 2374 2217 ac
2399 2162 2685 2234 pracipue
2710 2160 2922 2216 clericis
2941 2159 3288 2231 recipienda,
3319 2175 3384 2214 ex
3404 2158 3592 2230 quibus
3609 2155 3733 2227 quod
3761 2170 3841 2224 spe-

2310 2255 2527 2310 cialiter
2568 2255 2780 2327 placuit
2822 2258 3053 2326 propter
3105 2253 3490 2308 venerandam
3529 2250 3842 2320 antiquitatem

2310 2349 2530 2404 statutis
2568 2349 2944 2420 prasentibus
2989 2348 3341 2415 roboramus,
3386 2346 3530 2418 quod
3569 2341 3843 2414 supradictus

2308 2444 2509 2498 beatus
2528 2449 2746 2515 martyr
2763 2443 2832 2497 de
2850 2441 3160 2497 beatissimi
3188 2441 3338 2497 Petri
3365 2438 3722 2495 constitutione
3743 2452 3844 2488 com-

2309 2541 2592 2593 memorat
2625 2537 2857 2592 dicens:
2895 2537 3166 2601 Quadam
3211 2540 3404 2589 autem
3451 2533 3604 2588 etiam
3649 2547 3705 2586 ex
3740 2526 3845 2581 vobis

2311 2633 2449 2704 ipsis
2492 2631 2812 2702 intelligere
2853 2630 3090 2697 debetis,
3119 2630 3165 2684 si
3203 2646 3318 2700 qua
3351 2631 3479 2684 sunt
3502 2643 3618 2698 qua
3639 2625 3736 2696 ipse
3754 2637 3843 2693 pro-

2311 2731 2440 2798 pter
2469 2725 2696 2780 insidias
2723 2726 3023 2779 hominum
3049 2724 3331 2778 malorum
3365 2739 3474 2776 non
3499 2722 3665 2792 potest
3685 2715 3845 2771 eviden-

2310 2820 2423 2874 tius
2466 2826 2522 2875 et
2565 2819 2919 2874 manifestius
2946 2817 3229 2890 proloqui,
3259 2816 3415 2871 verbi
3441 2814 3625 2886 gratia,
3652 2808 3847 2866 inimicus

2313 2919 2397 2968 est
2425 2913 2590 2967 alicui
2618 2930 2721 2984 pro
2746 2911 2963 2968 actibus
2993 2911 3124 2978 suis,
3165 2926 3261 2964 vos
3304 2909 3470 2964 nolite
3497 2908 3786 2978 exspectare,
3809 2903 3849 2951 ut

2311 3007 2431 3079 ipse
2461 3007 2619 3062 vobis
2640 3007 2809 3075 dicat,
2843 3022 2975 3063 cum
2999 3005 3094 3060 illo
3120 3005 3296 3060 nolite
3321 3003 3484 3058 amici
3509 3017 3635 3069 esse,
3661 2997 3743 3052 sed
3762 3008 3850 3065 pru-

583 3097 807 3153 siastico
824 3096 1027 3152 atfectu
1047 3073 1535 3168 prosequendam,
1558 3095 1691 3167 quia
1715 3096 1870 3150 nefas
1901 3099 1986 3150 est
2008 3112 2209 3150 eorum
2233 3073 2287 3148 Ο
2313 3073 2512 3157 denter
2538 3073 2836 3156 observare
2863 3099 3077 3156 debetis
3124 3103 3180 3154 et
3206 3097 3480 3153 voluntati
3520 3095 3629 3166 ejus
3662 3089 3849 3146 videlicet

582 3190 1161 3246 commemorationes
1189 3189 1411 3245 excludi
1453 3207 1486 3245 a
1528 3187 1867 3244 salutaribus
1893 3190 2088 3257 sacris,
2115 3189 2210 3261 qui

579 3285 649 3340 ad
677 3285 874 3339 eadem
903 3301 1063 3338 sacra
1092 3281 1248 3338 fideli
1277 3283 1481 3337 affectu
1507 3282 1930 3352 contendentes,
1973 3282 2110 3337 dum
2154 3299 2213 3338 se

579 3379 790 3433 diutius
838 3394 963 3433 reos
1006 3381 1265 3432 statuunt
1295 3376 1560 3448 indignos
1598 3376 1904 3430 salutiferis
1933 3376 2213 3447 mysteriis

571 3472 832 3544 judicant
877 3488 941 3526 ac
981 3470 1342 3542 purgatiores
1374 3469 1594 3525 restitui
1629 3469 1956 3525 desiderant
1985 3487 1998 3524 :
2026 3469 2096 3524 ab
2122 3469 2212 3524 his

580 3584 684 3638 pro
725 3566 930 3637 quibus
967 3569 1452 3619 sacramentorum
1501 3563 1702 3618 viatico
1753 3563 2209 3634 intercipiuntur,

579 3660 784 3731 quibus
804 3660 1044 3714 fortasse
1063 3675 1169 3713 nec
1195 3658 1672 3713 absolutissimam
1694 3657 2211 3713 reconciliationem

580 3754 842 3809 sacerdos
870 3753 1266 3824 denegandam
1295 3757 1566 3824 putasset.

651 3849 740 3904 ΙΙΙ.
772 3850 878 3903 Per
912 3847 1134 3918 singula
1177 3846 1464 3902 territoria
1509 3845 1826 3917 presbyteri
1855 3845 1944 3900 vel
1973 3845 2214 3901 ministri

581 3942 653 3996 ab
670 3941 964 4013 episcopis,
981 3958 1101 3996 non
1138 3945 1308 4011 prout
1342 3940 1569 3994 libitum
1588 3939 1764 3994 fuerit
1779 3955 1812 3993 a
1829 3938 2210 4009 vicinioribus,

581 4035 677 4090 sed
694 4053 727 4090 a
752 4035 868 4090 suis
887 4034 1135 4105 propriis
1152 4050 1255 4104 per
1276 4050 1454 4088 annos
1475 4034 1732 4104 singulos
1753 4036 1949 4104 petant
1969 4032 2214 4087 chrisma

578 4129 1073 4200 appropinquante
1094 4127 1454 4182 solemnitate
1480 4125 1751 4197 paschali,
1770 4142 1872 4181 nec
1900 4143 2002 4196 per
2022 4142 2214 4197 quem-

579 4237 802 4292 cunque
857 4219 1317 4286 ecclesiasticum,
1373 4219 1470 4274 sed
1514 4219 1559 4273 si
1606 4237 1717 4290 qua
1765 4219 2070 4274 necessitas
2116 4223 2216 4274 aut

584 4313 978 4369 ministrorum
1009 4311 1300 4383 occupatio
1346 4315 1432 4366 est
1473 4328 1575 4382 per
1617 4312 2050 4380 subdiaconum,
2082 4313 2217 4385 quia

585 4413 930 4467 inhonorum
957 4416 1041 4466 est
1070 4409 1433 4466 inferioribus
1461 4426 1684 4464 summa
1730 4410 2034 4465 committi.
2066 4411 2216 4482 Opti-

583 4524 745 4562 mum
777 4513 863 4562 est
887 4511 1084 4562 autem
1104 4508 1170 4560 ut
1192 4505 1312 4576 ipse
1339 4504 1605 4576 suscipiat
1633 4505 1729 4576 qui
1769 4505 2048 4560 tradendo
2080 4522 2211 4560 usu-

582 4624 679 4661 rus
706 4609 810 4676 est,
843 4607 890 4662 si
917 4605 1054 4677 quid
1079 4609 1273 4660 autem
1293 4604 1478 4659 obstat
1495 4603 1697 4659 saltem
1718 4603 1765 4658 is
1785 4603 1943 4673 cujus
1961 4604 2216 4659 ofﬁcium

584 4705 670 4755 est
699 4700 1005 4755 sacrarium
1033 4700 1334 4771 disponere
1361 4704 1417 4754 et
1443 4701 1796 4754 sacramenta
1836 4697 2142 4768 suscipere.

655 4795 740 4849 IV.
773 4794 881 4857 Qui
907 4793 1217 4849 oblationes
1247 4793 1646 4849 defunctorum
1673 4791 1922 4847 retinent
1951 4796 2010 4846 et
2037 4791 2213 4846 eccle-

583 4887 680 4941 siis
709 4887 930 4942 tradere
961 4889 1354 4957 demorantur,
1373 4892 1436 4942 ut
1460 4886 1720 4942 inﬁdeles
1741 4891 1874 4941 sunt
1892 4885 1963 4940 ab
1985 4884 2218 4939 ecclesia

582 4980 908 5051 abjiciendi,
933 4981 1066 5051 quia
1078 4997 1257 5052 usque
1277 4981 1347 5034 ad
1368 4981 1744 5035 inanitionem
1763 4979 1898 5033 ﬁdei
1917 4978 2216 5050 pervenire

585 5078 806 5129 certum
855 5078 939 5128 est
990 5074 1137 5127 hanc
1177 5073 1385 5128 divina
1430 5073 1657 5144 pietatis
1701 5067 2212 5140 éxacerbationem,

587 5167 722 5238 quia
747 5171 802 5221 et
827 5165 1024 5221 ﬁdeles
1045 5166 1114 5220 de
1142 5183 1378 5237 corpore
1402 5167 1736 5220 recedentes
1757 5169 2016 5219 votorum
2037 5166 2215 5236 pleni-

587 5261 803 5330 tudine,
825 5266 881 5316 et
907 5276 1182 5331 pauperes
1212 5259 1509 5314 consolatu
1543 5260 1852 5326 alimonia,
1878 5264 1934 5313 et
1965 5275 2216 5313 necessa-

584 5355 670 5409 ria
712 5353 1126 5408 sustentatione
1175 5352 1546 5421 fraudantur;
1594 5353 1653 5406 hi
1693 5353 1846 5408 enim
1887 5352 2026 5406 tales
2054 5352 2214 5422 quasi

583 5448 878 5519 egentium
909 5450 1224 5517 necatores,
1240 5463 1345 5501 nec
1371 5446 1666 5500 credentes
1685 5445 1964 5517 judicium
1995 5445 2096 5499 Dei
2118 5445 2214 5499 ha-

583 5541 752 5597 bendi
769 5548 935 5609 sunt;
959 5542 1107 5597 unde
1129 5545 1185 5596 et
1213 5540 1444 5612 quidam
1469 5541 1698 5595 Patrum
1725 5539 1832 5594 hoc
1857 5539 2080 5610 scriptis
2101 5539 2214 5593 suis

582 5634 945 5691 inseruerunt
992 5640 1347 5706 congruente
1389 5633 1669 5689 sententia
1711 5649 1840 5704 qua
1882 5631 2001 5687 ait:
2029 5631 2210 5687 amico

577 5727 868 5797 quidpiam
898 5746 1098 5802 rapere
1125 5729 1340 5787 furtum
1385 5733 1488 5794 est,
1520 5730 1579 5783 et
1619 5727 1920 5783 ecclesiam
1946 5725 2209 5783 fraudare

575 5819 952 5890 sacrilegium.

2311 3196 2407 3267 qui
2434 3194 2680 3249 ecclesia
2705 3210 2898 3249 curam
2938 3194 3087 3265 gerit
3130 3193 3344 3264 absque
3371 3186 3760 3246 commonitione
3782 3180 3848 3234 ob-

2313 3288 2648 3356 secundare,
2695 3293 2752 3343 et
2796 3287 2973 3342 averti
3013 3287 3083 3341 ab
3126 3303 3192 3342 eo
3237 3286 3330 3341 cui
3369 3286 3549 3357 ipsum
3581 3276 3764 3336 sentitis
3783 3273 3848 3326 ad-

2313 3399 2558 3450 versum,
2589 3382 2686 3437 sed
2709 3398 2814 3438 nec
2845 3381 3003 3453 loqui
3047 3381 3134 3435 his
3177 3381 3386 3452 quibus
3431 3395 3543 3434 non
3574 3373 3794 3446 loquitur,
3815 3370 3852 3418 υί

2313 3477 2704 3549 unusquisque
2733 3476 2832 3548 qui
2879 3476 2936 3530 in
2979 3477 3140 3546 culpa
3184 3479 3269 3529 est
3312 3475 3448 3530 dum
3491 3469 3632 3542 cupit
3660 3463 3850 3521 omnium

2313 3575 2570 3626 vestrum
2601 3570 2705 3624 sibi
2751 3570 2996 3641 gratiam
3022 3585 3290 3640 reparare
3315 3569 3479 3623 citius
3502 3564 3704 3620 festinet
3723 3570 3856 3612 recon-

2313 3665 2486 3721 ciliari
2515 3665 2567 3720 ei
2589 3663 2686 3735 qui
2713 3664 2976 3718 omnibus
3003 3667 3233 3734 praest,
3266 3667 3328 3718 ut
3354 3678 3457 3732 per
3497 3661 3593 3714 hoc
3634 3652 3791 3710 redeat
3809 3644 3856 3699 ad

2314 3761 2554 3814 salutem
2580 3775 2711 3813 cum
2740 3757 2970 3813 obedire
3014 3755 3248 3827 caperit
3290 3755 3517 3811 monitis
3558 3741 3856 3823 praesidentis,

2313 3859 2368 3910 et
2393 3859 2599 3909 catera
2625 3869 2753 3924 qua
2802 3852 2862 3906 in
2907 3851 3393 3922 consequentibus
3439 3846 3688 3903 denotant
3707 3835 3858 3893 amicos

2315 3964 2510 4003 eorum
2527 3947 2626 4018 qui
2642 3945 2864 4001 veritati
2880 3944 3097 4000 inimici
3119 3947 3270 3999 sunt.
3295 3944 3448 4000 Sciat
3469 3941 3645 4012 itaque
3662 3933 3859 3996 deinceps

2313 4041 2493 4096 clerus
2520 4041 2592 4095 ad
2620 4045 2862 4107 reatum,
2881 4039 2981 4094 sed
3003 4041 3060 4092 et
3077 4039 3328 4109 populus
3357 4035 3602 4092 ﬁdelium
3620 4029 3682 4084 ad
3697 4024 3857 4092 culilam

2314 4134 2419 4189 sibi
2485 4134 2905 4200 ascribendum,
2956 4132 3002 4187 si
3058 4131 3185 4204 quis
3248 4132 3311 4187 in
3367 4132 3473 4187 hoc
3513 4127 3694 4182 vitium
3739 4113 3860 4172 ωλιο-

2314 4245 2444 4284 rum
2467 4232 2890 4300 computantur,
2936 4232 2993 4282 et
3036 4225 3352 4298 disciplina
3397 4224 3678 4279 subversor
3717 4220 3860 4280 008110·

2315 4322 2506 4377 scitur.

2391 4418 2498 4472 Vll.
2528 4414 2744 4470 Placuit
2779 4419 3054 4486 praterea
3089 4413 3392 4470 accusandi
3437 4407 3702 4466 licentiam
3738 4401 3782 4454 in
3803 4407 3860 4444 vt

2317 4510 2446 4565 stris
2471 4509 2784 4576 ordinibus,
2828 4509 2875 4563 si
2909 4525 3022 4580 qua
3048 4508 3270 4575 existat,
3299 4508 3521 4562 levitate
3545 4495 3860 4568 comprimet?»

2317 4604 2467 4675 quod
2495 4603 2540 4657 si
2569 4602 2866 4674 episcopus
2891 4601 3390 4672 aliquemjudicat,
3418 4591 3775 4654 abstinendum
3794 4593 3860 4651 PN

2316 4696 2709 4752 humiliatione
2753 4701 2810 4751 et
2846 4697 3197 4751 correctione
3257 4694 3471 4760 fratris,
3521 4694 3575 4745 et
3623 4677 3863 4747 εεδιιΐὲίίω

2318 4791 2560 4857 exorari,
2592 4809 2624 4845 a
2651 4790 2868 4845 cateris
2915 4789 3230 4860 acquiescat
3269 4787 3434 4842 fratri
3477 4785 3546 4839 de
3588 4795 3688 4852 quo
3709 4770 3861 4860 agimfv

2316 4884 2672 4956 correptione
2701 4887 2758 4937 et
2783 4857 3223 4937 comminatione
3242 4880 3518 4936 adhibita.
3540 4874 3632 4931 Sin
3655 4871 3806 4924 autem
3818 4857 3863 4910 δε

2318 4978 2556 5033 crimine
2587 4977 2835 5047 aliquem
2864 4979 3028 5046 putet
3059 4992 3182 5028 esse
3209 4971 3616 5035 damnandum,
3643 4956 3863 5020 accusalo‘

2315 5072 2392 5126 ris
2417 5072 2537 5126 vice
2568 5069 3006 5134 discutiendum,
3040 5068 3086 5123 si
3115 5067 3280 5134 sciat;
3308 5068 3396 5122 fas
3422 5069 3505 5121 est
3531 5062 3670 5118 enim
3695 5058 3746 5110 ut
3777 5058 3864 5117 qua

2317 5165 2414 5219 uni
2446 5164 2780 5235 probantur,
2815 5161 3130 5234 probentur
3151 5162 3221 5215 ab
3247 5159 3529 5216 omnibus.

2387 5259 2518 5312 Vlll.
2566 5254 2732 5321 Quod
2775 5256 2821 5310 si
2867 5260 3054 5310 tantus
3098 5255 3394 5326 episcopus
3441 5249 3602 5306 alieni
3641 5235 3866 5330 clericif

2315 5352 2605 5407 conscium
2629 5350 2806 5418 novit,
2851 5349 3106 5421 quandiu
3132 5322 3371 5420 probare
3413 5361 3526 5401 non
3571 5338 3732 5414 potest
3764 5322 3866 5428 nihil

2315 5446 2585 5517 proferat,
2614 5443 2712 5498 sed
2739 5460 2869 5498 cum
2898 5443 3161 5514 episcopo
3191 5442 3263 5497 ad
3287 5435 3759 5511 compunctionem
3780 5432 3866 5517 eius

2315 5516 2544 5594 secretis
2581 5536 3034 5608 correptionibus
3076 5537 3357 5601 elaboret;
3401 5530 3549 5604 quod
3574 5527 3615 5582 si
3640 5516 3867 5586 (ιοιτθῐὶωό

2313 5631 2658 5704 pertinacior
2683 5629 2871 5699 fuerit,
2903 5635 2961 5685 et
2998 5647 3057 5685 se
3090 5626 3478 5685 communioni
3508 5619 3712 5695 publice
3731 5614 3868 5678 inges‘

2313 5725 2464 5793 serit,
2493 5725 2719 5781 etiamsi
2747 5724 3040 5796 episcopus
3075 5723 3135 5779 in
3177 5717 3573 5790 redarguendo
3614 5711 3702 5767 i110
3738 5710 3866 5796 qua?

2313 5790 2472 5878 reum
2484 5819 2703 5892 judicat
2719 5790 3053 5893 probatione
3068 5817 3312 5885 deﬁciat,
3333 5813 3678 5868 indamnatus
3696 5799 3802 5855 licet
3818 5790 3867 5843 ab
