3964 6178
211 287 288 336 397
1415 282 1884 337 DECRE'I‘ALIUM
1924 281 2310 336 COLLECTIU.
3439 290 3538 338 3Ίὸ

211 391 277 442 his
304 389 395 460 qui
420 388 563 442 nihil
593 389 779 442 sciunt
804 388 1066 442 secedere
1087 388 1158 442 ad
1185 392 1410 458 tempus
1432 405 1538 460 pro
1569 405 1810 464 persona
1830 401 1889 473 Α
1908 389 2377 444 contestationem
2407 389 2654 457 colligat,
2685 387 3059 443 nihilominus
3096 390 3166 443 de
3197 390 3402 446 altario
3434 393 3539 448 Do-

211 483 407 553 majoris
435 482 790 537 auctoritatis
826 482 1112 552 jubeatur,
1158 481 1254 534 illo
1291 482 1546 552 quandiu
1589 484 1815 553 probari
1915 481 2122 536 minico
2151 481 2241 536 die
2283 481 2542 536 minister
2589 483 2888 536 annuntiat
2929 482 3000 536 ab
3045 483 3420 538 ecclesiastico
3447 501 3537 540 ex-

212 577 325 631 nihil
351 580 538 646 potest
581 577 640 631 in
679 575 1084 631 communione
1128 574 1385 628 omnium
1429 579 1814 648 praterquam
1914 576 2156 646 positum
2185 591 2302 629 esse
2329 575 2647 642 collectum,
2669 578 2735 628 ut
2753 575 2903 629 intra
2931 575 3049 629 dies
3064 576 3261 630 decem
3281 577 3351 631 ab
3373 594 3537 648 expo-

215 671 310 740 ejus
338 671 432 741 qui
459 687 592 724 eum
623 686 785 724 reum
808 669 1030 739 judicat
1059 673 1453 740 permanente.
1912 669 2128 723 sitionis
2169 668 2260 723 die
2305 668 2626 738 expositum
2665 668 2920 738 recipiat,
2963 668 3008 722 si
3055 668 3180 739 quis
3222 670 3543 741 probaverit

269 765 337 820 1X.
371 765 444 818 De
473 763 738 834 expositis
763 763 896 834 quia
926 763 1129 818 collata
1165 762 1236 816 ab
1277 763 1542 817 omnibus
1582 765 1815 834 querela
1913 779 1973 816 se
2006 761 2302 832 agnovisse
2329 760 2611 815 collectori
2651 776 2752 830 pro
2794 761 3050 832 ipsorum
3085 761 3278 817 decem
3316 762 3538 818 dierum

221 859 451 931 processit
477 873 577 911 eos
605 874 718 911 non
751 856 1154 911 misericordia
1179 857 1299 926 jam
1331 857 1427 911 sed
1452 857 1686 911 canibus
1711 874 1811 912 ex-
1913 855 2302 910 misericordia
2353 859 2523 924 prout
2568 853 2807 908 valuerit
2849 855 2919 908 ad
2968 871 3212 925 prasens
3242 856 3534 926 retribuat,

226 953 349 1023 poni,
376 968 515 1022 quos
533 951 802 1021 colligere
823 950 1242 1004 calumniarum
1265 954 1423 1004 metu
1450 951 1707 1021 quamvis
1732 950 1816 1004 in-
1911 949 2089 1003 autin
2120 953 2464 1019 perpetuum
2491 964 2620 1002 cum
2647 947 2746 1002 Dei
2771 948 2970 1019 gratia,
3003 947 3050 1002 si
3076 949 3332 1016 voluerit,
3360 951 3533 1021 possi-

224 1041 326 1095 felix
351 1057 382 1094 a
409 1039 708 1110 praceptis
735 1039 1136 1094 misericordia
1165 1055 1326 1093 mons
1351 1039 1601 1094 humana
1625 1039 1810 1095 detra-
1913 1041 2062 1096 deat.

223 1139 310 1189 ctet
330 1133 725 1188 reservandum
753 1137 856 1199 est,
885 1138 942 1187 et
966 1132 1278 1186 secundum
1317 1137 1526 1188 statuta
1550 1133 1808 1188 ﬁdelissi-
1983 1137 2048 1191 Χ.
2077 1134 2138 1190 Si
2165 1135 2291 1205 quis
2317 1133 2706 1206 expositorum
2740 1135 2847 1190 hoc
2883 1135 3147 1191 ordinare
3177 1137 3537 1192 collectorum

223 1244 434 1295 morum,
491 1226 906 1298 piissimorum,
959 1229 1448 1298 augustorumque
1491 1226 1812 1297 principum
1913 1228 2187 1298 repetitor
2238 1229 2327 1283 vel
2371 1228 2752 1284 calumniator
2799 1229 3100 1298 exstiterit,
3149 1233 3215 1285 ut
3255 1230 3538 1286 homicida

221 1321 440 1394 quisquis
497 1320 818 1392 expositum
859 1319 1077 1391 colligit
1121 1319 1420 1375 ecclesiam
1465 1323 1814 1376 contestetur
1912 1321 2211 1376 habendus
2233 1325 2336 1377 est.

978 1608 1376 1675 INCIPIUNT
1419 1609 1808 1676 CAPITULA
1850 1609 2352 1676 AGATHENSIS
2396 1611 2750 1676 CONCILII.

280 1774 323 1824 1.
362 1769 436 1823 De
463 1767 710 1838 bigamis
731 1767 948 1823 clericis
978 1775 1040 1824 ut
1068 1785 1182 1824 non
1209 1770 1551 1826 ministrent.
1834 1784 1892 1855 B
1986 1775 2074 1827 27.
2117 1774 2187 1828 Ut
2231 1773 2646 1828 monasterium
2692 1773 3014 1828 inconsulto
3055 1774 3316 1846 episcopo
3352 1776 3543 1830 nullus

276 1867 325 1918 2.
363 1863 434 1919 De
489 1862 914 1918 contumacibus
966 1863 1182 1918 clericis
1205 1905 1219 1930 ,
1299 1867 1356 1918 et
1427 1864 1499 1919 ad
1567 1863 1815 1921 ofﬁcium
1920 1867 2227 1921 constituat
2253 1867 2321 1921 de
2355 1867 2664 1922 monachis.

213 1956 388 2010 tardis.
1987 1963 2075 2015 28.
2111 1961 2180 2014 Ut
2200 1961 2607 2016 monasterium
2627 1961 2945 2032 puellarum
2973 1961 3169 2033 procul
3194 1978 3228 2016 a
3245 1962 3545 2018 monachis

275 2053 323 2104 3.
360 2051 431 2104 De
457 2049 734 2122 episcopis
755 2049 853 2121 qui
878 2050 967 2104 vel
1001 2050 1360 2122 innocentes,
1404 2050 1492 2106 vel
1526 2067 1630 2122 pro
1655 2051 1819 2106 mini-
1917 2054 2310 2108 constituatur.

209 2148 494 2203 miscausis
518 2148 743 2218 aliquos
767 2149 1280 2204 excommunicant.
1986 2151 2075 2202 29.
2118 2149 2197 2203 De
2252 2147 2468 2203 libertis
2521 2152 2582 2203 ut
2644 2149 2702 2204 in
2771 2149 3095 2205 necessitate
3164 2150 3234 2204 ab
3305 2151 3541 2206 ecclesia

276 2243 326 2296 4.
364 2243 434 2296 De
457 2242 544 2296 his
575 2243 673 2314 qui
715 2260 844 2297 suas
888 2243 976 2298 vel
1015 2243 1469 2316 propinquorum
1507 2243 1816 2299 oblationes
1915 2250 2198 2302 tueantur.

205 2335 442 2390 ecclesia
466 2336 828 2392 defraudant.
1729 2361 1732 2364 ’
1989 2343 2077 2394 30.
2119 2342 2188 2395 Ut
2217 2344 2341 2411 post
2367 2341 2712 2412 antiphonas
2734 2340 3022 2396 orationes
3047 2341 3328 2396 dicantur.

273 2433 322 2482 5.
361 2429 414 2484 Si
442 2430 673 2486 clericus
699 2431 917 2484 furtum
943 2430 1190 2486 ecclesia
1215 2430 1430 2488 fecerit.
1990 2437 2079 2489 31.
2123 2435 2197 2489 De
2228 2434 2318 2490 his
2343 2435 2442 2507 qui
2469 2440 2708 2507 propter
2739 2435 2933 2490 odium
2963 2435 3036 2489 ad
3079 2451 3281 2506 pacem
3308 2451 3425 2492 non
3452 2452 3543 2492 rs-

269 2525 324 2577 6.
362 2523 417 2578 Si
442 2524 703 2596 episcopo
731 2541 764 2578 a
785 2524 1129 2596 quibuslibet
1153 2524 1472 2596 quidquam
1509 2524 1682 2580 fuerit
1718 2525 1814 2580 de-
1919 2531 2237 2582 vertuntur.

193 2616 471 2673 relictum.
1992 2624 2079 2677 32.
2121 2622 2190 2676 Ut
2213 2621 2448 2676 clericus
2491 2621 2813 2678 inconsulto
2862 2622 3128 2695 episcopo
3178 2622 3250 2677 ad
3284 2621 3543 2693 judicem

277 2714 329 2764 7.
371 2711 442 2766 De
471 2713 641 2768 rebus
673 2713 924 2770 ecclesia
961 2712 1247 2783 quomodo
1288 2712 1360 2767 ab
1402 2712 1682 2784 episcopis
1715 2713 1816 2767 ha-
1921 2716 2248 2770 sacularem
2274 2732 2391 2770 non
2417 2719 2637 2787 pergat.
2925 2729 2935 2742 '

187 2813 455 2878 beantur,
489 2814 546 2864 et
573 2809 644 2863 de
673 2807 847 2863 servis
877 2805 1126 2861 ecclesia
1167 2806 1408 2877 qualiter
1440 2806 1512 2861 ab
1557 2805 1819 2879 episcOpo
1991 2812 2079 2864 33.
2121 2809 2175 2864 Si
2201 2810 2497 2880 episcopus
2541 2809 2798 2865 haredes
2838 2825 2958 2865 non
2999 2809 3215 2866 habens
3250 2809 3545 2866 ecclesiam

189 2905 694 2960 manumittantur.
1920 2903 2012 2957 cui
2037 2902 2268 2974 prafuit
2292 2903 2582 2958 haredem
2607 2920 2724 2958 non
2755 2903 2970 2959 fecerit.

267 3003 323 3054 8.
363 3000 437 3053 De
463 2996 680 3053 clericis
709 2995 807 3067 qui
832 2994 905 3048 ad
935 2995 1233 3048 saculares
1258 2994 1616 3066 confugiunt.
1991 2997 2080 3050 34.
2121 2998 2201 3050 De
2226 2996 2433 3052 Judais
2462 2997 2560 3070 qui
2587 2997 2840 3052 converti
2870 2997 3126 3070 cupiunt,
3165 2997 3405 3069 qualiter
3431 3013 3548 3052 sus-

266 3096 322 3148 9.
358 3095 435 3148 De
459 3090 801 3166 presbyteris
826 3093 883 3144 et
896 3070 1224 3143 diaconibus
1243 3088 1342 3160 qui
1364 3088 1435 3143 ad
1461 3088 1821 3160 conjugalem
1849 3149 1894 3166 Α
1923 3089 2224 3161 cipiantur.

187 3187 408 3241 coitum
427 3149 805 3241 revertuntur.
1258 3149 1279 3160 -
1562 3149 1584 3160 V
1633 3149 1665 3160 ν
1842 3149 1898 3225 C
1974 3149 2084 3238 ‘35.
2126 3184 2186 3239 Si
2214 3185 2510 3256 episcopus
2541 3202 2575 3240 a
2615 3185 3050 3258 Metropolitano
3093 3185 3420 3241 admonitus
3447 3203 3548 3257 pro

271 3283 354 3338 10.
399 3282 466 3338 Ut
500 3280 690 3336 nullus
728 3277 1062 3334 clericorum
1111 3291 1242 3330 cum
1279 3275 1556 3332 extraneis
1594 3275 1822 3332 feminis
1926 3277 2162 3348 synodo,
2208 3278 2295 3333 vel
2339 3277 2697 3334 ordinatione
2753 3279 3057 3350 episcopali
3119 3278 3312 3334 venire
3369 3278 3547 3334 distu-

190 3375 430 3431 habitet.
1924 3371 2074 3427 lerit.

271 3474 354 3525 11.
397 3470 466 3524 Ut
490 3467 681 3522 nullus
719 3465 954 3521 clericus
997 3464 1056 3520 in
1094 3462 1348 3534 cellario,
1375 3463 1464 3518 vel
1507 3463 1568 3518 in
1608 3467 1821 3519 secreto
1994 3468 2080 3520 36.
2105 3467 2176 3520 Ut
2205 3465 2488 3537 stipendia
2513 3466 2849 3521 clericorum
2871 3467 3038 3537 juxta
3064 3465 3332 3522 meritum
3359 3465 3545 3522 distri-

185 3563 466 3618 feminam
496 3561 857 3618 intromittat.
1920 3557 2188 3612 buantur.

269 3661 354 3712 t2.
398 3659 468 3712 Ut
493 3655 651 3711 omni
679 3651 1133 3726 quadragesima
1159 3651 1401 3708 Sabbato
1423 3649 1738 3721 jejunetur,
1991 3655 2080 3707 37.
2124 3653 2195 3706 De
2225 3651 2524 3707 homicidis
2550 3657 2608 3708 et
2634 3653 2788 3706 falsis
2811 3652 3070 3708 testibus.

269 3754 355 3806 13.
400 3752 468 3807 Ut
502 3747 825 3821 symbolum
853 3750 983 3800 ante
1023 3749 1149 3802 octo
1178 3744 1298 3800 dies
1326 3743 1558 3800 Pascha
1589 3760 1820 3816 compe-
1995 3748 2081 3800 38.
2123 3747 2194 3800 Ut
2215 3745 2334 3801 sine
2361 3745 2612 3816 episcopi
2642 3746 2729 3800 sui
2767 3745 3005 3816 epistola
3039 3762 3156 3801 non
3195 3746 3360 3802 liceat
3383 3748 3548 3803 cleri-

195 3845 446 3899 tentibus
470 3841 830 3915 pradicetnr.
1922 3855 2054 3893 cum
2075 3839 2164 3894 vel
2210 3839 2558 3894 monachum
2585 3837 2887 3911 proficisci,
2933 3843 2990 3893 et
3029 3839 3096 3894 de
3139 3840 3436 3896 monachis
3461 3840 3548 3895 vel

270 3940 355 3993 14.
399 3939 466 3992 Ut
487 3937 663 3992 altare
691 3938 749 3990 et
771 3933 1147 3990 benedicatur
1176 3933 1234 3985 et
1260 3934 1529 4002 ungatur.
1921 3932 2234 3988 abbatibus.

272 4035 355 4086 15.
396 4029 644 4096 Qualiter
671 4027 941 4098 majores,
989 4024 1231 4098 qualiter
1263 4023 1514 4079 minores
1544 4024 1817 4096 poeniten-
2001 4029 2090 4085 39.
2132 4028 2201 4083 Ut
2229 4027 2414 4084 clerici
2436 4026 2713 4098 nuptialia
2735 4025 2913 4082 vitent
2937 4025 3209 4082 convivia.

205 4123 336 4179 tiam
363 4124 662 4194 aCCiPiant-
1993 4131 2082 4184 4ο.
2123 4127 2201 4180 Ne
2225 4121 2533 4179 Christiani
2552 4120 2880 4176 Judaorum
2907 4123 3146 4176 utantur
3164 4119 3453 4176 conviviis.

276 4223 355 4274 i6.
394 4220 517 4284 Qua
540 4221 706 4272 aetate
737 4215 1000 4270 diacones
1032 4212 1392 4269 ordinentur-
1994 4223 2082 4278 41.
2124 4220 2196 4274 Ut
2217 4235 2252 4273 a
2281 4215 2499 4272 clericis
2526 4214 2735 4270 vitetur
2759 4214 3017 4269 ebrietas.

279 4318 359 4368 t7.
395 4314 516 4378 Qua
543 4315 706 4367 atate
725 4307 970 4381 episcopi
997 4307 1086 4362 vel
1130 4305 1443 4378 presbyteri
1482 4322 1820 4362 consecren-

1994 4317 2082 4370 42.
2123 4315 2200 4370 De
2224 4309 2506 4382 sortilegis
2529 4309 2616 4364 vel
2659 4307 3096 4381 auguratoribus
3129 4311 3190 4362 ut
3217 4307 3287 4362 ab
3317 4307 3549 4364 ecclesia

215 4411 313 4462 tur.
1923 4411 2275 4481 separentur.

280 4506 358 4558 18.
397 4503 476 4556 De
527 4499 683 4555 hicis
742 4497 946 4571 quibus
1005 4493 1356 4566 temporibus
1405 4493 1902 4592 communicareD
1995 4504 2083 4558 43.
2125 4502 2202 4555 Ne
2243 4500 2312 4554 de
2350 4496 2754 4569 pauitantibus
2795 4496 3032 4551 clericus
3057 4495 3370 4561 ordinetur,
3403 4497 3552 4550 etut

221 4594 461 4650 debeant.
1845 4589 1877 4592 ί
1924 4595 2223 4666 presbyter
2248 4592 2424 4647 altare
2448 4607 2567 4645 non
2597 4589 2800 4660 erigat.

283 4694 360 4745 19.
399 4691 475 4745 De
496 4685 1016 4744 sanctimonialibus
1047 4701 1159 4758 qua
1189 4687 1354 4739 atate
1376 4684 1653 4739 velentur.
1996 4689 2085 4744 44.
2126 4687 2203 4740 Ne
2226 4684 2516 4756 presbyter
2534 4681 2990 4737 benedictionem
3018 4682 3246 4753 pepulo,
3266 4681 3356 4736 vel
3379 4681 3555 4752 pani-

279 4786 358 4838 20.
396 4785 472 4838 De
497 4780 718 4837 clericis
743 4780 840 4851 qui
865 4795 1090 4834 comam
1116 4777 1394 4834 nutriunt.
1925 4781 2068 4838 tenti
2095 4781 2155 4835 in
2186 4777 2412 4833 ecclesia
2440 4777 2575 4831 dare
2605 4779 2932 4847 prasumat.

283 4879 360 4932 21.
401 4878 472 4932 Ut
510 4873 898 4930 solemnitates
941 4872 1190 4943 majores
1236 4871 1295 4925 in
1329 4869 1642 4925 civitatibus
1683 4871 1827 4926 cele-
1999 4877 2086 4930 45.
2128 4874 2200 4929 Ut
2227 4871 2524 4943 episcopus
2541 4869 2814 4940 exiguum
2839 4867 3051 4938 aliquid
3071 4867 3194 4924 sine
3221 4868 3552 4925 clericorum

227 4968 453 5026 brentur.
1927 4965 2284 5024 conniventia
2323 4964 2389 5033 (si
2417 4977 2643 5017 necesse
2672 4961 2861 5032 fuerit)
2889 4961 3184 5017 distrahat.

284 5067 360 5119 22.
400 5065 472 5119 Ut
496 5079 614 5118 non
639 5062 803 5118 liceat
835 5059 1252 5132 presbyterum,
1282 5060 1382 5112 aut
1409 5055 1677 5112 clericum
1701 5073 1825 5114 rem
1997 5064 2087 5117 46.
2129 5063 2200 5115 Ut
2249 5074 2441 5112 servos
2483 5055 2732 5111 ecclesia
2791 5055 3058 5127 fugitivos
3101 5055 3268 5111 liceat
3310 5057 3554 5112 vendere

231 5157 448 5214 ecclesia
472 5156 738 5222 vendere,
763 5159 861 5209 aut
878 5154 1109 5210 donare.
1928 5156 2212 5228 episcopo.

283 5255 356 5307 23.
413 5253 486 5306 Ut
555 5249 788 5306 clericus
869 5248 1056 5302 minor
1131 5245 1344 5302 seniori
1422 5261 1539 5300 non
1613 5261 1828 5318 prapo-
1997 5251 2085 5304 47.
2129 5250 2197 5304 Ut
2222 5251 2354 5302 ante
2383 5246 2614 5300 missam
2641 5243 2926 5315 expletam
2955 5243 3150 5315 egredi
3171 5243 3411 5314 populus
3438 5257 3550 5296 non

232 5351 386 5400 natur.
1927 5346 2260 5416 prasumat.

282 5439 354 5494 24.
397 5439 478 5494 De
503 5436 768 5508 exp03itis
791 5435 1053 5490 inventis.
2000 5439 2090 5492 48.
2133 5438 2211 5491 De
2238 5434 2408 5490 rebus
2435 5431 2685 5488 ecclesia
2713 5431 2958 5503 propriis
2984 5431 3072 5484 vel
3099 5428 3404 5500 acquisitis.

283 5537 355 5588 25.
395 5535 473 5589 De
526 5530 894 5586 sacnlaribus
962 5528 1064 5600 qui
1119 5543 1247 5582 suas
1314 5544 1524 5582 uxores
1575 5521 1824 5582 derelin-
1998 5531 2086 5585 49.
2130 5531 2209 5584 De
2250 5544 2365 5582 non
2404 5525 2724 5582 alienandis
2751 5525 2821 5579 ab
2861 5525 3050 5594 aliquo
3079 5523 3247 5577 rebus
3281 5519 3551 5588 ecclesia,

231 5633 398 5698 quant.
1929 5629 1986 5680 et
2013 5624 2084 5678 de
2112 5621 2346 5676 libertis.

283 5729 354 5781 26.
397 5726 470 5780 Ut
511 5723 558 5778 si
597 5721 916 5779 voluntarie
957 5721 1193 5776 clericus
1254 5720 1530 5776 damnum
1575 5718 1828 5776 ecclesia
2003 5721 2091 5772 50.
2134 5713 2462 5786 Dezclericis
2490 5711 2727 5784 capitale
2750 5711 2966 5765 crimen
2992 5706 3432 5766 incurrentibus.

234 5819 396 5876 fecerit
421 5821 478 5874 et
507 5817 815 5876 satisfaciat
840 5819 897 5873 et
924 5813 1466 5872 excommunicetur.
2005 5815 2064 5868 5t
2080 5851 2092 5866 .
2134 5811 2212 5866 De
2236 5813 2574 5866 testamento
2602 5803 2871 5878 episcOpi.
