3964 6178
511 216 610 270 399

1399 206 1682 260 APPEND.
1723 205 1811 260 AD
1849 204 2007 258 S/EC.
2050 203 2140 258 IX.
2163 228 2230 240 —
2270 200 2515 256 lSlDORI
2555 198 2982 256 MERCATORlS

3702 211 3782 262 400

584 317 707 390 95
739 321 825 371 52.
869 318 946 370 De
971 315 1187 370 clericis
1215 312 1312 385 qui
1348 312 1467 368 sine
1506 311 1756 383 epistolis
1799 312 1884 366 sui
1910 309 2134 382 pontiﬁ-
2156 329 2215 401 Α
2306 311 2392 362 61.
2435 308 2512 362 De
2538 308 2763 401 incestis
2781 305 3088 401 conjugiis.

514 412 591 465 cis
619 409 1071 480 proﬁciscuntur.

585 506 670 557 53.
714 504 790 557 De
819 500 1158 573 presbyteris
1175 499 1541 572 parochianis
1566 516 1657 554 res
1677 499 1923 554 ecclesia
1941 498 2134 553 distra-

509 596 795 651 lientibus.

585 690 670 744 54.
714 689 788 746 De
825 687 1045 744 eisdem
1085 691 1148 742 ut
1186 687 1466 762 quidquid
1508 687 1753 743 emerint
1798 687 1859 741 in
1902 685 2136 740 nomine

512 786 840 854 comparent
864 781 1131 838 ecclesia.

586 881 672 932 55.
715 878 786 933 Ut
810 875 1124 932 sacerdotes
1160 879 1215 930 et
1240 875 1422 930 levita
1449 875 1684 930 canibus
1715 875 1786 929 ad
1813 874 2138 931 venandum

515 975 572 1025 ct
595 969 954 1040 accipitribus
981 984 1096 1022 non
1120 972 1376 1022 utantur.

587 1067 672 1119 56.
714 1063 793 1119 De
818 1061 1242 1119 venditionibus
1271 1078 1408 1133 quas
1431 1062 1663 1118 abbates
1698 1063 1883 1118 facere
1924 1079 2135 1134 prasu-

515 1162 702 1220 munt.

589 1254 676 1306 57.
716 1251 795 1306 Ne
846 1265 991 1304 unus
1038 1249 1211 1304 abbas
1259 1250 1480 1304 duobus
1533 1251 1802 1305 coenobiis
1847 1267 2141 1322 prapona~

517 1348 628 1399 tur.

591 1440 677 1492 58.
717 1440 796 1493 Ne
825 1436 1235 1492 monasterium
1262 1437 1381 1492 sine
1418 1438 1620 1492 notitia
1657 1439 1906 1511 episcopi
1930 1440 2138 1495 consti-

515 1536 726 1587 tuatur.

588 1629 675 1680 59.
720 1626 794 1679 De
821 1625 990 1680 rebus
1017 1624 1264 1679 ecclesia
1295 1625 1420 1680 usui
1450 1626 1663 1681 collatis
1682 1631 1747 1682 ut
1771 1627 2142 1700 prascriptio-

520 1719 605 1773 nis
633 1722 894 1790 tempore
926 1733 1041 1773 non
1061 1717 1463 1774 defendantur.

590 1815 676 1867 60.
719 1813 798 1866 De
830 1811 1000 1882 lapsis
1046 1811 1144 1884 qui
1187 1811 1255 1869 de
1301 1812 1577 1870 catholica
1620 1814 1729 1870 ﬁde
1771 1814 1832 1870 in
1879 1815 2142 1870 haresim

514 1908 829 1963 transeunt.

2308 399 2394 450 62.
2435 398 2516 451 De
2564 396 2652 452 his
2695 396 2796 469 qui
2839 410 3024 449 servos
3082 408 3209 448 suos
3251 397 3404 448 extra
3453 396 3673 466 judicem
3711 417 3786 457 ne-

2235 489 2385 542 cant.

2308 583 2395 635 63.
2428 581 2508 634 De
2529 579 2683 636 laicis
2709 579 2880 650 quiin
2903 578 3356 635 solemnitatibus
3373 579 3656 649 majoribus
3673 582 3792 636 adci-

2237 674 2470 732 vitatem
2503 690 2620 728 non
2647 678 2970 728 occurrunt.

2309 769 2396 822 64.
2421 768 2498 822 De
2519 767 2733 821 clericis
2751 768 2850 839 qui
2875 767 2944 821 ab
2965 766 3211 822 ecclesia
3235 765 3416 820 officio
3440 766 3617 821 diebus
3640 768 3797 823 solem~

2236 860 2403 915 nibus
2434 861 2659 915 desunt.

2311 957 2397 1010 65.
2446 954 2522 1010 De
2548 952 2726 1008 levitis
2778 955 2844 1007 ut
2895 969 3009 1007 non
3063 953 3185 1007 sine
3222 953 3383 1024 jussu
3419 953 3697 1024 presbyteri
3727 971 3796 1008 se-

2241 1047 2414 1103 deant

2311 1144 2397 1196 66.
2440 1141 2518 1194 De
2545 1139 2820 1195 ministris
2848 1156 2921 1194 ne
2955 1139 3322 1194 secretarium
3353 1140 3721 1211 ingrediantur.

2311 1238 2397 1289 67.
2439 1235 2521 1289 De
2550 1232 2838 1288 catholicis
2880 1250 2952 1288 ne
3010 1233 3406 1289 hareticorum
3445 1233 3708 1288 connubiis
3736 1249 3804 1288 co-

2239 1329 2530 1399 pulcntur.

2312 1423 2399 1475 68.
2440 1423 2516 1474 De
2544 1420 2726 1476 levitis
2753 1423 2810 1474 et
2835 1419 3056 1478 clericis
3086 1437 3158 1476 ne
3184 1421 3342 1491 magi
3380 1420 3466 1476 vel
3487 1420 3802 1475 incantatores

2241 1514 2371 1569 sint.

2313 1612 2401 1663 69.
2443 1610 2521 1662 De
2544 1607 2921 1678 seditionariis
2952 1607 3189 1662 clericis.

2161 1699 2218 1772 B
2314 1705 2400 1756 70.
2444 1703 2521 1756 De
2546 1701 2754 1755 scurris
2781 1706 2836 1755 et
2858 1700 3211 1771 jocularibus
3237 1700 3473 1755 clericis.

2314 1799 2403 1849 71.
2446 1796 2520 1847 De
2551 1794 2769 1866 synodo
2797 1793 2959 1848 annis
2990 1793 3229 1866 singulis
3257 1794 3654 1866 congreganda.

1252 2164 1666 2257 INCIPIT
1736 2163 2363 2260 CONCILIUM‘
2421 2166 3131 2260 AGATHENSE.

1451 2353 1659 2417 Tertio
1700 2352 1863 2417 Idus
1907 2354 2329 2438 Septembris,
2365 2357 2646 2424 Massale
2688 2357 2964 2422 consule.

592 2541 729 2596 Cum
772 2541 830 2597 in
861 2541 959 2598 Dei
985 2539 1219 2596 nomine
1266 2539 1325 2594 in
1356 2540 1579 2596 civitate
1606 2542 1919 2613 Agathensi
1945 2560 2150 2600 conve-

524 2636 821 2704 nissemus,
867 2640 925 2690 et
965 2635 1025 2690 in
1066 2634 1242 2689 sancti
1280 2634 1518 2690 Andrea
1542 2635 1776 2690 basilica
1815 2637 2156 2693 consedisse-

531 2745 678 2798 mus,
709 2730 777 2784 de
806 2727 1100 2799 disciplina
1126 2733 1182 2783 et
1224 2727 1674 2782 ordinationibus
1703 2728 2038 2784 clericorum
2067 2732 2152 2784 at-

531 2841 640 2896 que
679 2821 1029 2893 pontiﬁcum,
1061 2822 1147 2875 vel
1179 2821 1249 2876 de
1288 2821 1653 2874 ecclesiarum
1679 2821 2016 2877 utilitatibus
2045 2826 2158 2878 tra—

531 2916 757 2984 ctaturi,
793 2915 852 2970 in
881 2913 1081 2986 primis
1108 2914 1166 2968 id
1210 2913 1443 2985 placuit,
1484 2918 1549 2969 ut
1579 2930 1817 2970 canones
1860 2919 1916 2972 et
1950 2919 2157 2972 statuta

528 3013 755 3065 Patrum
785 3026 888 3081 per
913 3008 1175 3063 ordinem
1198 3008 1548 3078 legerentur.

600 3106 730 3160 CAP.
762 3104 804 3158 Ι.
832 3100 1045 3156 Placuit
1071 3101 1140 3156 de
1172 3100 1412 3171 digamis
1438 3106 1536 3156 aut
1570 3102 1899 3174 nuptiarum
1935 3103 2156 3159 maritis

535 3199 880 3270 (quanquam
911 3194 1066 3249 aliud
1090 3195 1324 3249 Patrum
1349 3197 1560 3252 statuta
1579 3195 1952 3268 decreverint)
1978 3197 2160 3268 utqui

528 3293 640 3346 buc
672 3305 847 3361 usque
876 3287 1120 3344 ordinati
1148 3293 1280 3342 sunt
1307 3288 1503 3343 habita
1529 3289 1887 3344 miseratione
1928 3290 2156 3362 presby-

531 3386 634 3441 teri
665 3385 752 3440 vel
779 3383 1005 3440 diaconi
1049 3399 1261 3440 nomen
1298 3386 1523 3440 tantum
1559 3385 1873 3454 obtineant,
1907 3384 2160 3441 ofﬁcium

529 3495 660 3534 vero
680 3477 1049 3535 consecrandi
1097 3477 1413 3549 presbyteri
1455 3481 1512 3532 et
1551 3478 1915 3534 ministrandi
1956 3479 2156 3551 hujus~

529 3575 683 3630 modi
710 3573 1013 3628 diaconem
1042 3587 1157 3626 non
1179 3575 1549 3642 prasumant.

600 3671 664 3726 ll.
697 3668 1068 3723 Contumaces
1093 3680 1225 3719 vero
1260 3665 1468 3735 clerici,
1501 3670 1670 3737 prout
1696 3665 1990 3738 dignitatis
2019 3666 2159 3721 ordo

531 3761 870 3836 permiserit,
887 3760 955 3815 ab
976 3758 1254 3831 episc0pis
1273 3759 1653 3831 corrigantur,
1673 3763 1730 3815 et
1749 3759 1796 3815 si
1816 3760 1942 3832 quis
1957 3759 2161 3832 prioris

531 3857 742 3930 gradus
770 3853 903 3910 elati
950 3853 1214 3925 superbia
1253 3853 1712 3909 communionem
1755 3854 1993 3909 fortasse
2023 3869 2158 3909 con-

532 3949 888 4024 tempserint,
916 3931 1014 4001 aut
1035 3946 1332 4001 ecclesiam
1369 3947 1759 4017 frequentare,
1793 3948 1881 4001 vel
1913 3947 2162 4002 ofﬁcium

533 4061 700 4099 suum
729 4042 968 4113 implere
998 4039 1376 4110 neglexerint,
1405 4039 1709 4110 peregrina
1734 4039 1813 4093 eis
1833 4039 2160 4094 communio

533 4137 836 4202 tribuatur,
865 4133 942 4187 ita
969 4134 1031 4186 ut
1054 4148 1182 4185 cum
1209 4147 1306 4186 eos
1332 4130 1664 4202 poenitentia
1689 4131 2020 4199 correxerit,
2048 4148 2161 4186 res-

534 4228 699 4300 cripti
729 4225 1028 4283 matricula
1054 4224 1294 4295 gradum
1328 4240 1496 4278 suum
1531 4224 1980 4296 dignitatemque
2015 4225 2158 4280 reci-

533 4322 710 4394 piant.

2329 2549 2388 2602 V.
2432 2547 2489 2602 Si
2522 2549 2648 2619 quis
2683 2547 2919 2603 clericus
2946 2549 3165 2603 furtum
3197 2546 3445 2603 ecclesia
3480 2542 3673 2605 fecerit,
3696 2556 3811 2612 pere-

2258 2641 2420 2711 grina
2443 2641 2498 2695 ei
2526 2641 2852 2696 communio
2877 2641 3180 2696 tribuatur.

2327 2735 2411 2788 Vl.
2454 2734 2750 2791 Pontiﬁces
2783 2751 2918 2789 vero
2965 2735 3168 2805 quibus
3204 2733 3263 2789 in
3313 2749 3530 2790 summo
3560 2726 3811 2786 sacerdotio

2257 2827 2572 2882 constitutis
2601 2827 2670 2881 ab
2716 2826 3001 2881 extraneis
3028 2827 3302 2882 duntaxat
3339 2825 3564 2898 aliquid,
3603 2825 3687 2878 aut
3716 2834 3811 2874 cum

2257 2920 2510 2987 ecclesia,
2553 2924 2653 2975 aut
2677 2921 3091 2992 sequestratim,
3130 2923 3230 2975 aut
3281 2919 3591 2986 dimittitur,
3628 2919 3712 2970 aut
3744 2912 3814 2966 do-

2255 3020 2442 3080 natur,
2471 3014 2604 3086 quia
2622 3014 2733 3069 hoc
2762 3014 2857 3070 ille
2885 3015 2984 3085 qui
3013 3015 3188 3069 donat
3209 3031 3317 3086 pro
3339 3010 3702 3083 redemptione
3724 3004 3813 3062 ani-

2256 3123 2367 3161 ma
2397 3123 2533 3176 sua,
2561 3123 2676 3161 non
2706 3123 2807 3177 pro
2838 3107 3139 3162 commodo
3177 3106 3482 3162 sacerdotis
3505 3105 3688 3160 offerre
3718 3114 3812 3171 pro-

2257 3199 2441 3268 batur,
2474 3215 2589 3254 non
2616 3201 2778 3272 quasi
2815 3217 2981 3255 suum
3015 3200 3338 3272 proprium,
3375 3199 3472 3256 sed
3500 3195 3644 3270 quasi
3666 3192 3814 3250 dimis-

2259 3309 2386 3347 sum
2417 3293 2660 3348 ecclesia
2704 3294 2854 3349 inter
2900 3295 3198 3348 facultates
3241 3294 3491 3349 ecclesia
3531 3284 3817 3361 computabi-

2259 3390 2373 3455 tur,
2415 3386 2552 3457 quia
2569 3387 2789 3456 justum
2829 3391 2933 3455 est,
2968 3394 3027 3442 ut
3056 3388 3198 3442 sicut
3231 3388 3490 3444 sacerdos
3527 3384 3678 3440 habet
3702 3376 3818 3452 quod

2261 3480 2505 3536 ecclesia
2531 3479 2829 3534 dimissum
2870 3485 2972 3548 est,
3006 3482 3086 3535 ita
3130 3484 3188 3536 et
3225 3481 3460 3537 ecclesia
3487 3479 3676 3534 habeat
3703 3469 3819 3545 quod

2259 3574 2604 3645 relinquitur
2627 3573 2926 3629 sacerdoti.
2959 3574 3107 3630 Sane
3138 3574 3416 3646 quidquid
3442 3589 3542 3646 per
3565 3569 3679 3625 ﬁdei
3702 3580 3816 3621 com-

2261 3667 2499 3723 missum
2528 3670 2626 3721 aut
2650 3667 2950 3735 sacerdoti,
2978 3672 3074 3722 aut
3098 3666 3354 3723 ecclesia
3377 3667 3606 3722 fortasse
3633 3657 3817 3718 dimitti-

2263 3764 2355 3816 tur
2374 3762 2689 3832 cuicunque
2717 3760 2810 3815 alii
2836 3761 3197 3832 postmodum
3235 3761 3609 3834 profuturum,
3641 3756 3689 3810 id
3709 3753 3820 3806 inter

2259 3855 2548 3911 facultates
2572 3871 2696 3909 suas
2726 3855 2964 3909 ecclesia
2987 3860 3336 3928 computare,
3363 3858 3460 3910 aut
3491 3853 3711 3909 retinere
3738 3858 3821 3899 non

2260 3948 2490 4020 poterit.

2335 4043 2443 4096 νη.
2490 4041 2731 4097 Casellas
2775 4058 2910 4097 vero
2955 4044 3043 4096 vel
3095 4043 3438 4115 mancipiola
3489 4037 3710 4098 ecclesia
3741 4029 3823 4104 epi-

2261 4135 2437 4206 scopi,
2467 4135 2611 4189 sicut
2639 4135 2822 4207 prisca
2849 4152 3133 4192 canonum
3157 4139 3429 4210 pracepit
3453 4132 3741 4193 auctoritas,
3762 4123 3821 4178 Vel

2260 4245 2390 4283 vasa
2417 4228 2740 4298 ministerii,
2771 4230 2933 4301 quasi
2963 4231 3365 4286 commendata
3403 4229 3552 4285 ﬁdeli
3591 4217 3822 4298 proposito

2262 4322 2321 4377 in
2347 4323 2574 4394 integro
2614 4323 2863 4378 ecclesia
2895 4324 3027 4395 jure
3069 4323 3368 4395 possideat,
3409 4324 3466 4378 id
3509 4324 3586 4377 est
3611 4323 3663 4373 ut
3683 4324 3820 4383 neque

606 4417 692 4471 lll.
726 4412 988 4487 Episcopi
1009 4429 1140 4469 vero
1171 4411 1216 4466 si
1240 4411 1568 4467 sacerdotali
1593 4412 1989 4468 moderatione
2014 4417 2166 4485 post-
2182 4417 2242 4490 D
2265 4417 2528 4485 vendere,
2553 4433 2741 4487 neque
2763 4432 2865 4487 per
2889 4433 3257 4488 quoscunque
3285 4419 3597 4474 contractus
3614 4428 3691 4466 res
3712 4403 3822 4461 unde

534 4510 738 4583 posita,
787 4509 1134 4574 innocentes,
1187 4509 1286 4560 aut
1323 4505 1576 4561 minimis
1622 4507 1804 4561 causis
1858 4507 2166 4579 culpabiles

537 4603 1028 4660 excommunicare
1054 4599 1544 4672 prasumpserint,
1575 4605 1672 4655 aut
1710 4600 1780 4655 ad
1812 4601 2056 4671 gratiam
2081 4602 2161 4656 fc-

536 4698 809 4753 stinantes
839 4697 1092 4768 recipere
1120 4695 1358 4751 fortasse
1390 4694 1696 4762 noluerint,
1741 4712 1774 4748 a
1802 4694 2000 4750 vicinis
2044 4695 2162 4766 epi-

536 4791 718 4863 scopis
745 4789 1048 4862 cujuslibet
1072 4787 1376 4861 provincia
1408 4789 1611 4843 litteris
1638 4793 2004 4858 moneantur,
2037 4793 2092 4843 et
2119 4788 2166 4843 si

532 4901 767 4958 parcere
794 4883 1100 4950 noluerint,
1133 4882 1455 4937 communio
1475 4881 1585 4936 illis
1615 4883 1687 4937 ad
1708 4885 1934 4952 tempus
1962 4881 2165 4952 synodi

532 4996 565 5036 a
591 4978 826 5050 reliquis
861 4977 1142 5049 episcopis
1178 4977 1508 5046 denegetur,
1549 4993 1619 5030 ne
1657 4975 1892 5030 fortasse
1927 4981 2166 5046 propter

537 5070 1108 5129 excommunicatoris
1149 5075 1443 5142 peccatum
1477 5067 1950 5124 excommunicati
1987 5069 2162 5139 longo

534 5173 796 5240 tempore
826 5169 1011 5222 morte
1031 5163 1479 5236 praveniantur.
1667 5174 1692 5184 "
1937 5225 1940 5228 ,

605 5264 691 5318 ιν.
739 5259 935 5317 Clerici
992 5259 1163 5314 etiam
1216 5258 1304 5311 vel
1357 5256 1650 5310 saculares
1703 5255 1798 5325 qui
1851 5254 2165 5309 oblationes

532 5359 835 5428 parentum
862 5357 962 5409 aut
988 5352 1242 5420 donatas,
1278 5354 1378 5405 aut
1403 5351 1747 5404 testamento
1779 5349 2004 5402 relictas
2027 5348 2162 5402 reti-

534 5467 669 5505 nere
698 5446 1074 5521 perstiterint,
1101 5448 1200 5499 aut
1226 5443 1282 5498 id
1312 5442 1466 5513 quod
1492 5442 1598 5513 ipsi
1619 5442 1972 5496 donaverunt
1997 5441 2164 5497 eccle-

530 5543 627 5598 siis
675 5543 761 5598 vel
800 5538 1162 5596 monasteriis
1217 5535 1517 5592 crediderit
1553 5536 1970 5603 auferendum,
2021 5535 2165 5590 sicut

529 5636 780 5705 synodus
807 5637 1002 5691 sancta
1031 5631 1345 5698 constituit,
1396 5630 1552 5685 velut
1589 5635 1885 5684 necatores
1943 5645 2159 5700 paupe-

532 5743 657 5780 rum
689 5743 979 5800 quousque
1006 5725 1270 5796 reddant,
1302 5724 1372 5780 ab
1403 5722 1639 5780 ecclesia
1664 5723 2053 5780 excludantur.

2264 4525 2545 4581 pauperes
2573 4509 2770 4563 vivunt
2797 4509 3046 4564 alienare
3066 4514 3448 4580 prasumant;
3469 4507 3608 4580 quod
3627 4504 3666 4558 si
3684 4511 3824 4555 neces-

2266 4603 2397 4656 sitas
2436 4602 2797 4673 compulerit,
2854 4607 2916 4657 ut
2965 4619 3066 4673 pro
3105 4604 3354 4659 ecclesia
3393 4599 3719 4662 necessitate,
3755 4589 3824 4645 aut

2266 4695 2526 4765 utilitate,
2578 4696 2666 4750 vel
2715 4697 3040 4751 usufructus
3092 4696 3178 4751 vel
3242 4697 3514 4753 indirecta
3559 4687 3821 4747 venditione

2264 4788 2480 4860 aliquid
2505 4789 2875 4858 distrahatur,
2904 4788 3058 4861 apud
3095 4789 3233 4845 duos
3261 4791 3352 4846 vel
3390 4793 3499 4845 tres
3524 4777 3821 4855 comprovin-

2265 4883 2432 4937 ciales
2461 4882 2546 4937 vel
2585 4882 2796 4936 vicinos
2849 4883 3141 4953 episcopos
3188 4901 3356 4938 causa
3399 4899 3510 4954 qua
3545 4889 3740 4935 necesse
3774 4867 3826 4920 sit

2264 4976 2430 5031 vendi
2454 4975 2718 5047 primitus
2758 4977 3177 5047 comprobetur,
3225 4982 3287 5032 ut
3317 4977 3510 5032 habita
3543 4965 3825 5028 discussione

2265 5069 2617 5138 sacerdotali,
2676 5083 2873 5123 eorum
2915 5069 3330 5141 subscriptione
3377 5086 3501 5141 qua
3536 5069 3668 5122 facta
3699 5051 3827 5114 fuerit

2264 5162 2514 5217 venditio
2551 5162 2868 5232 roboratur,
2913 5163 3076 5217 aliter
3119 5163 3266 5219 facta
3312 5162 3555 5219 venditio
3589 5157 3665 5212 vel
3689 5160 3827 5208 σω

2265 5255 2409 5310 actio
2444 5271 2561 5309 non
2603 5255 2830 5309 valebit.
2881 5256 3028 5311 Sane
3056 5256 3101 5309 si
3148 5272 3288 5327 quos
3313 5257 3382 5311 de
3423 5252 3587 5310 servis
3628 5239 3824 5303 ecclesia?

2265 5348 2412 5403 bene
2441 5347 2672 5403 meritos
2702 5347 2806 5401 sibi
2838 5348 3135 5420 episc0pus
3167 5349 3415 5404 libertati
3447 5339 3725 5404 donaverit,
3747 5330 3826 5387 col-

2263 5441 2435 5496 latam
2477 5457 2510 5495 a
2554 5441 2966 5496 successoribus
3009 5441 3325 5498 libertatem
3362 5439 3566 5513 placuit
3609 5420 3824 5489 custodiri

2265 5551 2394 5590 cum
2423 5536 2529 5590 hoc
2559 5536 2713 5607 quod
2739 5535 2818 5589 eis
2849 5536 3232 5592 manumissor
3260 5537 3319 5592 in
3351 5535 3598 5592 libertate
3621 5518 3822 5613 contule:

2264 5628 2359 5698 rit,
2387 5629 2539 5700 quod
2572 5631 2763 5684 tamen
2782 5629 3051 5701 jubemus
3095 5630 3296 5702 viginti
3329 5627 3625 5684 solidorum
3647 5623 3822 5673 numer1

2266 5723 2502 5779 modum
2542 5722 2598 5778 in
2645 5724 2857 5781 terrula
2902 5722 3144 5794 vineola,
3195 5725 3280 5781 vel
3323 5717 3613 5795 hospitiolo
3651 5716 3819 5768 tenere,
