3964 6178
170 310 243 361 404
1319 293 1787 350 DECRETALIUM

166 411 285 482 quod
311 404 524 476 amplius
549 402 747 457 datum
767 402 944 456 fuerit
968 405 1097 473 post
1118 401 1552 456 manumissoris
1573 417 1722 456 mor-
1743 413 1802 488 Α

166 511 257 559 tem
283 498 498 556 ecclesia
527 499 833 551 revocetur.
861 495 1042 550 Minus
1093 495 1258 551 utiles
1287 495 1602 566 peregrinis
1632 495 1720 552 vel

163 594 334 652 clericis
355 593 490 647 salvo
512 591 638 662 jure
669 588 919 645 ecclesia
963 589 1024 644 in
1062 604 1232 644 usum
1284 591 1550 662 praestare
1597 605 1720 661 per-

162 689 403 745 mittimus.

214 783 318 837 Vlll.
346 780 398 835 Id
426 779 589 833 etiam
621 777 852 850 placuit,
885 780 950 833 ut
975 778 1022 832 si
1053 777 1293 832 clericus
1318 776 1514 832 relicto
1536 776 1720 831 ofﬁcio

160 893 237 931 suo
277 877 486 946 propter
528 872 939 928 districtionem
985 871 1057 925 ad
1101 871 1430 925 sacularem
1479 871 1720 927 fortasse

158 968 441 1040 confugerit,
473 970 526 1022 et
551 967 598 1021 is
622 967 693 1020 ad
720 982 894 1037 quem
938 966 1179 1021 recurrit
1223 964 1489 1020 solatium
1531 964 1584 1019 ei
1619 964 1716 1019 de-

157 1061 377 1118 fensionis
401 1059 754 1132 impenderit,
783 1076 913 1117 cum
943 1059 1148 1116 eodem
1177 1059 1245 1116 de
1273 1058 1529 1114 ecclesia
1561 1074 1718 1113 com-

155 1157 377 1212 munione
400 1154 648 1226 pellatur.

207 1253 273 1306 IX.
299 1248 496 1303 Placuit
537 1247 728 1316 etiam,
776 1250 841 1302 ut
893 1246 940 1300 si
983 1247 1298 1319 presbyteri
1349 1247 1438 1302 vel
1491 1246 1720 1302 diaconi

155 1342 389 1413 conjugati
433 1342 500 1396 ad
545 1346 733 1398 torum
778 1357 1024 1396 uxorum
1047 1357 1279 1396 suarum
1310 1340 1495 1396 redire
1521 1341 1718 1396 volue-

154 1438 254 1502 rint,
287 1451 431 1507 papa
472 1435 787 1490 Innocentii
811 1434 1117 1505 ordinatio,
1147 1435 1233 1491 vel
1260 1434 1443 1490 Siricii
1469 1435 1721 1506 episcopi

155 1529 403 1584 auctoritas
425 1532 816 1595 conservetur;
848 1529 997 1600 quod
1037 1529 1083 1583 si
1111 1529 1182 1584 ad
1211 1528 1434 1600 aliquos
1475 1529 1722 1583 formula

151 1623 222 1677 illa
241 1622 602 1678 ecclesiastica
628 1622 778 1689 vita,
822 1622 1037 1693 pariter
1081 1625 1139 1676 et
1186 1622 1496 1693 disciplina
1535 1638 1660 1694 qua
1686 1639 1720 1677 a

151 1715 299 1771 Siricio
323 1717 575 1788 episcopo
603 1717 674 1770 ad
699 1715 1022 1787 provincias
1047 1716 1404 1783 commeavit,
1433 1732 1550 1770 non
1582 1732 1718 1787 pro-

151 1809 326 1863 babitur
347 1811 681 1880 pervenisse,
715 1810 769 1865 ei
799 1810 965 1880 signo
995 1810 1234 1864 rationis
1276 1810 1444 1864 venia
1475 1810 1716 1865 remitti-
1741 1787 1796 1859 Β

150 1907 231 1969 tur,
255 1903 319 1956 ita
335 1907 393 1957 ut
415 1903 481 1958 de
507 1907 716 1958 catero
748 1903 976 1974 penitus
1010 1902 1287 1974 incipiant
1329 1903 1632 1969 abstinere,
1665 1907 1723 1958 et

151 1994 208 2048 ita
227 1995 402 2067 gradus
423 2013 551 2052 suos
592 1997 652 2051 in
682 1996 890 2068 quibus
932 1996 1149 2052 inventi
1196 1996 1412 2051 fuerint
1456 1997 1535 2050 sic
1583 1996 1718 2050 reti-

150 2094 294 2157 neant,
316 2093 374 2144 ut
394 2089 462 2144 ad
490 2090 716 2160 potiora
759 2090 840 2146 eis
870 2106 984 2144 non
1029 2089 1197 2145 liceat
1229 2089 1560 2157 ascendere,
1589 2089 1718 2161 qui-

148 2179 224 2235 bus
245 2181 293 2236 in
312 2182 577 2238 beneﬁcio
596 2198 715 2238 esse
736 2183 923 2251 debet,
947 2183 1100 2254 quod
1121 2183 1310 2238 locum
1335 2183 1525 2254 ipsum
1545 2199 1719 2254 quem

148 2275 341 2331 retinent
364 2293 472 2331 non
509 2277 816 2344 amittunt;
846 2277 891 2331 si
933 2277 1034 2348 qui
1059 2279 1251 2331 autem
1282 2276 1450 2332 scisse
1476 2276 1720 2332 formam

146 2368 316 2424 vivendi
337 2371 560 2426 missam
605 2387 640 2425 a
679 2375 875 2425 sancto
923 2369 1118 2425 Siricio
1158 2369 1420 2441 episc0po
1451 2371 1722 2441 detegun-

144 2465 228 2530 tur,
252 2479 409 2535 neque
434 2465 627 2520 statim
670 2463 1007 2535 cupiditates
1037 2462 1286 2518 libidinis
1313 2463 1607 2534 abjecisse,
1638 2463 1719 2518 illi

145 2559 242 2609 sunt
279 2558 445 2613 modis
477 2557 747 2612 omnibus
773 2556 1160 2624 submovendi,
1189 2573 1256 2612 eo
1285 2557 1437 2629 quod
1469 2560 1597 2628 post
1625 2557 1722 2612 ad-

144 2651 458 2707 monitionem
483 2653 779 2724 cognitam
818 2649 1265 2722 praponendam
1302 2650 1559 2705 arbitrati
1588 2655 1723 2706 sunt

144 2743 449 2814 voluptatem.

193 2837 240 2891 Χ.
266 2839 316 2894 Id
352 2840 518 2895 etiam
575 2839 646 2894 ad
690 2838 1122 2894 custodiendam
1167 2837 1339 2892 vitam
1393 2841 1451 2892 et
1501 2838 1720 2892 famam

143 2931 320 3000 speciali
347 2931 706 2988 ordinatione
750 2931 1132 3002 pracipimus,
1165 2935 1231 2986 ut
1259 2931 1447 2985 nullus
1489 2930 1720 2986 clerico-

139 3037 235 3077 rum
259 3030 516 3082 extranea
566 3025 793 3081 mulieri
833 3024 1087 3096 qualibet
1130 3023 1448 3092 collatione,
1495 3029 1593 3079 aut
1636 3024 1717 3080 fa-

139 3117 402 3174 miliaritate
421 3120 728 3192 jungatur,
761 3123 818 3174 et
861 3135 980 3233 nqn
1029 3119 1213 3233 solum
1255 3117 1324 3221 in.
1356 3118 1524 3233 domo
1565 3117 1718 3172 illius
1738 3158 1794 3233 Ο

139 3214 357 3266 extranea
384 3212 594 3269 mulier
617 3229 734 3267 non
768 3210 1019 3281 accedat,
1053 3209 1154 3265 sed
1181 3226 1285 3266 nec
1311 3210 1432 3281 ipse
1462 3211 1720 3282 frequen-

139 3303 258 3356 tandi
287 3309 606 3362 extraneam
648 3305 949 3361 mulierem
985 3304 1191 3359 habeat
1219 3306 1586 3375 potestatem;
1619 3303 1719 3360 sed

137 3411 232 3451 cum
273 3405 438 3456 matre
477 3404 732 3467 tantum,
764 3414 975 3466 sorore,
1006 3397 1125 3453 tilia
1165 3398 1253 3453 vel
1296 3401 1487 3470 nepte,
1530 3398 1578 3452 si
1616 3398 1716 3453 ha-

140 3487 299 3558 buerit,
329 3498 421 3548 aut
448 3492 696 3548 voluerit
729 3491 954 3548 vivendi
981 3492 1220 3548 liberam
1252 3491 1424 3546 habet
1463 3494 1716 3562 potesta-

136 3584 238 3649 tem,
264 3584 326 3639 de
354 3587 562 3658 quibus
593 3585 919 3641 nominibus
937 3586 1099 3641 nefas
1119 3589 1205 3640 est
1230 3583 1386 3640 aliud
1413 3601 1590 3656 quam
1623 3600 1721 3639 na-

136 3679 232 3730 tura
255 3679 525 3736 constituit
553 3679 858 3750 suspicari.

186 3770 253 3825 XI.
275 3773 500 3828 Ancillas
524 3772 621 3828 vel
649 3772 883 3837 libertas
910 3788 945 3826 a
979 3771 1208 3827 cellario
1236 3772 1323 3826 vel
1353 3775 1568 3826 secreto
1607 3769 1718 3824 mi-

135 3862 341 3933 nisterio,
365 3868 511 3923 etab
538 3866 748 3922 eadem
778 3865 1072 3922 mansione
1096 3865 1157 3920 in
1183 3881 1300 3937 qua
1328 3864 1566 3920 clericus
1595 3880 1716 3919 ma-

134 3961 221 4023 net,
245 3960 434 4029 placuit
460 3959 763 4017 removeri.

185 4050 268 4106 XII.
293 4054 494 4109 Placuit
542 4053 740 4120 etiam,
795 4056 860 4108 ut
905 4067 1102 4108 omnes
1146 4051 1414 4122 ecclesia,
1474 4052 1721 4124 exceptis

133 4141 289 4199 diebus
314 4145 624 4203 Dominicis
664 4146 724 4201 in
768 4144 1226 4218 quadragesima,
1258 4145 1431 4200 etiam
1465 4145 1555 4201 die
1580 4145 1717 4201 Sab-

132 4232 245 4303 bato,
268 4240 596 4296 sacerdotali
627 4240 905 4307 oratione,
934 4241 993 4293 et
1026 4238 1381 4294 discretionis
1410 4240 1720 4294 commina-

130 4327 243 4384 tione
261 4333 534 4403 jejunent.

182 4422 283 4479 XIII.
311 4426 644 4497 Symbolum
677 4427 848 4481 etiam
891 4425 1108 4497 placuit
1132 4425 1203 4479 ab
1229 4424 1498 4479 omnibus
1536 4425 1716 4479 eccle-

1823 292 2208 350 COLLECTIO.
3348 307 3451 360 402

1822 400 1976 456 ribus
2000 417 2173 471 quam
2216 401 2419 473 viginti
2459 403 2710 478 quinque
2749 421 3034 461 annorum
3064 408 3292 479 penitus
3337 428 3453 467 non

1822 493 2164 563 committat,
2198 511 2331 550 sane
2375 496 2420 550 si
2458 498 2752 570 conjugati
2785 499 3026 569 juvenes
3068 504 3460 560 consenserint

1821 587 2092 656 ordinari,
2125 594 2183 644 et
2207 605 2447 644 uxorum
2475 590 2731 646 voluntas
2759 593 2837 647 ita
2865 594 3207 665 requirenda
3248 601 3353 667 est,
3388 602 3456 655 ut

1823 686 2174 753 sequestrato
2203 683 2519 737 mansionis
2542 684 2819 753 cubiculo,
2840 687 3115 757 religione
3139 690 3452 760 praemissa,

1819 779 2186 847 posteaquam
2231 776 2448 848 pariter
2485 778 2738 832 conversi
2764 778 2999 849 fuerint,
3025 781 3379 839 ordinentur.

1889 869 2044 923 XVII.
2080 868 2477 941 Presbyterum
2523 887 2654 926 vero
2701 872 2786 926 vel
2835 873 3166 945 episcopum
3193 880 3324 932 ante
3353 878 3453 933 tri-

1822 962 1984 1033 ginta
2015 979 2214 1030 annos,
2247 962 2305 1018 id
2333 967 2420 1018 est
2446 967 2753 1036 antequam
2800 966 2870 1020 ad
2911 967 3016 1020 viri
3054 968 3288 1040 perfecti
3313 974 3452 1026 ata-

1821 1058 1936 1110 tem
1977 1055 2290 1126 perveniat,
2341 1057 2528 1112 nullus
2574 1059 3148 1130 metropolitanorum
3194 1062 3454 1119 ordinare

1817 1155 2146 1220 prasumat,
2176 1166 2248 1204 ne
2277 1167 2379 1221 per
2409 1155 2636 1206 atatem
2685 1150 2859 1226 (quod
2903 1153 3205 1228 aliquoties
3246 1157 3452 1228 evenit)

1819 1243 2011 1313 aliquo
2041 1259 2233 1298 errore
2259 1245 2576 1316 culpentur.

1890 1337 2060 1390 XVIII.
2110 1336 2420 1393 Saculares
2460 1337 2559 1410 qui
2604 1339 2665 1393 in
2715 1340 2891 1395 natali
2931 1341 3175 1409 Domini,
3217 1343 3453 1412 Pascha,

1819 1431 2147 1485 Pentecoste
2176 1447 2294 1486 non
2316 1431 2880 1504 communicaverint,
2911 1434 3170 1491 catholici
3195 1451 3310 1492 non
3336 1451 3457 1494 cre-

1821 1523 2048 1593 dantur,
2080 1540 2184 1580 nec
2208 1525 2358 1580 inter
2381 1525 2689 1581 catholicos
2718 1527 3060 1583 habeantur.

1892 1618 2018 1672 XIX.
2048 1617 2538 1688 Sanctimoniales,
2579 1621 3005 1690 quantumlibet
3031 1621 3143 1677 vita
3170 1638 3368 1678 eorum
3400 1628 3458 1681 et

1820 1726 2012 1765 mores
2037 1711 2259 1782 probati
2289 1713 2424 1779 sint,
2451 1716 2583 1768 ante
2609 1729 2826 1769 annum
2858 1715 3043 1770 atatis
3073 1732 3189 1770 sua
3219 1717 3459 1790 quadra-

1822 1803 2107 1875 gesimum
2139 1821 2256 1860 non
2284 1807 2563 1862 velentur.

1889 1899 1992 1952 XX.
2022 1898 2225 1955 Clerici
2251 1899 2350 1970 qui
2379 1916 2603 1954 comam
2628 1901 2907 1964 nutriunt,
2933 1903 3004 1957 ab
3029 1903 3452 1976 archidiacono,

1820 1991 2044 2046 etiamsi
2077 1992 2382 2062 noluerint,
2423 1993 2582 2047 inviti
2627 1994 3073 2064 detondeantur;
3119 1997 3456 2053 vestimenta

1819 2085 1906 2139 vel
1934 2084 2301 2141 calciamenta
2329 2085 2506 2141 etiam
2536 2087 2638 2154 eis,
2669 2087 2777 2142 nisi
2802 2105 2930 2160 qua
2974 2089 3312 2162 religionem
3348 2091 3451 2147 de-
3539 2085 3544 2090 ’

1819 2183 2007 2245 ceant,
2037 2179 2121 2234 uti
2149 2184 2247 2234 aut
2274 2179 2487 2234 habere
2513 2196 2628 2235 non
2657 2180 2845 2236 liceat.

1891 2273 2018 2327 XXI.
2077 2272 2131 2328 Si
2177 2273 2303 2344 quis
2351 2273 2526 2329 etiam
2569 2278 2729 2330 extra
2775 2276 3080 2347 parochias
3128 2278 3188 2333 in
3248 2280 3457 2352 quibus

1820 2365 2110 2437 legitimus
2129 2370 2217 2421 est
2241 2367 2676 2440 ordinariusque
2707 2373 3040 2439 conventus,
3065 2368 3373 2429 oratorium
3395 2375 3457 2430 in

1818 2475 1959 2530 agro
1985 2459 2197 2514 habere
2242 2461 2502 2530 voluerit,
2557 2461 2788 2533 reliquis
2830 2463 3244 2536 festivitatibus,
3283 2469 3351 2523 ut
3380 2466 3458 2522 ibi

1820 2552 2022 2607 missas
2064 2557 2262 2608 teneat
2305 2558 2544 2626 propter
2588 2555 2988 2626 fatigationem
3023 2558 3258 2614 familia
3291 2561 3458 2630 juxta

1821 2647 2083 2701 ordinem
2115 2647 2523 2718 permittimus,
2553 2649 2762 2703 Pascha
2791 2666 2944 2718 vero,
2983 2651 3159 2706 natali
3203 2653 3454 2722 Domini,

1820 2740 2160 2811 Epiphania,
2192 2741 2533 2796 Ascensione
2575 2742 2818 2809 Domini,
2861 2745 3209 2813 Pentecoste,
3256 2749 3315 2801 et
3353 2763 3452 2802 na-

1821 2833 1918 2888 tali
1957 2833 2134 2888 sancti
2160 2834 2387 2888 Joannis
2417 2835 2703 2906 Baptista,
2733 2838 2789 2890 et
2819 2836 2866 2890 si
2893 2853 3020 2908 qua
3058 2839 3305 2894 maxime
3333 2839 3454 2896 dies

1820 2926 1880 2981 in
1924 2926 2316 2982 festivitatibus
2355 2928 2659 2997 habentur,
2711 2946 2828 2984 non
2873 2929 2982 2984 nisi
3022 2931 3082 2985 in
3113 2931 3453 3003 civitatibus,

1822 3023 1921 3075 aut
1945 3020 2227 3091 parochiis
2250 3025 2500 3091 teneant,
2533 3022 2720 3078 clerici
2763 3039 2898 3079 vero
2930 3024 2976 3078 si
3003 3025 3098 3096 qui
3133 3025 3195 3080 in
3238 3026 3454 3082 festivi-

1819 3113 2032 3169 tatibus
2063 3131 2202 3185 quas
2230 3131 2404 3187 supra
2433 3115 2681 3171 diximus
2699 3116 2759 3171 in
2781 3117 3061 3187 oratoriis,
3086 3118 3196 3173 nisi
3214 3119 3456 3190 jubente

1817 3213 1916 3262 aut
1943 3208 2312 3278 permittente
2340 3209 2627 3281 episcopo,
2657 3211 2843 3266 facere
2889 3214 2991 3266 aut
3037 3215 3234 3269 tenere
3261 3214 3454 3270 volue-

1817 3301 1952 3368 rint,
1979 3317 2012 3355 a
2037 3301 2437 3359 communione
2467 3303 2767 3375 pellantur.

1889 3395 2043 3450 XXII.
2071 3397 2139 3452 Et
2167 3395 2302 3451 licet
2321 3398 2676 3468 superﬂuum
2703 3398 2776 3452 sit
2797 3398 2867 3454 de
2886 3415 2948 3453 re
2971 3403 3109 3454 nota
3129 3403 3188 3454 et
3204 3400 3455 3472 antiquis

1818 3488 2129 3544 canonibus
2155 3489 2461 3560 prohibita,
2494 3491 2708 3563 aliquid
2738 3491 2941 3547 iterato
2973 3492 3231 3560 definire,
3259 3498 3454 3549 tamen

1817 3586 1883 3636 ut
1919 3581 2140 3636 facilius
2168 3582 2462 3653 cupiditas,
2491 3589 2590 3639 aut
2617 3585 2952 3655 improbitas
2988 3585 3360 3656 reprimatur,
3393 3587 3456 3642 id

1821 3675 2124 3730 statuimus
2148 3675 2304 3748 quod
2332 3693 2528 3732 omnes
2565 3677 2794 3747 jubent,
2827 3681 2890 3732 ut
2916 3677 3308 3745 civitanenses,
3342 3679 3458 3736 sive

1819 3768 2118 3824 dioecesani
2143 3769 2478 3840 presbyteri,
2501 3771 2586 3824 vel
2615 3770 2826 3841 clerici,
2849 3771 2998 3827 salvo
3018 3772 3150 3842 jure
3179 3773 3454 3844 ecclesia,

1819 3877 1941 3917 rem
1994 3863 2244 3918 ecclesia
2291 3863 2452 3932 (sicut
2480 3864 2862 3935 permiserunt
2898 3865 3167 3936 episcopi)
3197 3869 3456 3935 teneant,

1819 3955 2084 4023 vendere,
2113 3959 2212 4011 aut
2239 3957 2450 4012 donare
2476 3958 2708 4029 penitus
2736 3973 2850 4012 non
2887 3962 3264 4030 prasumant;
3300 3960 3456 4034 quod

1819 4049 1864 4104 si
1894 4049 2154 4119 fecerint,
2187 4056 2244 4106 et
2271 4051 2419 4105 facta
2466 4051 2724 4107 venditio
2768 4068 2883 4106 non
2927 4051 3154 4120 valebit,
3185 4054 3243 4106 et
3271 4052 3342 4107 de
3368 4053 3456 4107 fa-

1820 4143 2140 4212 cultatibus,
2171 4144 2216 4199 si
2247 4161 2389 4216 quas
2417 4144 2629 4200 habent
2647 4145 2905 4216 proprias
2924 4145 3260 4200 indemnem
3287 4146 3459 4202 eccle-

1819 4237 1966 4292 siam
1993 4238 2252 4306 reddant,
2284 4241 2340 4294 et
2365 4238 2773 4294 communione
2800 4239 3114 4311 priventur.

1891 4332 2064 4386 XXIII.
2095 4332 2503 4403 Episcoporum
2526 4332 2698 4388 etiam
2717 4349 2966 4405 quorum
2994 4332 3105 4387 vita
3129 4349 3244 4388 non
3266 4349 3462 4404 repre-

1820 4425 2110 4492 henditur,
2150 4426 2527 4496 posteriorem
2564 4426 2737 4497 priori
2773 4426 2964 4481 nullus
2985 4425 3111 4498 96
3133 4429 3456 4498 praponat,

130 4513 201 4567 siis
219 4533 315 4572 una
341 4520 447 4589 die,
479 4521 541 4576 id
587 4524 670 4575 est
697 4523 829 4574 ante
879 4523 1004 4574 octo
1030 4517 1150 4574 dies
1187 4517 1500 4573 Dominica
1526 4534 1718 4572 resur-
1738 4528 1798 4601 D
1823 4517 1928 4572 nisi
1953 4518 2099 4573 forte
2130 4519 2311 4574 elatus
2330 4519 2613 4590 superbia,
2638 4520 2790 4591 quod
2810 4535 2914 4590 pro
2937 4519 3266 4574 necessitate
3287 4519 3462 4574 eccle-

133 4610 365 4682 rectionis,
395 4615 626 4686 publice
668 4613 725 4668 in
759 4612 996 4668 ecclesia
1023 4611 1480 4684 competentibus
1507 4611 1718 4683 pradi-

133 4715 247 4758 care.

187 4796 290 4853 XIV.
315 4801 526 4857 Altaria
550 4799 763 4873 placuit
791 4816 906 4854 non
933 4799 1122 4854 solum
1149 4799 1420 4855 unctione
1450 4799 1720 4855 chrisma-

135 4887 200 4952 tis,
223 4893 305 4947 sed
331 4895 502 4950 etiam
534 4893 864 4950 sacerdotali
893 4891 1291 4949 benedictione
1343 4893 1572 4948 sacrari.

184 4982 269 5038 XV.
318 4989 656 5045 Panitentes
698 4992 958 5058 tempore
1004 5003 1119 5058 quo
1169 4986 1564 5058 paenitentiam
1617 5003 1717 5059 pe-

132 5076 244 5145 tunt,
278 5080 700 5153 impositionem
729 5097 970 5136 manum
1017 5085 1074 5135 et
1114 5081 1359 5135 cilicium
1412 5097 1584 5152 super
1625 5097 1716 5136 ca-

133 5174 253 5234 puta
274 5177 579 5243 sacerdote,
607 5175 752 5230 sicut
781 5173 992 5245 ubique
1024 5173 1392 5229 constitutum
1439 5177 1545 5240 est,
1578 5191 1717 5230 con-

131 5270 434 5330 sequantur:
463 5270 509 5324 si
553 5272 748 5324 autem
798 5283 987 5322 comas
1034 5283 1153 5320 non
1192 5266 1581 5337 deposuerint,
1623 5273 1722 5322 aut

130 5357 415 5416 Vestimenta
443 5378 566 5416 non
593 5359 955 5426 mutaverint,
1007 5358 1362 5430 abjiciantur,
1393 5363 1450 5414 et
1474 5359 1582 5414 nisi
1630 5359 1717 5414 di-

134 5459 219 5512 gne
239 5454 616 5521 panituerint,
646 5469 761 5508 non
787 5451 1169 5524 recipiantur;
1210 5449 1517 5522 juvenibus
1547 5451 1720 5506 etiam

132 5542 420 5604 pauit—entia
447 5564 568 5603 non
597 5547 759 5602 facile
787 5543 1197 5601 committenda
1225 5548 1311 5600 est
1334 5549 1565 5616 propter
1585 5548 1720 5600 ata-

130 5630 182 5682 tis
201 5634 570 5708 fragilitatem,
595 5640 861 5696 viaticum
888 5643 1082 5694 tamen
1127 5638 1188 5693 in
1232 5642 1415 5694 morte
1453 5639 1720 5694 omnibus

133 5727 289 5790 positis
314 5749 427 5788 non
448 5735 799 5805 negandum.

186 5818 294 5878 XVI.
339 5827 640 5900 Episcopus
688 5826 1149 5885 benedictionem
1179 5826 1510 5883 diaconatus
1540 5826 1720 5884 mino-

1822 4611 1918 4666 sia
1933 4610 2229 4682 episcopus
2237 4612 2472 4682 jusserit
2487 4611 2748 4682 implere,
2765 4617 3114 4680 contemnat,
3128 4628 3259 4666 sane
3276 4611 3321 4666 si
3339 4611 3460 4666 ofﬁ-

1821 4704 1972 4759 cium
1993 4704 2489 4759 archidiaconatus
2511 4709 2742 4776 proptor
2762 4705 3166 4776 simpliciorem
3192 4708 3458 4760 naturam

1821 4797 2078 4869 implere,
2106 4802 2204 4852 aut
2233 4798 2499 4869 expedire
2550 4797 2894 4869 nequiverit,
2940 4797 3035 4852 ille
3060 4798 3171 4853 loci
3215 4798 3298 4853 sui
3347 4815 3455 4854 no-

1820 4907 1952 4946 men
1983 4895 2178 4946 teneat
2203 4894 2260 4946 et
2287 4891 2705 4946 ordinationem
2731 4891 2983 4946 ecclesia
3013 4907 3186 4964 quem
3217 4892 3460 4966 elegerit

1821 4983 2116 5055 episcopus
2139 4984 2620 5056 praponendum.

1893 5079 2068 5133 XXIV.
2092 5079 2173 5132 De
2201 5077 2468 5149 expositis
2487 5078 2733 5133 inventis
2776 5079 2834 5133 id
2861 5078 3278 5135 observandum
3307 5079 3459 5150 quod

1814 5171 2154 5243 jamdudum
2181 5171 2432 5243 synodus
2459 5177 2656 5227 sancta
2683 5172 2992 5228 constituit.

1890 5265 2040 5320 XXV.
2074 5265 2131 5320 Si
2176 5282 2310 5320 vero
2360 5265 2661 5320 saculares
2717 5267 2818 5337 qui
2874 5267 3168 5338 conjugale
3222 5281 3458 5320 consor-

1818 5360 1966 5414 tium
1995 5359 2164 5431 culpa
2191 5359 2441 5430 graviori
2466 5359 2780 5429 dimittunt,
2797 5359 2886 5416 vel
2904 5361 3074 5416 etiam
3095 5357 3458 5425 dimiserunt,

1821 5457 1878 5507 et
1905 5454 2094 5507 nullas
2136 5469 2328 5507 causas
2377 5451 2592 5507 dissidii
2639 5453 3011 5524 probabiliter
3051 5453 3456 5523 proponentes,

1818 5552 2122 5618 propterea
2148 5546 2520 5601 matrimonia
2559 5563 2661 5601 sua
2689 5546 3001 5614 dimittunt,
3027 5549 3093 5599 ut
3116 5546 3215 5597 aut
3239 5541 3452 5611 illicita,

1819 5643 1920 5694 aut
1945 5639 2135 5695 aliena
2163 5642 2533 5711 prasumant,
2563 5639 2606 5692 si
2634 5641 2935 5708 antequam
2971 5636 3123 5708 apud
3160 5634 3458 5706 episcopos

1818 5733 2197 5804 provinciales
2225 5732 2441 5788 dissidii
2467 5748 2664 5788 causas
2689 5730 2954 5799 dixerint,
2984 5732 3041 5784 et
3069 5727 3228 5799 prius
3250 5743 3458 5784 uxores

1820 5842 1994 5901 quam
2014 5827 2228 5900 judicio
2261 5827 2609 5884 damnentur
2634 5822 2966 5897 abjecerint,
2989 5838 3022 5879 a
3051 5822 3457 5881 communione
