3964 6178
519 245 620 300 403

1411 243 1693 298 ΛΡΡΕΝΙ).
1734 245 1821 297 ΑΙ)
1859 241 2018 296 S.-EC.
2062 242 2148 296 IX.

2289 241 2534 296 lswom
2575 242 2996 298 MEIICATOIIIS
3701 256 3773 308 in,

507 351 773 418 ecclesia,
809 355 865 406 et
891 354 1082 405 sancto
1110 349 1306 421 populi
1337 352 1484 404 coetu
1517 350 1640 420 (pro
1680 367 1746 404 eo
1773 351 1924 423 quod
1965 350 2141 405 ﬁdem
2165 361 2222 436 Α
2314 351 2530 406 XXXIV.
2583 350 2761 405 Judaei
2819 351 3101 421 (quorum
3143 349 3367 420 perﬁdia
3409 351 3690 424 frequenter
3729 361 3780 414 ad

509 452 564 503 et
592 445 856 516 conjugia
883 445 1187 514 maculant)
1221 443 1616 498 excludantur.

577 541 745 595 XXVI.
793 537 846 594 Si
895 537 1021 610 quis
1067 537 1136 592 de
1181 536 1397 592 clericis
1427 537 1766 593 documenta
1809 539 2016 610 quibus
2050 556 2145 594 ec—

509 633 690 690 clesiaa
721 632 997 704 possessio
1025 632 1306 701 ﬁrmatur,
1358 637 1458 688 aut
1503 633 1881 703 supprimere,
1914 636 2014 686 aut
2044 649 2146 688 nc-

513 744 669 798 gare,
702 730 800 781 aut
824 725 1162 780 adversariis
1206 726 1444 782 fortasse
1482 726 1710 781 tradere
1755 727 2061 782 damnabili
2093 731 2152 782 et

510 821 803 895 punienda
829 819 1209 875 obstinatione
1257 820 1706 892 praesumpserit,
1748 820 2022 892 quidquid
2049 836 2152 891 per

514 914 827 970 absentiam
872 914 1347 968 documentorum
1395 913 1588 968 damni
1635 915 1883 969 ecclesiae
1928 914 2150 969 illatum

514 1011 600 1062 est
617 1008 686 1063 de
706 1007 952 1080 propriis
977 1007 1340 1062 facultatibus
1368 1008 1631 1075 reddant,
1664 1013 1721 1064 et
1745 1008 2149 1063 communione

512 1101 836 1173 priventur;
866 1101 927 1155 hi
947 1101 1117 1156 etiam
1142 1101 1238 1172 qui
1267 1101 1325 1156 in
1359 1103 1564 1157 damno
1587 1102 1835 1156 ecclesiae
1857 1101 2030 1174 impie
2051 1103 2154 1157 sol-

513 1195 713 1251 licitati
740 1212 774 1250 a
817 1194 1180 1250 traditoribus
1225 1195 1441 1266 aliquid
1492 1196 1816 1270 acceperint
1867 1196 2153 1268 superiori

516 1289 798 1345 sententia
828 1293 1151 1345 teneantur.

587 1384 780 1438 XXVII.
816 1386 885 1440 Ut
924 1383 995 1438 de
1027 1383 1321 1439 monachis
1349 1385 1764 1441 monasterium
1790 1402 2020 1455 novum,
2047 1387 2156 1443 nisi

520 1477 780 1548 episcopo
805 1481 904 1532 aut
931 1477 1297 1548 permittente
1328 1483 1428 1534 aut
1462 1479 1759 1551 probante,
1793 1480 1980 1535 nullus
2011 1480 2154 1536 inci-

523 1587 675 1642 pere,
705 1576 804 1626 aut
832 1571 1070 1627 fundare
1098 1578 1426 1643 praesumat.
1465 1573 1723 1629 Monachi
1749 1573 1922 1629 etiam
1952 1591 2158 1646 vagan-

2249 444 2520 500 vomitum
2559 443 2725 513 redit)
2770 444 2815 497 si
2858 443 2930 498 ad
2959 443 3151 514 legem
3181 444 3494 500 catholicam
3519 448 3680 502 venire
3714 468 3784 507 vo-

2247 537 2476 607 luerint,
2521 541 2648 592 octo
2694 554 2917 592 menses
2968 538 3118 592 inter
3163 538 3569 596 catechumenos
3591 543 3784 599 ecclesiae

2249 631 2428 685 limen
2473 632 2775 699 introeant,
2815 635 2872 686 et
2911 631 2957 684 si
2996 647 3138 702 pura
3177 631 3286 685 Ilde
3324 635 3600 688 noscuntur
3623 636 3783 704 venire,

2251 728 2384 779 tunc
2413 725 2644 780 demum
2683 724 3037 795 baptismatis
3067 724 3308 794 gratiam
3337 731 3654 793 mereantur;
3675 731 3788 799 quod

2251 818 2299 872 si
2326 834 2456 872 casu
2480 818 2668 889 aliquo
2689 817 3005 888 periculum
3037 816 3372 872 inﬁrmitatis
3402 817 3534 872 intra
3563 823 3789 891 praecup-

2250 916 2372 968 tum
2400 917 2627 987 tempus
2657 910 3014 978 incurrerint,
3044 913 3102 964 et
3128 911 3397 989 desperati
3422 911 3623 980 fuerint,
3651 913 3789 987 bapti-

2251 1009 2466 1062 zentur.

2323 1102 2514 1156 XXXV.
2560 1102 2614 1157 Si
2660 1103 2956 1173 cpiscopus
3001 1102 3457 1173 metropolitanus
3495 1102 3560 1157 ad
3597 1118 3797 1173 compro-

2253 1195 2516 1250 vinciales
2563 1196 2857 1268 episcopos
2896 1195 3164 1268 epistolas
3217 1195 3490 1261 direxerit,
3541 1196 3595 1250 in
3640 1196 3797 1267 quibus

2255 1307 2351 1344 eos
2378 1290 2452 1345 ad
2478 1289 2896 1346 ordinationem
2926 1289 3136 1344 summi
3165 1288 3456 1360 pontificis,
3483 1291 3573 1344 aut
3592 1289 3651 1344 ad
3673 1306 3798 1359 syno-

2255 1385 2392 1440 dum
2415 1385 2634 1455 invitat,
2661 1383 2990 1456 postpositis
3017 1384 3304 1452 omnibus,
3333 1386 3553 1455 excepta
3588 1382 3718 1454 gravi
3737 1383 3800 1437 in-

2256 1479 2524 1535 firmitate
2551 1479 2819 1550 corporis,
2846 1484 2942 1537 aut
2973 1478 3350 1550 praeceptione
3376 1477 3526 1548 regia
3561 1476 3620 1530 ad
3653 1476 3806 1532 consti-

2257 1577 2447 1628 tutum
2475 1572 2626 1628 diem
2653 1573 2845 1627 adesse
2871 1588 2987 1627 non
3016 1571 3303 1640 differant,
3328 1570 3472 1642 quod
3499 1569 3540 1624 si
3562 1569 3804 1634 defuerint,

518 1672 603 1720 tes
658 1665 732 1720 ad
783 1665 1032 1720 ofﬁcium
1089 1666 1406 1735 clericatus,
1463 1668 1571 1721 nisi
1627 1668 1708 1722 eis
1767 1669 2156 1724 testimonium
2180 1735 2215 1738 Ἀ
2260 1666 2421 1736 (sicut
2446 1666 2630 1738 prisca
2657 1682 2938 1721 canonum
2971 1665 3242 1736 praecepit
3264 1663 3568 1731 auctoritas,
3594 1677 3738 1733 usque
3758 1661 3807 1716 ad

523 1759 696 1813 abbas
724 1775 857 1813 suus
893 1759 1135 1828 dederit,
1178 1777 1283 1814 nec
1312 1761 1371 1814 in
1409 1760 1742 1831 civitatibus,
1772 1778 1876 1816 nec
1903 1763 1963 1817 in
1994 1779 2156 1834 paro-
2177 1735 2233 1807 Β
2257 1760 2576 1832 proximam
2597 1760 2898 1831 synodum,
2923 1759 3253 1814 acharitate
3269 1759 3522 1826 fratrum,
3542 1759 3594 1811 et
3615 1754 3806 1811 ecclesia
3880 1809 3882 1812 ,

521 1851 661 1907 chiis
707 1853 1064 1908 ordinentur.
1107 1855 1463 1924 Monachum,
1516 1855 1622 1910 nisi
1659 1855 1880 1910 abbatis
1936 1857 2021 1911 sui
2061 1859 2160 1911 aut

520 1946 804 2018 permissu
849 1952 948 2002 aut
1001 1948 1290 2003 voluntate
1343 1949 1415 2003 ad
1460 1949 1701 2004 alterum
1750 1951 2157 2006 monasterium

521 2041 1012 2112 commigrautem,
1048 2041 1238 2096 nullus
1261 2042 1434 2097 abbas
1462 2043 1748 2114 suscipere
1788 2047 1888 2100 aut
1912 2044 2159 2100 retinere

523 2139 853 2204 praesumat,
881 2135 981 2189 sed
1011 2135 1331 2207 ubicunque
1374 2137 1566 2204 fuerit,
1611 2137 1800 2193 abbati
1838 2155 1937 2193 suo
1964 2143 2158 2194 aucto-

525 2227 689 2283 ritate
734 2243 1020 2282 canonum
1073 2233 1386 2296 revocetur,
1432 2229 1478 2283 si
1516 2230 1669 2285 enim
1716 2247 1942 2286 necesse
1991 2233 2162 2288 fuerit

526 2320 794 2374 clericum
839 2321 909 2376 de
953 2321 1246 2376 monachis
1288 2322 1561 2392 ordinari,
1608 2340 1739 2378 cum
1782 2341 2060 2380 consensu
2105 2331 2163 2380 et

525 2415 814 2469 voluntate
844 2414 1060 2470 abbatis
1091 2420 1404 2487 praesumat
1433 2417 1752 2488 episcopus.

598 2508 817 2562 XXVIII.
863 2509 1193 2564 Monasteria
1231 2511 1555 2581 puellarum
1599 2511 1828 2583 longius
1870 2529 1904 2568 a
1933 2529 2160 2569 monas.

528 2602 671 2658 terio
698 2603 1131 2673 monachorum,
1162 2607 1261 2658 aut
1289 2609 1526 2676 propter
1551 2605 1783 2662 insidias
1811 2606 2040 2675 diaboli,
2064 2611 2164 2662 aut

529 2700 766 2768 propter
795 2696 1180 2752 oblocutiones
1209 2698 1512 2754 hominum
1549 2699 1914 2756 collocentur.

600 2791 773 2844 XXIX.
824 2790 1078 2846 Libertos
1135 2792 1388 2862 legitime
1427 2811 1460 2847 a
1506 2793 1758 2848 dominis
1798 2795 1913 2850 suis
1963 2795 2160 2863 factos,

532 2882 786 2950 ecclesia,
823 2884 869 2938 si
897 2884 1199 2939 necessitas
1225 2885 1484 2957 exigerit,
1518 2890 1768 2957 tueatur;
1799 2889 1950 2960 quod
1974 2889 2164 2962 siquis

531 2979 662 3032 ante
689 2977 1060 3046 audientiam,
1089 2981 1188 3032 aut
1213 2979 1542 3049 pervadere,
1566 2985 1666 3036 aut
1691 2983 2004 3054 exspoliare
2023 2999 2164 3055 prae-

531 3071 860 3142 sumpserit,
890 3071 960 3126 ab
993 3071 1233 3126 ecclesia
1258 3073 1583 3143 repellatur.

600 3165 750 3220 XXX.
780 3165 849 3220 Et
875 3166 1009 3237 quia
1037 3166 1304 3221 convenit
1331 3165 1589 3221 ordinem
1634 3167 1884 3224 ecclesia
1930 3171 2000 3225 ab
2039 3187 2159 3225 om-

534 3256 700 3311 nibus
728 3257 1022 3330 aequaliter
1045 3258 1339 3326 custodiri,
1371 3259 1715 3315 studendum
1747 3265 1832 3316 est
1856 3267 1919 3318 ut
1952 3264 2163 3335 ubique

531 3349 699 3421 (sicut
721 3351 801 3422 fit)
825 3354 883 3405 et
899 3354 1028 3424 post
1046 3368 1118 3406 an
1127 3351 1387 3422 tiphonas
1407 3353 1764 3410 collectiones
1783 3371 1886 3426 per
1902 3357 2163 3414 ordinem

531 3443 601 3498 ab
626 3444 902 3517 episcopis
930 3446 1012 3501 vel
1046 3446 1392 3518 presbyteris
1419 3447 1551 3514 dici,
1576 3451 1633 3502 et
1658 3449 1900 3520 hymnos
1925 3451 2161 3506 matuti-

533 3553 638 3594 nos
663 3539 747 3593 vel
773 3539 1125 3612 vespertinos
1156 3540 1453 3595 decantari
1483 3540 1682 3597 diebus
1705 3543 1988 3612 omnibus,
2021 3548 2078 3600 et
2103 3545 2163 3602 in

533 3632 888 3689 conclusione
913 3633 1322 3689 matutinarum
1351 3633 1440 3690 vel
1470 3637 1925 3707 vespertinarum
1961 3640 2161 3695 missa-

533 3742 662 3781 rum
694 3730 820 3798 post
848 3727 1090 3799 hymnos
1117 3727 1378 3799 capitella
1404 3729 1475 3785 de
1502 3729 1734 3801 psalmis
1778 3731 1907 3801 dici,
1946 3737 2004 3788 et
2047 3733 2166 3804 ple-

531 3819 661 3875 bem
690 3820 924 3876 collecta
951 3822 1205 3878 oratione
1234 3821 1307 3878 ad
1325 3838 1620 3895 vesperam
1649 3825 1718 3880 ab
1749 3825 2010 3898 episcopo
2036 3843 2166 3883 cum

531 3913 928 3970 benedictione
954 3915 1182 3971 dimitti.

603 4008 775 4065 XXXI.
807 4009 1025 4064 Placuit
1065 4009 1237 4064 etiam
1269 4013 1331 4064 ut
1364 4010 1524 4080 (sicut
1565 4013 1904 4083 plerumque
1932 4013 2016 4084 Iit)
2047 4012 2170 4084 qui-
2229 4017 2240 4027 '

533 4117 758 4173 cunque
802 4101 953 4169 odio,
999 4106 1100 4158 aut
1141 4102 1452 4174 longinqua
1495 4103 1644 4158 inter
1671 4121 1730 4160 se
1761 4104 1858 4159 lite
1885 4105 2166 4162 dissense-

535 4193 670 4259 rint,
703 4198 760 4248 et
788 4195 862 4248 ad
889 4210 1083 4264 pacem
1115 4195 1362 4250 revocari
1388 4195 1608 4250 diutina
1633 4196 1947 4253 intentione
1971 4199 2171 4270 nequi-

534 4285 698 4353 verit,
731 4304 764 4342 a
791 4287 1031 4342 civitatis
1073 4288 1340 4360 primitus
1379 4289 1762 4345 sacerdotibus
1811 4297 2165 4363 arguantur;

533 4379 631 4452 qui
682 4380 729 4435 si
774 4379 1102 4437 inimicitias
1147 4382 1431 4454 deponere
1477 4382 1796 4454 perniciosa
1848 4385 2167 4443 intentione

2257 1854 2660 1909 communione
2685 1853 2998 1925 priventur.

2329 1949 2544 2002 XXXVI.
2577 1947 2774 2004 Clerici
2819 1947 2994 2002 etiam
3037 1962 3238 2000 omnes
3268 1945 3364 2016 qui
3406 1943 3634 1999 ecclesia)
3672 1941 3809 1996 ﬂde1i~

2258 2045 2346 2096 ter
2386 2041 2798 2112 vigilanterque
2843 2039 3186 2108 deserviunt,
3235 2037 3512 2110 stipendia
3545 2035 3717 2091 sanctis
3749 2036 3810 2088 1a-

2258 2135 2490 2191 boribus
2533 2135 2723 2190 debita
2765 2134 3080 2189 secundum
3109 2133 3323 2188 servitii
3367 2132 3450 2186 sui
3491 2130 3726 2186 meritum
3751 2126 3812 2181 vel

2261 2228 2683 2285 ordinationem
2716 2245 2750 2283 a
2778 2227 3168 2284 sacerdotibus
3194 2230 3612 2298 consequantur.

2330 2323 2570 2378 XXXVII.
2631 2325 2825 2394 Itaque
2881 2322 3202 2378 censuimus
3251 2319 3548 2376 homicidas
3600 2321 3650 2373 et
3691 2317 3816 2371 falsos

2259 2420 2435 2472 testes
2449 2434 2482 2471 a
2499 2416 2902 2472 communione
2923 2415 3303 2470 ecclesiastica
3329 2411 3723 2477 submovendas,
3739 2409 3817 2464 nisi

2262 2510 2608 2583 paenitentiae
2636 2509 3020 2565 satisfactione
3045 2508 3290 2564 crimina
3315 2507 3586 2564 diluerint.

2334 2606 2599 2660 XXXVIII.
2653 2603 2881 2658 Clericis
2930 2603 3052 2658 sine
3111 2601 3582 2658 commendatitiis
3628 2596 3822 2671 epistolis

2263 2699 2510 2770 episcopi
2531 2699 2616 2752 sui
2631 2695 2862 2752 licentia
2877 2713 2994 2752 non
3009 2701 3201 2768 pateat
3217 2696 3505 2768 evagandi.
3519 2696 3576 2749 In
3591 2690 3821 2748 monachis

2263 2809 2491 2865 quoque
2517 2791 2812 2863 praesentis
2839 2791 3135 2846 sententia:
3161 2791 3352 2845 forma
3377 2792 3640 2854 servetur;
3658 2783 3824 2858 quodsi

2262 2887 2566 2943 verborum
2596 2886 2907 2957 increpatio
2928 2901 3042 2940 non
3067 2884 3470 2950 emendaverit,
3501 2883 3658 2938 etiam
3679 2877 3826 2933 verbe-

2263 2981 2421 3037 ribus
2469 2981 2774 3036 statuimus
2821 2979 3086 3036 coerceri.
3153 2977 3509 3034 Servandum
3552 2988 3744 3047 quoque
3778 2970 3827 3024 de

2186 3108 2240 3182 Ο
2265 3075 2557 3130 monachis
2578 3117 2592 3144 ,
2654 3091 2728 3129 ne
2782 3073 2863 3128 eis
2917 3073 2988 3128 ad
3043 3072 3324 3128 solitarias
3381 3071 3596 3127 cellulas
3634 3068 3768 3121 liceat
3805 3079 3828 3114 a

2561 3168 2595 3182 ..
2777 3167 2814 3182 ..
2932 3168 2946 3182 .
3164 3165 3223 3177 ..
3286 3167 3310 3182 ..
3376 3169 3385 3182 ,
3482 3181 3485 3182 ν
3553 3162 3695 3182 μη,
3741 3160 3826 3182 m,

2266 3168 2709 3241 congregatione
2761 3167 3071 3234 discedere,
3119 3165 3227 3220 nisi
3279 3167 3428 3221 forte
3477 3162 3698 3236 probatis
3741 3160 3829 3229 post

2265 3263 2530 3320 emeritos
2580 3262 2820 3329 labores,
2871 3265 2971 3315 aut
3020 3265 3253 3332 propter
3309 3257 3638 3314 inﬁrmitatis
3683 3266 3828 3307 neces-

2263 3358 2490 3413 sitatem
2541 3355 2795 3427 asperior
2835 3354 3056 3409 abbatis
3097 3354 3298 3425 regula
3349 3352 3674 3414 remittatur,
3717 3341 3831 3417 quod

2265 3451 2344 3507 ita
2388 3451 2622 3506 demum
2651 3449 2751 3504 ﬁet
2789 3451 2854 3502 ut
2897 3448 3049 3504 intra
3092 3447 3291 3502 eadem
3344 3442 3654 3502 monasterii
3695 3441 3829 3509 septa.

2265 3549 2560 3600 manentes
2606 3547 2801 3598 tamen
2853 3542 2956 3596 sub
3001 3541 3222 3596 abbatis
3265 3543 3557 3612 potestate,
3604 3534 3834 3607 separatas

2266 3639 2476 3694 habere
2531 3637 2761 3692 cellulas
2811 3635 3260 3707 permittantur;
3323 3633 3608 3689 abbatibus
3659 3638 3833 3698 quoque

2265 3733 2500 3803 singulis
2527 3731 2778 3786 diversas
2803 3729 3054 3796 cellulas,
3083 3733 3180 3784 aut
3218 3727 3389 3799 plura
3431 3721 3744 3783 monasteria
3761 3718 3833 3772 ha-

2265 3827 2401 3881 bere
2427 3842 2543 3880 non
2569 3824 2758 3891 liceat,
2784 3823 2895 3878 nisi
2923 3826 3146 3878 tantum
3185 3827 3426 3894 propter
3452 3821 3714 3876 incursum
3739 3813 3833 3866 hos-

2266 3919 2484 3974 tilitatis
2510 3919 2659 3972 intra
2683 3933 2878 3972 muros
2907 3915 3266 3986 receptaculo
3296 3915 3589 3970 collocare.

2337 4013 2553 4068 XXXIX.
2609 4009 2958 4081 Presbyteri,
3009 4008 3306 4076 diaconos,
3368 4007 3732 4068 subdiacones,
3775 3993 3837 4048 vel

2269 4105 2538 4176 deinceps
2581 4103 2788 4175 quibus
2825 4103 3067 4158 ducendi
3113 4117 3320 4157 uxores
3369 4099 3588 4156 licentia
3623 4111 3724 4152 non
3761 4093 3837 4152 est.

2268 4199 2439 4255 etiam
2463 4197 2778 4253 alienarum
2804 4196 3134 4268 nuptiarum
3161 4195 3380 4251 evitent
3394 4193 3651 4256 convivia,
3672 4202 3755 4242 nec
3775 4181 3838 4238 his

2268 4293 2503 4348 coetibus
2536 4291 2884 4346 misceantur
2908 4290 3006 4344 ubi
3031 4289 3312 4344 amatoria
3344 4293 3647 4350 cantantur,
3683 4285 3730 4336 et
3751 4283 3838 4332 tur-

2269 4387 2378 4458 pia,
2404 4389 2505 4440 aut
2529 4384 2755 4441 obsceni
2783 4386 2975 4447 motus
3000 4399 3334 4455 corporum,
3357 4381 3546 4438 choris
3572 4383 3625 4432 et
3650 4369 3839 4429 saltatio-

529 4474 842 4543 noluerint,
873 4475 943 4530 de
971 4477 1222 4532 ecclesiae
1266 4482 1412 4534 ccetu
1435 4477 1751 4550 justissima
1778 4481 2168 4537 excommuni—
2185 4482 2244 4556 D
2269 4480 2435 4536 nibus
2464 4479 2804 4548 efferuntur,
2833 4493 2907 4533 ne
2929 4477 3174 4544 auditus,
3203 4479 3262 4530 et
3286 4476 3522 4530 obtutus
3544 4470 3698 4528 sacris
3723 4478 3838 4533 mys-

535 4568 755 4625 catione
781 4570 1090 4642 pellantur.

603 4664 792 4720 XXXII.
825 4665 1070 4721 Clericus
1114 4681 1218 4721 nec
1261 4681 1608 4740 quemquam
1657 4669 1969 4739 praesumat.
2015 4668 2168 4740 apud

525 4757 867 4813 saecularem
889 4758 1166 4830 judicem,
1201 4759 1462 4832 episcopo
1493 4777 1605 4816 non
1626 4761 2166 4834 permittente,pul-

535 4867 678 4921 sere,
708 4851 806 4906 sed
846 4851 891 4906 si
943 4853 1197 4924 pulsatus
1245 4853 1436 4921 fuerit,
1496 4871 1613 4909 non
1653 4855 2020 4927 respondeat,
2062 4873 2168 4914 nec

535 4949 837 5016 proponat,
870 4961 972 5000 nec
999 4947 1206 5001 audeat
1232 4947 1528 5003 criminale
1557 4949 1850 5020 negotium
1871 4949 1932 5004 in
1955 4950 2168 5021 judicio

537 5039 794 5094 saeculari
824 5055 1164 5111 proponere.
1189 5041 1246 5096 Si
1271 5041 1398 5112 quis
1428 5058 1562 5098 vero
1582 5043 1938 5099 smcularium
1961 5060 2065 5116 per
2083 5061 2170 5100 ca-

536 5131 818 5187 lumniam
863 5133 1176 5201 ecclesiam,
1200 5139 1298 5190 aut
1323 5136 1539 5190 clerum
1578 5136 1816 5208 fatigare
1844 5138 2167 5206 tentaverit,

535 5229 593 5280 et
619 5226 793 5280 victus
820 5226 1011 5296 fuerit,
1031 5227 1102 5282 ab
1133 5228 1384 5283 ecclesia
1411 5229 1703 5286 liminibus
1724 5234 1781 5286 et
1805 5248 1838 5286 a
1868 5231 2166 5287 catholico-

535 5335 664 5375 rum
691 5320 1092 5376 communione
1133 5320 1199 5393 (si
1246 5323 1419 5394 digne
1443 5324 1791 5396 poenituerit)
1818 5328 2165 5380 coerceatur.

606 5414 820 5471 XXXIII.
855 5415 1161 5487 Episcopus
1197 5417 1296 5489 qui
1334 5417 1478 5472 filios
1516 5422 1616 5473 aut
1657 5421 1892 5491 nepotes
1927 5435 2044 5474 non
2075 5419 2170 5474 ha-

537 5507 679 5562 bens
730 5508 908 5563 alium
951 5526 1124 5582 quam
1169 5510 1462 5566 ecclesiam
1507 5511 1740 5584 reliquit
1779 5511 2092 5581 hacredem,
2125 5512 2172 5567 si

537 5601 676 5672 quid
719 5601 790 5658 de
824 5603 1074 5671 ecclesia,
1113 5620 1231 5660 non
1268 5605 1327 5660 in
1372 5605 1628 5660 ecclesiae
1657 5622 1822 5662 causa
1851 5609 1949 5661 aut
1976 5621 2169 5663 neces-

539 5693 701 5749 sitate
726 5695 1114 5769 insumpserit,
1146 5698 1302 5774 quod
1328 5697 1611 5766 distraxit,
1639 5705 1737 5756 aut
1765 5700 2012 5768 donavit,
2043 5699 2169 5757 irri-

542 5791 666 5841 tum
691 5786 980 5848 habeatur.

2267 4574 2424 4630 teriis
2448 4574 2751 4644 deputatus
2798 4571 3054 4643 turpium
3097 4569 3557 4641 spectaculorum
3582 4569 3730 4635 atque
3754 4569 3842 4608 ver-

2267 4669 2473 4724 borum
2501 4665 2838 4737 contagione
2866 4665 3217 4737 polluantur.

2339 4763 2441 4818 XL.
2471 4761 2678 4817 Omnes
2718 4760 2985 4830 deinceps
3026 4757 3214 4813 clerici
3256 4758 3375 4812 sive
3409 4755 3536 4810 laici
3575 4750 3841 4808 Iudaeorum

2268 4855 2517 4912 convivia
2571 4855 2804 4921 evitent,
2860 4869 2965 4908 nec
3025 4869 3123 4907 eos
3174 4851 3247 4906 ad
3297 4849 3613 4906 convivium
3655 4840 3843 4914 quisque

2268 4949 2530 5021 excipiat,
2563 4948 2696 5020 quia
2737 4963 2869 5002 cum
2913 4945 3064 5017 apud
3105 4944 3454 5000 Christianos
3479 4940 3610 4996 cibis
3644 4941 3844 4990 commu-

2268 5045 2436 5100 nibus
2446 5059 2564 5098 non
2575 5044 2836 5107 utuntur,
2851 5039 3156 5109 indignum
3173 5043 3258 5093 est
3271 5043 3444 5109 atque
3460 5033 3768 5100 sacrilegum
3782 5035 3847 5074 θο-

2268 5154 2397 5193 rum
2427 5137 2578 5192 cibos
2606 5152 2639 5189 a
2667 5132 2998 5191 Christianis
3019 5131 3187 5202 sumi,
3211 5147 3338 5186 cum
3374 5145 3443 5184 ea
3471 5111 3845 5198 quae(Apost010

2269 5230 2650 5304 permittente)
2695 5244 2800 5284 nos
2841 5226 3140 5295 sumimus,
3168 5225 3240 5280 ab
3287 5225 3401 5279 illis
3432 5209 3848 5309 judicenturim:

2271 5325 2505 5392 munda,
2565 5339 2630 5377 ac
2680 5321 2727 5376 si
2774 5320 3072 5376 inferiores
3116 5317 3392 5390 incipiant
3440 5329 3560 5370 esse
3595 5305 3849 5365 Christiani

2269 5416 2655 5490 quamJudrei,
2688 5415 2734 5470 si
2760 5431 2862 5470 nos
2889 5429 3016 5486 quae
3042 5411 3111 5467 ab
3133 5411 3241 5466 illis
3259 5411 3623 5482 apponuntur
3644 5406 3850 5456 utamur,

2271 5512 2356 5568 illi
2381 5527 2510 5567 vero
2545 5528 2579 5566 a
2608 5508 2773 5565 nobis
2801 5507 2989 5564 oblata
3014 5508 3403 5561 contemnant.

2343 5606 2472 5660 XLI.
2501 5606 2650 5659 Ante
2707 5601 2900 5658 omnia
2946 5599 3162 5656 clericis
3218 5597 3425 5653 vitetur
3471 5591 3715 5652 ebrietas,
3752 5587 3852 5650 (ιιιε

2272 5698 2533 5754 omnium
2556 5697 2826 5753 vitiorum
2855 5695 3033 5750 fomes
3077 5708 3141 5747 ac
3174 5690 3360 5747 nutrix
3406 5692 3510 5743 est.
3549 5686 3727 5752 Itaque
3749 5682 3850 5727 eum

2275 5809 2451 5869 quem
2483 5791 2705 5848 ebrium
2733 5789 2907 5849 fuisse
2933 5786 3268 5854 constiterit,
3297 5787 3357 5840 ut
3381 5781 3524 5838 ordo
3547 5774 3758 5851 patitur,
3779 5765 3850 5816 nill-
