  <div class='ocr_page' id='page_1' title='image "/cluster/home/n/w/nwhite01/storage/ocr_20150623/130/hvd.32044054759915/232.png"; bbox 0 0 3964 6178; ppageno 0'>
   <div class='ocr_carea' id='block_1_1' title="bbox 195 269 2258 335">
    <p class='ocr_par' dir='ltr' id='par_1_1' title="bbox 195 269 2258 335">
     <span class='ocr_line' id='line_1_1' title="bbox 195 269 2258 335; baseline -0.006 -1"><span class='ocrx_word' id='word_1_1' title='bbox 195 284 276 335; x_wconf 66' lang='grc'><strong>403</strong></span> <span class='ocrx_word' id='word_1_2' title='bbox 1364 270 1836 328; x_wconf 71' lang='lat' dir='ltr'><strong>DECRETALIUM</strong></span> <span class='ocrx_word' id='word_1_3' title='bbox 1876 269 2258 326; x_wconf 81' lang='lat' dir='ltr'><strong>COLLECTIO.</strong></span> 
     </span>
    </p>
   </div>
   <div class='ocr_carea' id='block_1_2' title="bbox 3387 271 3486 322">
    <p class='ocr_par' dir='ltr' id='par_1_2' title="bbox 3387 271 3486 322">
     <span class='ocr_line' id='line_1_2' title="bbox 3387 271 3486 322; baseline -0.02 0"><span class='ocrx_word' id='word_1_4' title='bbox 3387 271 3486 322; x_wconf 59' lang='grc'><strong>406</strong></span> 
     </span>
    </p>
   </div>
   <div class='ocr_carea' id='block_1_3' title="bbox 191 374 3483 464">
    <p class='ocr_par' dir='ltr' id='par_1_3' title="bbox 191 374 3483 464">
     <span class='ocr_line' id='line_1_3' title="bbox 191 374 3483 464; baseline -0.004 -21"><span class='ocrx_word' id='word_1_5' title='bbox 191 389 378 460; x_wconf 79' lang='lat' dir='ltr'><strong>triginta</strong></span> <span class='ocrx_word' id='word_1_6' title='bbox 404 385 612 440; x_wconf 85' lang='lat' dir='ltr'><strong>dierum</strong></span> <span class='ocrx_word' id='word_1_7' title='bbox 642 382 824 454; x_wconf 90' lang='lat' dir='ltr'><strong>spatio</strong></span> <span class='ocrx_word' id='word_1_8' title='bbox 853 383 1254 445; x_wconf 77' lang='lat' dir='ltr'><strong>communione</strong></span> <span class='ocrx_word' id='word_1_9' title='bbox 1295 383 1593 438; x_wconf 75' lang='lat' dir='ltr'><strong>statuimus</strong></span> <span class='ocrx_word' id='word_1_10' title='bbox 1617 380 1750 436; x_wconf 87' lang='lat' dir='ltr'><strong>sub-</strong></span> <span class='ocrx_word' id='word_1_11' title='bbox 1773 391 1833 464; x_wconf 78' lang='grc' dir='ltr'><strong>Α</strong></span> <span class='ocrx_word' id='word_1_12' title='bbox 1923 379 2006 434; x_wconf 90' lang='lat' dir='ltr'><strong>LI.</strong></span> <span class='ocrx_word' id='word_1_13' title='bbox 2047 377 2106 432; x_wconf 91' lang='lat' dir='ltr'><strong>Si</strong></span> <span class='ocrx_word' id='word_1_14' title='bbox 2149 376 2448 448; x_wconf 87' lang='lat' dir='ltr'><strong>episcopus</strong></span> <span class='ocrx_word' id='word_1_15' title='bbox 2488 376 2722 431; x_wconf 86' lang='lat' dir='ltr'><strong>condito</strong></span> <span class='ocrx_word' id='word_1_16' title='bbox 2761 378 3101 430; x_wconf 81' lang='lat' dir='ltr'><strong>testamento</strong></span> <span class='ocrx_word' id='word_1_17' title='bbox 3146 374 3362 445; x_wconf 85' lang='lat' dir='ltr'><strong>aliquid</strong></span> <span class='ocrx_word' id='word_1_18' title='bbox 3414 376 3483 432; x_wconf 91' lang='lat' dir='ltr'><strong>de</strong></span> 
     </span>
    </p>
   </div>
   <div class='ocr_carea' id='block_1_4' title="bbox 191 476 1646 550">
    <p class='ocr_par' dir='ltr' id='par_1_4' title="bbox 191 476 1646 550">
     <span class='ocr_line' id='line_1_4' title="bbox 191 476 1646 550; baseline -0.005 -12"><span class='ocrx_word' id='word_1_19' title='bbox 191 480 492 544; x_wconf 82' lang='lat' dir='ltr'><strong>movendum,</strong></span> <span class='ocrx_word' id='word_1_20' title='bbox 519 483 618 533; x_wconf 89' lang='lat' dir='ltr'><strong>aut</strong></span> <span class='ocrx_word' id='word_1_21' title='bbox 645 478 925 550; x_wconf 85' lang='lat' dir='ltr'><strong>corporali</strong></span> <span class='ocrx_word' id='word_1_22' title='bbox 953 478 1311 534; x_wconf 81' lang='lat' dir='ltr'><strong>subdendum</strong></span> <span class='ocrx_word' id='word_1_23' title='bbox 1351 476 1646 548; x_wconf 90' lang='lat' dir='ltr'><strong>supplicio.</strong></span> 
     </span>
    </p>
   </div>
   <div class='ocr_carea' id='block_1_5' title="bbox 242 571 1756 642">
    <p class='ocr_par' dir='ltr' id='par_1_5' title="bbox 242 571 1756 642">
     <span class='ocr_line' id='line_1_5' title="bbox 242 571 1756 642; baseline -0.004 -11"><span class='ocrx_word' id='word_1_24' title='bbox 242 577 366 631; x_wconf 91' lang='lat' dir='ltr'><strong>XLII.</strong></span> <span class='ocrx_word' id='word_1_25' title='bbox 395 575 453 628; x_wconf 86' lang='lat' dir='ltr'><strong>Et</strong></span> <span class='ocrx_word' id='word_1_26' title='bbox 485 587 556 628; x_wconf 88' lang='lat' dir='ltr'><strong>ne</strong></span> <span class='ocrx_word' id='word_1_27' title='bbox 599 573 660 628; x_wconf 89' lang='lat' dir='ltr'>id</span> <span class='ocrx_word' id='word_1_28' title='bbox 703 574 936 629; x_wconf 73' lang='lat' dir='ltr'><strong>fortasse</strong></span> <span class='ocrx_word' id='word_1_29' title='bbox 984 573 1241 628; x_wconf 90' lang='lat' dir='ltr'><strong>videatur</strong></span> <span class='ocrx_word' id='word_1_30' title='bbox 1279 572 1573 640; x_wconf 87' lang='lat' dir='ltr'><strong>omissum,</strong></span> <span class='ocrx_word' id='word_1_31' title='bbox 1601 571 1756 642; x_wconf 90' lang='lat' dir='ltr'><strong>quod</strong></span> 
     </span>
    </p>
   </div>
   <div class='ocr_carea' id='block_1_6' title="bbox 190 664 1756 738">
    <p class='ocr_par' dir='ltr' id='par_1_6' title="bbox 190 664 1756 738">
     <span class='ocr_line' id='line_1_6' title="bbox 190 664 1756 738; baseline -0.004 -12"><span class='ocrx_word' id='word_1_32' title='bbox 190 670 392 726; x_wconf 78' lang='lat' dir='ltr'><strong>maxime</strong></span> <span class='ocrx_word' id='word_1_33' title='bbox 406 667 564 722; x_wconf 86' lang='lat' dir='ltr'><strong>fidem</strong></span> <span class='ocrx_word' id='word_1_34' title='bbox 588 667 878 723; x_wconf 90' lang='lat' dir='ltr'><strong>catholica</strong></span> <span class='ocrx_word' id='word_1_35' title='bbox 898 667 1463 738; x_wconf 86' lang='lat' dir='ltr'><strong>religionisinfestat,</strong></span> <span class='ocrx_word' id='word_1_36' title='bbox 1484 665 1638 738; x_wconf 92' lang='lat' dir='ltr'><strong>quod</strong></span> <span class='ocrx_word' id='word_1_37' title='bbox 1660 664 1756 720; x_wconf 88' lang='lat' dir='ltr'><strong>ali-</strong></span> 
     </span>
    </p>
   </div>
   <div class='ocr_carea' id='block_1_7' title="bbox 186 759 1751 836">
    <p class='ocr_par' dir='ltr' id='par_1_7' title="bbox 186 759 1751 836">
     <span class='ocr_line' id='line_1_7' title="bbox 186 759 1751 836; baseline -0.004 -18"><span class='ocrx_word' id='word_1_38' title='bbox 186 764 346 836; x_wconf 81' lang='lat' dir='ltr'><strong>quanti</strong></span> <span class='ocrx_word' id='word_1_39' title='bbox 367 761 542 816; x_wconf 90' lang='lat' dir='ltr'><strong>clerici</strong></span> <span class='ocrx_word' id='word_1_40' title='bbox 570 761 684 816; x_wconf 86' lang='lat' dir='ltr'><strong>sive</strong></span> <span class='ocrx_word' id='word_1_41' title='bbox 711 761 841 816; x_wconf 87' lang='lat' dir='ltr'><strong>laici</strong></span> <span class='ocrx_word' id='word_1_42' title='bbox 872 763 1104 818; x_wconf 90' lang='lat' dir='ltr'><strong>student</strong></span> <span class='ocrx_word' id='word_1_43' title='bbox 1131 761 1405 833; x_wconf 92' lang='lat' dir='ltr'><strong>auguriis,</strong></span> <span class='ocrx_word' id='word_1_44' title='bbox 1437 765 1492 815; x_wconf 92' lang='lat' dir='ltr'><strong>et</strong></span> <span class='ocrx_word' id='word_1_45' title='bbox 1513 759 1617 814; x_wconf 87' lang='lat' dir='ltr'><strong>sub</strong></span> <span class='ocrx_word' id='word_1_46' title='bbox 1648 775 1751 812; x_wconf 86' lang='lat' dir='ltr'><strong>no-</strong></span> 
     </span>
    </p>
   </div>
   <div class='ocr_carea' id='block_1_8' title="bbox 187 855 1752 928">
    <p class='ocr_par' dir='ltr' id='par_1_8' title="bbox 187 855 1752 928">
     <span class='ocr_line' id='line_1_8' title="bbox 187 855 1752 928; baseline -0.003 -15"><span class='ocrx_word' id='word_1_47' title='bbox 187 859 310 913; x_wconf 83' lang='lat' dir='ltr'>mine</span> <span class='ocrx_word' id='word_1_48' title='bbox 345 856 476 911; x_wconf 81' lang='lat' dir='ltr'><strong>ﬁcta</strong></span> <span class='ocrx_word' id='word_1_49' title='bbox 519 855 828 928; x_wconf 84' lang='lat' dir='ltr'><strong>religionis,</strong></span> <span class='ocrx_word' id='word_1_50' title='bbox 876 873 1018 928; x_wconf 89' lang='lat' dir='ltr'><strong>quas</strong></span> <span class='ocrx_word' id='word_1_51' title='bbox 1061 859 1384 911; x_wconf 87' lang='lat' dir='ltr'><strong>sanctorum</strong></span> <span class='ocrx_word' id='word_1_52' title='bbox 1429 858 1608 909; x_wconf 83' lang='lat' dir='ltr'><strong>sortes</strong></span> <span class='ocrx_word' id='word_1_53' title='bbox 1651 869 1752 908; x_wconf 92' lang='lat' dir='ltr'><strong>vo-</strong></span> 
     </span>
    </p>
   </div>
   <div class='ocr_carea' id='block_1_9' title="bbox 183 949 1752 1022">
    <p class='ocr_par' dir='ltr' id='par_1_9' title="bbox 183 949 1752 1022">
     <span class='ocr_line' id='line_1_9' title="bbox 183 949 1752 1022; baseline -0.003 -16"><span class='ocrx_word' id='word_1_54' title='bbox 183 957 301 1018; x_wconf 89' lang='lat' dir='ltr'><strong>cant,</strong></span> <span class='ocrx_word' id='word_1_55' title='bbox 328 949 672 1005; x_wconf 81' lang='lat' dir='ltr'><strong>divinationis</strong></span> <span class='ocrx_word' id='word_1_56' title='bbox 716 949 1012 1006; x_wconf 79' lang='lat' dir='ltr'><strong>scientiam</strong></span> <span class='ocrx_word' id='word_1_57' title='bbox 1059 950 1416 1022; x_wconf 83' lang='lat' dir='ltr'><strong>profitentur,</strong></span> <span class='ocrx_word' id='word_1_58' title='bbox 1462 954 1559 1003; x_wconf 90' lang='lat' dir='ltr'><strong>aut</strong></span> <span class='ocrx_word' id='word_1_59' title='bbox 1612 964 1752 1019; x_wconf 88' lang='lat' dir='ltr'><strong>qua-</strong></span> 
     </span>
    </p>
   </div>
   <div class='ocr_carea' id='block_1_10' title="bbox 185 1042 1755 1115">
    <p class='ocr_par' dir='ltr' id='par_1_10' title="bbox 185 1042 1755 1115">
     <span class='ocr_line' id='line_1_10' title="bbox 185 1042 1755 1115; baseline -0.003 -16"><span class='ocrx_word' id='word_1_60' title='bbox 185 1061 484 1115; x_wconf 79' lang='lat' dir='ltr'><strong>rumcnnque</strong></span> <span class='ocrx_word' id='word_1_61' title='bbox 497 1044 907 1114; x_wconf 84' lang='lat' dir='ltr'><strong>scripturarum</strong></span> <span class='ocrx_word' id='word_1_62' title='bbox 919 1043 1270 1115; x_wconf 87' lang='lat' dir='ltr'><strong>inspectione</strong></span> <span class='ocrx_word' id='word_1_63' title='bbox 1283 1042 1755 1114; x_wconf 90' lang='lat' dir='ltr'><strong>permittunt,hoc</strong></span> 
     </span>
    </p>
   </div>
   <div class='ocr_carea' id='block_1_11' title="bbox 179 1136 1753 1210">
    <p class='ocr_par' dir='ltr' id='par_1_11' title="bbox 179 1136 1753 1210">
     <span class='ocr_line' id='line_1_11' title="bbox 179 1136 1753 1210; baseline -0.001 -18"><span class='ocrx_word' id='word_1_64' title='bbox 179 1139 456 1210; x_wconf 82' lang='lat' dir='ltr'><strong>quicunque</strong></span> <span class='ocrx_word' id='word_1_65' title='bbox 503 1137 741 1193; x_wconf 87' lang='lat' dir='ltr'><strong>clericus</strong></span> <span class='ocrx_word' id='word_1_66' title='bbox 784 1138 873 1193; x_wconf 86' lang='lat' dir='ltr'><strong>vel</strong></span> <span class='ocrx_word' id='word_1_67' title='bbox 918 1137 1092 1192; x_wconf 79' lang='lat' dir='ltr'><strong>laicus</strong></span> <span class='ocrx_word' id='word_1_68' title='bbox 1135 1138 1390 1194; x_wconf 90' lang='lat' dir='ltr'><strong>detectus</strong></span> <span class='ocrx_word' id='word_1_69' title='bbox 1431 1136 1620 1203; x_wconf 90' lang='lat' dir='ltr'><strong>fuerit,</strong></span> <span class='ocrx_word' id='word_1_70' title='bbox 1668 1137 1753 1190; x_wconf 90' lang='lat' dir='ltr'><strong>vel</strong></span> 
     </span>
    </p>
   </div>
   <div class='ocr_carea' id='block_1_12' title="bbox 180 1231 1751 1302">
    <p class='ocr_par' dir='ltr' id='par_1_12' title="bbox 180 1231 1751 1302">
     <span class='ocr_line' id='line_1_12' title="bbox 180 1231 1751 1302; baseline -0.002 -15"><span class='ocrx_word' id='word_1_71' title='bbox 180 1231 423 1288; x_wconf 84' lang='lat' dir='ltr'><strong>consulere</strong></span> <span class='ocrx_word' id='word_1_72' title='bbox 463 1231 548 1288; x_wconf 83' lang='lat' dir='ltr'><strong>vel</strong></span> <span class='ocrx_word' id='word_1_73' title='bbox 592 1232 815 1302; x_wconf 90' lang='lat' dir='ltr'><strong>docere,</strong></span> <span class='ocrx_word' id='word_1_74' title='bbox 846 1232 918 1288; x_wconf 90' lang='lat' dir='ltr'><strong>ab</strong></span> <span class='ocrx_word' id='word_1_75' title='bbox 962 1231 1196 1289; x_wconf 83' lang='lat' dir='ltr'><strong>ecclesia</strong></span> <span class='ocrx_word' id='word_1_76' title='bbox 1236 1231 1516 1289; x_wconf 85' lang='lat' dir='ltr'><strong>habeatur</strong></span> <span class='ocrx_word' id='word_1_77' title='bbox 1563 1233 1751 1285; x_wconf 80' lang='lat' dir='ltr'><strong>extra-</strong></span> 
     </span>
    </p>
   </div>
   <div class='ocr_carea' id='block_1_13' title="bbox 176 1343 302 1383">
    <p class='ocr_par' dir='ltr' id='par_1_13' title="bbox 176 1343 302 1383">
     <span class='ocr_line' id='line_1_13' title="bbox 176 1343 302 1383; baseline -0.008 0"><span class='ocrx_word' id='word_1_78' title='bbox 176 1343 302 1383; x_wconf 73' lang='grc'><strong>116118.</strong></span> 
     </span>
    </p>
   </div>
   <div class='ocr_carea' id='block_1_14' title="bbox 230 1419 1754 1495">
    <p class='ocr_par' dir='ltr' id='par_1_14' title="bbox 230 1419 1754 1495">
     <span class='ocr_line' id='line_1_14' title="bbox 230 1419 1754 1495; baseline -0.003 -15"><span class='ocrx_word' id='word_1_79' title='bbox 230 1421 376 1480; x_wconf 73' lang='lat' dir='ltr'><strong>XLIII.</strong></span> <span class='ocrx_word' id='word_1_80' title='bbox 400 1422 475 1477; x_wconf 90' lang='lat' dir='ltr'><strong>De</strong></span> <span class='ocrx_word' id='word_1_81' title='bbox 501 1423 909 1494; x_wconf 80' lang='lat' dir='ltr'><strong>panitentibns</strong></span> <span class='ocrx_word' id='word_1_82' title='bbox 934 1422 994 1478; x_wconf 91' lang='lat' dir='ltr'><strong>id</strong></span> <span class='ocrx_word' id='word_1_83' title='bbox 1020 1422 1233 1495; x_wconf 87' lang='lat' dir='ltr'><strong>placuit</strong></span> <span class='ocrx_word' id='word_1_84' title='bbox 1257 1422 1581 1488; x_wconf 88' lang='lat' dir='ltr'><strong>observare,</strong></span> <span class='ocrx_word' id='word_1_85' title='bbox 1603 1419 1754 1492; x_wconf 90' lang='lat' dir='ltr'><strong>quod</strong></span> 
     </span>
    </p>
   </div>
   <div class='ocr_carea' id='block_1_15' title="bbox 175 1515 1751 1589">
    <p class='ocr_par' dir='ltr' id='par_1_15' title="bbox 175 1515 1751 1589">
     <span class='ocr_line' id='line_1_15' title="bbox 175 1515 1751 1589; baseline -0.001 -19"><span class='ocrx_word' id='word_1_86' title='bbox 175 1516 314 1571; x_wconf 79' lang='lat' dir='ltr'><strong>sancti</strong></span> <span class='ocrx_word' id='word_1_87' title='bbox 338 1518 523 1572; x_wconf 85' lang='lat' dir='ltr'><strong>Patres</strong></span> <span class='ocrx_word' id='word_1_88' title='bbox 568 1517 749 1571; x_wconf 88' lang='lat' dir='ltr'><strong>nostri</strong></span> <span class='ocrx_word' id='word_1_89' title='bbox 780 1516 1036 1589; x_wconf 85' lang='lat' dir='ltr'><strong>synodali</strong></span> <span class='ocrx_word' id='word_1_90' title='bbox 1079 1515 1361 1572; x_wconf 88' lang='lat' dir='ltr'><strong>sententia</strong></span> <span class='ocrx_word' id='word_1_91' title='bbox 1389 1518 1751 1582; x_wconf 88' lang='lat' dir='ltr'><strong>censuerunt,</strong></span> 
     </span>
    </p>
   </div>
   <div class='ocr_carea' id='block_1_16' title="bbox 173 1609 1755 1680">
    <p class='ocr_par' dir='ltr' id='par_1_16' title="bbox 173 1609 1755 1680">
     <span class='ocr_line' id='line_1_16' title="bbox 173 1609 1755 1680; baseline -0.003 -14"><span class='ocrx_word' id='word_1_92' title='bbox 173 1615 222 1665; x_wconf 85' lang='lat' dir='ltr'><strong>ut</strong></span> <span class='ocrx_word' id='word_1_93' title='bbox 241 1611 408 1666; x_wconf 86' lang='lat' dir='ltr'><strong>nullus</strong></span> <span class='ocrx_word' id='word_1_94' title='bbox 432 1611 502 1666; x_wconf 91' lang='lat' dir='ltr'><strong>de</strong></span> <span class='ocrx_word' id='word_1_95' title='bbox 535 1611 628 1666; x_wconf 87' lang='lat' dir='ltr'><strong>his</strong></span> <span class='ocrx_word' id='word_1_96' title='bbox 648 1610 886 1666; x_wconf 88' lang='lat' dir='ltr'><strong>clericus</strong></span> <span class='ocrx_word' id='word_1_97' title='bbox 924 1611 1239 1680; x_wconf 85' lang='lat' dir='ltr'><strong>ordinetur,</strong></span> <span class='ocrx_word' id='word_1_98' title='bbox 1267 1615 1325 1665; x_wconf 90' lang='lat' dir='ltr'><strong>et</strong></span> <span class='ocrx_word' id='word_1_99' title='bbox 1351 1609 1450 1680; x_wconf 90' lang='lat' dir='ltr'><strong>qui</strong></span> <span class='ocrx_word' id='word_1_100' title='bbox 1468 1609 1594 1680; x_wconf 90' lang='lat' dir='ltr'><strong>jam</strong></span> <span class='ocrx_word' id='word_1_101' title='bbox 1623 1613 1755 1663; x_wconf 89' lang='lat' dir='ltr'><strong>sunt</strong></span> 
     </span>
    </p>
   </div>
   <div class='ocr_carea' id='block_1_17' title="bbox 171 1703 1755 1776">
    <p class='ocr_par' dir='ltr' id='par_1_17' title="bbox 171 1703 1755 1776">
     <span class='ocr_line' id='line_1_17' title="bbox 171 1703 1755 1776; baseline -0.003 -16"><span class='ocrx_word' id='word_1_102' title='bbox 171 1722 251 1776; x_wconf 87' lang='lat' dir='ltr'><strong>per</strong></span> <span class='ocrx_word' id='word_1_103' title='bbox 290 1705 664 1776; x_wconf 85' lang='lat' dir='ltr'><strong>ignorantiam</strong></span> <span class='ocrx_word' id='word_1_104' title='bbox 709 1705 976 1773; x_wconf 88' lang='lat' dir='ltr'><strong>ordinati,</strong></span> <span class='ocrx_word' id='word_1_105' title='bbox 1021 1709 1120 1760; x_wconf 90' lang='lat' dir='ltr'><strong>aut</strong></span> <span class='ocrx_word' id='word_1_106' title='bbox 1168 1703 1313 1759; x_wconf 88' lang='lat' dir='ltr'><strong>sicut</strong></span> <span class='ocrx_word' id='word_1_107' title='bbox 1367 1703 1603 1774; x_wconf 87' lang='lat' dir='ltr'><strong>bigami,</strong></span> <span class='ocrx_word' id='word_1_108' title='bbox 1655 1705 1755 1757; x_wconf 91' lang='lat' dir='ltr'><strong>aut</strong></span> 
     </span>
    </p>
   </div>
   <div class='ocr_carea' id='block_1_18' title="bbox 1855 468 3484 542">
    <p class='ocr_par' dir='ltr' id='par_1_18' title="bbox 1855 468 3484 542">
     <span class='ocr_line' id='line_1_18' title="bbox 1855 468 3484 542; baseline -0.002 -15"><span class='ocrx_word' id='word_1_109' title='bbox 1855 470 2215 528; x_wconf 88' lang='lat' dir='ltr'><strong>ecclesiastici</strong></span> <span class='ocrx_word' id='word_1_110' title='bbox 2252 470 2398 540; x_wconf 87' lang='lat' dir='ltr'><strong>juris</strong></span> <span class='ocrx_word' id='word_1_111' title='bbox 2436 470 2786 542; x_wconf 90' lang='lat' dir='ltr'><strong>proprietate</strong></span> <span class='ocrx_word' id='word_1_112' title='bbox 2832 468 3126 540; x_wconf 86' lang='lat' dir='ltr'><strong>legaverit,</strong></span> <span class='ocrx_word' id='word_1_113' title='bbox 3160 468 3328 523; x_wconf 83' lang='lat' dir='ltr'><strong>aliter</strong></span> <span class='ocrx_word' id='word_1_114' title='bbox 3369 485 3484 524; x_wconf 89' lang='lat' dir='ltr'><strong>non</strong></span> 
     </span>
    </p>
   </div>
   <div class='ocr_carea' id='block_1_19' title="bbox 1855 562 3486 636">
    <p class='ocr_par' dir='ltr' id='par_1_19' title="bbox 1855 562 3486 636">
     <span class='ocr_line' id='line_1_19' title="bbox 1855 562 3486 636; baseline -0.001 -17"><span class='ocrx_word' id='word_1_115' title='bbox 1855 564 2086 632; x_wconf 87' lang='lat' dir='ltr'><strong>valebit,</strong></span> <span class='ocrx_word' id='word_1_116' title='bbox 2103 563 2214 634; x_wconf 77' lang='lat' dir='ltr'><strong>nisi</strong></span> <span class='ocrx_word' id='word_1_117' title='bbox 2235 568 2458 620; x_wconf 83' lang='lat' dir='ltr'><strong>tantum</strong></span> <span class='ocrx_word' id='word_1_118' title='bbox 2483 563 2553 619; x_wconf 93' lang='lat' dir='ltr'><strong>de</strong></span> <span class='ocrx_word' id='word_1_119' title='bbox 2571 563 2718 636; x_wconf 88' lang='lat' dir='ltr'><strong>juris</strong></span> <span class='ocrx_word' id='word_1_120' title='bbox 2741 562 2959 636; x_wconf 91' lang='lat' dir='ltr'><strong>proprii</strong></span> <span class='ocrx_word' id='word_1_121' title='bbox 2976 562 3246 619; x_wconf 88' lang='lat' dir='ltr'><strong>facultate</strong></span> <span class='ocrx_word' id='word_1_122' title='bbox 3263 563 3486 634; x_wconf 72' lang='lat' dir='ltr'><strong>supple~</strong></span> 
     </span>
    </p>
   </div>
   <div class='ocr_carea' id='block_1_20' title="bbox 1855 659 2785 730">
    <p class='ocr_par' dir='ltr' id='par_1_20' title="bbox 1855 659 2785 730">
     <span class='ocr_line' id='line_1_20' title="bbox 1855 659 2785 730; baseline 0.006 -17"><span class='ocrx_word' id='word_1_123' title='bbox 1855 659 2018 714; x_wconf 90' lang='lat' dir='ltr'><strong>verit.</strong></span> <span class='ocrx_word' id='word_1_124' title='bbox 2774 723 2785 730; x_wconf 68' lang='grc'><strong><em>,</em></strong></span> 
     </span>
    </p>
   </div>
   <div class='ocr_carea' id='block_1_21' title="bbox 1925 749 3485 824">
    <p class='ocr_par' dir='ltr' id='par_1_21' title="bbox 1925 749 3485 824">
     <span class='ocr_line' id='line_1_21' title="bbox 1925 749 3485 824; baseline -0.001 -16"><span class='ocrx_word' id='word_1_125' title='bbox 1925 754 2032 809; x_wconf 86' lang='lat' dir='ltr'><strong>LII.</strong></span> <span class='ocrx_word' id='word_1_126' title='bbox 2060 753 2397 824; x_wconf 86' lang='lat' dir='ltr'><strong>Presbytero</strong></span> <span class='ocrx_word' id='word_1_127' title='bbox 2427 755 2527 806; x_wconf 91' lang='lat' dir='ltr'><strong>aut</strong></span> <span class='ocrx_word' id='word_1_128' title='bbox 2555 751 2819 818; x_wconf 89' lang='lat' dir='ltr'><strong>diacono,</strong></span> <span class='ocrx_word' id='word_1_129' title='bbox 2850 750 2934 806; x_wconf 89' lang='lat' dir='ltr'><strong>vel</strong></span> <span class='ocrx_word' id='word_1_130' title='bbox 2976 749 3176 805; x_wconf 87' lang='lat' dir='ltr'><strong>clerico</strong></span> <span class='ocrx_word' id='word_1_131' title='bbox 3224 750 3347 806; x_wconf 91' lang='lat' dir='ltr'><strong>sine</strong></span> <span class='ocrx_word' id='word_1_132' title='bbox 3389 767 3485 806; x_wconf 85' lang='lat' dir='ltr'><strong>an-</strong></span> 
     </span>
    </p>
   </div>
   <div class='ocr_carea' id='block_1_22' title="bbox 1855 843 3477 919">
    <p class='ocr_par' dir='ltr' id='par_1_22' title="bbox 1855 843 3477 919">
     <span class='ocr_line' id='line_1_22' title="bbox 1855 843 3477 919; baseline -0.001 -18"><span class='ocrx_word' id='word_1_133' title='bbox 1855 847 2045 903; x_wconf 88' lang='lat' dir='ltr'><strong>tistitis</strong></span> <span class='ocrx_word' id='word_1_134' title='bbox 2082 846 2169 902; x_wconf 90' lang='lat' dir='ltr'><strong>sui</strong></span> <span class='ocrx_word' id='word_1_135' title='bbox 2205 846 2453 919; x_wconf 90' lang='lat' dir='ltr'><strong>epistolis</strong></span> <span class='ocrx_word' id='word_1_136' title='bbox 2495 844 2832 913; x_wconf 89' lang='lat' dir='ltr'><strong>ambulanti,</strong></span> <span class='ocrx_word' id='word_1_137' title='bbox 2859 845 3327 900; x_wconf 89' lang='lat' dir='ltr'><strong>communionem</strong></span> <span class='ocrx_word' id='word_1_138' title='bbox 3355 843 3477 917; x_wconf 83' lang='lat'><strong>97</strong></span> 
     </span>
    </p>
   </div>
   <div class='ocr_carea' id='block_1_23' title="bbox 1857 941 2382 1013">
    <p class='ocr_par' dir='ltr' id='par_1_23' title="bbox 1857 941 2382 1013">
     <span class='ocr_line' id='line_1_23' title="bbox 1857 941 2382 1013; baseline -0.002 -16"><span class='ocrx_word' id='word_1_139' title='bbox 1857 942 2046 997; x_wconf 89' lang='lat' dir='ltr'><strong>nullus</strong></span> <span class='ocrx_word' id='word_1_140' title='bbox 2070 941 2382 1013; x_wconf 87' lang='lat' dir='ltr'><strong>impendat.</strong></span> 
     </span>
    </p>
   </div>
   <div class='ocr_carea' id='block_1_24' title="bbox 1928 1033 3482 1106">
    <p class='ocr_par' dir='ltr' id='par_1_24' title="bbox 1928 1033 3482 1106">
     <span class='ocr_line' id='line_1_24' title="bbox 1928 1033 3482 1106; baseline -0.001 -15"><span class='ocrx_word' id='word_1_141' title='bbox 1928 1037 2058 1091; x_wconf 87' lang='lat' dir='ltr'><strong>LIII.</strong></span> <span class='ocrx_word' id='word_1_142' title='bbox 2075 1033 2359 1106; x_wconf 84' lang='lat' dir='ltr'><strong>Quidquid</strong></span> <span class='ocrx_word' id='word_1_143' title='bbox 2389 1033 2789 1105; x_wconf 87' lang='lat' dir='ltr'><strong>parochiarum</strong></span> <span class='ocrx_word' id='word_1_144' title='bbox 2809 1033 3108 1104; x_wconf 87' lang='lat' dir='ltr'><strong>presbyter</strong></span> <span class='ocrx_word' id='word_1_145' title='bbox 3125 1033 3196 1088; x_wconf 91' lang='lat' dir='ltr'><strong>de</strong></span> <span class='ocrx_word' id='word_1_146' title='bbox 3224 1033 3482 1090; x_wconf 85' lang='lat' dir='ltr'><strong>ecclesia-</strong></span> 
     </span>
    </p>
   </div>
   <div class='ocr_carea' id='block_1_25' title="bbox 1854 1125 3482 1200">
    <p class='ocr_par' dir='ltr' id='par_1_25' title="bbox 1854 1125 3482 1200">
     <span class='ocr_line' id='line_1_25' title="bbox 1854 1125 3482 1200; baseline -0.002 -15"><span class='ocrx_word' id='word_1_147' title='bbox 1854 1129 1975 1185; x_wconf 86' lang='lat' dir='ltr'><strong>stici</strong></span> <span class='ocrx_word' id='word_1_148' title='bbox 1995 1129 2142 1200; x_wconf 88' lang='lat' dir='ltr'><strong>juris</strong></span> <span class='ocrx_word' id='word_1_149' title='bbox 2169 1127 2520 1200; x_wconf 86' lang='lat' dir='ltr'><strong>possessione</strong></span> <span class='ocrx_word' id='word_1_150' title='bbox 2554 1125 2884 1182; x_wconf 82' lang='lat' dir='ltr'><strong>distraxerit</strong></span> <span class='ocrx_word' id='word_1_151' title='bbox 2907 1125 3075 1182; x_wconf 87' lang='lat' dir='ltr'><strong>inane</strong></span> <span class='ocrx_word' id='word_1_152' title='bbox 3099 1126 3396 1195; x_wconf 86' lang='lat' dir='ltr'><strong>habeatur,</strong></span> <span class='ocrx_word' id='word_1_153' title='bbox 3425 1133 3482 1182; x_wconf 92' lang='lat' dir='ltr'><strong>et</strong></span> 
     </span>
    </p>
   </div>
   <div class='ocr_carea' id='block_1_26' title="bbox 1853 1219 3482 1293">
    <p class='ocr_par' dir='ltr' id='par_1_26' title="bbox 1853 1219 3482 1293">
     <span class='ocr_line' id='line_1_26' title="bbox 1853 1219 3482 1293; baseline 0 -17"><span class='ocrx_word' id='word_1_154' title='bbox 1853 1239 2116 1289; x_wconf 89' lang='lat' dir='ltr'><strong>vacuum,</strong></span> <span class='ocrx_word' id='word_1_155' title='bbox 2138 1222 2428 1278; x_wconf 90' lang='lat' dir='ltr'><strong>venditore</strong></span> <span class='ocrx_word' id='word_1_156' title='bbox 2455 1220 2843 1293; x_wconf 88' lang='lat' dir='ltr'><strong>comparantis</strong></span> <span class='ocrx_word' id='word_1_157' title='bbox 2867 1225 2925 1275; x_wconf 87' lang='lat' dir='ltr'><strong>et</strong></span> <span class='ocrx_word' id='word_1_158' title='bbox 2948 1219 3216 1276; x_wconf 90' lang='lat' dir='ltr'><strong>auctione</strong></span> <span class='ocrx_word' id='word_1_159' title='bbox 3239 1221 3482 1277; x_wconf 84' lang='lat' dir='ltr'><strong>venden-</strong></span> 
     </span>
    </p>
   </div>
   <div class='ocr_carea' id='block_1_27' title="bbox 1855 1318 1948 1373">
    <p class='ocr_par' dir='ltr' id='par_1_27' title="bbox 1855 1318 1948 1373">
     <span class='ocr_line' id='line_1_27' title="bbox 1855 1318 1948 1373; baseline 0.011 -1"><span class='ocrx_word' id='word_1_160' title='bbox 1855 1318 1948 1373; x_wconf 84' lang='lat' dir='ltr'><strong>tis.</strong></span> 
     </span>
    </p>
   </div>
   <div class='ocr_carea' id='block_1_28' title="bbox 1870 1408 3484 1482">
    <p class='ocr_par' dir='ltr' id='par_1_28' title="bbox 1870 1408 3484 1482">
     <span class='ocr_line' id='line_1_28' title="bbox 1870 1408 3484 1482; baseline -0.002 -15"><span class='ocrx_word' id='word_1_161' title='bbox 1870 1416 1881 1439; x_wconf 89' lang='lat'>&#39;</span> <span class='ocrx_word' id='word_1_162' title='bbox 1926 1413 2054 1468; x_wconf 87' lang='lat' dir='ltr'><strong>LIV.</strong></span> <span class='ocrx_word' id='word_1_163' title='bbox 2085 1410 2384 1482; x_wconf 81' lang='lat' dir='ltr'><strong>Presbyter</strong></span> <span class='ocrx_word' id='word_1_164' title='bbox 2409 1410 2548 1466; x_wconf 91' lang='lat' dir='ltr'><strong>dum</strong></span> <span class='ocrx_word' id='word_1_165' title='bbox 2594 1409 2887 1466; x_wconf 82' lang='lat' dir='ltr'><strong>diacesim</strong></span> <span class='ocrx_word' id='word_1_166' title='bbox 2921 1411 3097 1479; x_wconf 90' lang='lat' dir='ltr'><strong>tenet,</strong></span> <span class='ocrx_word' id='word_1_167' title='bbox 3125 1409 3198 1464; x_wconf 92' lang='lat' dir='ltr'><strong>de</strong></span> <span class='ocrx_word' id='word_1_168' title='bbox 3232 1408 3320 1464; x_wconf 88' lang='lat' dir='ltr'><strong>his</strong></span> <span class='ocrx_word' id='word_1_169' title='bbox 3354 1425 3484 1481; x_wconf 83' lang='lat' dir='ltr'><strong>qua</strong></span> 
     </span>
    </p>
   </div>
   <div class='ocr_carea' id='block_1_29' title="bbox 1853 1503 3482 1576">
    <p class='ocr_par' dir='ltr' id='par_1_29' title="bbox 1853 1503 3482 1576">
     <span class='ocr_line' id='line_1_29' title="bbox 1853 1503 3482 1576; baseline -0.002 -15"><span class='ocrx_word' id='word_1_170' title='bbox 1853 1505 2059 1563; x_wconf 90' lang='lat' dir='ltr'><strong>emerit</strong></span> <span class='ocrx_word' id='word_1_171' title='bbox 2085 1507 2161 1560; x_wconf 91' lang='lat' dir='ltr'><strong>ad</strong></span> <span class='ocrx_word' id='word_1_172' title='bbox 2181 1505 2434 1560; x_wconf 87' lang='lat' dir='ltr'><strong>ecclesia</strong></span> <span class='ocrx_word' id='word_1_173' title='bbox 2458 1521 2675 1560; x_wconf 88' lang='lat' dir='ltr'><strong>nomen</strong></span> <span class='ocrx_word' id='word_1_174' title='bbox 2701 1504 3041 1576; x_wconf 87' lang='lat' dir='ltr'><strong>scripturam</strong></span> <span class='ocrx_word' id='word_1_175' title='bbox 3082 1503 3268 1572; x_wconf 79' lang='lat' dir='ltr'><strong>faciat,</strong></span> <span class='ocrx_word' id='word_1_176' title='bbox 3287 1507 3385 1558; x_wconf 89' lang='lat' dir='ltr'><strong>aut</strong></span> <span class='ocrx_word' id='word_1_177' title='bbox 3411 1503 3482 1558; x_wconf 87' lang='lat' dir='ltr'><strong>ab</strong></span> 
     </span>
    </p>
   </div>
   <div class='ocr_carea' id='block_1_30' title="bbox 1854 1597 3338 1672">
    <p class='ocr_par' dir='ltr' id='par_1_30' title="bbox 1854 1597 3338 1672">
     <span class='ocr_line' id='line_1_30' title="bbox 1854 1597 3338 1672; baseline -0.002 -17"><span class='ocrx_word' id='word_1_178' title='bbox 1854 1600 1975 1672; x_wconf 90' lang='lat' dir='ltr'><strong>ejus</strong></span> <span class='ocrx_word' id='word_1_179' title='bbox 2005 1616 2179 1672; x_wconf 90' lang='lat' dir='ltr'><strong>quam</strong></span> <span class='ocrx_word' id='word_1_180' title='bbox 2205 1605 2363 1660; x_wconf 89' lang='lat' dir='ltr'><strong>tenet</strong></span> <span class='ocrx_word' id='word_1_181' title='bbox 2393 1598 2646 1655; x_wconf 90' lang='lat' dir='ltr'><strong>ecclesia</strong></span> <span class='ocrx_word' id='word_1_182' title='bbox 2683 1597 3042 1653; x_wconf 90' lang='lat' dir='ltr'><strong>ordinatione</strong></span> <span class='ocrx_word' id='word_1_183' title='bbox 3071 1597 3338 1653; x_wconf 89' lang='lat' dir='ltr'><strong>discedat.</strong></span> 
     </span>
    </p>
   </div>
   <div class='ocr_carea' id='block_1_31' title="bbox 1924 1691 3482 1766">
    <p class='ocr_par' dir='ltr' id='par_1_31' title="bbox 1924 1691 3482 1766">
     <span class='ocr_line' id='line_1_31' title="bbox 1924 1691 3482 1766; baseline 0 -18"><span class='ocrx_word' id='word_1_184' title='bbox 1924 1694 2030 1748; x_wconf 88' lang='lat' dir='ltr'><strong>LV.</strong></span> <span class='ocrx_word' id='word_1_185' title='bbox 2081 1693 2392 1766; x_wconf 89' lang='lat' dir='ltr'><strong>Episcopis,</strong></span> <span class='ocrx_word' id='word_1_186' title='bbox 2420 1691 2786 1764; x_wconf 85' lang='lat' dir='ltr'><strong>presbyteris,</strong></span> <span class='ocrx_word' id='word_1_187' title='bbox 2823 1691 3150 1747; x_wconf 91' lang='lat' dir='ltr'><strong>diaconibus</strong></span> <span class='ocrx_word' id='word_1_188' title='bbox 3199 1708 3367 1747; x_wconf 88' lang='lat' dir='ltr'><strong>canes</strong></span> <span class='ocrx_word' id='word_1_189' title='bbox 3411 1693 3482 1748; x_wconf 89' lang='lat' dir='ltr'><strong>ad</strong></span> 
     </span>
    </p>
   </div>
   <div class='ocr_carea' id='block_1_32' title="bbox 171 1767 3482 1871">
    <p class='ocr_par' dir='ltr' id='par_1_32' title="bbox 171 1767 3482 1871">
     <span class='ocr_line' id='line_1_32' title="bbox 171 1767 3482 1871; baseline -0.004 -19"><span class='ocrx_word' id='word_1_190' title='bbox 171 1799 291 1853; x_wconf 86' lang='lat' dir='ltr'><strong>inter</strong></span> <span class='ocrx_word' id='word_1_191' title='bbox 309 1800 632 1871; x_wconf 87' lang='lat' dir='ltr'><strong>nuptiarum</strong></span> <span class='ocrx_word' id='word_1_192' title='bbox 659 1799 897 1855; x_wconf 90' lang='lat' dir='ltr'><strong>maritos</strong></span> <span class='ocrx_word' id='word_1_193' title='bbox 932 1800 1119 1854; x_wconf 92' lang='lat' dir='ltr'><strong>locum</strong></span> <span class='ocrx_word' id='word_1_194' title='bbox 1145 1800 1400 1864; x_wconf 89' lang='lat' dir='ltr'><strong>teneant,</strong></span> <span class='ocrx_word' id='word_1_195' title='bbox 1430 1797 1753 1851; x_wconf 88' lang='lat' dir='ltr'><strong>ministrare</strong></span> <span class='ocrx_word' id='word_1_196' title='bbox 1773 1767 1830 1838; x_wconf 84' lang='lat' dir='ltr'><strong>B</strong></span> <span class='ocrx_word' id='word_1_197' title='bbox 1854 1789 2204 1855; x_wconf 80' lang='lat' dir='ltr'><strong>venandum,</strong></span> <span class='ocrx_word' id='word_1_198' title='bbox 2227 1792 2325 1842; x_wconf 89' lang='lat' dir='ltr'><strong>aut</strong></span> <span class='ocrx_word' id='word_1_199' title='bbox 2347 1786 2640 1858; x_wconf 85' lang='lat' dir='ltr'><strong>accipitres</strong></span> <span class='ocrx_word' id='word_1_200' title='bbox 2658 1785 2873 1841; x_wconf 89' lang='lat' dir='ltr'><strong>habere</strong></span> <span class='ocrx_word' id='word_1_201' title='bbox 2895 1802 3010 1840; x_wconf 93' lang='lat' dir='ltr'><strong>non</strong></span> <span class='ocrx_word' id='word_1_202' title='bbox 3031 1785 3235 1842; x_wconf 90' lang='lat' dir='ltr'><strong>liceat:</strong></span> <span class='ocrx_word' id='word_1_203' title='bbox 3262 1785 3415 1856; x_wconf 90' lang='lat' dir='ltr'><strong>quod</strong></span> <span class='ocrx_word' id='word_1_204' title='bbox 3436 1787 3482 1842; x_wconf 90' lang='lat' dir='ltr'><strong>si</strong></span> 
     </span>
    </p>
   </div>
   <div class='ocr_carea' id='block_1_33' title="bbox 171 1892 1751 1965">
    <p class='ocr_par' dir='ltr' id='par_1_33' title="bbox 171 1892 1751 1965">
     <span class='ocr_line' id='line_1_33' title="bbox 171 1892 1751 1965; baseline -0.001 -19"><span class='ocrx_word' id='word_1_205' title='bbox 171 1892 378 1948; x_wconf 89' lang='lat' dir='ltr'><strong>diaconis</strong></span> <span class='ocrx_word' id='word_1_206' title='bbox 395 1911 730 1949; x_wconf 91' lang='lat' dir='ltr'><strong>consecrare</strong></span> <span class='ocrx_word' id='word_1_207' title='bbox 748 1893 923 1948; x_wconf 87' lang='lat' dir='ltr'><strong>altare</strong></span> <span class='ocrx_word' id='word_1_208' title='bbox 954 1893 1251 1965; x_wconf 88' lang='lat' dir='ltr'><strong>presbyter</strong></span> <span class='ocrx_word' id='word_1_209' title='bbox 1274 1908 1389 1946; x_wconf 91' lang='lat' dir='ltr'><strong>non</strong></span> <span class='ocrx_word' id='word_1_210' title='bbox 1423 1894 1751 1962; x_wconf 84' lang='lat' dir='ltr'><strong>prasumat.</strong></span> 
     </span>
    </p>
   </div>
   <div class='ocr_carea' id='block_1_34' title="bbox 223 1983 1756 2058">
    <p class='ocr_par' dir='ltr' id='par_1_34' title="bbox 223 1983 1756 2058">
     <span class='ocr_line' id='line_1_34' title="bbox 223 1983 1756 2058; baseline -0.003 -17"><span class='ocrx_word' id='word_1_211' title='bbox 223 1988 368 2043; x_wconf 84' lang='lat' dir='ltr'><strong>XLIV.</strong></span> <span class='ocrx_word' id='word_1_212' title='bbox 414 1989 876 2043; x_wconf 87' lang='lat' dir='ltr'><strong>Benedictionem</strong></span> <span class='ocrx_word' id='word_1_213' title='bbox 926 2003 1098 2058; x_wconf 90' lang='lat' dir='ltr'><strong>super</strong></span> <span class='ocrx_word' id='word_1_214' title='bbox 1149 1986 1372 2057; x_wconf 88' lang='lat' dir='ltr'><strong>plebem</strong></span> <span class='ocrx_word' id='word_1_215' title='bbox 1416 1986 1478 2039; x_wconf 87' lang='lat' dir='ltr'><strong>in</strong></span> <span class='ocrx_word' id='word_1_216' title='bbox 1525 1983 1756 2038; x_wconf 90' lang='lat' dir='ltr'><strong>ecclesia</strong></span> 
     </span>
    </p>
   </div>
   <div class='ocr_carea' id='block_1_35' title="bbox 168 2077 1755 2153">
    <p class='ocr_par' dir='ltr' id='par_1_35' title="bbox 168 2077 1755 2153">
     <span class='ocr_line' id='line_1_35' title="bbox 168 2077 1755 2153; baseline -0.002 -18"><span class='ocrx_word' id='word_1_217' title='bbox 168 2081 384 2148; x_wconf 88' lang='lat' dir='ltr'><strong>fundere,</strong></span> <span class='ocrx_word' id='word_1_218' title='bbox 431 2086 532 2137; x_wconf 87' lang='lat' dir='ltr'><strong>aut</strong></span> <span class='ocrx_word' id='word_1_219' title='bbox 585 2082 961 2153; x_wconf 85' lang='lat' dir='ltr'><strong>poenitentem</strong></span> <span class='ocrx_word' id='word_1_220' title='bbox 1011 2081 1071 2135; x_wconf 92' lang='lat' dir='ltr'><strong>in</strong></span> <span class='ocrx_word' id='word_1_221' title='bbox 1125 2079 1356 2136; x_wconf 90' lang='lat' dir='ltr'><strong>ecclesia</strong></span> <span class='ocrx_word' id='word_1_222' title='bbox 1417 2077 1755 2134; x_wconf 90' lang='lat' dir='ltr'><strong>benedicere</strong></span> 
     </span>
    </p>
   </div>
   <div class='ocr_carea' id='block_1_36' title="bbox 169 2173 1112 2248">
    <p class='ocr_par' dir='ltr' id='par_1_36' title="bbox 169 2173 1112 2248">
     <span class='ocr_line' id='line_1_36' title="bbox 169 2173 1112 2248; baseline 0.001 -21"><span class='ocrx_word' id='word_1_223' title='bbox 169 2175 449 2246; x_wconf 83' lang='lat' dir='ltr'><strong>presbytero</strong></span> <span class='ocrx_word' id='word_1_224' title='bbox 479 2177 713 2248; x_wconf 87' lang='lat' dir='ltr'><strong>penitus</strong></span> <span class='ocrx_word' id='word_1_225' title='bbox 749 2192 868 2231; x_wconf 88' lang='lat' dir='ltr'><strong>non</strong></span> <span class='ocrx_word' id='word_1_226' title='bbox 900 2173 1112 2230; x_wconf 88' lang='lat' dir='ltr'><strong>licebit.</strong></span> 
     </span>
    </p>
   </div>
   <div class='ocr_carea' id='block_1_37' title="bbox 227 2266 1755 2340">
    <p class='ocr_par' dir='ltr' id='par_1_37' title="bbox 227 2266 1755 2340">
     <span class='ocr_line' id='line_1_37' title="bbox 227 2266 1755 2340; baseline -0.003 -17"><span class='ocrx_word' id='word_1_227' title='bbox 227 2272 350 2324; x_wconf 89' lang='lat' dir='ltr'><strong>XLV.</strong></span> <span class='ocrx_word' id='word_1_228' title='bbox 367 2273 633 2326; x_wconf 86' lang='lat' dir='ltr'><strong>Terrulas</strong></span> <span class='ocrx_word' id='word_1_229' title='bbox 656 2272 754 2327; x_wconf 90' lang='lat' dir='ltr'><strong>aut</strong></span> <span class='ocrx_word' id='word_1_230' title='bbox 771 2270 1022 2325; x_wconf 90' lang='lat' dir='ltr'><strong>vineolas</strong></span> <span class='ocrx_word' id='word_1_231' title='bbox 1041 2269 1273 2340; x_wconf 75' lang='lat' dir='ltr'><strong>exiguas</strong></span> <span class='ocrx_word' id='word_1_232' title='bbox 1293 2267 1545 2323; x_wconf 91' lang='lat' dir='ltr'><strong>ecclesia</strong></span> <span class='ocrx_word' id='word_1_233' title='bbox 1563 2266 1755 2321; x_wconf 90' lang='lat' dir='ltr'><strong>minus</strong></span> 
     </span>
    </p>
   </div>
   <div class='ocr_carea' id='block_1_38' title="bbox 166 2361 1752 2437">
    <p class='ocr_par' dir='ltr' id='par_1_38' title="bbox 166 2361 1752 2437">
     <span class='ocr_line' id='line_1_38' title="bbox 166 2361 1752 2437; baseline -0.006 -13"><span class='ocrx_word' id='word_1_234' title='bbox 166 2370 314 2437; x_wconf 87' lang='lat' dir='ltr'><strong>utiles,</strong></span> <span class='ocrx_word' id='word_1_235' title='bbox 344 2371 438 2422; x_wconf 90' lang='lat' dir='ltr'><strong>aut</strong></span> <span class='ocrx_word' id='word_1_236' title='bbox 464 2367 644 2436; x_wconf 89' lang='lat' dir='ltr'><strong>longe</strong></span> <span class='ocrx_word' id='word_1_237' title='bbox 678 2364 886 2436; x_wconf 91' lang='lat' dir='ltr'><strong>positas</strong></span> <span class='ocrx_word' id='word_1_238' title='bbox 917 2379 1117 2434; x_wconf 88' lang='lat' dir='ltr'><strong>parvas</strong></span> <span class='ocrx_word' id='word_1_239' title='bbox 1143 2364 1442 2434; x_wconf 91' lang='lat' dir='ltr'><strong>episcopus</strong></span> <span class='ocrx_word' id='word_1_240' title='bbox 1468 2361 1588 2416; x_wconf 91' lang='lat' dir='ltr'><strong>sine</strong></span> <span class='ocrx_word' id='word_1_241' title='bbox 1617 2376 1752 2414; x_wconf 88' lang='lat' dir='ltr'><strong>con-</strong></span> 
     </span>
    </p>
   </div>
   <div class='ocr_carea' id='block_1_39' title="bbox 164 2453 1750 2529">
    <p class='ocr_par' dir='ltr' id='par_1_39' title="bbox 164 2453 1750 2529">
     <span class='ocr_line' id='line_1_39' title="bbox 164 2453 1750 2529; baseline -0.007 -11"><span class='ocrx_word' id='word_1_242' title='bbox 164 2464 258 2518; x_wconf 86' lang='lat' dir='ltr'><strong>silio</strong></span> <span class='ocrx_word' id='word_1_243' title='bbox 292 2463 523 2516; x_wconf 82' lang='lat' dir='ltr'><strong>fratrum</strong></span> <span class='ocrx_word' id='word_1_244' title='bbox 554 2459 621 2529; x_wconf 90' lang='lat' dir='ltr'><strong>(si</strong></span> <span class='ocrx_word' id='word_1_245' title='bbox 669 2457 975 2513; x_wconf 90' lang='lat' dir='ltr'><strong>necessitas</strong></span> <span class='ocrx_word' id='word_1_246' title='bbox 1023 2456 1216 2527; x_wconf 84' lang='lat' dir='ltr'><strong>fuerit)</strong></span> <span class='ocrx_word' id='word_1_247' title='bbox 1247 2453 1603 2511; x_wconf 87' lang='lat' dir='ltr'><strong>distrahendi</strong></span> <span class='ocrx_word' id='word_1_248' title='bbox 1650 2454 1750 2508; x_wconf 84' lang='lat' dir='ltr'><strong>ha-</strong></span> 
     </span>
    </p>
   </div>
   <div class='ocr_carea' id='block_1_40' title="bbox 163 2557 637 2626">
    <p class='ocr_par' dir='ltr' id='par_1_40' title="bbox 163 2557 637 2626">
     <span class='ocr_line' id='line_1_40' title="bbox 163 2557 637 2626; baseline -0.004 -16"><span class='ocrx_word' id='word_1_249' title='bbox 163 2557 265 2610; x_wconf 88' lang='lat' dir='ltr'><strong>beat</strong></span> <span class='ocrx_word' id='word_1_250' title='bbox 286 2559 637 2626; x_wconf 86' lang='lat' dir='ltr'><strong>potestatem.</strong></span> 
     </span>
    </p>
   </div>
   <div class='ocr_carea' id='block_1_41' title="bbox 215 2642 1750 2719">
    <p class='ocr_par' dir='ltr' id='par_1_41' title="bbox 215 2642 1750 2719">
     <span class='ocr_line' id='line_1_41' title="bbox 215 2642 1750 2719; baseline -0.006 -15"><span class='ocrx_word' id='word_1_251' title='bbox 215 2651 362 2704; x_wconf 87' lang='lat' dir='ltr'><strong>XLVI.</strong></span> <span class='ocrx_word' id='word_1_252' title='bbox 388 2646 634 2719; x_wconf 82' lang='lat' dir='ltr'><strong>Fugitivi</strong></span> <span class='ocrx_word' id='word_1_253' title='bbox 672 2646 876 2701; x_wconf 90' lang='lat' dir='ltr'><strong>domos</strong></span> <span class='ocrx_word' id='word_1_254' title='bbox 901 2661 1047 2709; x_wconf 88' lang='lat' dir='ltr'><strong>suas,</strong></span> <span class='ocrx_word' id='word_1_255' title='bbox 1081 2648 1180 2698; x_wconf 90' lang='lat' dir='ltr'><strong>aut</strong></span> <span class='ocrx_word' id='word_1_256' title='bbox 1217 2643 1457 2698; x_wconf 87' lang='lat' dir='ltr'><strong>familias</strong></span> <span class='ocrx_word' id='word_1_257' title='bbox 1484 2642 1750 2696; x_wconf 84' lang='lat' dir='ltr'><strong>deseren-</strong></span> 
     </span>
    </p>
   </div>
   <div class='ocr_carea' id='block_1_42' title="bbox 160 2734 1752 2813">
    <p class='ocr_par' dir='ltr' id='par_1_42' title="bbox 160 2734 1752 2813">
     <span class='ocr_line' id='line_1_42' title="bbox 160 2734 1752 2813; baseline -0.004 -17"><span class='ocrx_word' id='word_1_258' title='bbox 160 2746 241 2810; x_wconf 75' lang='lat' dir='ltr'><strong>tes,</strong></span> <span class='ocrx_word' id='word_1_259' title='bbox 267 2743 352 2813; x_wconf 90' lang='lat' dir='ltr'><strong>qui</strong></span> <span class='ocrx_word' id='word_1_260' title='bbox 378 2741 601 2796; x_wconf 87' lang='lat' dir='ltr'><strong>etiamsi</strong></span> <span class='ocrx_word' id='word_1_261' title='bbox 634 2739 881 2794; x_wconf 90' lang='lat' dir='ltr'><strong>revocati</strong></span> <span class='ocrx_word' id='word_1_262' title='bbox 922 2738 1153 2805; x_wconf 85' lang='lat' dir='ltr'><strong>fuerint,</strong></span> <span class='ocrx_word' id='word_1_263' title='bbox 1183 2741 1283 2792; x_wconf 90' lang='lat' dir='ltr'><strong>aut</strong></span> <span class='ocrx_word' id='word_1_264' title='bbox 1326 2737 1370 2790; x_wconf 81' lang='lat' dir='ltr'><strong>s‘i</strong></span> <span class='ocrx_word' id='word_1_265' title='bbox 1409 2735 1488 2791; x_wconf 92' lang='lat' dir='ltr'><strong>ita</strong></span> <span class='ocrx_word' id='word_1_266' title='bbox 1513 2734 1596 2790; x_wconf 90' lang='lat' dir='ltr'><strong>illi</strong></span> <span class='ocrx_word' id='word_1_267' title='bbox 1627 2751 1752 2790; x_wconf 87' lang='lat' dir='ltr'><strong>me-</strong></span> 
     </span>
    </p>
   </div>
   <div class='ocr_carea' id='block_1_43' title="bbox 159 2835 806 2901">
    <p class='ocr_par' dir='ltr' id='par_1_43' title="bbox 159 2835 806 2901">
     <span class='ocr_line' id='line_1_43' title="bbox 159 2835 806 2901; baseline -0.003 -12"><span class='ocrx_word' id='word_1_268' title='bbox 159 2837 362 2901; x_wconf 89' lang='lat' dir='ltr'><strong>ruerint,</strong></span> <span class='ocrx_word' id='word_1_269' title='bbox 393 2835 806 2890; x_wconf 89' lang='lat' dir='ltr'><strong>distrahantur.</strong></span> 
     </span>
    </p>
   </div>
   <div class='ocr_carea' id='block_1_44' title="bbox 211 2923 1755 2985">
    <p class='ocr_par' dir='ltr' id='par_1_44' title="bbox 211 2923 1755 2985">
     <span class='ocr_line' id='line_1_44' title="bbox 211 2923 1755 2985; baseline -0.005 -1"><span class='ocrx_word' id='word_1_270' title='bbox 211 2930 383 2984; x_wconf 80' lang='lat' dir='ltr'><strong>XLVII.</strong></span> <span class='ocrx_word' id='word_1_271' title='bbox 447 2929 645 2985; x_wconf 82' lang='lat' dir='ltr'><strong>Missas</strong></span> <span class='ocrx_word' id='word_1_272' title='bbox 705 2927 800 2982; x_wconf 81' lang='lat' dir='ltr'><strong>die</strong></span> <span class='ocrx_word' id='word_1_273' title='bbox 860 2925 1154 2982; x_wconf 88' lang='lat' dir='ltr'><strong>Dominica</strong></span> <span class='ocrx_word' id='word_1_274' title='bbox 1196 2923 1558 2979; x_wconf 88' lang='lat' dir='ltr'><strong>sacularibus</strong></span> <span class='ocrx_word' id='word_1_275' title='bbox 1604 2927 1755 2979; x_wconf 89' lang='lat' dir='ltr'><strong>totas</strong></span> 
     </span>
    </p>
   </div>
   <div class='ocr_carea' id='block_1_45' title="bbox 157 3017 1752 3094">
    <p class='ocr_par' dir='ltr' id='par_1_45' title="bbox 157 3017 1752 3094">
     <span class='ocr_line' id='line_1_45' title="bbox 157 3017 1752 3094; baseline -0.004 -17"><span class='ocrx_word' id='word_1_276' title='bbox 157 3028 315 3080; x_wconf 86' lang='lat' dir='ltr'><strong>tenere</strong></span> <span class='ocrx_word' id='word_1_277' title='bbox 355 3022 587 3094; x_wconf 88' lang='lat' dir='ltr'><strong>speciali</strong></span> <span class='ocrx_word' id='word_1_278' title='bbox 635 3021 831 3076; x_wconf 87' lang='lat' dir='ltr'><strong>ordine</strong></span> <span class='ocrx_word' id='word_1_279' title='bbox 878 3019 1261 3091; x_wconf 88' lang='lat' dir='ltr'><strong>pracipimus,</strong></span> <span class='ocrx_word' id='word_1_280' title='bbox 1288 3019 1366 3073; x_wconf 92' lang='lat' dir='ltr'><strong>ita</strong></span> <span class='ocrx_word' id='word_1_281' title='bbox 1409 3023 1470 3073; x_wconf 92' lang='lat' dir='ltr'><strong>ut</strong></span> <span class='ocrx_word' id='word_1_282' title='bbox 1493 3022 1623 3072; x_wconf 90' lang='lat' dir='ltr'><strong>ante</strong></span> <span class='ocrx_word' id='word_1_283' title='bbox 1649 3017 1752 3072; x_wconf 89' lang='lat' dir='ltr'><strong>be-</strong></span> 
     </span>
    </p>
   </div>
   <div class='ocr_carea' id='block_1_46' title="bbox 1855 1879 3482 1955">
    <p class='ocr_par' dir='ltr' id='par_1_46' title="bbox 1855 1879 3482 1955">
     <span class='ocr_line' id='line_1_46' title="bbox 1855 1879 3482 1955; baseline -0.002 -16"><span class='ocrx_word' id='word_1_284' title='bbox 1855 1884 1981 1955; x_wconf 89' lang='lat' dir='ltr'><strong>quis</strong></span> <span class='ocrx_word' id='word_1_285' title='bbox 2023 1883 2222 1939; x_wconf 89' lang='lat' dir='ltr'><strong>talium</strong></span> <span class='ocrx_word' id='word_1_286' title='bbox 2262 1897 2640 1953; x_wconf 84' lang='lat' dir='ltr'><strong>personarum</strong></span> <span class='ocrx_word' id='word_1_287' title='bbox 2670 1880 2729 1934; x_wconf 89' lang='lat' dir='ltr'><strong>in</strong></span> <span class='ocrx_word' id='word_1_288' title='bbox 2774 1880 2878 1934; x_wconf 90' lang='lat' dir='ltr'><strong>hac</strong></span> <span class='ocrx_word' id='word_1_289' title='bbox 2903 1879 3194 1935; x_wconf 90' lang='lat' dir='ltr'><strong>voluntate</strong></span> <span class='ocrx_word' id='word_1_290' title='bbox 3223 1880 3482 1936; x_wconf 85' lang='lat' dir='ltr'><strong>detectus</strong></span> 
     </span>
    </p>
   </div>
   <div class='ocr_carea' id='block_1_47' title="bbox 1851 1973 3483 2048">
    <p class='ocr_par' dir='ltr' id='par_1_47' title="bbox 1851 1973 3483 2048">
     <span class='ocr_line' id='line_1_47' title="bbox 1851 1973 3483 2048; baseline -0.002 -16"><span class='ocrx_word' id='word_1_291' title='bbox 1851 1978 2044 2045; x_wconf 85' lang='lat' dir='ltr'><strong>fuerit,</strong></span> <span class='ocrx_word' id='word_1_292' title='bbox 2067 1977 2111 2032; x_wconf 90' lang='lat' dir='ltr'><strong>si</strong></span> <span class='ocrx_word' id='word_1_293' title='bbox 2139 1976 2440 2048; x_wconf 90' lang='lat' dir='ltr'><strong>episcopus</strong></span> <span class='ocrx_word' id='word_1_294' title='bbox 2471 1980 2555 2030; x_wconf 91' lang='lat' dir='ltr'><strong>est</strong></span> <span class='ocrx_word' id='word_1_295' title='bbox 2575 1974 2758 2029; x_wconf 88' lang='lat' dir='ltr'><strong>tribus</strong></span> <span class='ocrx_word' id='word_1_296' title='bbox 2782 1974 3070 2030; x_wconf 90' lang='lat' dir='ltr'><strong>mensibus</strong></span> <span class='ocrx_word' id='word_1_297' title='bbox 3093 1990 3151 2028; x_wconf 92' lang='lat' dir='ltr'><strong>se</strong></span> <span class='ocrx_word' id='word_1_298' title='bbox 3173 1973 3483 2045; x_wconf 90' lang='lat' dir='ltr'><strong>suspendat</strong></span> 
     </span>
    </p>
   </div>
   <div class='ocr_carea' id='block_1_48' title="bbox 1853 2067 3482 2141">
    <p class='ocr_par' dir='ltr' id='par_1_48' title="bbox 1853 2067 3482 2141">
     <span class='ocr_line' id='line_1_48' title="bbox 1853 2067 3482 2141; baseline -0.002 -15"><span class='ocrx_word' id='word_1_299' title='bbox 1853 2089 1888 2126; x_wconf 92' lang='lat' dir='ltr'><strong>a</strong></span> <span class='ocrx_word' id='word_1_300' title='bbox 1913 2071 2339 2139; x_wconf 89' lang='lat' dir='ltr'><strong>communione,</strong></span> <span class='ocrx_word' id='word_1_301' title='bbox 2363 2069 2658 2141; x_wconf 89' lang='lat' dir='ltr'><strong>presbyter</strong></span> <span class='ocrx_word' id='word_1_302' title='bbox 2683 2068 2903 2124; x_wconf 91' lang='lat' dir='ltr'><strong>duobus</strong></span> <span class='ocrx_word' id='word_1_303' title='bbox 2930 2067 3222 2122; x_wconf 90' lang='lat' dir='ltr'><strong>mensibus</strong></span> <span class='ocrx_word' id='word_1_304' title='bbox 3239 2083 3298 2122; x_wconf 90' lang='lat' dir='ltr'><strong>se</strong></span> <span class='ocrx_word' id='word_1_305' title='bbox 3315 2067 3482 2122; x_wconf 85' lang='lat' dir='ltr'><strong>absti-</strong></span> 
     </span>
    </p>
   </div>
   <div class='ocr_carea' id='block_1_49' title="bbox 1852 2161 3482 2234">
    <p class='ocr_par' dir='ltr' id='par_1_49' title="bbox 1852 2161 3482 2234">
     <span class='ocr_line' id='line_1_49' title="bbox 1852 2161 3482 2234; baseline -0.001 -14"><span class='ocrx_word' id='word_1_306' title='bbox 1852 2167 2005 2234; x_wconf 88' lang='lat' dir='ltr'><strong>neat,</strong></span> <span class='ocrx_word' id='word_1_307' title='bbox 2027 2165 2300 2220; x_wconf 90' lang='lat' dir='ltr'><strong>diaconus</strong></span> <span class='ocrx_word' id='word_1_308' title='bbox 2323 2179 2457 2220; x_wconf 90' lang='lat' dir='ltr'><strong>vero</strong></span> <span class='ocrx_word' id='word_1_309' title='bbox 2482 2163 2553 2218; x_wconf 91' lang='lat' dir='ltr'><strong>ab</strong></span> <span class='ocrx_word' id='word_1_310' title='bbox 2579 2162 2737 2219; x_wconf 88' lang='lat' dir='ltr'><strong>omni</strong></span> <span class='ocrx_word' id='word_1_311' title='bbox 2762 2162 2948 2218; x_wconf 82' lang='lat' dir='ltr'><strong>ofﬁcio</strong></span> <span class='ocrx_word' id='word_1_312' title='bbox 2969 2162 3056 2217; x_wconf 88' lang='lat' dir='ltr'><strong>vel</strong></span> <span class='ocrx_word' id='word_1_313' title='bbox 3076 2161 3482 2218; x_wconf 85' lang='lat' dir='ltr'><strong>communione</strong></span> 
     </span>
    </p>
   </div>
   <div class='ocr_carea' id='block_1_50' title="bbox 1854 2257 2115 2315">
    <p class='ocr_par' dir='ltr' id='par_1_50' title="bbox 1854 2257 2115 2315">
     <span class='ocr_line' id='line_1_50' title="bbox 1854 2257 2115 2315; baseline -0.008 0"><span class='ocrx_word' id='word_1_314' title='bbox 1854 2257 2115 2315; x_wconf 86' lang='lat' dir='ltr'><strong>cessabit.</strong></span> 
     </span>
    </p>
   </div>
   <div class='ocr_carea' id='block_1_51' title="bbox 1925 2352 3478 2424">
    <p class='ocr_par' dir='ltr' id='par_1_51' title="bbox 1925 2352 3478 2424">
     <span class='ocr_line' id='line_1_51' title="bbox 1925 2352 3478 2424; baseline 0 -17"><span class='ocrx_word' id='word_1_315' title='bbox 1925 2354 2054 2408; x_wconf 91' lang='lat' dir='ltr'><strong>LVI.</strong></span> <span class='ocrx_word' id='word_1_316' title='bbox 2085 2355 2148 2408; x_wconf 92' lang='lat' dir='ltr'><strong>In</strong></span> <span class='ocrx_word' id='word_1_317' title='bbox 2189 2352 2626 2420; x_wconf 89' lang='lat' dir='ltr'><strong>venditionibus,</strong></span> <span class='ocrx_word' id='word_1_318' title='bbox 2653 2368 2796 2424; x_wconf 90' lang='lat' dir='ltr'><strong>quas</strong></span> <span class='ocrx_word' id='word_1_319' title='bbox 2838 2352 3073 2407; x_wconf 91' lang='lat' dir='ltr'><strong>abbates</strong></span> <span class='ocrx_word' id='word_1_320' title='bbox 3118 2353 3306 2406; x_wconf 89' lang='lat' dir='ltr'><strong>facere</strong></span> <span class='ocrx_word' id='word_1_321' title='bbox 3334 2367 3478 2423; x_wconf 58' lang='lat' dir='ltr'><strong>pra.</strong></span> 
     </span>
    </p>
   </div>
   <div class='ocr_carea' id='block_1_52' title="bbox 1853 2445 3480 2517">
    <p class='ocr_par' dir='ltr' id='par_1_52' title="bbox 1853 2445 3480 2517">
     <span class='ocr_line' id='line_1_52' title="bbox 1853 2445 3480 2517; baseline -0.002 -14"><span class='ocrx_word' id='word_1_322' title='bbox 1853 2450 2106 2515; x_wconf 89' lang='lat' dir='ltr'><strong>sumunt,</strong></span> <span class='ocrx_word' id='word_1_323' title='bbox 2138 2447 2263 2502; x_wconf 84' lang='lat' dir='ltr'><strong>hac</strong></span> <span class='ocrx_word' id='word_1_324' title='bbox 2291 2447 2474 2502; x_wconf 89' lang='lat' dir='ltr'><strong>forma</strong></span> <span class='ocrx_word' id='word_1_325' title='bbox 2513 2449 2784 2514; x_wconf 88' lang='lat' dir='ltr'><strong>servetur,</strong></span> <span class='ocrx_word' id='word_1_326' title='bbox 2813 2452 2877 2502; x_wconf 92' lang='lat' dir='ltr'><strong>ut</strong></span> <span class='ocrx_word' id='word_1_327' title='bbox 2901 2445 3178 2517; x_wconf 88' lang='lat' dir='ltr'><strong>quidquid</strong></span> <span class='ocrx_word' id='word_1_328' title='bbox 3207 2445 3326 2500; x_wconf 90' lang='lat' dir='ltr'><strong>sine</strong></span> <span class='ocrx_word' id='word_1_329' title='bbox 3359 2445 3480 2516; x_wconf 85' lang='lat' dir='ltr'><strong>epi-</strong></span> 
     </span>
    </p>
   </div>
   <div class='ocr_carea' id='block_1_53' title="bbox 1855 2538 3483 2612">
    <p class='ocr_par' dir='ltr' id='par_1_53' title="bbox 1855 2538 3483 2612">
     <span class='ocr_line' id='line_1_53' title="bbox 1855 2538 3483 2612; baseline -0.002 -16"><span class='ocrx_word' id='word_1_330' title='bbox 1855 2541 2007 2612; x_wconf 90' lang='lat' dir='ltr'><strong>scopi</strong></span> <span class='ocrx_word' id='word_1_331' title='bbox 2029 2539 2225 2596; x_wconf 88' lang='lat' dir='ltr'><strong>notitia</strong></span> <span class='ocrx_word' id='word_1_332' title='bbox 2243 2540 2538 2594; x_wconf 89' lang='lat' dir='ltr'><strong>venditum</strong></span> <span class='ocrx_word' id='word_1_333' title='bbox 2567 2539 2760 2609; x_wconf 90' lang='lat' dir='ltr'><strong>fuerit,</strong></span> <span class='ocrx_word' id='word_1_334' title='bbox 2781 2540 2854 2594; x_wconf 86' lang='lat' dir='ltr'><strong>ad</strong></span> <span class='ocrx_word' id='word_1_335' title='bbox 2873 2542 3212 2611; x_wconf 89' lang='lat' dir='ltr'><strong>potestatem</strong></span> <span class='ocrx_word' id='word_1_336' title='bbox 3237 2538 3483 2609; x_wconf 89' lang='lat' dir='ltr'><strong>episcopi</strong></span> 
     </span>
    </p>
   </div>
   <div class='ocr_carea' id='block_1_54' title="bbox 1853 2632 3478 2705">
    <p class='ocr_par' dir='ltr' id='par_1_54' title="bbox 1853 2632 3478 2705">
     <span class='ocr_line' id='line_1_54' title="bbox 1853 2632 3478 2705; baseline -0.002 -15"><span class='ocrx_word' id='word_1_337' title='bbox 1853 2638 2170 2704; x_wconf 90' lang='lat' dir='ltr'><strong>revocetur,</strong></span> <span class='ocrx_word' id='word_1_338' title='bbox 2197 2633 2478 2705; x_wconf 90' lang='lat' dir='ltr'><strong>mancipia</strong></span> <span class='ocrx_word' id='word_1_339' title='bbox 2501 2650 2638 2688; x_wconf 90' lang='lat' dir='ltr'><strong>vero</strong></span> <span class='ocrx_word' id='word_1_340' title='bbox 2681 2634 2978 2688; x_wconf 88' lang='lat' dir='ltr'><strong>monachis</strong></span> <span class='ocrx_word' id='word_1_341' title='bbox 3023 2633 3228 2688; x_wconf 88' lang='lat' dir='ltr'><strong>donata</strong></span> <span class='ocrx_word' id='word_1_342' title='bbox 3265 2632 3335 2686; x_wconf 90' lang='lat' dir='ltr'><strong>ab</strong></span> <span class='ocrx_word' id='word_1_343' title='bbox 3379 2632 3478 2686; x_wconf 81' lang='lat' dir='ltr'><strong>ab-</strong></span> 
     </span>
    </p>
   </div>
   <div class='ocr_carea' id='block_1_55' title="bbox 1853 2726 3478 2798">
    <p class='ocr_par' dir='ltr' id='par_1_55' title="bbox 1853 2726 3478 2798">
     <span class='ocr_line' id='line_1_55' title="bbox 1853 2726 3478 2798; baseline -0.004 -13"><span class='ocrx_word' id='word_1_344' title='bbox 1853 2731 1984 2786; x_wconf 90' lang='lat' dir='ltr'><strong>bate</strong></span> <span class='ocrx_word' id='word_1_345' title='bbox 2004 2746 2119 2784; x_wconf 91' lang='lat' dir='ltr'><strong>non</strong></span> <span class='ocrx_word' id='word_1_346' title='bbox 2139 2728 2305 2784; x_wconf 90' lang='lat' dir='ltr'><strong>liceat</strong></span> <span class='ocrx_word' id='word_1_347' title='bbox 2333 2727 2683 2796; x_wconf 88' lang='lat' dir='ltr'><strong>manumitti,</strong></span> <span class='ocrx_word' id='word_1_348' title='bbox 2707 2727 2984 2798; x_wconf 73' lang='lat' dir='ltr'><strong>iniustum</strong></span> <span class='ocrx_word' id='word_1_349' title='bbox 3011 2726 3164 2781; x_wconf 91' lang='lat' dir='ltr'><strong>enim</strong></span> <span class='ocrx_word' id='word_1_350' title='bbox 3185 2730 3478 2798; x_wconf 88' lang='lat' dir='ltr'><strong>putamus,</strong></span> 
     </span>
    </p>
   </div>
   <div class='ocr_carea' id='block_1_56' title="bbox 1852 2819 3479 2894">
    <p class='ocr_par' dir='ltr' id='par_1_56' title="bbox 1852 2819 3479 2894">
     <span class='ocr_line' id='line_1_56' title="bbox 1852 2819 3479 2894; baseline -0.003 -15"><span class='ocrx_word' id='word_1_351' title='bbox 1852 2828 1921 2880; x_wconf 88' lang='lat' dir='ltr'><strong>ut</strong></span> <span class='ocrx_word' id='word_1_352' title='bbox 1957 2823 2252 2879; x_wconf 88' lang='lat' dir='ltr'><strong>monachis</strong></span> <span class='ocrx_word' id='word_1_353' title='bbox 2297 2822 2691 2894; x_wconf 88' lang='lat' dir='ltr'><strong>quotidianum</strong></span> <span class='ocrx_word' id='word_1_354' title='bbox 2733 2822 2922 2876; x_wconf 91' lang='lat' dir='ltr'><strong>rurale</strong></span> <span class='ocrx_word' id='word_1_355' title='bbox 2955 2837 3097 2892; x_wconf 90' lang='lat' dir='ltr'><strong>opus</strong></span> <span class='ocrx_word' id='word_1_356' title='bbox 3121 2819 3479 2886; x_wconf 87' lang='lat' dir='ltr'><strong>facientibus,</strong></span> 
     </span>
    </p>
   </div>
   <div class='ocr_carea' id='block_1_57' title="bbox 1855 2916 3014 2988">
    <p class='ocr_par' dir='ltr' id='par_1_57' title="bbox 1855 2916 3014 2988">
     <span class='ocr_line' id='line_1_57' title="bbox 1855 2916 3014 2988; baseline -0.005 -13"><span class='ocrx_word' id='word_1_357' title='bbox 1855 2918 2000 2976; x_wconf 87' lang='lat' dir='ltr'><strong>servi</strong></span> <span class='ocrx_word' id='word_1_358' title='bbox 2025 2935 2225 2974; x_wconf 89' lang='lat' dir='ltr'><strong>eorum</strong></span> <span class='ocrx_word' id='word_1_359' title='bbox 2252 2917 2531 2973; x_wconf 90' lang='lat' dir='ltr'><strong>libertatis</strong></span> <span class='ocrx_word' id='word_1_360' title='bbox 2558 2917 2673 2972; x_wconf 92' lang='lat' dir='ltr'><strong>otio</strong></span> <span class='ocrx_word' id='word_1_361' title='bbox 2703 2916 3014 2988; x_wconf 89' lang='lat' dir='ltr'><strong>potiantur.</strong></span> 
     </span>
    </p>
   </div>
   <div class='ocr_carea' id='block_1_58' title="bbox 1921 3007 3477 3070">
    <p class='ocr_par' dir='ltr' id='par_1_58' title="bbox 1921 3007 3477 3070">
     <span class='ocr_line' id='line_1_58' title="bbox 1921 3007 3477 3070; baseline -0.003 -2"><span class='ocrx_word' id='word_1_362' title='bbox 1921 3014 2051 3068; x_wconf 91' lang='lat' dir='ltr'><strong>LVI.</strong></span> <span class='ocrx_word' id='word_1_363' title='bbox 2083 3015 2278 3070; x_wconf 90' lang='lat' dir='ltr'><strong>Unum</strong></span> <span class='ocrx_word' id='word_1_364' title='bbox 2301 3010 2732 3068; x_wconf 89' lang='lat' dir='ltr'><strong>abbatemduob</strong></span> <span class='ocrx_word' id='word_1_365' title='bbox 2748 3028 2782 3064; x_wconf 92' lang='lat' dir='ltr'><strong>u</strong></span> <span class='ocrx_word' id='word_1_366' title='bbox 2798 3028 2823 3065; x_wconf 89' lang='lat' dir='ltr'><strong>s</strong></span> <span class='ocrx_word' id='word_1_367' title='bbox 2855 3009 3213 3065; x_wconf 89' lang='lat' dir='ltr'><strong>monasteriis</strong></span> <span class='ocrx_word' id='word_1_368' title='bbox 3239 3007 3477 3064; x_wconf 86' lang='lat' dir='ltr'><strong>interdi-</strong></span> 
     </span>
    </p>
   </div>
   <div class='ocr_carea' id='block_1_59' title="bbox 159 3106 2383 3214">
    <p class='ocr_par' dir='ltr' id='par_1_59' title="bbox 159 3106 2383 3214">
     <span class='ocr_line' id='line_1_59' title="bbox 159 3106 2383 3214; baseline -0.004 -45"><span class='ocrx_word' id='word_1_369' title='bbox 159 3117 498 3172; x_wconf 89' lang='lat' dir='ltr'><strong>nedictionem</strong></span> <span class='ocrx_word' id='word_1_370' title='bbox 548 3115 856 3171; x_wconf 89' lang='lat' dir='ltr'><strong>sacerdotis</strong></span> <span class='ocrx_word' id='word_1_371' title='bbox 885 3113 1084 3186; x_wconf 87' lang='lat' dir='ltr'><strong>egredi</strong></span> <span class='ocrx_word' id='word_1_372' title='bbox 1112 3112 1353 3184; x_wconf 89' lang='lat' dir='ltr'><strong>populus</strong></span> <span class='ocrx_word' id='word_1_373' title='bbox 1389 3129 1509 3167; x_wconf 93' lang='lat' dir='ltr'><strong>non</strong></span> <span class='ocrx_word' id='word_1_374' title='bbox 1533 3128 1747 3183; x_wconf 80' lang='lat' dir='ltr'><strong>prasu-</strong></span> <span class='ocrx_word' id='word_1_375' title='bbox 1771 3139 1826 3214; x_wconf 69' lang='grc' dir='ltr'><strong>Ο</strong></span> <span class='ocrx_word' id='word_1_376' title='bbox 1851 3108 2033 3164; x_wconf 69' lang='lat' dir='ltr'><strong>cimus</strong></span> <span class='ocrx_word' id='word_1_377' title='bbox 2058 3106 2383 3178; x_wconf 88' lang='lat' dir='ltr'><strong>prasidere.</strong></span> 
     </span>
    </p>
   </div>
   <div class='ocr_carea' id='block_1_60' title="bbox 158 3205 1747 3284">
    <p class='ocr_par' dir='ltr' id='par_1_60' title="bbox 158 3205 1747 3284">
     <span class='ocr_line' id='line_1_60' title="bbox 158 3205 1747 3284; baseline -0.003 -20"><span class='ocrx_word' id='word_1_378' title='bbox 158 3218 266 3278; x_wconf 86' lang='lat' dir='ltr'><strong>mat,</strong></span> <span class='ocrx_word' id='word_1_379' title='bbox 297 3213 389 3284; x_wconf 90' lang='lat' dir='ltr'><strong>qui</strong></span> <span class='ocrx_word' id='word_1_380' title='bbox 434 3212 480 3265; x_wconf 90' lang='lat' dir='ltr'><strong>si</strong></span> <span class='ocrx_word' id='word_1_381' title='bbox 521 3209 787 3277; x_wconf 88' lang='lat' dir='ltr'><strong>fecerint,</strong></span> <span class='ocrx_word' id='word_1_382' title='bbox 819 3209 889 3263; x_wconf 91' lang='lat' dir='ltr'><strong>ab</strong></span> <span class='ocrx_word' id='word_1_383' title='bbox 935 3207 1199 3280; x_wconf 85' lang='lat' dir='ltr'><strong>episcopo</strong></span> <span class='ocrx_word' id='word_1_384' title='bbox 1233 3205 1457 3278; x_wconf 91' lang='lat' dir='ltr'><strong>publice</strong></span> <span class='ocrx_word' id='word_1_385' title='bbox 1507 3206 1747 3262; x_wconf 85' lang='lat' dir='ltr'><strong>confun-</strong></span> 
     </span>
    </p>
   </div>
   <div class='ocr_carea' id='block_1_61' title="bbox 159 3303 348 3359">
    <p class='ocr_par' dir='ltr' id='par_1_61' title="bbox 159 3303 348 3359">
     <span class='ocr_line' id='line_1_61' title="bbox 159 3303 348 3359; baseline 0.016 -3"><span class='ocrx_word' id='word_1_386' title='bbox 159 3303 348 3359; x_wconf 90' lang='lat' dir='ltr'><strong>dantur.</strong></span> 
     </span>
    </p>
   </div>
   <div class='ocr_carea' id='block_1_62' title="bbox 209 3393 1748 3467">
    <p class='ocr_par' dir='ltr' id='par_1_62' title="bbox 209 3393 1748 3467">
     <span class='ocr_line' id='line_1_62' title="bbox 209 3393 1748 3467; baseline -0.002 -15"><span class='ocrx_word' id='word_1_387' title='bbox 209 3399 403 3455; x_wconf 87' lang='lat' dir='ltr'><strong>XLVIII.</strong></span> <span class='ocrx_word' id='word_1_388' title='bbox 435 3401 506 3455; x_wconf 92' lang='lat' dir='ltr'><strong>Ut</strong></span> <span class='ocrx_word' id='word_1_389' title='bbox 550 3399 622 3453; x_wconf 90' lang='lat' dir='ltr'><strong>de</strong></span> <span class='ocrx_word' id='word_1_390' title='bbox 654 3397 824 3452; x_wconf 90' lang='lat' dir='ltr'><strong>rebus</strong></span> <span class='ocrx_word' id='word_1_391' title='bbox 862 3395 1109 3467; x_wconf 88' lang='lat' dir='ltr'><strong>episcopi</strong></span> <span class='ocrx_word' id='word_1_392' title='bbox 1158 3393 1405 3466; x_wconf 89' lang='lat' dir='ltr'><strong>propriis</strong></span> <span class='ocrx_word' id='word_1_393' title='bbox 1435 3395 1525 3449; x_wconf 80' lang='lat' dir='ltr'><strong>vel</strong></span> <span class='ocrx_word' id='word_1_394' title='bbox 1555 3394 1748 3466; x_wconf 88' lang='lat' dir='ltr'><strong>acqui-</strong></span> 
     </span>
    </p>
   </div>
   <div class='ocr_carea' id='block_1_63' title="bbox 157 3487 1748 3564">
    <p class='ocr_par' dir='ltr' id='par_1_63' title="bbox 157 3487 1748 3564">
     <span class='ocr_line' id='line_1_63' title="bbox 157 3487 1748 3564; baseline -0.001 -21"><span class='ocrx_word' id='word_1_395' title='bbox 157 3490 268 3558; x_wconf 87' lang='lat' dir='ltr'><strong>sitis,</strong></span> <span class='ocrx_word' id='word_1_396' title='bbox 296 3493 378 3547; x_wconf 88' lang='lat' dir='ltr'><strong>vel</strong></span> <span class='ocrx_word' id='word_1_397' title='bbox 404 3491 690 3564; x_wconf 89' lang='lat' dir='ltr'><strong>quidquid</strong></span> <span class='ocrx_word' id='word_1_398' title='bbox 718 3491 1016 3562; x_wconf 90' lang='lat' dir='ltr'><strong>episcopus</strong></span> <span class='ocrx_word' id='word_1_399' title='bbox 1057 3490 1128 3543; x_wconf 93' lang='lat' dir='ltr'><strong>de</strong></span> <span class='ocrx_word' id='word_1_400' title='bbox 1165 3504 1267 3542; x_wconf 90' lang='lat' dir='ltr'><strong>suo</strong></span> <span class='ocrx_word' id='word_1_401' title='bbox 1292 3488 1527 3559; x_wconf 90' lang='lat' dir='ltr'><strong>proprio</strong></span> <span class='ocrx_word' id='word_1_402' title='bbox 1555 3487 1748 3555; x_wconf 90' lang='lat' dir='ltr'><strong>habet,</strong></span> 
     </span>
    </p>
   </div>
   <div class='ocr_carea' id='block_1_64' title="bbox 152 3581 1750 3652">
    <p class='ocr_par' dir='ltr' id='par_1_64' title="bbox 152 3581 1750 3652">
     <span class='ocr_line' id='line_1_64' title="bbox 152 3581 1750 3652; baseline -0.001 -16"><span class='ocrx_word' id='word_1_403' title='bbox 152 3583 432 3641; x_wconf 77' lang='lat' dir='ltr'><strong>haredibus</strong></span> <span class='ocrx_word' id='word_1_404' title='bbox 474 3586 598 3641; x_wconf 90' lang='lat' dir='ltr'><strong>suis</strong></span> <span class='ocrx_word' id='word_1_405' title='bbox 648 3585 692 3638; x_wconf 91' lang='lat' dir='ltr'><strong>si</strong></span> <span class='ocrx_word' id='word_1_406' title='bbox 737 3583 980 3639; x_wconf 89' lang='lat' dir='ltr'><strong>voluerit</strong></span> <span class='ocrx_word' id='word_1_407' title='bbox 1040 3581 1421 3652; x_wconf 89' lang='lat' dir='ltr'><strong>derelinquat,</strong></span> <span class='ocrx_word' id='word_1_408' title='bbox 1468 3581 1750 3652; x_wconf 90' lang='lat' dir='ltr'><strong>quidquid</strong></span> 
     </span>
    </p>
   </div>
   <div class='ocr_carea' id='block_1_65' title="bbox 152 3674 1752 3751">
    <p class='ocr_par' dir='ltr' id='par_1_65' title="bbox 152 3674 1752 3751">
     <span class='ocr_line' id='line_1_65' title="bbox 152 3674 1752 3751; baseline -0.001 -20"><span class='ocrx_word' id='word_1_409' title='bbox 152 3692 258 3732; x_wconf 72' lang='lat' dir='ltr'><strong>vero</strong></span> <span class='ocrx_word' id='word_1_410' title='bbox 303 3680 369 3734; x_wconf 93' lang='lat' dir='ltr'><strong>de</strong></span> <span class='ocrx_word' id='word_1_411' title='bbox 421 3679 754 3751; x_wconf 90' lang='lat' dir='ltr'><strong>provisione</strong></span> <span class='ocrx_word' id='word_1_412' title='bbox 804 3677 1053 3732; x_wconf 89' lang='lat' dir='ltr'><strong>ecclesia</strong></span> <span class='ocrx_word' id='word_1_413' title='bbox 1117 3691 1232 3729; x_wconf 87' lang='lat' dir='ltr'><strong>sua</strong></span> <span class='ocrx_word' id='word_1_414' title='bbox 1281 3674 1470 3741; x_wconf 90' lang='lat' dir='ltr'><strong>fuerit,</strong></span> <span class='ocrx_word' id='word_1_415' title='bbox 1512 3674 1627 3728; x_wconf 89' lang='lat' dir='ltr'><strong>sive</strong></span> <span class='ocrx_word' id='word_1_416' title='bbox 1680 3674 1752 3729; x_wconf 91' lang='lat' dir='ltr'><strong>de</strong></span> 
     </span>
    </p>
   </div>
   <div class='ocr_carea' id='block_1_66' title="bbox 148 3767 1752 3842">
    <p class='ocr_par' dir='ltr' id='par_1_66' title="bbox 148 3767 1752 3842">
     <span class='ocr_line' id='line_1_66' title="bbox 148 3767 1752 3842; baseline -0.002 -17"><span class='ocrx_word' id='word_1_417' title='bbox 148 3772 287 3840; x_wconf 80' lang='lat' dir='ltr'><strong>agris,</strong></span> <span class='ocrx_word' id='word_1_418' title='bbox 314 3774 423 3829; x_wconf 86' lang='lat' dir='ltr'><strong>sive</strong></span> <span class='ocrx_word' id='word_1_419' title='bbox 456 3775 528 3829; x_wconf 92' lang='lat' dir='ltr'><strong>de</strong></span> <span class='ocrx_word' id='word_1_420' title='bbox 561 3772 842 3842; x_wconf 85' lang='lat' dir='ltr'><strong>frugibus,</strong></span> <span class='ocrx_word' id='word_1_421' title='bbox 872 3771 986 3825; x_wconf 89' lang='lat' dir='ltr'><strong>sive</strong></span> <span class='ocrx_word' id='word_1_422' title='bbox 1017 3770 1089 3827; x_wconf 84' lang='lat' dir='ltr'><strong>de</strong></span> <span class='ocrx_word' id='word_1_423' title='bbox 1116 3768 1522 3835; x_wconf 89' lang='lat' dir='ltr'><strong>oblationibus,</strong></span> <span class='ocrx_word' id='word_1_424' title='bbox 1554 3767 1752 3822; x_wconf 88' lang='lat' dir='ltr'><strong>omnia</strong></span> 
     </span>
    </p>
   </div>
   <div class='ocr_carea' id='block_1_67' title="bbox 144 3863 1220 3932">
    <p class='ocr_par' dir='ltr' id='par_1_67' title="bbox 144 3863 1220 3932">
     <span class='ocr_line' id='line_1_67' title="bbox 144 3863 1220 3932; baseline 0 -16"><span class='ocrx_word' id='word_1_425' title='bbox 144 3863 248 3932; x_wconf 86' lang='lat' dir='ltr'><strong>jure</strong></span> <span class='ocrx_word' id='word_1_426' title='bbox 274 3868 516 3923; x_wconf 86' lang='lat' dir='ltr'><strong>ecclesia</strong></span> <span class='ocrx_word' id='word_1_427' title='bbox 550 3881 842 3920; x_wconf 88' lang='lat' dir='ltr'><strong>reservare</strong></span> <span class='ocrx_word' id='word_1_428' title='bbox 872 3863 1220 3918; x_wconf 89' lang='lat' dir='ltr'><strong>censuimus.</strong></span> 
     </span>
    </p>
   </div>
   <div class='ocr_carea' id='block_1_68' title="bbox 204 3955 1747 4029">
    <p class='ocr_par' dir='ltr' id='par_1_68' title="bbox 204 3955 1747 4029">
     <span class='ocr_line' id='line_1_68' title="bbox 204 3955 1747 4029; baseline -0.003 -16"><span class='ocrx_word' id='word_1_429' title='bbox 204 3960 353 4016; x_wconf 82' lang='lat' dir='ltr'><strong>XLIX.</strong></span> <span class='ocrx_word' id='word_1_430' title='bbox 383 3962 662 4016; x_wconf 88' lang='lat' dir='ltr'><strong>Diacones</strong></span> <span class='ocrx_word' id='word_1_431' title='bbox 704 3958 791 4012; x_wconf 92' lang='lat' dir='ltr'><strong>vel</strong></span> <span class='ocrx_word' id='word_1_432' title='bbox 832 3956 1151 4029; x_wconf 88' lang='lat' dir='ltr'><strong>presbyteri</strong></span> <span class='ocrx_word' id='word_1_433' title='bbox 1195 3956 1253 4010; x_wconf 91' lang='lat' dir='ltr'><strong>in</strong></span> <span class='ocrx_word' id='word_1_434' title='bbox 1297 3955 1570 4026; x_wconf 89' lang='lat' dir='ltr'><strong>parochia</strong></span> <span class='ocrx_word' id='word_1_435' title='bbox 1611 3971 1747 4009; x_wconf 92' lang='lat' dir='ltr'><strong>con-</strong></span> 
     </span>
    </p>
   </div>
   <div class='ocr_carea' id='block_1_69' title="bbox 150 4048 1752 4109">
    <p class='ocr_par' dir='ltr' id='par_1_69' title="bbox 150 4048 1752 4109">
     <span class='ocr_line' id='line_1_69' title="bbox 150 4048 1752 4109; baseline 0.001 -7"><span class='ocrx_word' id='word_1_436' title='bbox 150 4051 299 4106; x_wconf 82' lang='lat' dir='ltr'><strong>stituti</strong></span> <span class='ocrx_word' id='word_1_437' title='bbox 320 4055 386 4108; x_wconf 93' lang='lat' dir='ltr'><strong>de</strong></span> <span class='ocrx_word' id='word_1_438' title='bbox 417 4055 599 4109; x_wconf 87' lang='lat' dir='ltr'><strong>rebus</strong></span> <span class='ocrx_word' id='word_1_439' title='bbox 630 4052 882 4106; x_wconf 87' lang='lat' dir='ltr'><strong>ecclesia</strong></span> <span class='ocrx_word' id='word_1_440' title='bbox 926 4051 1034 4105; x_wconf 90' lang='lat' dir='ltr'><strong>sibi</strong></span> <span class='ocrx_word' id='word_1_441' title='bbox 1068 4050 1298 4105; x_wconf 90' lang='lat' dir='ltr'><strong>creditis</strong></span> <span class='ocrx_word' id='word_1_442' title='bbox 1327 4049 1471 4103; x_wconf 92' lang='lat' dir='ltr'><strong>nihil</strong></span> <span class='ocrx_word' id='word_1_443' title='bbox 1499 4048 1752 4104; x_wconf 90' lang='lat' dir='ltr'><strong>audeant</strong></span> 
     </span>
    </p>
   </div>
   <div class='ocr_carea' id='block_1_70' title="bbox 147 4143 1750 4215">
    <p class='ocr_par' dir='ltr' id='par_1_70' title="bbox 147 4143 1750 4215">
     <span class='ocr_line' id='line_1_70' title="bbox 147 4143 1750 4215; baseline 0.001 -19"><span class='ocrx_word' id='word_1_444' title='bbox 147 4152 490 4214; x_wconf 82' lang='lat' dir='ltr'><strong>commutare,</strong></span> <span class='ocrx_word' id='word_1_445' title='bbox 518 4146 776 4201; x_wconf 83' lang='lat' dir='ltr'><strong>vendere</strong></span> <span class='ocrx_word' id='word_1_446' title='bbox 815 4145 904 4200; x_wconf 93' lang='lat' dir='ltr'><strong>vel</strong></span> <span class='ocrx_word' id='word_1_447' title='bbox 945 4146 1177 4214; x_wconf 91' lang='lat' dir='ltr'><strong>donare,</strong></span> <span class='ocrx_word' id='word_1_448' title='bbox 1209 4143 1341 4215; x_wconf 91' lang='lat' dir='ltr'><strong>quia</strong></span> <span class='ocrx_word' id='word_1_449' title='bbox 1385 4158 1472 4197; x_wconf 89' lang='lat' dir='ltr'><strong>res</strong></span> <span class='ocrx_word' id='word_1_450' title='bbox 1517 4146 1750 4197; x_wconf 87' lang='lat' dir='ltr'><strong>sacrata</strong></span> 
     </span>
    </p>
   </div>
   <div class='ocr_carea' id='block_1_71' title="bbox 149 4235 1750 4298">
    <p class='ocr_par' dir='ltr' id='par_1_71' title="bbox 149 4235 1750 4298">
     <span class='ocr_line' id='line_1_71' title="bbox 149 4235 1750 4298; baseline -0.001 -7"><span class='ocrx_word' id='word_1_451' title='bbox 149 4236 238 4292; x_wconf 86' lang='lat' dir='ltr'><strong>Deo</strong></span> <span class='ocrx_word' id='word_1_452' title='bbox 260 4257 367 4296; x_wconf 89' lang='lat' dir='ltr'><strong>esse</strong></span> <span class='ocrx_word' id='word_1_453' title='bbox 410 4243 752 4298; x_wconf 78' lang='lat' dir='ltr'><strong>noscuntur.</strong></span> <span class='ocrx_word' id='word_1_454' title='bbox 781 4237 1057 4295; x_wconf 90' lang='lat' dir='ltr'><strong>Similiter</strong></span> <span class='ocrx_word' id='word_1_455' title='bbox 1083 4241 1139 4291; x_wconf 92' lang='lat' dir='ltr'><strong>et</strong></span> <span class='ocrx_word' id='word_1_456' title='bbox 1165 4236 1484 4291; x_wconf 89' lang='lat' dir='ltr'><strong>sacerdotes</strong></span> <span class='ocrx_word' id='word_1_457' title='bbox 1512 4235 1657 4289; x_wconf 90' lang='lat' dir='ltr'><strong>nihil</strong></span> <span class='ocrx_word' id='word_1_458' title='bbox 1682 4235 1750 4290; x_wconf 91' lang='lat' dir='ltr'><strong>de</strong></span> 
     </span>
    </p>
   </div>
   <div class='ocr_carea' id='block_1_72' title="bbox 147 4329 1749 4400">
    <p class='ocr_par' dir='ltr' id='par_1_72' title="bbox 147 4329 1749 4400">
     <span class='ocr_line' id='line_1_72' title="bbox 147 4329 1749 4400; baseline -0.001 -16"><span class='ocrx_word' id='word_1_459' title='bbox 147 4333 286 4388; x_wconf 86' lang='lat' dir='ltr'><strong>rebus</strong></span> <span class='ocrx_word' id='word_1_460' title='bbox 309 4335 566 4390; x_wconf 83' lang='lat' dir='ltr'><strong>ecclesia</strong></span> <span class='ocrx_word' id='word_1_461' title='bbox 595 4333 700 4388; x_wconf 90' lang='lat' dir='ltr'><strong>sibi</strong></span> <span class='ocrx_word' id='word_1_462' title='bbox 731 4331 1049 4387; x_wconf 84' lang='lat' dir='ltr'><strong>commissa</strong></span> <span class='ocrx_word' id='word_1_463' title='bbox 1083 4333 1162 4395; x_wconf 90' lang='lat' dir='ltr'><strong>(ut</strong></span> <span class='ocrx_word' id='word_1_464' title='bbox 1204 4329 1462 4400; x_wconf 91' lang='lat' dir='ltr'><strong>superius</strong></span> <span class='ocrx_word' id='word_1_465' title='bbox 1489 4345 1749 4400; x_wconf 83' lang='lat' dir='ltr'><strong>compre-</strong></span> 
     </span>
    </p>
   </div>
   <div class='ocr_carea' id='block_1_73' title="bbox 146 4421 1752 4498">
    <p class='ocr_par' dir='ltr' id='par_1_73' title="bbox 146 4421 1752 4498">
     <span class='ocr_line' id='line_1_73' title="bbox 146 4421 1752 4498; baseline -0.001 -21"><span class='ocrx_word' id='word_1_466' title='bbox 146 4423 353 4483; x_wconf 87' lang='lat' dir='ltr'><strong>hensum</strong></span> <span class='ocrx_word' id='word_1_467' title='bbox 379 4430 483 4498; x_wconf 80' lang='lat' dir='ltr'><strong>est)</strong></span> <span class='ocrx_word' id='word_1_468' title='bbox 519 4427 774 4483; x_wconf 89' lang='lat' dir='ltr'><strong>alienare</strong></span> <span class='ocrx_word' id='word_1_469' title='bbox 803 4427 1179 4498; x_wconf 84' lang='lat' dir='ltr'><strong>prasumant;</strong></span> <span class='ocrx_word' id='word_1_470' title='bbox 1225 4423 1379 4495; x_wconf 91' lang='lat' dir='ltr'><strong>quod</strong></span> <span class='ocrx_word' id='word_1_471' title='bbox 1424 4423 1470 4476; x_wconf 91' lang='lat' dir='ltr'><strong>si</strong></span> <span class='ocrx_word' id='word_1_472' title='bbox 1513 4421 1752 4477; x_wconf 88' lang='lat' dir='ltr'><strong>fecerint</strong></span> 
     </span>
    </p>
   </div>
   <div class='ocr_carea' id='block_1_74' title="bbox 1924 3202 3484 3274">
    <p class='ocr_par' dir='ltr' id='par_1_74' title="bbox 1924 3202 3484 3274">
     <span class='ocr_line' id='line_1_74' title="bbox 1924 3202 3484 3274; baseline -0.004 -13"><span class='ocrx_word' id='word_1_473' title='bbox 1924 3206 2093 3261; x_wconf 90' lang='lat' dir='ltr'><strong>LVIII.</strong></span> <span class='ocrx_word' id='word_1_474' title='bbox 2121 3204 2365 3258; x_wconf 90' lang='lat' dir='ltr'><strong>Cellulas</strong></span> <span class='ocrx_word' id='word_1_475' title='bbox 2391 3218 2586 3272; x_wconf 90' lang='lat' dir='ltr'><strong>novas,</strong></span> <span class='ocrx_word' id='word_1_476' title='bbox 2616 3207 2716 3258; x_wconf 91' lang='lat' dir='ltr'><strong>aut</strong></span> <span class='ocrx_word' id='word_1_477' title='bbox 2758 3202 3338 3274; x_wconf 88' lang='lat' dir='ltr'><strong>congregatiunculas</strong></span> <span class='ocrx_word' id='word_1_478' title='bbox 3367 3217 3484 3256; x_wconf 88' lang='lat' dir='ltr'><strong>mo-</strong></span> 
     </span>
    </p>
   </div>
   <div class='ocr_carea' id='block_1_75' title="bbox 1850 3298 3484 3374">
    <p class='ocr_par' dir='ltr' id='par_1_75' title="bbox 1850 3298 3484 3374">
     <span class='ocr_line' id='line_1_75' title="bbox 1850 3298 3484 3374; baseline -0.003 -15"><span class='ocrx_word' id='word_1_479' title='bbox 1850 3303 2165 3359; x_wconf 90' lang='lat' dir='ltr'><strong>nachorum</strong></span> <span class='ocrx_word' id='word_1_480' title='bbox 2191 3301 2408 3374; x_wconf 89' lang='lat' dir='ltr'><strong>absque</strong></span> <span class='ocrx_word' id='word_1_481' title='bbox 2433 3301 2639 3357; x_wconf 90' lang='lat' dir='ltr'><strong>notitia</strong></span> <span class='ocrx_word' id='word_1_482' title='bbox 2666 3300 2912 3373; x_wconf 88' lang='lat' dir='ltr'><strong>episcopi</strong></span> <span class='ocrx_word' id='word_1_483' title='bbox 2941 3299 3306 3372; x_wconf 85' lang='lat' dir='ltr'><strong>prohibemus</strong></span> <span class='ocrx_word' id='word_1_484' title='bbox 3329 3298 3484 3355; x_wconf 86' lang='lat' dir='ltr'><strong>insti-</strong></span> 
     </span>
    </p>
   </div>
   <div class='ocr_carea' id='block_1_76' title="bbox 1848 3398 1953 3454">
    <p class='ocr_par' dir='ltr' id='par_1_76' title="bbox 1848 3398 1953 3454">
     <span class='ocr_line' id='line_1_76' title="bbox 1848 3398 1953 3454; baseline -0.01 0"><span class='ocrx_word' id='word_1_485' title='bbox 1848 3398 1953 3454; x_wconf 82' lang='lat' dir='ltr'><strong>tui.</strong></span> 
     </span>
    </p>
   </div>
   <div class='ocr_carea' id='block_1_77' title="bbox 1921 3489 3483 3563">
    <p class='ocr_par' dir='ltr' id='par_1_77' title="bbox 1921 3489 3483 3563">
     <span class='ocr_line' id='line_1_77' title="bbox 1921 3489 3483 3563; baseline -0.002 -17"><span class='ocrx_word' id='word_1_486' title='bbox 1921 3492 2050 3551; x_wconf 85' lang='lat' dir='ltr'><strong>LIX.</strong></span> <span class='ocrx_word' id='word_1_487' title='bbox 2073 3491 2276 3546; x_wconf 88' lang='lat' dir='ltr'><strong>Clerici</strong></span> <span class='ocrx_word' id='word_1_488' title='bbox 2301 3490 2538 3562; x_wconf 88' lang='lat' dir='ltr'><strong>quilibet</strong></span> <span class='ocrx_word' id='word_1_489' title='bbox 2563 3507 2918 3563; x_wconf 85' lang='lat' dir='ltr'><strong>quacunque</strong></span> <span class='ocrx_word' id='word_1_490' title='bbox 2945 3489 3318 3545; x_wconf 89' lang='lat' dir='ltr'><strong>diuturnitate</strong></span> <span class='ocrx_word' id='word_1_491' title='bbox 3342 3491 3483 3543; x_wconf 79' lang='lat' dir='ltr'><strong>tem-</strong></span> 
     </span>
    </p>
   </div>
   <div class='ocr_carea' id='block_1_78' title="bbox 1850 3583 3483 3657">
    <p class='ocr_par' dir='ltr' id='par_1_78' title="bbox 1850 3583 3483 3657">
     <span class='ocr_line' id='line_1_78' title="bbox 1850 3583 3483 3657; baseline -0.002 -17"><span class='ocrx_word' id='word_1_492' title='bbox 1850 3585 2003 3657; x_wconf 88' lang='lat' dir='ltr'><strong>poris</strong></span> <span class='ocrx_word' id='word_1_493' title='bbox 2032 3585 2101 3640; x_wconf 94' lang='lat' dir='ltr'><strong>de</strong></span> <span class='ocrx_word' id='word_1_494' title='bbox 2127 3584 2373 3640; x_wconf 86' lang='lat' dir='ltr'><strong>ecclesia</strong></span> <span class='ocrx_word' id='word_1_495' title='bbox 2399 3585 2860 3640; x_wconf 89' lang='lat' dir='ltr'><strong>remuneratione</strong></span> <span class='ocrx_word' id='word_1_496' title='bbox 2899 3583 3276 3656; x_wconf 89' lang='lat' dir='ltr'><strong>possederint,</strong></span> <span class='ocrx_word' id='word_1_497' title='bbox 3305 3583 3364 3637; x_wconf 91' lang='lat' dir='ltr'><strong>in</strong></span> <span class='ocrx_word' id='word_1_498' title='bbox 3387 3583 3483 3654; x_wconf 90' lang='lat' dir='ltr'><strong>jus</strong></span> 
     </span>
    </p>
   </div>
   <div class='ocr_carea' id='block_1_79' title="bbox 1852 3677 3483 3750">
    <p class='ocr_par' dir='ltr' id='par_1_79' title="bbox 1852 3677 3483 3750">
     <span class='ocr_line' id='line_1_79' title="bbox 1852 3677 3483 3750; baseline -0.002 -17"><span class='ocrx_word' id='word_1_499' title='bbox 1852 3677 2148 3750; x_wconf 91' lang='lat' dir='ltr'><strong>proprium</strong></span> <span class='ocrx_word' id='word_1_500' title='bbox 2162 3677 2590 3749; x_wconf 89' lang='lat' dir='ltr'><strong>prascriptione</strong></span> <span class='ocrx_word' id='word_1_501' title='bbox 2607 3678 2878 3750; x_wconf 90' lang='lat' dir='ltr'><strong>temporis</strong></span> <span class='ocrx_word' id='word_1_502' title='bbox 2887 3695 3003 3733; x_wconf 93' lang='lat' dir='ltr'><strong>non</strong></span> <span class='ocrx_word' id='word_1_503' title='bbox 3012 3682 3303 3747; x_wconf 89' lang='lat' dir='ltr'><strong>vocentur,</strong></span> <span class='ocrx_word' id='word_1_504' title='bbox 3318 3677 3483 3731; x_wconf 83' lang='lat' dir='ltr'><strong>dum-</strong></span> 
     </span>
    </p>
   </div>
   <div class='ocr_carea' id='block_1_80' title="bbox 1852 3769 3480 3842">
    <p class='ocr_par' dir='ltr' id='par_1_80' title="bbox 1852 3769 3480 3842">
     <span class='ocr_line' id='line_1_80' title="bbox 1852 3769 3480 3842; baseline -0.002 -15"><span class='ocrx_word' id='word_1_505' title='bbox 1852 3771 2028 3827; x_wconf 90' lang='lat' dir='ltr'><strong>modo</strong></span> <span class='ocrx_word' id='word_1_506' title='bbox 2057 3775 2252 3842; x_wconf 91' lang='lat' dir='ltr'><strong>pateat</strong></span> <span class='ocrx_word' id='word_1_507' title='bbox 2280 3771 2528 3826; x_wconf 86' lang='lat' dir='ltr'><strong>ecclesia</strong></span> <span class='ocrx_word' id='word_1_508' title='bbox 2554 3787 2676 3826; x_wconf 91' lang='lat' dir='ltr'><strong>rem</strong></span> <span class='ocrx_word' id='word_1_509' title='bbox 2697 3771 2976 3839; x_wconf 87' lang='lat' dir='ltr'><strong>fuisse,ne</strong></span> <span class='ocrx_word' id='word_1_510' title='bbox 2992 3771 3291 3826; x_wconf 90' lang='lat' dir='ltr'><strong>videantur</strong></span> <span class='ocrx_word' id='word_1_511' title='bbox 3309 3769 3480 3825; x_wconf 89' lang='lat' dir='ltr'><strong>etiam</strong></span> 
     </span>
    </p>
   </div>
   <div class='ocr_carea' id='block_1_81' title="bbox 1852 3863 3482 3937">
    <p class='ocr_par' dir='ltr' id='par_1_81' title="bbox 1852 3863 3482 3937">
     <span class='ocr_line' id='line_1_81' title="bbox 1852 3863 3482 3937; baseline -0.002 -17"><span class='ocrx_word' id='word_1_512' title='bbox 1852 3865 2100 3937; x_wconf 84' lang='lat' dir='ltr'><strong>episcOpi</strong></span> <span class='ocrx_word' id='word_1_513' title='bbox 2141 3865 2654 3920; x_wconf 89' lang='lat' dir='ltr'><strong>administrationes</strong></span> <span class='ocrx_word' id='word_1_514' title='bbox 2696 3865 2959 3936; x_wconf 80' lang='lat' dir='ltr'><strong>prolixae,</strong></span> <span class='ocrx_word' id='word_1_515' title='bbox 2995 3868 3094 3919; x_wconf 91' lang='lat' dir='ltr'><strong>aut</strong></span> <span class='ocrx_word' id='word_1_516' title='bbox 3136 3863 3482 3936; x_wconf 88' lang='lat' dir='ltr'><strong>precatorias</strong></span> 
     </span>
    </p>
   </div>
   <div class='ocr_carea' id='block_1_82' title="bbox 1851 3956 3483 4026">
    <p class='ocr_par' dir='ltr' id='par_1_82' title="bbox 1851 3956 3483 4026">
     <span class='ocr_line' id='line_1_82' title="bbox 1851 3956 3483 4026; baseline -0.002 -13"><span class='ocrx_word' id='word_1_517' title='bbox 1851 3973 1983 4014; x_wconf 91' lang='lat' dir='ltr'><strong>cum</strong></span> <span class='ocrx_word' id='word_1_518' title='bbox 2005 3957 2249 4013; x_wconf 92' lang='lat' dir='ltr'><strong>ordinati</strong></span> <span class='ocrx_word' id='word_1_519' title='bbox 2277 3962 2409 4013; x_wconf 90' lang='lat' dir='ltr'><strong>sunt</strong></span> <span class='ocrx_word' id='word_1_520' title='bbox 2434 3958 2619 4013; x_wconf 87' lang='lat' dir='ltr'><strong>facere</strong></span> <span class='ocrx_word' id='word_1_521' title='bbox 2662 3957 2947 4026; x_wconf 88' lang='lat' dir='ltr'><strong>debuisse,</strong></span> <span class='ocrx_word' id='word_1_522' title='bbox 2975 3959 3074 4013; x_wconf 90' lang='lat' dir='ltr'><strong>aut</strong></span> <span class='ocrx_word' id='word_1_523' title='bbox 3106 3956 3204 4012; x_wconf 91' lang='lat' dir='ltr'><strong>diu</strong></span> <span class='ocrx_word' id='word_1_524' title='bbox 3234 3959 3483 4011; x_wconf 88' lang='lat' dir='ltr'><strong>retentas</strong></span> 
     </span>
    </p>
   </div>
   <div class='ocr_carea' id='block_1_83' title="bbox 1849 4049 3477 4124">
    <p class='ocr_par' dir='ltr' id='par_1_83' title="bbox 1849 4049 3477 4124">
     <span class='ocr_line' id='line_1_83' title="bbox 1849 4049 3477 4124; baseline -0.002 -18"><span class='ocrx_word' id='word_1_525' title='bbox 1849 4051 2146 4109; x_wconf 84' lang='lat' dir='ltr'><strong>facultates</strong></span> <span class='ocrx_word' id='word_1_526' title='bbox 2185 4051 2245 4106; x_wconf 93' lang='lat' dir='ltr'><strong>in</strong></span> <span class='ocrx_word' id='word_1_527' title='bbox 2282 4053 2378 4122; x_wconf 88' lang='lat' dir='ltr'><strong>jus</strong></span> <span class='ocrx_word' id='word_1_528' title='bbox 2426 4050 2788 4123; x_wconf 88' lang='lat' dir='ltr'><strong>proprietatis</strong></span> <span class='ocrx_word' id='word_1_529' title='bbox 2835 4067 2952 4106; x_wconf 87' lang='lat' dir='ltr'><strong>sua</strong></span> <span class='ocrx_word' id='word_1_530' title='bbox 2999 4067 3167 4124; x_wconf 89' lang='lat' dir='ltr'><strong>posse</strong></span> <span class='ocrx_word' id='word_1_531' title='bbox 3214 4049 3477 4106; x_wconf 88' lang='lat' dir='ltr'><strong>transcri-</strong></span> 
     </span>
    </p>
   </div>
   <div class='ocr_carea' id='block_1_84' title="bbox 1849 4145 3428 4220">
    <p class='ocr_par' dir='ltr' id='par_1_84' title="bbox 1849 4145 3428 4220">
     <span class='ocr_line' id='line_1_84' title="bbox 1849 4145 3428 4220; baseline -0.002 -20"><span class='ocrx_word' id='word_1_532' title='bbox 1849 4145 2005 4202; x_wconf 91' lang='lat' dir='ltr'><strong>bere.</strong></span> <span class='ocrx_word' id='word_1_533' title='bbox 3414 4209 3428 4220; x_wconf 42' lang='grc' dir='ltr'><strong><em>ο</em></strong></span> 
     </span>
    </p>
   </div>
   <div class='ocr_carea' id='block_1_85' title="bbox 1922 4237 3480 4312">
    <p class='ocr_par' dir='ltr' id='par_1_85' title="bbox 1922 4237 3480 4312">
     <span class='ocr_line' id='line_1_85' title="bbox 1922 4237 3480 4312; baseline -0.001 -18"><span class='ocrx_word' id='word_1_534' title='bbox 1922 4239 2026 4294; x_wconf 88' lang='lat' dir='ltr'><strong>LX.</strong></span> <span class='ocrx_word' id='word_1_535' title='bbox 2060 4239 2272 4311; x_wconf 88' lang='lat' dir='ltr'><strong>Lapsis,</strong></span> <span class='ocrx_word' id='word_1_536' title='bbox 2304 4238 2362 4294; x_wconf 91' lang='lat' dir='ltr'><strong>id</strong></span> <span class='ocrx_word' id='word_1_537' title='bbox 2387 4239 2595 4312; x_wconf 85' lang='lat' dir='ltr'><strong>estqui</strong></span> <span class='ocrx_word' id='word_1_538' title='bbox 2639 4239 2700 4294; x_wconf 92' lang='lat' dir='ltr'><strong>in</strong></span> <span class='ocrx_word' id='word_1_539' title='bbox 2742 4239 3018 4295; x_wconf 89' lang='lat' dir='ltr'><strong>catholica</strong></span> <span class='ocrx_word' id='word_1_540' title='bbox 3062 4240 3174 4295; x_wconf 84' lang='lat' dir='ltr'><strong>fide</strong></span> <span class='ocrx_word' id='word_1_541' title='bbox 3217 4237 3480 4311; x_wconf 90' lang='lat' dir='ltr'><strong>baptizati</strong></span> 
     </span>
    </p>
   </div>
   <div class='ocr_carea' id='block_1_86' title="bbox 1850 4332 3478 4406">
    <p class='ocr_par' dir='ltr' id='par_1_86' title="bbox 1850 4332 3478 4406">
     <span class='ocr_line' id='line_1_86' title="bbox 1850 4332 3478 4406; baseline 0 -20"><span class='ocrx_word' id='word_1_542' title='bbox 1850 4336 2000 4400; x_wconf 90' lang='lat' dir='ltr'><strong>sunt,</strong></span> <span class='ocrx_word' id='word_1_543' title='bbox 2027 4332 2074 4387; x_wconf 91' lang='lat' dir='ltr'><strong>si</strong></span> <span class='ocrx_word' id='word_1_544' title='bbox 2104 4333 2570 4404; x_wconf 88' lang='lat' dir='ltr'><strong>pravaricatione</strong></span> <span class='ocrx_word' id='word_1_545' title='bbox 2597 4333 2909 4390; x_wconf 90' lang='lat' dir='ltr'><strong>damnabili</strong></span> <span class='ocrx_word' id='word_1_546' title='bbox 2952 4337 3079 4406; x_wconf 88' lang='lat' dir='ltr'><strong>post</strong></span> <span class='ocrx_word' id='word_1_547' title='bbox 3115 4333 3176 4388; x_wconf 91' lang='lat' dir='ltr'><strong>in</strong></span> <span class='ocrx_word' id='word_1_548' title='bbox 3216 4332 3478 4388; x_wconf 89' lang='lat' dir='ltr'><strong>haresim</strong></span> 
     </span>
    </p>
   </div>
   <div class='ocr_carea' id='block_1_87' title="bbox 1849 4426 3486 4499">
    <p class='ocr_par' dir='ltr' id='par_1_87' title="bbox 1849 4426 3486 4499">
     <span class='ocr_line' id='line_1_87' title="bbox 1849 4426 3486 4499; baseline 0.001 -20"><span class='ocrx_word' id='word_1_549' title='bbox 1849 4426 2199 4497; x_wconf 90' lang='lat' dir='ltr'><strong>transierint,</strong></span> <span class='ocrx_word' id='word_1_550' title='bbox 2209 4427 2485 4499; x_wconf 84' lang='lat' dir='ltr'><strong>grandem</strong></span> <span class='ocrx_word' id='word_1_551' title='bbox 2497 4427 2776 4483; x_wconf 90' lang='lat' dir='ltr'><strong>redeundi</strong></span> <span class='ocrx_word' id='word_1_552' title='bbox 2791 4427 3183 4482; x_wconf 82' lang='lat' dir='ltr'><strong>difﬁcultatem</strong></span> <span class='ocrx_word' id='word_1_553' title='bbox 3195 4427 3486 4482; x_wconf 77' lang='lat' dir='ltr'><strong>sanxitan-</strong></span> 
     </span>
    </p>
   </div>
   <div class='ocr_carea' id='block_1_88' title="bbox 145 4511 3485 4592">
    <p class='ocr_par' dir='ltr' id='par_1_88' title="bbox 145 4511 3485 4592">
     <span class='ocr_line' id='line_1_88' title="bbox 145 4511 3485 4592; baseline 0.001 -23"><span class='ocrx_word' id='word_1_554' title='bbox 145 4521 349 4576; x_wconf 77' lang='lat' dir='ltr'><strong>convicti</strong></span> <span class='ocrx_word' id='word_1_555' title='bbox 389 4524 448 4576; x_wconf 92' lang='lat' dir='ltr'><strong>in</strong></span> <span class='ocrx_word' id='word_1_556' title='bbox 495 4519 760 4587; x_wconf 88' lang='lat' dir='ltr'><strong>consilio,</strong></span> <span class='ocrx_word' id='word_1_557' title='bbox 790 4525 847 4574; x_wconf 91' lang='lat' dir='ltr'><strong>et</strong></span> <span class='ocrx_word' id='word_1_558' title='bbox 873 4519 944 4573; x_wconf 91' lang='lat' dir='ltr'><strong>ab</strong></span> <span class='ocrx_word' id='word_1_559' title='bbox 984 4519 1202 4572; x_wconf 90' lang='lat' dir='ltr'><strong>honore</strong></span> <span class='ocrx_word' id='word_1_560' title='bbox 1251 4515 1511 4587; x_wconf 92' lang='lat' dir='ltr'><strong>depositi,</strong></span> <span class='ocrx_word' id='word_1_561' title='bbox 1544 4515 1617 4569; x_wconf 92' lang='lat' dir='ltr'><strong>de</strong></span> <span class='ocrx_word' id='word_1_562' title='bbox 1647 4531 1749 4570; x_wconf 92' lang='lat' dir='ltr'><strong>suo</strong></span> <span class='ocrx_word' id='word_1_563' title='bbox 1768 4511 1828 4584; x_wconf 90' lang='lat' dir='ltr'><strong>D</strong></span> <span class='ocrx_word' id='word_1_564' title='bbox 1850 4520 2106 4591; x_wconf 87' lang='lat' dir='ltr'><strong>tiquitas,</strong></span> <span class='ocrx_word' id='word_1_565' title='bbox 2139 4521 2348 4592; x_wconf 82' lang='lat' dir='ltr'><strong>quibus</strong></span> <span class='ocrx_word' id='word_1_566' title='bbox 2376 4538 2482 4576; x_wconf 91' lang='lat' dir='ltr'><strong>nos</strong></span> <span class='ocrx_word' id='word_1_567' title='bbox 2508 4537 2792 4576; x_wconf 90' lang='lat' dir='ltr'><strong>annorum</strong></span> <span class='ocrx_word' id='word_1_568' title='bbox 2824 4521 3189 4576; x_wconf 91' lang='lat' dir='ltr'><strong>multitudine</strong></span> <span class='ocrx_word' id='word_1_569' title='bbox 3229 4521 3485 4576; x_wconf 90' lang='lat' dir='ltr'><strong>breviata</strong></span> 
     </span>
    </p>
   </div>
   <div class='ocr_carea' id='block_1_89' title="bbox 147 4608 1751 4685">
    <p class='ocr_par' dir='ltr' id='par_1_89' title="bbox 147 4608 1751 4685">
     <span class='ocr_line' id='line_1_89' title="bbox 147 4608 1751 4685; baseline 0.002 -24"><span class='ocrx_word' id='word_1_570' title='bbox 147 4612 270 4667; x_wconf 85' lang='lat' dir='ltr'><strong>aliud</strong></span> <span class='ocrx_word' id='word_1_571' title='bbox 312 4616 619 4670; x_wconf 86' lang='lat' dir='ltr'><strong>restituant</strong></span> <span class='ocrx_word' id='word_1_572' title='bbox 653 4618 931 4685; x_wconf 90' lang='lat' dir='ltr'><strong>quantum</strong></span> <span class='ocrx_word' id='word_1_573' title='bbox 973 4611 1078 4666; x_wconf 90' lang='lat' dir='ltr'><strong>visi</strong></span> <span class='ocrx_word' id='word_1_574' title='bbox 1121 4613 1254 4665; x_wconf 90' lang='lat' dir='ltr'><strong>sunt</strong></span> <span class='ocrx_word' id='word_1_575' title='bbox 1302 4608 1751 4680; x_wconf 88' lang='lat' dir='ltr'><strong>prasumpsisse.</strong></span> 
     </span>
    </p>
   </div>
   <div class='ocr_carea' id='block_1_90' title="bbox 145 4703 1749 4781">
    <p class='ocr_par' dir='ltr' id='par_1_90' title="bbox 145 4703 1749 4781">
     <span class='ocr_line' id='line_1_90' title="bbox 145 4703 1749 4781; baseline 0 -23"><span class='ocrx_word' id='word_1_576' title='bbox 145 4706 262 4760; x_wconf 80' lang='lat' dir='ltr'><strong>Sane</strong></span> <span class='ocrx_word' id='word_1_577' title='bbox 286 4711 329 4762; x_wconf 92' lang='lat' dir='ltr'><strong>si</strong></span> <span class='ocrx_word' id='word_1_578' title='bbox 356 4710 486 4781; x_wconf 89' lang='lat' dir='ltr'><strong>quis</strong></span> <span class='ocrx_word' id='word_1_579' title='bbox 514 4725 622 4780; x_wconf 92' lang='lat' dir='ltr'><strong>pro</strong></span> <span class='ocrx_word' id='word_1_580' title='bbox 665 4707 918 4779; x_wconf 88' lang='lat' dir='ltr'><strong>qualibet</strong></span> <span class='ocrx_word' id='word_1_581' title='bbox 964 4704 1292 4761; x_wconf 89' lang='lat' dir='ltr'><strong>conditione</strong></span> <span class='ocrx_word' id='word_1_582' title='bbox 1340 4704 1412 4759; x_wconf 92' lang='lat' dir='ltr'><strong>de</strong></span> <span class='ocrx_word' id='word_1_583' title='bbox 1451 4703 1620 4759; x_wconf 92' lang='lat' dir='ltr'><strong>rebus</strong></span> <span class='ocrx_word' id='word_1_584' title='bbox 1663 4719 1749 4758; x_wconf 85' lang='lat' dir='ltr'><strong>ec-</strong></span> 
     </span>
    </p>
   </div>
   <div class='ocr_carea' id='block_1_91' title="bbox 145 4795 1756 4874">
    <p class='ocr_par' dir='ltr' id='par_1_91' title="bbox 145 4795 1756 4874">
     <span class='ocr_line' id='line_1_91' title="bbox 145 4795 1756 4874; baseline 0.001 -25"><span class='ocrx_word' id='word_1_585' title='bbox 145 4798 298 4855; x_wconf 83' lang='lat' dir='ltr'><strong>clesia</strong></span> <span class='ocrx_word' id='word_1_586' title='bbox 322 4803 545 4874; x_wconf 90' lang='lat' dir='ltr'><strong>aliquid</strong></span> <span class='ocrx_word' id='word_1_587' title='bbox 577 4795 826 4856; x_wconf 73' lang='lat' dir='ltr'><strong>aliébare</strong></span> <span class='ocrx_word' id='word_1_588' title='bbox 852 4799 1297 4870; x_wconf 89' lang='lat' dir='ltr'><strong>prasumpserit,</strong></span> <span class='ocrx_word' id='word_1_589' title='bbox 1326 4797 1370 4851; x_wconf 89' lang='lat' dir='ltr'><strong>si</strong></span> <span class='ocrx_word' id='word_1_590' title='bbox 1402 4797 1473 4851; x_wconf 92' lang='lat' dir='ltr'><strong>de</strong></span> <span class='ocrx_word' id='word_1_591' title='bbox 1503 4814 1604 4852; x_wconf 89' lang='lat' dir='ltr'><strong>suo</strong></span> <span class='ocrx_word' id='word_1_592' title='bbox 1628 4813 1756 4870; x_wconf 84' lang='lat' dir='ltr'><strong>pro-</strong></span> 
     </span>
    </p>
   </div>
   <div class='ocr_carea' id='block_1_92' title="bbox 142 4890 1755 4962">
    <p class='ocr_par' dir='ltr' id='par_1_92' title="bbox 142 4890 1755 4962">
     <span class='ocr_line' id='line_1_92' title="bbox 142 4890 1755 4962; baseline 0 -17"><span class='ocrx_word' id='word_1_593' title='bbox 142 4893 246 4959; x_wconf 82' lang='lat' dir='ltr'><strong>prio</strong></span> <span class='ocrx_word' id='word_1_594' title='bbox 273 4899 496 4951; x_wconf 89' lang='lat' dir='ltr'><strong>tantum</strong></span> <span class='ocrx_word' id='word_1_595' title='bbox 551 4893 803 4950; x_wconf 84' lang='lat' dir='ltr'><strong>ecclesia</strong></span> <span class='ocrx_word' id='word_1_596' title='bbox 848 4891 1156 4948; x_wconf 89' lang='lat' dir='ltr'><strong>contulerit</strong></span> <span class='ocrx_word' id='word_1_597' title='bbox 1181 4893 1465 4962; x_wconf 85' lang='lat' dir='ltr'><strong>quantum</strong></span> <span class='ocrx_word' id='word_1_598' title='bbox 1488 4890 1640 4945; x_wconf 91' lang='lat' dir='ltr'><strong>visus</strong></span> <span class='ocrx_word' id='word_1_599' title='bbox 1669 4895 1755 4946; x_wconf 90' lang='lat' dir='ltr'><strong>est</strong></span> 
     </span>
    </p>
   </div>
   <div class='ocr_carea' id='block_1_93' title="bbox 144 4982 1753 5059">
    <p class='ocr_par' dir='ltr' id='par_1_93' title="bbox 144 4982 1753 5059">
     <span class='ocr_line' id='line_1_93' title="bbox 144 4982 1753 5059; baseline 0.002 -25"><span class='ocrx_word' id='word_1_600' title='bbox 144 4982 426 5059; x_wconf 87' lang='lat' dir='ltr'><strong>abstulisse,</strong></span> <span class='ocrx_word' id='word_1_601' title='bbox 461 4995 602 5044; x_wconf 91' lang='lat' dir='ltr'><strong>tunc</strong></span> <span class='ocrx_word' id='word_1_602' title='bbox 629 4989 860 5043; x_wconf 89' lang='lat' dir='ltr'><strong>demum</strong></span> <span class='ocrx_word' id='word_1_603' title='bbox 904 4986 1053 5041; x_wconf 90' lang='lat' dir='ltr'><strong>istud</strong></span> <span class='ocrx_word' id='word_1_604' title='bbox 1096 4989 1246 5040; x_wconf 91' lang='lat' dir='ltr'><strong>stare</strong></span> <span class='ocrx_word' id='word_1_605' title='bbox 1271 4983 1486 5052; x_wconf 90' lang='lat' dir='ltr'><strong>licebit,</strong></span> <span class='ocrx_word' id='word_1_606' title='bbox 1518 4983 1753 5038; x_wconf 89' lang='lat' dir='ltr'><strong>libertos</strong></span> 
     </span>
    </p>
   </div>
   <div class='ocr_carea' id='block_1_94' title="bbox 141 5075 1752 5154">
    <p class='ocr_par' dir='ltr' id='par_1_94' title="bbox 141 5075 1752 5154">
     <span class='ocr_line' id='line_1_94' title="bbox 141 5075 1752 5154; baseline 0.001 -23"><span class='ocrx_word' id='word_1_607' title='bbox 141 5079 308 5135; x_wconf 81' lang='lat' dir='ltr'><strong>tamen</strong></span> <span class='ocrx_word' id='word_1_608' title='bbox 342 5099 488 5154; x_wconf 86' lang='lat' dir='ltr'><strong>quos</strong></span> <span class='ocrx_word' id='word_1_609' title='bbox 518 5082 836 5136; x_wconf 89' lang='lat' dir='ltr'><strong>sacerdotes</strong></span> <span class='ocrx_word' id='word_1_610' title='bbox 860 5078 950 5135; x_wconf 91' lang='lat' dir='ltr'><strong>vel</strong></span> <span class='ocrx_word' id='word_1_611' title='bbox 978 5079 1244 5134; x_wconf 89' lang='lat' dir='ltr'><strong>diaconos</strong></span> <span class='ocrx_word' id='word_1_612' title='bbox 1287 5077 1358 5132; x_wconf 90' lang='lat' dir='ltr'><strong>de</strong></span> <span class='ocrx_word' id='word_1_613' title='bbox 1387 5075 1623 5132; x_wconf 90' lang='lat' dir='ltr'><strong>ecclesia</strong></span> <span class='ocrx_word' id='word_1_614' title='bbox 1646 5077 1752 5132; x_wconf 89' lang='lat' dir='ltr'><strong>sibi</strong></span> 
     </span>
    </p>
   </div>
   <div class='ocr_carea' id='block_1_95' title="bbox 143 5170 1752 5242">
    <p class='ocr_par' dir='ltr' id='par_1_95' title="bbox 143 5170 1752 5242">
     <span class='ocr_line' id='line_1_95' title="bbox 143 5170 1752 5242; baseline 0.001 -17"><span class='ocrx_word' id='word_1_615' title='bbox 143 5175 413 5230; x_wconf 82' lang='lat' dir='ltr'><strong>commissa</strong></span> <span class='ocrx_word' id='word_1_616' title='bbox 451 5178 642 5231; x_wconf 81' lang='lat' dir='ltr'><strong>facere</strong></span> <span class='ocrx_word' id='word_1_617' title='bbox 665 5174 950 5229; x_wconf 89' lang='lat' dir='ltr'><strong>voluerint</strong></span> <span class='ocrx_word' id='word_1_618' title='bbox 991 5176 1147 5227; x_wconf 90' lang='lat' dir='ltr'><strong>actus</strong></span> <span class='ocrx_word' id='word_1_619' title='bbox 1195 5170 1443 5226; x_wconf 86' lang='lat' dir='ltr'><strong>ecclesia</strong></span> <span class='ocrx_word' id='word_1_620' title='bbox 1488 5171 1752 5242; x_wconf 91' lang='lat' dir='ltr'><strong>prosequi</strong></span> 
     </span>
    </p>
   </div>
   <div class='ocr_carea' id='block_1_96' title="bbox 138 5262 1752 5341">
    <p class='ocr_par' dir='ltr' id='par_1_96' title="bbox 138 5262 1752 5341">
     <span class='ocr_line' id='line_1_96' title="bbox 138 5262 1752 5341; baseline -0.001 -20"><span class='ocrx_word' id='word_1_621' title='bbox 138 5262 389 5336; x_wconf 80' lang='lat' dir='ltr'><strong>jUbemus,</strong></span> <span class='ocrx_word' id='word_1_622' title='bbox 423 5270 581 5341; x_wconf 91' lang='lat' dir='ltr'><strong>quod</strong></span> <span class='ocrx_word' id='word_1_623' title='bbox 608 5269 653 5322; x_wconf 91' lang='lat' dir='ltr'><strong>si</strong></span> <span class='ocrx_word' id='word_1_624' title='bbox 691 5269 873 5322; x_wconf 85' lang='lat' dir='ltr'><strong>facere</strong></span> <span class='ocrx_word' id='word_1_625' title='bbox 918 5265 1387 5337; x_wconf 90' lang='lat' dir='ltr'><strong>contempserint,</strong></span> <span class='ocrx_word' id='word_1_626' title='bbox 1415 5263 1628 5336; x_wconf 90' lang='lat' dir='ltr'><strong>placuit</strong></span> <span class='ocrx_word' id='word_1_627' title='bbox 1654 5280 1752 5320; x_wconf 89' lang='lat' dir='ltr'><strong>eos</strong></span> 
     </span>
    </p>
   </div>
   <div class='ocr_carea' id='block_1_97' title="bbox 144 5356 1072 5432">
    <p class='ocr_par' dir='ltr' id='par_1_97' title="bbox 144 5356 1072 5432">
     <span class='ocr_line' id='line_1_97' title="bbox 144 5356 1072 5432; baseline 0.006 -24"><span class='ocrx_word' id='word_1_628' title='bbox 144 5356 197 5408; x_wconf 88' lang='lat' dir='ltr'><strong>ad</strong></span> <span class='ocrx_word' id='word_1_629' title='bbox 217 5364 508 5432; x_wconf 88' lang='lat' dir='ltr'><strong>proprium</strong></span> <span class='ocrx_word' id='word_1_630' title='bbox 535 5362 742 5417; x_wconf 89' lang='lat' dir='ltr'><strong>reverti</strong></span> <span class='ocrx_word' id='word_1_631' title='bbox 761 5361 1072 5416; x_wconf 90' lang='lat' dir='ltr'><strong>servitium.</strong></span> 
     </span>
    </p>
   </div>
   <div class='ocr_carea' id='block_1_98' title="bbox 199 5452 1752 5527">
    <p class='ocr_par' dir='ltr' id='par_1_98' title="bbox 199 5452 1752 5527">
     <span class='ocr_line' id='line_1_98' title="bbox 199 5452 1752 5527; baseline 0.001 -21"><span class='ocrx_word' id='word_1_632' title='bbox 199 5453 250 5506; x_wconf 93' lang='lat' dir='ltr'><strong>L.</strong></span> <span class='ocrx_word' id='word_1_633' title='bbox 277 5456 330 5508; x_wconf 80' lang='lat' dir='ltr'><strong>Si</strong></span> <span class='ocrx_word' id='word_1_634' title='bbox 363 5457 686 5527; x_wconf 87' lang='lat' dir='ltr'><strong>episcopus,</strong></span> <span class='ocrx_word' id='word_1_635' title='bbox 719 5454 1016 5527; x_wconf 85' lang='lat' dir='ltr'><strong>presbyter</strong></span> <span class='ocrx_word' id='word_1_636' title='bbox 1059 5456 1158 5508; x_wconf 89' lang='lat' dir='ltr'><strong>aut</strong></span> <span class='ocrx_word' id='word_1_637' title='bbox 1200 5452 1466 5507; x_wconf 91' lang='lat' dir='ltr'><strong>diaconus</strong></span> <span class='ocrx_word' id='word_1_638' title='bbox 1509 5452 1752 5523; x_wconf 89' lang='lat' dir='ltr'><strong>capitale</strong></span> 
     </span>
    </p>
   </div>
   <div class='ocr_carea' id='block_1_99' title="bbox 142 5543 1750 5616">
    <p class='ocr_par' dir='ltr' id='par_1_99' title="bbox 142 5543 1750 5616">
     <span class='ocr_line' id='line_1_99' title="bbox 142 5543 1750 5616; baseline 0.002 -20"><span class='ocrx_word' id='word_1_639' title='bbox 142 5543 331 5600; x_wconf 87' lang='lat' dir='ltr'><strong>crimen</strong></span> <span class='ocrx_word' id='word_1_640' title='bbox 361 5549 734 5616; x_wconf 90' lang='lat' dir='ltr'><strong>commiserit,</strong></span> <span class='ocrx_word' id='word_1_641' title='bbox 765 5553 866 5603; x_wconf 88' lang='lat' dir='ltr'><strong>aut</strong></span> <span class='ocrx_word' id='word_1_642' title='bbox 901 5547 1155 5603; x_wconf 81' lang='lat' dir='ltr'><strong>chartam</strong></span> <span class='ocrx_word' id='word_1_643' title='bbox 1183 5545 1485 5615; x_wconf 83' lang='lat' dir='ltr'><strong>falsaverit,</strong></span> <span class='ocrx_word' id='word_1_644' title='bbox 1515 5551 1613 5600; x_wconf 85' lang='lat' dir='ltr'><strong>aut</strong></span> <span class='ocrx_word' id='word_1_645' title='bbox 1636 5550 1750 5600; x_wconf 86' lang='lat' dir='ltr'><strong>tes-</strong></span> 
     </span>
    </p>
   </div>
   <div class='ocr_carea' id='block_1_100' title="bbox 142 5635 1753 5710">
    <p class='ocr_par' dir='ltr' id='par_1_100' title="bbox 142 5635 1753 5710">
     <span class='ocr_line' id='line_1_100' title="bbox 142 5635 1753 5710; baseline 0.002 -20"><span class='ocrx_word' id='word_1_646' title='bbox 142 5635 423 5696; x_wconf 81' lang='lat' dir='ltr'><strong>timonium</strong></span> <span class='ocrx_word' id='word_1_647' title='bbox 451 5643 663 5698; x_wconf 89' lang='lat' dir='ltr'><strong>falsum</strong></span> <span class='ocrx_word' id='word_1_648' title='bbox 685 5643 912 5708; x_wconf 81' lang='lat' dir='ltr'><strong>dixerit,</strong></span> <span class='ocrx_word' id='word_1_649' title='bbox 935 5641 1005 5696; x_wconf 90' lang='lat' dir='ltr'><strong>ab</strong></span> <span class='ocrx_word' id='word_1_650' title='bbox 1028 5640 1197 5696; x_wconf 86' lang='lat' dir='ltr'><strong>ofﬁcii</strong></span> <span class='ocrx_word' id='word_1_651' title='bbox 1219 5640 1438 5694; x_wconf 87' lang='lat' dir='ltr'><strong>honore</strong></span> <span class='ocrx_word' id='word_1_652' title='bbox 1462 5639 1753 5710; x_wconf 89' lang='lat' dir='ltr'><strong>depositus</strong></span> 
     </span>
    </p>
   </div>
   <div class='ocr_carea' id='block_1_101' title="bbox 142 5726 1750 5800">
    <p class='ocr_par' dir='ltr' id='par_1_101' title="bbox 142 5726 1750 5800">
     <span class='ocr_line' id='line_1_101' title="bbox 142 5726 1750 5800; baseline 0.001 -14"><span class='ocrx_word' id='word_1_653' title='bbox 142 5726 188 5781; x_wconf 85' lang='lat' dir='ltr'><strong>in</strong></span> <span class='ocrx_word' id='word_1_654' title='bbox 235 5736 646 5791; x_wconf 87' lang='lat' dir='ltr'><strong>monasterium</strong></span> <span class='ocrx_word' id='word_1_655' title='bbox 701 5736 1048 5800; x_wconf 90' lang='lat' dir='ltr'><strong>retrudatur,</strong></span> <span class='ocrx_word' id='word_1_656' title='bbox 1100 5737 1157 5788; x_wconf 90' lang='lat' dir='ltr'><strong>et</strong></span> <span class='ocrx_word' id='word_1_657' title='bbox 1206 5733 1284 5788; x_wconf 90' lang='lat' dir='ltr'><strong>ibi</strong></span> <span class='ocrx_word' id='word_1_658' title='bbox 1348 5729 1750 5788; x_wconf 84' lang='lat' dir='ltr'><strong>tantummodo</strong></span> 
     </span>
    </p>
   </div>
   <div class='ocr_carea' id='block_1_102' title="bbox 144 5825 1608 5898">
    <p class='ocr_par' dir='ltr' id='par_1_102' title="bbox 144 5825 1608 5898">
     <span class='ocr_line' id='line_1_102' title="bbox 144 5825 1608 5898; baseline 0.002 -21"><span class='ocrx_word' id='word_1_659' title='bbox 144 5827 372 5890; x_wconf 67' lang='lat' dir='ltr'><strong>quandiu</strong></span> <span class='ocrx_word' id='word_1_660' title='bbox 400 5830 599 5884; x_wconf 82' lang='lat' dir='ltr'><strong>vixerit</strong></span> <span class='ocrx_word' id='word_1_661' title='bbox 626 5831 823 5886; x_wconf 88' lang='lat' dir='ltr'><strong>Iaicam</strong></span> <span class='ocrx_word' id='word_1_662' title='bbox 859 5827 1321 5884; x_wconf 85' lang='lat' dir='ltr'><strong>communionem</strong></span> <span class='ocrx_word' id='word_1_663' title='bbox 1354 5825 1608 5898; x_wconf 88' lang='lat' dir='ltr'><strong>accipiat.</strong></span> 
     </span>
    </p>
   </div>
   <div class='ocr_carea' id='block_1_103' title="bbox 1853 4613 3480 4684">
    <p class='ocr_par' dir='ltr' id='par_1_103' title="bbox 1853 4613 3480 4684">
     <span class='ocr_line' id='line_1_103' title="bbox 1853 4613 3480 4684; baseline -0.001 -15"><span class='ocrx_word' id='word_1_664' title='bbox 1853 4613 2244 4684; x_wconf 81' lang='lat' dir='ltr'><strong>panitentiam</strong></span> <span class='ocrx_word' id='word_1_665' title='bbox 2286 4614 2502 4669; x_wconf 91' lang='lat' dir='ltr'><strong>biennii</strong></span> <span class='ocrx_word' id='word_1_666' title='bbox 2537 4615 2861 4670; x_wconf 89' lang='lat' dir='ltr'><strong>conditione</strong></span> <span class='ocrx_word' id='word_1_667' title='bbox 2891 4614 3260 4684; x_wconf 81' lang='lat' dir='ltr'><strong>infrascripta</strong></span> <span class='ocrx_word' id='word_1_668' title='bbox 3287 4613 3480 4670; x_wconf 89' lang='lat' dir='ltr'><strong>obser-</strong></span> 
     </span>
    </p>
   </div>
   <div class='ocr_carea' id='block_1_104' title="bbox 1855 4707 3482 4779">
    <p class='ocr_par' dir='ltr' id='par_1_104' title="bbox 1855 4707 3482 4779">
     <span class='ocr_line' id='line_1_104' title="bbox 1855 4707 3482 4779; baseline 0.001 -18"><span class='ocrx_word' id='word_1_669' title='bbox 1855 4707 2094 4762; x_wconf 89' lang='lat' dir='ltr'><strong>vationis</strong></span> <span class='ocrx_word' id='word_1_670' title='bbox 2136 4707 2507 4778; x_wconf 90' lang='lat' dir='ltr'><strong>imponimus,</strong></span> <span class='ocrx_word' id='word_1_671' title='bbox 2537 4713 2602 4763; x_wconf 91' lang='lat' dir='ltr'><strong>ut</strong></span> <span class='ocrx_word' id='word_1_672' title='bbox 2649 4707 2978 4779; x_wconf 86' lang='lat' dir='ltr'><strong>prascripto</strong></span> <span class='ocrx_word' id='word_1_673' title='bbox 3025 4707 3278 4778; x_wconf 88' lang='lat' dir='ltr'><strong>biennio,</strong></span> <span class='ocrx_word' id='word_1_674' title='bbox 3313 4708 3482 4763; x_wconf 89' lang='lat' dir='ltr'><strong>tertio</strong></span> 
     </span>
    </p>
   </div>
   <div class='ocr_carea' id='block_1_105' title="bbox 1853 4800 3485 4872">
    <p class='ocr_par' dir='ltr' id='par_1_105' title="bbox 1853 4800 3485 4872">
     <span class='ocr_line' id='line_1_105' title="bbox 1853 4800 3485 4872; baseline 0 -17"><span class='ocrx_word' id='word_1_675' title='bbox 1853 4801 1977 4855; x_wconf 90' lang='lat' dir='ltr'><strong>sine</strong></span> <span class='ocrx_word' id='word_1_676' title='bbox 2003 4800 2356 4855; x_wconf 82' lang='lat' dir='ltr'><strong>relaxatione</strong></span> <span class='ocrx_word' id='word_1_677' title='bbox 2379 4801 2660 4872; x_wconf 89' lang='lat' dir='ltr'><strong>jejunent,</strong></span> <span class='ocrx_word' id='word_1_678' title='bbox 2686 4805 2743 4856; x_wconf 89' lang='lat' dir='ltr'><strong>et</strong></span> <span class='ocrx_word' id='word_1_679' title='bbox 2761 4801 3054 4856; x_wconf 90' lang='lat' dir='ltr'><strong>ecclesiam</strong></span> <span class='ocrx_word' id='word_1_680' title='bbox 3079 4802 3348 4857; x_wconf 89' lang='lat' dir='ltr'><strong>studeant</strong></span> <span class='ocrx_word' id='word_1_681' title='bbox 3377 4803 3485 4856; x_wconf 82' lang='lat' dir='ltr'><strong>fre-</strong></span> 
     </span>
    </p>
   </div>
   <div class='ocr_carea' id='block_1_106' title="bbox 1854 4893 3480 4965">
    <p class='ocr_par' dir='ltr' id='par_1_106' title="bbox 1854 4893 3480 4965">
     <span class='ocr_line' id='line_1_106' title="bbox 1854 4893 3480 4965; baseline 0.001 -17"><span class='ocrx_word' id='word_1_682' title='bbox 1854 4899 2156 4965; x_wconf 88' lang='lat' dir='ltr'><strong>quentare,</strong></span> <span class='ocrx_word' id='word_1_683' title='bbox 2191 4893 2249 4948; x_wconf 93' lang='lat' dir='ltr'><strong>in</strong></span> <span class='ocrx_word' id='word_1_684' title='bbox 2277 4894 2658 4964; x_wconf 83' lang='lat' dir='ltr'><strong>panitentum</strong></span> <span class='ocrx_word' id='word_1_685' title='bbox 2695 4896 2814 4950; x_wconf 93' lang='lat' dir='ltr'><strong>loco</strong></span> <span class='ocrx_word' id='word_1_686' title='bbox 2841 4895 3026 4950; x_wconf 90' lang='lat' dir='ltr'><strong>standi</strong></span> <span class='ocrx_word' id='word_1_687' title='bbox 3057 4901 3115 4950; x_wconf 90' lang='lat' dir='ltr'><strong>et</strong></span> <span class='ocrx_word' id='word_1_688' title='bbox 3143 4895 3342 4951; x_wconf 92' lang='lat' dir='ltr'><strong>orandi</strong></span> <span class='ocrx_word' id='word_1_689' title='bbox 3371 4896 3480 4949; x_wconf 90' lang='lat' dir='ltr'><strong>hu-</strong></span> 
     </span>
    </p>
   </div>
   <div class='ocr_carea' id='block_1_107' title="bbox 1852 4987 3480 5060">
    <p class='ocr_par' dir='ltr' id='par_1_107' title="bbox 1852 4987 3480 5060">
     <span class='ocr_line' id='line_1_107' title="bbox 1852 4987 3480 5060; baseline 0 -18"><span class='ocrx_word' id='word_1_690' title='bbox 1852 4987 2155 5042; x_wconf 87' lang='lat' dir='ltr'><strong>militatem</strong></span> <span class='ocrx_word' id='word_1_691' title='bbox 2199 4987 2276 5042; x_wconf 88' lang='lat' dir='ltr'><strong>ita</strong></span> <span class='ocrx_word' id='word_1_692' title='bbox 2319 4989 2585 5043; x_wconf 89' lang='lat' dir='ltr'><strong>noverint</strong></span> <span class='ocrx_word' id='word_1_693' title='bbox 2609 4989 3048 5057; x_wconf 90' lang='lat' dir='ltr'><strong>observandam,</strong></span> <span class='ocrx_word' id='word_1_694' title='bbox 3075 4993 3141 5044; x_wconf 88' lang='lat' dir='ltr'><strong>ut</strong></span> <span class='ocrx_word' id='word_1_695' title='bbox 3174 4990 3348 5045; x_wconf 90' lang='lat' dir='ltr'><strong>etiam</strong></span> <span class='ocrx_word' id='word_1_696' title='bbox 3377 4989 3480 5060; x_wconf 88' lang='lat' dir='ltr'><strong>ipsi</strong></span> 
     </span>
    </p>
   </div>
   <div class='ocr_carea' id='block_1_108' title="bbox 1852 5080 3479 5151">
    <p class='ocr_par' dir='ltr' id='par_1_108' title="bbox 1852 5080 3479 5151">
     <span class='ocr_line' id='line_1_108' title="bbox 1852 5080 3479 5151; baseline 0.001 -16"><span class='ocrx_word' id='word_1_697' title='bbox 1852 5097 1981 5135; x_wconf 90' lang='lat' dir='ltr'><strong>cum</strong></span> <span class='ocrx_word' id='word_1_698' title='bbox 2015 5080 2411 5136; x_wconf 90' lang='lat' dir='ltr'><strong>catechumeni</strong></span> <span class='ocrx_word' id='word_1_699' title='bbox 2447 5081 2643 5151; x_wconf 90' lang='lat' dir='ltr'><strong>egredi</strong></span> <span class='ocrx_word' id='word_1_700' title='bbox 2667 5086 3122 5151; x_wconf 90' lang='lat' dir='ltr'><strong>commonentur,</strong></span> <span class='ocrx_word' id='word_1_701' title='bbox 3152 5083 3479 5150; x_wconf 90' lang='lat' dir='ltr'><strong>abscedant,</strong></span> 
     </span>
    </p>
   </div>
   <div class='ocr_carea' id='block_1_109' title="bbox 1852 5173 3484 5248">
    <p class='ocr_par' dir='ltr' id='par_1_109' title="bbox 1852 5173 3484 5248">
     <span class='ocr_line' id='line_1_109' title="bbox 1852 5173 3484 5248; baseline -0.001 -20"><span class='ocrx_word' id='word_1_702' title='bbox 1852 5174 1956 5228; x_wconf 94' lang='lat' dir='ltr'><strong>hoc</strong></span> <span class='ocrx_word' id='word_1_703' title='bbox 1977 5173 2022 5227; x_wconf 88' lang='lat' dir='ltr'><strong>si</strong></span> <span class='ocrx_word' id='word_1_704' title='bbox 2052 5173 2350 5228; x_wconf 82' lang='lat' dir='ltr'><strong>observare</strong></span> <span class='ocrx_word' id='word_1_705' title='bbox 2373 5175 2654 5230; x_wconf 89' lang='lat' dir='ltr'><strong>voluerint</strong></span> <span class='ocrx_word' id='word_1_706' title='bbox 2675 5175 2982 5230; x_wconf 89' lang='lat' dir='ltr'><strong>constituto</strong></span> <span class='ocrx_word' id='word_1_707' title='bbox 3005 5179 3264 5248; x_wconf 90' lang='lat' dir='ltr'><strong>tempore</strong></span> <span class='ocrx_word' id='word_1_708' title='bbox 3283 5175 3484 5229; x_wconf 81' lang='lat' dir='ltr'><strong>admit-</strong></span> 
     </span>
    </p>
   </div>
   <div class='ocr_carea' id='block_1_110' title="bbox 1851 5266 3482 5341">
    <p class='ocr_par' dir='ltr' id='par_1_110' title="bbox 1851 5266 3482 5341">
     <span class='ocr_line' id='line_1_110' title="bbox 1851 5266 3482 5341; baseline -0.001 -20"><span class='ocrx_word' id='word_1_709' title='bbox 1851 5267 2034 5322; x_wconf 89' lang='lat' dir='ltr'><strong>tendis</strong></span> <span class='ocrx_word' id='word_1_710' title='bbox 2047 5267 2120 5322; x_wconf 90' lang='lat' dir='ltr'><strong>ad</strong></span> <span class='ocrx_word' id='word_1_711' title='bbox 2133 5268 2398 5323; x_wconf 90' lang='lat' dir='ltr'><strong>altarium</strong></span> <span class='ocrx_word' id='word_1_712' title='bbox 2416 5269 2732 5324; x_wconf 87' lang='lat' dir='ltr'><strong>observatio</strong></span> <span class='ocrx_word' id='word_1_713' title='bbox 2748 5270 3060 5339; x_wconf 80' lang='lat' dir='ltr'><strong>relaxetur;</strong></span> <span class='ocrx_word' id='word_1_714' title='bbox 3073 5269 3226 5341; x_wconf 91' lang='lat' dir='ltr'><strong>quod</strong></span> <span class='ocrx_word' id='word_1_715' title='bbox 3237 5268 3283 5322; x_wconf 91' lang='lat' dir='ltr'><strong>si</strong></span> <span class='ocrx_word' id='word_1_716' title='bbox 3299 5266 3482 5320; x_wconf 91' lang='lat' dir='ltr'><strong>ardua</strong></span> 
     </span>
    </p>
   </div>
   <div class='ocr_carea' id='block_1_111' title="bbox 1851 5361 3480 5434">
    <p class='ocr_par' dir='ltr' id='par_1_111' title="bbox 1851 5361 3480 5434">
     <span class='ocr_line' id='line_1_111' title="bbox 1851 5361 3480 5434; baseline -0.001 -20"><span class='ocrx_word' id='word_1_717' title='bbox 1851 5361 1936 5416; x_wconf 90' lang='lat' dir='ltr'><strong>vel</strong></span> <span class='ocrx_word' id='word_1_718' title='bbox 1964 5361 2106 5415; x_wconf 92' lang='lat' dir='ltr'><strong>dura</strong></span> <span class='ocrx_word' id='word_1_719' title='bbox 2144 5362 2288 5416; x_wconf 89' lang='lat' dir='ltr'><strong>forte</strong></span> <span class='ocrx_word' id='word_1_720' title='bbox 2331 5363 2674 5432; x_wconf 88' lang='lat' dir='ltr'><strong>putaverint,</strong></span> <span class='ocrx_word' id='word_1_721' title='bbox 2702 5365 2916 5417; x_wconf 89' lang='lat' dir='ltr'><strong>statuta</strong></span> <span class='ocrx_word' id='word_1_722' title='bbox 2943 5361 3362 5434; x_wconf 89' lang='lat' dir='ltr'><strong>prateritorum</strong></span> <span class='ocrx_word' id='word_1_723' title='bbox 3395 5375 3480 5413; x_wconf 87' lang='lat' dir='ltr'><strong>ca-</strong></span> 
     </span>
    </p>
   </div>
   <div class='ocr_carea' id='block_1_112' title="bbox 1851 5454 2679 5526">
    <p class='ocr_par' dir='ltr' id='par_1_112' title="bbox 1851 5454 2679 5526">
     <span class='ocr_line' id='line_1_112' title="bbox 1851 5454 2679 5526; baseline 0.002 -18"><span class='ocrx_word' id='word_1_724' title='bbox 1851 5471 2071 5510; x_wconf 90' lang='lat' dir='ltr'><strong>nonum</strong></span> <span class='ocrx_word' id='word_1_725' title='bbox 2101 5454 2343 5526; x_wconf 88' lang='lat' dir='ltr'><strong>implere</strong></span> <span class='ocrx_word' id='word_1_726' title='bbox 2369 5455 2679 5510; x_wconf 86' lang='lat' dir='ltr'><strong>debebunt.</strong></span> 
     </span>
    </p>
   </div>
   <div class='ocr_carea' id='block_1_113' title="bbox 1924 5547 3477 5620">
    <p class='ocr_par' dir='ltr' id='par_1_113' title="bbox 1924 5547 3477 5620">
     <span class='ocr_line' id='line_1_113' title="bbox 1924 5547 3477 5620; baseline -0.001 -18"><span class='ocrx_word' id='word_1_727' title='bbox 1924 5549 2051 5603; x_wconf 87' lang='lat' dir='ltr'><strong>LXI.</strong></span> <span class='ocrx_word' id='word_1_728' title='bbox 2084 5549 2157 5603; x_wconf 90' lang='lat' dir='ltr'><strong>De</strong></span> <span class='ocrx_word' id='word_1_729' title='bbox 2191 5549 2416 5604; x_wconf 91' lang='lat' dir='ltr'><strong>incestis</strong></span> <span class='ocrx_word' id='word_1_730' title='bbox 2443 5549 2935 5620; x_wconf 81' lang='lat' dir='ltr'><strong>conjunctionibus</strong></span> <span class='ocrx_word' id='word_1_731' title='bbox 2961 5547 3103 5602; x_wconf 93' lang='lat' dir='ltr'><strong>nihil</strong></span> <span class='ocrx_word' id='word_1_732' title='bbox 3127 5560 3354 5617; x_wconf 88' lang='lat' dir='ltr'><strong>prorsus</strong></span> <span class='ocrx_word' id='word_1_733' title='bbox 3381 5560 3477 5601; x_wconf 88' lang='lat' dir='ltr'><strong>ve-</strong></span> 
     </span>
    </p>
   </div>
   <div class='ocr_carea' id='block_1_114' title="bbox 1853 5638 3477 5710">
    <p class='ocr_par' dir='ltr' id='par_1_114' title="bbox 1853 5638 3477 5710">
     <span class='ocr_line' id='line_1_114' title="bbox 1853 5638 3477 5710; baseline -0.001 -14"><span class='ocrx_word' id='word_1_734' title='bbox 1853 5641 1964 5696; x_wconf 89' lang='lat' dir='ltr'><strong>nia</strong></span> <span class='ocrx_word' id='word_1_735' title='bbox 2002 5657 2375 5710; x_wconf 89' lang='lat' dir='ltr'><strong>reservamus,</strong></span> <span class='ocrx_word' id='word_1_736' title='bbox 2407 5643 2514 5697; x_wconf 90' lang='lat' dir='ltr'><strong>nisi</strong></span> <span class='ocrx_word' id='word_1_737' title='bbox 2555 5659 2685 5697; x_wconf 92' lang='lat' dir='ltr'><strong>cum</strong></span> <span class='ocrx_word' id='word_1_738' title='bbox 2728 5641 3068 5697; x_wconf 90' lang='lat' dir='ltr'><strong>adulterium</strong></span> <span class='ocrx_word' id='word_1_739' title='bbox 3115 5638 3477 5710; x_wconf 86' lang='lat' dir='ltr'><strong>separatione</strong></span> 
     </span>
    </p>
   </div>
   <div class='ocr_carea' id='block_1_115' title="bbox 1853 5732 3477 5804">
    <p class='ocr_par' dir='ltr' id='par_1_115' title="bbox 1853 5732 3477 5804">
     <span class='ocr_line' id='line_1_115' title="bbox 1853 5732 3477 5804; baseline -0.001 -14"><span class='ocrx_word' id='word_1_740' title='bbox 1853 5735 2190 5804; x_wconf 88' lang='lat' dir='ltr'><strong>sanaverint,</strong></span> <span class='ocrx_word' id='word_1_741' title='bbox 2242 5735 2486 5791; x_wconf 87' lang='lat' dir='ltr'><strong>incestos</strong></span> <span class='ocrx_word' id='word_1_742' title='bbox 2545 5752 2677 5790; x_wconf 91' lang='lat' dir='ltr'><strong>vero</strong></span> <span class='ocrx_word' id='word_1_743' title='bbox 2723 5734 2880 5789; x_wconf 91' lang='lat' dir='ltr'><strong>nullo</strong></span> <span class='ocrx_word' id='word_1_744' title='bbox 2936 5732 3186 5804; x_wconf 90' lang='lat' dir='ltr'><strong>conjugii</strong></span> <span class='ocrx_word' id='word_1_745' title='bbox 3247 5733 3477 5788; x_wconf 89' lang='lat' dir='ltr'><strong>nomine</strong></span> 
     </span>
    </p>
   </div>
   <div class='ocr_carea' id='block_1_116' title="bbox 1853 5827 3477 5903">
    <p class='ocr_par' dir='ltr' id='par_1_116' title="bbox 1853 5827 3477 5903">
     <span class='ocr_line' id='line_1_116' title="bbox 1853 5827 3477 5903; baseline -0.001 -19"><span class='ocrx_word' id='word_1_746' title='bbox 1853 5827 2231 5901; x_wconf 88' lang='lat' dir='ltr'><strong>deputandos,</strong></span> <span class='ocrx_word' id='word_1_747' title='bbox 2254 5845 2398 5903; x_wconf 89' lang='lat' dir='ltr'><strong>quos</strong></span> <span class='ocrx_word' id='word_1_748' title='bbox 2417 5829 2587 5886; x_wconf 85' lang='lat' dir='ltr'><strong>etiam</strong></span> <span class='ocrx_word' id='word_1_749' title='bbox 2607 5828 2907 5900; x_wconf 83' lang='lat' dir='ltr'><strong>designare</strong></span> <span class='ocrx_word' id='word_1_750' title='bbox 2925 5827 3217 5884; x_wconf 86' lang='lat' dir='ltr'><strong>funestum</strong></span> <span class='ocrx_word' id='word_1_751' title='bbox 3247 5831 3349 5898; x_wconf 86' lang='lat' dir='ltr'><strong>est,</strong></span> <span class='ocrx_word' id='word_1_752' title='bbox 3373 5827 3477 5882; x_wconf 80' lang='lat' dir='ltr'><strong>hos</strong></span> 
     </span>
    </p>
   </div>
  </div>
