  <div class='ocr_page' id='page_1' title='image "/cluster/home/n/w/nwhite01/storage/ocr_20150623/130/hvd.32044054759915/233.png"; bbox 0 0 3964 6178; ppageno 0'>
   <div class='ocr_carea' id='block_1_1' title="bbox 487 219 3787 306">
    <p class='ocr_par' dir='ltr' id='par_1_1' title="bbox 487 219 3787 306">
     <span class='ocr_line' id='line_1_1' title="bbox 487 219 3787 306; baseline 0.004 -14"><span class='ocrx_word' id='word_1_1' title='bbox 487 246 588 298; x_wconf 65' lang='lat'>.507</span> <span class='ocrx_word' id='word_1_2' title='bbox 1380 219 1667 303; x_wconf 67' lang='lat' dir='ltr'>Appiam).</span> <span class='ocrx_word' id='word_1_3' title='bbox 1707 241 1795 296; x_wconf 72' lang='lat' dir='ltr'>AD</span> <span class='ocrx_word' id='word_1_4' title='bbox 1833 241 1994 294; x_wconf 60' lang='lat' dir='ltr'>sec.</span> <span class='ocrx_word' id='word_1_5' title='bbox 2038 239 2220 292; x_wconf 72' lang='lat' dir='ltr'>1x.—-</span> <span class='ocrx_word' id='word_1_6' title='bbox 2261 239 2504 294; x_wconf 84' lang='lat' dir='ltr'><strong>ISIDORI</strong></span> <span class='ocrx_word' id='word_1_7' title='bbox 2542 240 2966 295; x_wconf 71' lang='lat' dir='ltr'>MERCATORIS</span> <span class='ocrx_word' id='word_1_8' title='bbox 3711 252 3787 306; x_wconf 56' lang='lat' dir='ltr'>sos</span> 
     </span>
    </p>
   </div>
   <div class='ocr_carea' id='block_1_2' title="bbox 485 346 3787 431">
    <p class='ocr_par' dir='ltr' id='par_1_2' title="bbox 485 346 3787 431">
     <span class='ocr_line' id='line_1_2' title="bbox 485 346 3787 431; baseline -0.003 -24"><span class='ocrx_word' id='word_1_9' title='bbox 485 351 641 406; x_wconf 84' lang='lat' dir='ltr'>enim</span> <span class='ocrx_word' id='word_1_10' title='bbox 659 365 956 405; x_wconf 88' lang='lat' dir='ltr'>censemus</span> <span class='ocrx_word' id='word_1_11' title='bbox 971 365 1092 403; x_wconf 92' lang='lat' dir='ltr'>esse</span> <span class='ocrx_word' id='word_1_12' title='bbox 1109 349 1152 402; x_wconf 87' lang='lat' dir='ltr'>si</span> <span class='ocrx_word' id='word_1_13' title='bbox 1172 347 1299 419; x_wconf 88' lang='lat' dir='ltr'>quis</span> <span class='ocrx_word' id='word_1_14' title='bbox 1325 349 1582 404; x_wconf 83' lang='lat' dir='ltr'>relictam</span> <span class='ocrx_word' id='word_1_15' title='bbox 1611 348 1799 404; x_wconf 76' lang='lat' dir='ltr'>fratris</span> <span class='ocrx_word' id='word_1_16' title='bbox 1819 365 1946 420; x_wconf 61' lang='lat' dir='ltr'>quae</span> <span class='ocrx_word' id='word_1_17' title='bbox 1966 364 2115 420; x_wconf 88' lang='lat' dir='ltr'>pene</span> <span class='ocrx_word' id='word_1_18' title='bbox 2137 357 2197 431; x_wconf 81' lang='grc' dir='ltr'><strong>Α</strong></span> <span class='ocrx_word' id='word_1_19' title='bbox 2288 347 2434 402; x_wconf 89' lang='lat' dir='ltr'>LXV.</span> <span class='ocrx_word' id='word_1_20' title='bbox 2470 346 2753 412; x_wconf 85' lang='lat' dir='ltr'>Quoniam</span> <span class='ocrx_word' id='word_1_21' title='bbox 2782 363 2896 401; x_wconf 90' lang='lat' dir='ltr'>non</span> <span class='ocrx_word' id='word_1_22' title='bbox 2925 349 3149 418; x_wconf 82' lang='lat' dir='ltr'>oportet</span> <span class='ocrx_word' id='word_1_23' title='bbox 3173 347 3460 404; x_wconf 87' lang='lat' dir='ltr'>diaconem</span> <span class='ocrx_word' id='word_1_24' title='bbox 3478 351 3656 406; x_wconf 83' lang='lat' dir='ltr'>sedere</span> <span class='ocrx_word' id='word_1_25' title='bbox 3676 371 3787 424; x_wconf 64' lang='lat' dir='ltr'>pm.</span> 
     </span>
    </p>
   </div>
   <div class='ocr_carea' id='block_1_3' title="bbox 488 440 3790 516">
    <p class='ocr_par' dir='ltr' id='par_1_3' title="bbox 488 440 3790 516">
     <span class='ocr_line' id='line_1_3' title="bbox 488 440 3790 516; baseline 0.001 -18"><span class='ocrx_word' id='word_1_26' title='bbox 488 446 646 516; x_wconf 90' lang='lat' dir='ltr'>prius</span> <span class='ocrx_word' id='word_1_27' title='bbox 671 460 831 498; x_wconf 91' lang='lat' dir='ltr'>soror</span> <span class='ocrx_word' id='word_1_28' title='bbox 859 441 1151 497; x_wconf 84' lang='lat' dir='ltr'>exstiterat</span> <span class='ocrx_word' id='word_1_29' title='bbox 1175 441 1388 496; x_wconf 82' lang='lat' dir='ltr'>carnali</span> <span class='ocrx_word' id='word_1_30' title='bbox 1409 443 1801 514; x_wconf 87' lang='lat' dir='ltr'>conjunctione</span> <span class='ocrx_word' id='word_1_31' title='bbox 1829 441 2117 513; x_wconf 91' lang='lat' dir='ltr'>polluerit.</span> <span class='ocrx_word' id='word_1_32' title='bbox 2221 443 2379 494; x_wconf 91' lang='lat' dir='ltr'>sente</span> <span class='ocrx_word' id='word_1_33' title='bbox 2403 441 2750 512; x_wconf 84' lang='lat' dir='ltr'>presbytero,</span> <span class='ocrx_word' id='word_1_34' title='bbox 2781 441 2882 496; x_wconf 89' lang='lat' dir='ltr'>sed</span> <span class='ocrx_word' id='word_1_35' title='bbox 2908 457 2979 496; x_wconf 80' lang='lat' dir='ltr'>ex</span> <span class='ocrx_word' id='word_1_36' title='bbox 3001 440 3257 511; x_wconf 88' lang='lat' dir='ltr'>jussione</span> <span class='ocrx_word' id='word_1_37' title='bbox 3285 443 3588 515; x_wconf 84' lang='lat' dir='ltr'>presbyteri</span> <span class='ocrx_word' id='word_1_38' title='bbox 3614 446 3790 515; x_wconf 85' lang='lat' dir='ltr'>sedeat,</span> 
     </span>
    </p>
   </div>
   <div class='ocr_carea' id='block_1_4' title="bbox 486 533 3795 608">
    <p class='ocr_par' dir='ltr' id='par_1_4' title="bbox 486 533 3795 608">
     <span class='ocr_line' id='line_1_4' title="bbox 486 533 3795 608; baseline 0.001 -16"><span class='ocrx_word' id='word_1_39' title='bbox 486 540 546 593; x_wconf 91' lang='lat' dir='ltr'>Si</span> <span class='ocrx_word' id='word_1_40' title='bbox 572 537 695 608; x_wconf 88' lang='lat' dir='ltr'>quis</span> <span class='ocrx_word' id='word_1_41' title='bbox 722 536 898 590; x_wconf 82' lang='lat' dir='ltr'>frater</span> <span class='ocrx_word' id='word_1_42' title='bbox 926 552 1266 607; x_wconf 83' lang='lat' dir='ltr'>germanam</span> <span class='ocrx_word' id='word_1_43' title='bbox 1297 552 1534 591; x_wconf 79' lang='lat' dir='ltr'>uxorem</span> <span class='ocrx_word' id='word_1_44' title='bbox 1572 536 1875 607; x_wconf 91' lang='lat' dir='ltr'>acceperit,</span> <span class='ocrx_word' id='word_1_45' title='bbox 1909 535 1955 589; x_wconf 91' lang='lat' dir='ltr'>si</span> <span class='ocrx_word' id='word_1_46' title='bbox 1991 535 2120 606; x_wconf 90' lang='lat' dir='ltr'>quis</span> <span class='ocrx_word' id='word_1_47' title='bbox 2220 533 2482 589; x_wconf 89' lang='lat' dir='ltr'>similiter</span> <span class='ocrx_word' id='word_1_48' title='bbox 2525 537 2718 588; x_wconf 90' lang='lat' dir='ltr'>autem</span> <span class='ocrx_word' id='word_1_49' title='bbox 2765 534 3177 588; x_wconf 90' lang='lat' dir='ltr'>honorificetur</span> <span class='ocrx_word' id='word_1_50' title='bbox 3217 535 3476 591; x_wconf 87' lang='lat' dir='ltr'>diaconus</span> <span class='ocrx_word' id='word_1_51' title='bbox 3509 555 3540 591; x_wconf 87' lang='lat' dir='ltr'>a</span> <span class='ocrx_word' id='word_1_52' title='bbox 3567 539 3795 596; x_wconf 83' lang='lat' dir='ltr'>ministris</span> 
     </span>
    </p>
   </div>
   <div class='ocr_carea' id='block_1_5' title="bbox 486 627 3228 702">
    <p class='ocr_par' dir='ltr' id='par_1_5' title="bbox 486 627 3228 702">
     <span class='ocr_line' id='line_1_5' title="bbox 486 627 3228 702; baseline -0.001 -16"><span class='ocrx_word' id='word_1_53' title='bbox 486 647 791 686; x_wconf 86' lang='lat' dir='ltr'>novercam</span> <span class='ocrx_word' id='word_1_54' title='bbox 819 629 1063 699; x_wconf 85' lang='lat' dir='ltr'>duxerit,</span> <span class='ocrx_word' id='word_1_55' title='bbox 1093 630 1140 684; x_wconf 89' lang='lat' dir='ltr'>si</span> <span class='ocrx_word' id='word_1_56' title='bbox 1167 630 1292 702; x_wconf 89' lang='lat' dir='ltr'>quis</span> <span class='ocrx_word' id='word_1_57' title='bbox 1323 630 1674 685; x_wconf 83' lang='lat' dir='ltr'>consobrinae</span> <span class='ocrx_word' id='word_1_58' title='bbox 1716 646 1775 683; x_wconf 90' lang='lat' dir='ltr'>se</span> <span class='ocrx_word' id='word_1_59' title='bbox 1805 628 2118 696; x_wconf 86' lang='lat' dir='ltr'>sociaverit,</span> <span class='ocrx_word' id='word_1_60' title='bbox 2221 627 2588 683; x_wconf 89' lang='lat' dir='ltr'>inferioribus</span> <span class='ocrx_word' id='word_1_61' title='bbox 2618 631 2676 683; x_wconf 93' lang='lat' dir='ltr'>et</span> <span class='ocrx_word' id='word_1_62' title='bbox 2701 627 2965 682; x_wconf 91' lang='lat' dir='ltr'>omnibus</span> <span class='ocrx_word' id='word_1_63' title='bbox 2991 627 3228 684; x_wconf 90' lang='lat' dir='ltr'>clericis.</span> 
     </span>
    </p>
   </div>
   <div class='ocr_carea' id='block_1_6' title="bbox 485 721 3796 796">
    <p class='ocr_par' dir='ltr' id='par_1_6' title="bbox 485 721 3796 796">
     <span class='ocr_line' id='line_1_6' title="bbox 485 721 3796 796; baseline 0.001 -17"><span class='ocrx_word' id='word_1_64' title='bbox 485 725 531 779; x_wconf 89' lang='lat' dir='ltr'>si</span> <span class='ocrx_word' id='word_1_65' title='bbox 564 724 692 796; x_wconf 91' lang='lat' dir='ltr'>quis</span> <span class='ocrx_word' id='word_1_66' title='bbox 715 723 927 778; x_wconf 73' lang='lat' dir='ltr'>relictae</span> <span class='ocrx_word' id='word_1_67' title='bbox 953 723 1041 778; x_wconf 91' lang='lat' dir='ltr'>vel</span> <span class='ocrx_word' id='word_1_68' title='bbox 1078 723 1212 778; x_wconf 63' lang='lat' dir='ltr'>ﬁliae</span> <span class='ocrx_word' id='word_1_69' title='bbox 1244 723 1509 778; x_wconf 87' lang='lat' dir='ltr'>avunculi</span> <span class='ocrx_word' id='word_1_70' title='bbox 1535 724 1859 790; x_wconf 87' lang='lat' dir='ltr'>misceatur,</span> <span class='ocrx_word' id='word_1_71' title='bbox 1895 726 1994 777; x_wconf 89' lang='lat' dir='ltr'>aut</span> <span class='ocrx_word' id='word_1_72' title='bbox 2021 739 2118 793; x_wconf 90' lang='lat' dir='ltr'>pa-</span> <span class='ocrx_word' id='word_1_73' title='bbox 2292 721 2466 776; x_wconf 89' lang='lat' dir='ltr'><strong>LXVI.</strong></span> <span class='ocrx_word' id='word_1_74' title='bbox 2497 721 2780 785; x_wconf 88' lang='lat' dir='ltr'>Quoniam</span> <span class='ocrx_word' id='word_1_75' title='bbox 2811 736 2926 776; x_wconf 91' lang='lat' dir='ltr'>non</span> <span class='ocrx_word' id='word_1_76' title='bbox 2957 724 3182 792; x_wconf 85' lang='lat' dir='ltr'>oportet</span> <span class='ocrx_word' id='word_1_77' title='bbox 3208 721 3265 776; x_wconf 89' lang='lat' dir='ltr'>in</span> <span class='ocrx_word' id='word_1_78' title='bbox 3295 725 3529 777; x_wconf 89' lang='lat' dir='ltr'>sacratos</span> <span class='ocrx_word' id='word_1_79' title='bbox 3552 725 3796 781; x_wconf 90' lang='lat' dir='ltr'>ministros</span> 
     </span>
    </p>
   </div>
   <div class='ocr_carea' id='block_1_7' title="bbox 485 814 3796 888">
    <p class='ocr_par' dir='ltr' id='par_1_7' title="bbox 485 814 3796 888">
     <span class='ocr_line' id='line_1_7' title="bbox 485 814 3796 888; baseline 0 -16"><span class='ocrx_word' id='word_1_80' title='bbox 485 817 559 872; x_wconf 89' lang='lat' dir='ltr'>tri</span> <span class='ocrx_word' id='word_1_81' title='bbox 587 816 720 871; x_wconf 69' lang='lat' dir='ltr'>filim</span> <span class='ocrx_word' id='word_1_82' title='bbox 746 817 832 871; x_wconf 87' lang='lat' dir='ltr'>vel</span> <span class='ocrx_word' id='word_1_83' title='bbox 860 817 1142 888; x_wconf 75' lang='lat' dir='ltr'>privignae</span> <span class='ocrx_word' id='word_1_84' title='bbox 1169 834 1304 881; x_wconf 70' lang='lat' dir='ltr'>suae,</span> <span class='ocrx_word' id='word_1_85' title='bbox 1338 822 1436 872; x_wconf 87' lang='lat' dir='ltr'>aut</span> <span class='ocrx_word' id='word_1_86' title='bbox 1478 816 1574 888; x_wconf 90' lang='lat' dir='ltr'>qui</span> <span class='ocrx_word' id='word_1_87' title='bbox 1614 832 1679 872; x_wconf 85' lang='lat' dir='ltr'>ex</span> <span class='ocrx_word' id='word_1_88' title='bbox 1709 816 1945 887; x_wconf 91' lang='lat' dir='ltr'>propria</span> <span class='ocrx_word' id='word_1_89' title='bbox 1983 833 2120 871; x_wconf 92' lang='lat' dir='ltr'>con-</span> <span class='ocrx_word' id='word_1_90' title='bbox 2221 814 2511 869; x_wconf 87' lang='lat' dir='ltr'>licentiam</span> <span class='ocrx_word' id='word_1_91' title='bbox 2557 814 2765 870; x_wconf 89' lang='lat' dir='ltr'>habere</span> <span class='ocrx_word' id='word_1_92' title='bbox 2810 815 2870 870; x_wconf 91' lang='lat' dir='ltr'>in</span> <span class='ocrx_word' id='word_1_93' title='bbox 2913 814 3301 885; x_wconf 86' lang='lat' dir='ltr'>secretarium,</span> <span class='ocrx_word' id='word_1_94' title='bbox 3329 816 3478 886; x_wconf 90' lang='lat' dir='ltr'>quod</span> <span class='ocrx_word' id='word_1_95' title='bbox 3518 817 3678 872; x_wconf 74' lang='lat' dir='ltr'>Graeci</span> <span class='ocrx_word' id='word_1_96' title='bbox 3703 819 3796 873; x_wconf 82' lang='lat' dir='ltr'>dia-</span> 
     </span>
    </p>
   </div>
   <div class='ocr_carea' id='block_1_8' title="bbox 483 906 3800 982">
    <p class='ocr_par' dir='ltr' id='par_1_8' title="bbox 483 906 3800 982">
     <span class='ocr_line' id='line_1_8' title="bbox 483 906 3800 982; baseline 0 -16"><span class='ocrx_word' id='word_1_97' title='bbox 483 911 863 982; x_wconf 81' lang='lat' dir='ltr'>sanguinitate</span> <span class='ocrx_word' id='word_1_98' title='bbox 895 911 1170 981; x_wconf 89' lang='lat' dir='ltr'>aliquam,</span> <span class='ocrx_word' id='word_1_99' title='bbox 1202 914 1302 965; x_wconf 90' lang='lat' dir='ltr'>aut</span> <span class='ocrx_word' id='word_1_100' title='bbox 1331 927 1502 982; x_wconf 88' lang='lat' dir='ltr'>quam</span> <span class='ocrx_word' id='word_1_101' title='bbox 1532 911 1987 981; x_wconf 88' lang='lat' dir='ltr'>consanguineus</span> <span class='ocrx_word' id='word_1_102' title='bbox 2019 911 2119 964; x_wconf 91' lang='lat' dir='ltr'>ha-</span> <span class='ocrx_word' id='word_1_103' title='bbox 2223 907 2462 962; x_wconf 91' lang='lat' dir='ltr'>conicon</span> <span class='ocrx_word' id='word_1_104' title='bbox 2525 908 2834 978; x_wconf 89' lang='lat' dir='ltr'>appellant,</span> <span class='ocrx_word' id='word_1_105' title='bbox 2904 906 3162 979; x_wconf 85' lang='lat' dir='ltr'>ingredi,</span> <span class='ocrx_word' id='word_1_106' title='bbox 3216 912 3273 963; x_wconf 88' lang='lat' dir='ltr'>et</span> <span class='ocrx_word' id='word_1_107' title='bbox 3328 925 3456 964; x_wconf 89' lang='lat' dir='ltr'>vasa</span> <span class='ocrx_word' id='word_1_108' title='bbox 3521 911 3800 982; x_wconf 72' lang='lat' dir='ltr'>contingam</span> 
     </span>
    </p>
   </div>
   <div class='ocr_carea' id='block_1_9' title="bbox 486 999 2537 1076">
    <p class='ocr_par' dir='ltr' id='par_1_9' title="bbox 486 999 2537 1076">
     <span class='ocr_line' id='line_1_9' title="bbox 486 999 2537 1076; baseline -0.002 -17"><span class='ocrx_word' id='word_1_109' title='bbox 486 1006 611 1059; x_wconf 89' lang='lat' dir='ltr'>buit</span> <span class='ocrx_word' id='word_1_110' title='bbox 646 1004 972 1074; x_wconf 88' lang='lat' dir='ltr'>concubitu,</span> <span class='ocrx_word' id='word_1_111' title='bbox 1007 1005 1245 1076; x_wconf 87' lang='lat' dir='ltr'>polluat,</span> <span class='ocrx_word' id='word_1_112' title='bbox 1273 1007 1371 1058; x_wconf 88' lang='lat' dir='ltr'>aut</span> <span class='ocrx_word' id='word_1_113' title='bbox 1409 1003 1630 1058; x_wconf 85' lang='lat' dir='ltr'>duxerit</span> <span class='ocrx_word' id='word_1_114' title='bbox 1676 1020 1937 1058; x_wconf 85' lang='lat' dir='ltr'>uxorem.</span> <span class='ocrx_word' id='word_1_115' title='bbox 1969 1003 2122 1067; x_wconf 90' lang='lat' dir='ltr'>Quos</span> <span class='ocrx_word' id='word_1_116' title='bbox 2224 999 2537 1056; x_wconf 90' lang='lat' dir='ltr'>Dominica.</span> 
     </span>
    </p>
   </div>
   <div class='ocr_carea' id='block_1_10' title="bbox 487 1094 3800 1170">
    <p class='ocr_par' dir='ltr' id='par_1_10' title="bbox 487 1094 3800 1170">
     <span class='ocr_line' id='line_1_10' title="bbox 487 1094 3800 1170; baseline 0.001 -18"><span class='ocrx_word' id='word_1_117' title='bbox 487 1115 686 1153; x_wconf 89' lang='lat' dir='ltr'>omnes</span> <span class='ocrx_word' id='word_1_118' title='bbox 711 1101 768 1153; x_wconf 93' lang='lat' dir='ltr'>et</span> <span class='ocrx_word' id='word_1_119' title='bbox 805 1098 945 1152; x_wconf 91' lang='lat' dir='ltr'>olim</span> <span class='ocrx_word' id='word_1_120' title='bbox 977 1101 1149 1170; x_wconf 86' lang='lat' dir='ltr'>atque</span> <span class='ocrx_word' id='word_1_121' title='bbox 1178 1098 1281 1151; x_wconf 90' lang='lat' dir='ltr'>sub</span> <span class='ocrx_word' id='word_1_122' title='bbox 1318 1098 1426 1152; x_wconf 91' lang='lat' dir='ltr'>hac</span> <span class='ocrx_word' id='word_1_123' title='bbox 1452 1097 1853 1153; x_wconf 87' lang='lat' dir='ltr'>constitutione</span> <span class='ocrx_word' id='word_1_124' title='bbox 1879 1097 2123 1152; x_wconf 90' lang='lat' dir='ltr'>incestos</span> <span class='ocrx_word' id='word_1_125' title='bbox 2295 1095 2492 1150; x_wconf 86' lang='lat' dir='ltr'><strong>LXVII.</strong></span> <span class='ocrx_word' id='word_1_126' title='bbox 2511 1094 2794 1158; x_wconf 87' lang='lat' dir='ltr'>Quoniam</span> <span class='ocrx_word' id='word_1_127' title='bbox 2823 1111 2942 1150; x_wconf 90' lang='lat' dir='ltr'>non</span> <span class='ocrx_word' id='word_1_128' title='bbox 2975 1099 3196 1166; x_wconf 87' lang='lat' dir='ltr'>oportet</span> <span class='ocrx_word' id='word_1_129' title='bbox 3220 1112 3352 1151; x_wconf 91' lang='lat' dir='ltr'>cum</span> <span class='ocrx_word' id='word_1_130' title='bbox 3381 1097 3631 1153; x_wconf 89' lang='lat' dir='ltr'>omnibus</span> <span class='ocrx_word' id='word_1_131' title='bbox 3657 1099 3800 1154; x_wconf 64' lang='lat' dir='ltr'>haere-</span> 
     </span>
    </p>
   </div>
   <div class='ocr_carea' id='block_1_11' title="bbox 486 1186 3802 1262">
    <p class='ocr_par' dir='ltr' id='par_1_11' title="bbox 486 1186 3802 1262">
     <span class='ocr_line' id='line_1_11' title="bbox 486 1186 3802 1262; baseline 0 -16"><span class='ocrx_word' id='word_1_132' title='bbox 486 1207 609 1246; x_wconf 89' lang='lat' dir='ltr'>esse</span> <span class='ocrx_word' id='word_1_133' title='bbox 632 1208 745 1246; x_wconf 91' lang='lat' dir='ltr'>non</span> <span class='ocrx_word' id='word_1_134' title='bbox 773 1191 1120 1258; x_wconf 86' lang='lat' dir='ltr'>dubitamus,</span> <span class='ocrx_word' id='word_1_135' title='bbox 1141 1196 1198 1246; x_wconf 91' lang='lat' dir='ltr'>et</span> <span class='ocrx_word' id='word_1_136' title='bbox 1220 1190 1371 1245; x_wconf 89' lang='lat' dir='ltr'>inter</span> <span class='ocrx_word' id='word_1_137' title='bbox 1389 1191 1824 1247; x_wconf 89' lang='lat' dir='ltr'>catechumenos</span> <span class='ocrx_word' id='word_1_138' title='bbox 1849 1207 2030 1262; x_wconf 90' lang='lat' dir='ltr'>usque</span> <span class='ocrx_word' id='word_1_139' title='bbox 2049 1191 2124 1245; x_wconf 91' lang='lat' dir='ltr'>ad</span> <span class='ocrx_word' id='word_1_140' title='bbox 2223 1187 2349 1244; x_wconf 89' lang='lat' dir='ltr'>ticis</span> <span class='ocrx_word' id='word_1_141' title='bbox 2381 1187 2621 1243; x_wconf 90' lang='lat' dir='ltr'>miscere</span> <span class='ocrx_word' id='word_1_142' title='bbox 2653 1186 2961 1258; x_wconf 90' lang='lat' dir='ltr'>connubia,</span> <span class='ocrx_word' id='word_1_143' title='bbox 2992 1188 3080 1245; x_wconf 88' lang='lat' dir='ltr'>vel</span> <span class='ocrx_word' id='word_1_144' title='bbox 3110 1187 3256 1245; x_wconf 84' lang='lat' dir='ltr'>filios</span> <span class='ocrx_word' id='word_1_145' title='bbox 3280 1189 3369 1245; x_wconf 92' lang='lat' dir='ltr'>vel</span> <span class='ocrx_word' id='word_1_146' title='bbox 3397 1189 3537 1245; x_wconf 84' lang='lat' dir='ltr'>ﬁlias</span> <span class='ocrx_word' id='word_1_147' title='bbox 3563 1191 3701 1260; x_wconf 86' lang='lat' dir='ltr'>dare,</span> <span class='ocrx_word' id='word_1_148' title='bbox 3725 1193 3802 1247; x_wconf 90' lang='lat' dir='ltr'>sed</span> 
     </span>
    </p>
   </div>
   <div class='ocr_carea' id='block_1_12' title="bbox 486 1280 3803 1356">
    <p class='ocr_par' dir='ltr' id='par_1_12' title="bbox 486 1280 3803 1356">
     <span class='ocr_line' id='line_1_12' title="bbox 486 1280 3803 1356; baseline 0.001 -18"><span class='ocrx_word' id='word_1_149' title='bbox 486 1284 810 1356; x_wconf 81' lang='lat' dir='ltr'>legitimam</span> <span class='ocrx_word' id='word_1_150' title='bbox 845 1284 1290 1340; x_wconf 88' lang='lat' dir='ltr'>satisfactionem</span> <span class='ocrx_word' id='word_1_151' title='bbox 1317 1301 1548 1340; x_wconf 89' lang='lat' dir='ltr'>manere</span> <span class='ocrx_word' id='word_1_152' title='bbox 1581 1290 1637 1340; x_wconf 88' lang='lat' dir='ltr'>et</span> <span class='ocrx_word' id='word_1_153' title='bbox 1665 1301 1830 1340; x_wconf 89' lang='lat' dir='ltr'>orare</span> <span class='ocrx_word' id='word_1_154' title='bbox 1859 1284 2120 1356; x_wconf 83' lang='lat' dir='ltr'>praecipi-</span> <span class='ocrx_word' id='word_1_155' title='bbox 2223 1280 2414 1353; x_wconf 84' lang='lat' dir='ltr'>potius</span> <span class='ocrx_word' id='word_1_156' title='bbox 2443 1281 2721 1353; x_wconf 90' lang='lat' dir='ltr'>accipere,</span> <span class='ocrx_word' id='word_1_157' title='bbox 2744 1283 2790 1336; x_wconf 91' lang='lat' dir='ltr'>si</span> <span class='ocrx_word' id='word_1_158' title='bbox 2812 1284 3009 1337; x_wconf 88' lang='lat' dir='ltr'>tamen</span> <span class='ocrx_word' id='word_1_159' title='bbox 3033 1282 3379 1354; x_wconf 83' lang='lat' dir='ltr'>proﬁtentur</span> <span class='ocrx_word' id='word_1_160' title='bbox 3405 1284 3720 1341; x_wconf 86' lang='lat' dir='ltr'>Christianos</span> <span class='ocrx_word' id='word_1_161' title='bbox 3736 1289 3803 1342; x_wconf 81' lang='lat' dir='ltr'>fu-</span> 
     </span>
    </p>
   </div>
   <div class='ocr_carea' id='block_1_13' title="bbox 486 1373 2964 1450">
    <p class='ocr_par' dir='ltr' id='par_1_13' title="bbox 486 1373 2964 1450">
     <span class='ocr_line' id='line_1_13' title="bbox 486 1373 2964 1450; baseline -0.001 -18"><span class='ocrx_word' id='word_1_162' title='bbox 486 1394 635 1444; x_wconf 90' lang='lat' dir='ltr'>mus,</span> <span class='ocrx_word' id='word_1_163' title='bbox 684 1377 835 1449; x_wconf 89' lang='lat' dir='ltr'>quod</span> <span class='ocrx_word' id='word_1_164' title='bbox 885 1377 965 1432; x_wconf 90' lang='lat' dir='ltr'>ita</span> <span class='ocrx_word' id='word_1_165' title='bbox 1008 1378 1280 1448; x_wconf 75' lang='lat' dir='ltr'>praesenti</span> <span class='ocrx_word' id='word_1_166' title='bbox 1325 1383 1587 1449; x_wconf 88' lang='lat' dir='ltr'>tempore</span> <span class='ocrx_word' id='word_1_167' title='bbox 1630 1375 2025 1450; x_wconf 89' lang='lat' dir='ltr'>prohibemus,</span> <span class='ocrx_word' id='word_1_168' title='bbox 2063 1380 2126 1431; x_wconf 89' lang='lat' dir='ltr'>ut</span> <span class='ocrx_word' id='word_1_169' title='bbox 2223 1378 2380 1431; x_wconf 91' lang='lat' dir='ltr'>turos</span> <span class='ocrx_word' id='word_1_170' title='bbox 2409 1391 2530 1431; x_wconf 89' lang='lat' dir='ltr'>esse</span> <span class='ocrx_word' id='word_1_171' title='bbox 2554 1380 2610 1430; x_wconf 94' lang='lat' dir='ltr'>et</span> <span class='ocrx_word' id='word_1_172' title='bbox 2636 1373 2964 1432; x_wconf 89' lang='lat' dir='ltr'>catholicos.</span> 
     </span>
    </p>
   </div>
   <div class='ocr_carea' id='block_1_14' title="bbox 486 1469 3805 1541">
    <p class='ocr_par' dir='ltr' id='par_1_14' title="bbox 486 1469 3805 1541">
     <span class='ocr_line' id='line_1_14' title="bbox 486 1469 3805 1541; baseline 0.001 -15"><span class='ocrx_word' id='word_1_173' title='bbox 486 1487 551 1526; x_wconf 90' lang='lat' dir='ltr'>ea</span> <span class='ocrx_word' id='word_1_174' title='bbox 589 1487 716 1541; x_wconf 61' lang='lat' dir='ltr'>qua:</span> <span class='ocrx_word' id='word_1_175' title='bbox 760 1476 892 1526; x_wconf 91' lang='lat' dir='ltr'>sunt</span> <span class='ocrx_word' id='word_1_176' title='bbox 938 1471 1208 1526; x_wconf 88' lang='lat' dir='ltr'>hactenus</span> <span class='ocrx_word' id='word_1_177' title='bbox 1251 1471 1529 1540; x_wconf 86' lang='lat' dir='ltr'>instituta,</span> <span class='ocrx_word' id='word_1_178' title='bbox 1563 1487 1681 1526; x_wconf 91' lang='lat' dir='ltr'>non</span> <span class='ocrx_word' id='word_1_179' title='bbox 1729 1471 2119 1526; x_wconf 90' lang='lat' dir='ltr'>dissolvamus.</span> <span class='ocrx_word' id='word_1_180' title='bbox 2296 1470 2510 1524; x_wconf 84' lang='lat' dir='ltr'><strong>LXVIII.</strong></span> <span class='ocrx_word' id='word_1_181' title='bbox 2537 1469 2817 1533; x_wconf 89' lang='lat' dir='ltr'>Quoniam</span> <span class='ocrx_word' id='word_1_182' title='bbox 2848 1486 2961 1525; x_wconf 90' lang='lat' dir='ltr'>non</span> <span class='ocrx_word' id='word_1_183' title='bbox 2989 1472 3212 1541; x_wconf 89' lang='lat' dir='ltr'>oportet</span> <span class='ocrx_word' id='word_1_184' title='bbox 3239 1471 3524 1526; x_wconf 88' lang='lat' dir='ltr'>ministros</span> <span class='ocrx_word' id='word_1_185' title='bbox 3548 1472 3805 1528; x_wconf 83' lang='lat' dir='ltr'>altarisaut</span> 
     </span>
    </p>
   </div>
   <div class='ocr_carea' id='block_1_15' title="bbox 488 1562 3804 1638">
    <p class='ocr_par' dir='ltr' id='par_1_15' title="bbox 488 1562 3804 1638">
     <span class='ocr_line' id='line_1_15' title="bbox 488 1562 3804 1638; baseline 0.001 -19"><span class='ocrx_word' id='word_1_186' title='bbox 488 1564 634 1619; x_wconf 87' lang='lat' dir='ltr'>Sane</span> <span class='ocrx_word' id='word_1_187' title='bbox 697 1564 904 1635; x_wconf 89' lang='lat' dir='ltr'>quibus</span> <span class='ocrx_word' id='word_1_188' title='bbox 964 1564 1292 1635; x_wconf 91' lang='lat' dir='ltr'>conjunctio</span> <span class='ocrx_word' id='word_1_189' title='bbox 1344 1562 1539 1618; x_wconf 88' lang='lat' dir='ltr'>illicita</span> <span class='ocrx_word' id='word_1_190' title='bbox 1587 1562 1966 1632; x_wconf 89' lang='lat' dir='ltr'>interdicitur,</span> <span class='ocrx_word' id='word_1_191' title='bbox 2022 1565 2121 1618; x_wconf 88' lang='lat' dir='ltr'>ha-</span> <span class='ocrx_word' id='word_1_192' title='bbox 2224 1562 2459 1618; x_wconf 89' lang='lat' dir='ltr'>clericos</span> <span class='ocrx_word' id='word_1_193' title='bbox 2499 1579 2699 1634; x_wconf 89' lang='lat' dir='ltr'>magos</span> <span class='ocrx_word' id='word_1_194' title='bbox 2731 1568 2786 1617; x_wconf 95' lang='lat' dir='ltr'>et</span> <span class='ocrx_word' id='word_1_195' title='bbox 2813 1563 3193 1620; x_wconf 89' lang='lat' dir='ltr'>incantatores</span> <span class='ocrx_word' id='word_1_196' title='bbox 3221 1580 3362 1632; x_wconf 88' lang='lat' dir='ltr'>esse,</span> <span class='ocrx_word' id='word_1_197' title='bbox 3391 1570 3488 1620; x_wconf 88' lang='lat' dir='ltr'>aut</span> <span class='ocrx_word' id='word_1_198' title='bbox 3514 1565 3682 1620; x_wconf 89' lang='lat' dir='ltr'>facere</span> <span class='ocrx_word' id='word_1_199' title='bbox 3703 1583 3804 1638; x_wconf 67' lang='lat' dir='ltr'>quae</span> 
     </span>
    </p>
   </div>
   <div class='ocr_carea' id='block_1_16' title="bbox 487 1653 3804 1731">
    <p class='ocr_par' dir='ltr' id='par_1_16' title="bbox 487 1653 3804 1731">
     <span class='ocr_line' id='line_1_16' title="bbox 487 1653 3804 1731; baseline 0 -19"><span class='ocrx_word' id='word_1_200' title='bbox 487 1656 704 1712; x_wconf 88' lang='lat' dir='ltr'>bebunt</span> <span class='ocrx_word' id='word_1_201' title='bbox 729 1657 966 1711; x_wconf 91' lang='lat' dir='ltr'>ineundi</span> <span class='ocrx_word' id='word_1_202' title='bbox 995 1655 1248 1711; x_wconf 89' lang='lat' dir='ltr'>melioris</span> <span class='ocrx_word' id='word_1_203' title='bbox 1279 1657 1534 1728; x_wconf 87' lang='lat' dir='ltr'>conjugii</span> <span class='ocrx_word' id='word_1_204' title='bbox 1563 1656 1907 1712; x_wconf 88' lang='lat' dir='ltr'>libertatem.</span> <span class='ocrx_word' id='word_1_205' title='bbox 2143 1728 2182 1731; x_wconf 92' lang='lat'><em>_</em></span> <span class='ocrx_word' id='word_1_206' title='bbox 2225 1656 2440 1724; x_wconf 91' lang='lat' dir='ltr'>dicunt,</span> <span class='ocrx_word' id='word_1_207' title='bbox 2471 1653 2838 1728; x_wconf 87' lang='lat' dir='ltr'>phylacteria,</span> <span class='ocrx_word' id='word_1_208' title='bbox 2869 1673 2998 1728; x_wconf 70' lang='lat' dir='ltr'>quae</span> <span class='ocrx_word' id='word_1_209' title='bbox 3036 1660 3170 1712; x_wconf 89' lang='lat' dir='ltr'>sunt</span> <span class='ocrx_word' id='word_1_210' title='bbox 3212 1674 3425 1730; x_wconf 88' lang='lat' dir='ltr'>magna</span> <span class='ocrx_word' id='word_1_211' title='bbox 3474 1658 3804 1731; x_wconf 83' lang='lat' dir='ltr'>obligamenta</span> 
     </span>
    </p>
   </div>
   <div class='ocr_carea' id='block_1_17' title="bbox 559 1728 3804 1824">
    <p class='ocr_par' dir='ltr' id='par_1_17' title="bbox 559 1728 3804 1824">
     <span class='ocr_line' id='line_1_17' title="bbox 559 1728 3804 1824; baseline 0.001 -19"><span class='ocrx_word' id='word_1_212' title='bbox 559 1751 710 1806; x_wconf 87' lang='lat' dir='ltr'><strong>LXII.</strong></span> <span class='ocrx_word' id='word_1_213' title='bbox 757 1750 816 1807; x_wconf 89' lang='lat' dir='ltr'>Si</span> <span class='ocrx_word' id='word_1_214' title='bbox 845 1751 971 1822; x_wconf 90' lang='lat' dir='ltr'>quis</span> <span class='ocrx_word' id='word_1_215' title='bbox 1002 1766 1227 1804; x_wconf 89' lang='lat' dir='ltr'>servum</span> <span class='ocrx_word' id='word_1_216' title='bbox 1266 1751 1565 1822; x_wconf 91' lang='lat' dir='ltr'>proprium</span> <span class='ocrx_word' id='word_1_217' title='bbox 1609 1751 1732 1805; x_wconf 90' lang='lat' dir='ltr'>sine</span> <span class='ocrx_word' id='word_1_218' title='bbox 1777 1751 2125 1806; x_wconf 89' lang='lat' dir='ltr'>conscientia</span> <span class='ocrx_word' id='word_1_219' title='bbox 2143 1728 2200 1800; x_wconf 84' lang='lat' dir='ltr'><strong>B</strong></span> <span class='ocrx_word' id='word_1_220' title='bbox 2227 1749 2576 1820; x_wconf 90' lang='lat' dir='ltr'>animarum,</span> <span class='ocrx_word' id='word_1_221' title='bbox 2599 1749 2702 1805; x_wconf 90' lang='lat' dir='ltr'>hos</span> <span class='ocrx_word' id='word_1_222' title='bbox 2724 1754 2914 1805; x_wconf 89' lang='lat' dir='ltr'>autem</span> <span class='ocrx_word' id='word_1_223' title='bbox 2935 1749 3033 1822; x_wconf 90' lang='lat' dir='ltr'>qui</span> <span class='ocrx_word' id='word_1_224' title='bbox 3053 1748 3262 1808; x_wconf 89' lang='lat' dir='ltr'>talibus</span> <span class='ocrx_word' id='word_1_225' title='bbox 3282 1728 3539 1819; x_wconf 76' lang='lat' dir='ltr'>utuntur,</span> <span class='ocrx_word' id='word_1_226' title='bbox 3559 1728 3804 1824; x_wconf 76' lang='lat' dir='ltr'>projiciab</span> 
     </span>
    </p>
   </div>
   <div class='ocr_carea' id='block_1_18' title="bbox 479 1842 2778 1915">
    <p class='ocr_par' dir='ltr' id='par_1_18' title="bbox 479 1842 2778 1915">
     <span class='ocr_line' id='line_1_18' title="bbox 479 1842 2778 1915; baseline -0.001 -15"><span class='ocrx_word' id='word_1_227' title='bbox 479 1843 690 1915; x_wconf 88' lang='lat' dir='ltr'>judicis</span> <span class='ocrx_word' id='word_1_228' title='bbox 731 1843 1020 1912; x_wconf 91' lang='lat' dir='ltr'>occiderit,</span> <span class='ocrx_word' id='word_1_229' title='bbox 1054 1844 1642 1899; x_wconf 86' lang='lat' dir='ltr'>excommunicatione</span> <span class='ocrx_word' id='word_1_230' title='bbox 1668 1843 1758 1898; x_wconf 91' lang='lat' dir='ltr'>vel</span> <span class='ocrx_word' id='word_1_231' title='bbox 1785 1843 2126 1914; x_wconf 67' lang='lat' dir='ltr'>poenitentia</span> <span class='ocrx_word' id='word_1_232' title='bbox 2227 1842 2460 1899; x_wconf 89' lang='lat' dir='ltr'>ecclesia</span> <span class='ocrx_word' id='word_1_233' title='bbox 2482 1843 2778 1914; x_wconf 89' lang='lat' dir='ltr'>jussimus.</span> 
     </span>
    </p>
   </div>
   <div class='ocr_carea' id='block_1_19' title="bbox 486 1936 3803 2010">
    <p class='ocr_par' dir='ltr' id='par_1_19' title="bbox 486 1936 3803 2010">
     <span class='ocr_line' id='line_1_19' title="bbox 486 1936 3803 2010; baseline 0.001 -18"><span class='ocrx_word' id='word_1_234' title='bbox 486 1936 700 1993; x_wconf 88' lang='lat' dir='ltr'>biennii</span> <span class='ocrx_word' id='word_1_235' title='bbox 729 1942 953 1992; x_wconf 89' lang='lat' dir='ltr'>reatum</span> <span class='ocrx_word' id='word_1_236' title='bbox 987 1937 1279 2009; x_wconf 85' lang='lat' dir='ltr'>sanguinis</span> <span class='ocrx_word' id='word_1_237' title='bbox 1308 1937 1654 1992; x_wconf 89' lang='lat' dir='ltr'>emendabit.</span> <span class='ocrx_word' id='word_1_238' title='bbox 2297 1937 2466 1992; x_wconf 88' lang='lat' dir='ltr'><strong>LXlX.</strong></span> <span class='ocrx_word' id='word_1_239' title='bbox 2489 1936 2890 1992; x_wconf 88' lang='lat' dir='ltr'>Seditionarios</span> <span class='ocrx_word' id='word_1_240' title='bbox 2911 1954 3208 2010; x_wconf 90' lang='lat' dir='ltr'>nunquam</span> <span class='ocrx_word' id='word_1_241' title='bbox 3234 1938 3578 1996; x_wconf 89' lang='lat' dir='ltr'>ordinandos</span> <span class='ocrx_word' id='word_1_242' title='bbox 3595 1939 3803 2008; x_wconf 88' lang='lat' dir='ltr'>clericos,</span> 
     </span>
    </p>
   </div>
   <div class='ocr_carea' id='block_1_20' title="bbox 559 2029 3804 2104">
    <p class='ocr_par' dir='ltr' id='par_1_20' title="bbox 559 2029 3804 2104">
     <span class='ocr_line' id='line_1_20' title="bbox 559 2029 3804 2104; baseline 0 -17"><span class='ocrx_word' id='word_1_243' title='bbox 559 2032 734 2088; x_wconf 90' lang='lat' dir='ltr'><strong>LXIII.</strong></span> <span class='ocrx_word' id='word_1_244' title='bbox 771 2032 841 2086; x_wconf 92' lang='lat' dir='ltr'>Ut</span> <span class='ocrx_word' id='word_1_245' title='bbox 869 2030 1020 2086; x_wconf 90' lang='lat' dir='ltr'>cives</span> <span class='ocrx_word' id='word_1_246' title='bbox 1047 2030 1145 2102; x_wconf 91' lang='lat' dir='ltr'>qui</span> <span class='ocrx_word' id='word_1_247' title='bbox 1187 2032 1548 2102; x_wconf 88' lang='lat' dir='ltr'>superiorum</span> <span class='ocrx_word' id='word_1_248' title='bbox 1588 2031 2034 2101; x_wconf 81' lang='lat' dir='ltr'>solemnitatum,</span> <span class='ocrx_word' id='word_1_249' title='bbox 2067 2032 2126 2087; x_wconf 91' lang='lat' dir='ltr'>id</span> <span class='ocrx_word' id='word_1_250' title='bbox 2226 2029 2371 2086; x_wconf 87' lang='lat' dir='ltr'>sicut</span> <span class='ocrx_word' id='word_1_251' title='bbox 2395 2046 2501 2085; x_wconf 91' lang='lat' dir='ltr'>nec</span> <span class='ocrx_word' id='word_1_252' title='bbox 2533 2030 2840 2100; x_wconf 88' lang='lat' dir='ltr'>usurarios,</span> <span class='ocrx_word' id='word_1_253' title='bbox 2869 2031 2955 2087; x_wconf 90' lang='lat' dir='ltr'>vel</span> <span class='ocrx_word' id='word_1_254' title='bbox 2983 2032 3330 2104; x_wconf 87' lang='lat' dir='ltr'>injuriarum</span> <span class='ocrx_word' id='word_1_255' title='bbox 3365 2049 3591 2089; x_wconf 86' lang='lat' dir='ltr'>suarum</span> <span class='ocrx_word' id='word_1_256' title='bbox 3616 2034 3804 2089; x_wconf 86' lang='lat' dir='ltr'>ultores.</span> 
     </span>
    </p>
   </div>
   <div class='ocr_carea' id='block_1_21' title="bbox 485 2122 3802 2199">
    <p class='ocr_par' dir='ltr' id='par_1_21' title="bbox 485 2122 3802 2199">
     <span class='ocr_line' id='line_1_21' title="bbox 485 2122 3802 2199; baseline -0.001 -17"><span class='ocrx_word' id='word_1_257' title='bbox 485 2129 588 2193; x_wconf 88' lang='lat' dir='ltr'>est,</span> <span class='ocrx_word' id='word_1_258' title='bbox 616 2124 847 2182; x_wconf 70' lang='lat' dir='ltr'>Paschze</span> <span class='ocrx_word' id='word_1_259' title='bbox 874 2141 938 2179; x_wconf 92' lang='lat' dir='ltr'>ac</span> <span class='ocrx_word' id='word_1_260' title='bbox 965 2123 1167 2179; x_wconf 88' lang='lat' dir='ltr'>natalis</span> <span class='ocrx_word' id='word_1_261' title='bbox 1194 2124 1441 2192; x_wconf 89' lang='lat' dir='ltr'>Domini,</span> <span class='ocrx_word' id='word_1_262' title='bbox 1473 2123 1563 2179; x_wconf 88' lang='lat' dir='ltr'>vel</span> <span class='ocrx_word' id='word_1_263' title='bbox 1591 2125 1946 2180; x_wconf 86' lang='lat' dir='ltr'>Pentecostes</span> <span class='ocrx_word' id='word_1_264' title='bbox 1974 2125 2125 2180; x_wconf 88' lang='lat' dir='ltr'>festi-</span> <span class='ocrx_word' id='word_1_265' title='bbox 2297 2124 2439 2178; x_wconf 85' lang='lat' dir='ltr'>LXX.</span> <span class='ocrx_word' id='word_1_266' title='bbox 2471 2122 2752 2179; x_wconf 84' lang='lat' dir='ltr'>Clericum</span> <span class='ocrx_word' id='word_1_267' title='bbox 2780 2124 3080 2181; x_wconf 89' lang='lat' dir='ltr'>scurrilem</span> <span class='ocrx_word' id='word_1_268' title='bbox 3110 2131 3167 2180; x_wconf 88' lang='lat' dir='ltr'>et</span> <span class='ocrx_word' id='word_1_269' title='bbox 3191 2124 3380 2182; x_wconf 83' lang='lat' dir='ltr'>verbis</span> <span class='ocrx_word' id='word_1_270' title='bbox 3409 2127 3656 2198; x_wconf 86' lang='lat' dir='ltr'>turpibus</span> <span class='ocrx_word' id='word_1_271' title='bbox 3669 2127 3802 2199; x_wconf 88' lang='lat' dir='ltr'>jocu-</span> 
     </span>
    </p>
   </div>
   <div class='ocr_carea' id='block_1_22' title="bbox 483 2216 3210 2289">
    <p class='ocr_par' dir='ltr' id='par_1_22' title="bbox 483 2216 3210 2289">
     <span class='ocr_line' id='line_1_22' title="bbox 483 2216 3210 2289; baseline 0 -16"><span class='ocrx_word' id='word_1_272' title='bbox 483 2219 754 2273; x_wconf 85' lang='lat' dir='ltr'>vitatibus</span> <span class='ocrx_word' id='word_1_273' title='bbox 783 2233 915 2272; x_wconf 92' lang='lat' dir='ltr'>cum</span> <span class='ocrx_word' id='word_1_274' title='bbox 946 2217 1226 2288; x_wconf 88' lang='lat' dir='ltr'>episcopis</span> <span class='ocrx_word' id='word_1_275' title='bbox 1269 2217 1543 2273; x_wconf 87' lang='lat' dir='ltr'>interesse</span> <span class='ocrx_word' id='word_1_276' title='bbox 1585 2217 1947 2289; x_wconf 84' lang='lat' dir='ltr'>neglexerint</span> <span class='ocrx_word' id='word_1_277' title='bbox 1977 2217 2127 2288; x_wconf 90' lang='lat' dir='ltr'>(cum</span> <span class='ocrx_word' id='word_1_278' title='bbox 2225 2216 2425 2286; x_wconf 88' lang='lat' dir='ltr'>larem,</span> <span class='ocrx_word' id='word_1_279' title='bbox 2454 2217 2524 2272; x_wconf 90' lang='lat' dir='ltr'>ab</span> <span class='ocrx_word' id='word_1_280' title='bbox 2553 2217 2743 2272; x_wconf 83' lang='lat' dir='ltr'>ofﬁcio</span> <span class='ocrx_word' id='word_1_281' title='bbox 2776 2217 3210 2274; x_wconf 89' lang='lat' dir='ltr'>retrahendum.</span> 
     </span>
    </p>
   </div>
   <div class='ocr_carea' id='block_1_23' title="bbox 487 2309 3808 2381">
    <p class='ocr_par' dir='ltr' id='par_1_23' title="bbox 487 2309 3808 2381">
     <span class='ocr_line' id='line_1_23' title="bbox 487 2309 3808 2381; baseline 0.001 -15"><span class='ocrx_word' id='word_1_282' title='bbox 487 2311 549 2366; x_wconf 91' lang='lat' dir='ltr'>in</span> <span class='ocrx_word' id='word_1_283' title='bbox 577 2310 897 2366; x_wconf 88' lang='lat' dir='ltr'>civitatibus</span> <span class='ocrx_word' id='word_1_284' title='bbox 935 2310 1359 2366; x_wconf 90' lang='lat' dir='ltr'>communionis</span> <span class='ocrx_word' id='word_1_285' title='bbox 1385 2311 1471 2366; x_wconf 89' lang='lat' dir='ltr'>vel</span> <span class='ocrx_word' id='word_1_286' title='bbox 1514 2311 1926 2366; x_wconf 90' lang='lat' dir='ltr'>benedictionis</span> <span class='ocrx_word' id='word_1_287' title='bbox 1976 2312 2123 2366; x_wconf 90' lang='lat' dir='ltr'>acci-</span> <span class='ocrx_word' id='word_1_288' title='bbox 2299 2311 2468 2364; x_wconf 90' lang='lat' dir='ltr'><strong>LXXI.</strong></span> <span class='ocrx_word' id='word_1_289' title='bbox 2503 2309 2799 2381; x_wconf 86' lang='lat' dir='ltr'>Synodum</span> <span class='ocrx_word' id='word_1_290' title='bbox 2828 2311 3005 2366; x_wconf 92' lang='lat' dir='ltr'>etiam</span> <span class='ocrx_word' id='word_1_291' title='bbox 3045 2313 3362 2368; x_wconf 89' lang='lat' dir='ltr'>secundum</span> <span class='ocrx_word' id='word_1_292' title='bbox 3410 2313 3696 2368; x_wconf 86' lang='lat' dir='ltr'>constituta</span> <span class='ocrx_word' id='word_1_293' title='bbox 3733 2314 3808 2368; x_wconf 86' lang='lat' dir='ltr'>Pa-</span> 
     </span>
    </p>
   </div>
   <div class='ocr_carea' id='block_1_24' title="bbox 486 2403 3807 2479">
    <p class='ocr_par' dir='ltr' id='par_1_24' title="bbox 486 2403 3807 2479">
     <span class='ocr_line' id='line_1_24' title="bbox 486 2403 3807 2479; baseline 0.001 -20"><span class='ocrx_word' id='word_1_294' title='bbox 486 2405 714 2477; x_wconf 75' lang='lat' dir='ltr'>piendae</span> <span class='ocrx_word' id='word_1_295' title='bbox 756 2420 924 2458; x_wconf 87' lang='lat' dir='ltr'>causa</span> <span class='ocrx_word' id='word_1_296' title='bbox 952 2404 1165 2476; x_wconf 88' lang='lat' dir='ltr'>positos</span> <span class='ocrx_word' id='word_1_297' title='bbox 1192 2421 1252 2458; x_wconf 91' lang='lat' dir='ltr'>se</span> <span class='ocrx_word' id='word_1_298' title='bbox 1299 2420 1465 2460; x_wconf 91' lang='lat' dir='ltr'>nosse</span> <span class='ocrx_word' id='word_1_299' title='bbox 1503 2403 1788 2476; x_wconf 88' lang='lat' dir='ltr'>debeant),</span> <span class='ocrx_word' id='word_1_300' title='bbox 1817 2405 2066 2461; x_wconf 89' lang='lat' dir='ltr'>triennio</span> <span class='ocrx_word' id='word_1_301' title='bbox 2093 2422 2127 2462; x_wconf 89' lang='lat' dir='ltr'>a</span> <span class='ocrx_word' id='word_1_302' title='bbox 2227 2406 2381 2458; x_wconf 90' lang='lat' dir='ltr'>trum</span> <span class='ocrx_word' id='word_1_303' title='bbox 2408 2403 2578 2458; x_wconf 87' lang='lat' dir='ltr'>etiam</span> <span class='ocrx_word' id='word_1_304' title='bbox 2608 2405 2772 2459; x_wconf 88' lang='lat' dir='ltr'>annis</span> <span class='ocrx_word' id='word_1_305' title='bbox 2800 2405 3042 2476; x_wconf 89' lang='lat' dir='ltr'>singulis</span> <span class='ocrx_word' id='word_1_306' title='bbox 3080 2405 3298 2476; x_wconf 89' lang='lat' dir='ltr'>placuit</span> <span class='ocrx_word' id='word_1_307' title='bbox 3339 2407 3679 2479; x_wconf 89' lang='lat' dir='ltr'>congregari,</span> <span class='ocrx_word' id='word_1_308' title='bbox 3703 2423 3807 2478; x_wconf 89' lang='lat' dir='ltr'>quo-</span> 
     </span>
    </p>
   </div>
   <div class='ocr_carea' id='block_1_25' title="bbox 490 2497 3804 2572">
    <p class='ocr_par' dir='ltr' id='par_1_25' title="bbox 490 2497 3804 2572">
     <span class='ocr_line' id='line_1_25' title="bbox 490 2497 3804 2572; baseline -0 -18"><span class='ocrx_word' id='word_1_309' title='bbox 490 2497 901 2554; x_wconf 87' lang='lat' dir='ltr'>communione</span> <span class='ocrx_word' id='word_1_310' title='bbox 928 2497 1222 2569; x_wconf 89' lang='lat' dir='ltr'>priventur</span> <span class='ocrx_word' id='word_1_311' title='bbox 1252 2498 1526 2553; x_wconf 73' lang='lat' dir='ltr'>ecclesiae.</span> <span class='ocrx_word' id='word_1_312' title='bbox 2226 2497 2383 2552; x_wconf 91' lang='lat' dir='ltr'>niam</span> <span class='ocrx_word' id='word_1_313' title='bbox 2426 2513 2556 2552; x_wconf 92' lang='lat' dir='ltr'>cum</span> <span class='ocrx_word' id='word_1_314' title='bbox 2599 2514 2737 2569; x_wconf 91' lang='lat' dir='ltr'>pace</span> <span class='ocrx_word' id='word_1_315' title='bbox 2785 2497 3120 2554; x_wconf 88' lang='lat' dir='ltr'>dimittimus</span> <span class='ocrx_word' id='word_1_316' title='bbox 3168 2499 3387 2571; x_wconf 88' lang='lat' dir='ltr'>gratias</span> <span class='ocrx_word' id='word_1_317' title='bbox 3450 2502 3558 2556; x_wconf 90' lang='lat' dir='ltr'>Deo</span> <span class='ocrx_word' id='word_1_318' title='bbox 3602 2501 3804 2572; x_wconf 86' lang='lat' dir='ltr'>agimus,</span> 
     </span>
    </p>
   </div>
   <div class='ocr_carea' id='block_1_26' title="bbox 557 2591 3804 2663">
    <p class='ocr_par' dir='ltr' id='par_1_26' title="bbox 557 2591 3804 2663">
     <span class='ocr_line' id='line_1_26' title="bbox 557 2591 3804 2663; baseline -0 -16"><span class='ocrx_word' id='word_1_319' title='bbox 557 2593 726 2647; x_wconf 88' lang='lat' dir='ltr'><strong>LXIV.</strong></span> <span class='ocrx_word' id='word_1_320' title='bbox 762 2591 820 2648; x_wconf 91' lang='lat' dir='ltr'>Si</span> <span class='ocrx_word' id='word_1_321' title='bbox 851 2591 980 2663; x_wconf 89' lang='lat' dir='ltr'>quis</span> <span class='ocrx_word' id='word_1_322' title='bbox 1007 2591 1066 2646; x_wconf 92' lang='lat' dir='ltr'>in</span> <span class='ocrx_word' id='word_1_323' title='bbox 1099 2591 1248 2646; x_wconf 88' lang='lat' dir='ltr'>clero</span> <span class='ocrx_word' id='word_1_324' title='bbox 1280 2592 1621 2647; x_wconf 89' lang='lat' dir='ltr'>constitutus</span> <span class='ocrx_word' id='word_1_325' title='bbox 1660 2591 1731 2646; x_wconf 89' lang='lat' dir='ltr'>ab</span> <span class='ocrx_word' id='word_1_326' title='bbox 1759 2591 1996 2647; x_wconf 90' lang='lat' dir='ltr'>ecclesia</span> <span class='ocrx_word' id='word_1_327' title='bbox 2024 2609 2127 2648; x_wconf 88' lang='lat' dir='ltr'>sua</span> <span class='ocrx_word' id='word_1_328' title='bbox 2228 2593 2456 2646; x_wconf 89' lang='lat' dir='ltr'>orantes</span> <span class='ocrx_word' id='word_1_329' title='bbox 2495 2591 2618 2662; x_wconf 85' lang='lat' dir='ltr'>ejus</span> <span class='ocrx_word' id='word_1_330' title='bbox 2661 2592 3044 2663; x_wconf 89' lang='lat' dir='ltr'>clementiam,</span> <span class='ocrx_word' id='word_1_331' title='bbox 3079 2597 3142 2649; x_wconf 89' lang='lat' dir='ltr'>ut</span> <span class='ocrx_word' id='word_1_332' title='bbox 3183 2593 3312 2649; x_wconf 68' lang='lat' dir='ltr'>haec</span> <span class='ocrx_word' id='word_1_333' title='bbox 3355 2593 3552 2650; x_wconf 90' lang='lat' dir='ltr'>eadem</span> <span class='ocrx_word' id='word_1_334' title='bbox 3579 2594 3738 2649; x_wconf 88' lang='lat' dir='ltr'>facere</span> <span class='ocrx_word' id='word_1_335' title='bbox 3761 2593 3804 2647; x_wconf 88' lang='lat' dir='ltr'>in</span> 
     </span>
    </p>
   </div>
   <div class='ocr_carea' id='block_1_27' title="bbox 487 2683 3805 2759">
    <p class='ocr_par' dir='ltr' id='par_1_27' title="bbox 487 2683 3805 2759">
     <span class='ocr_line' id='line_1_27' title="bbox 487 2683 3805 2759; baseline -0.001 -17"><span class='ocrx_word' id='word_1_336' title='bbox 487 2685 689 2742; x_wconf 90' lang='lat' dir='ltr'>diebus</span> <span class='ocrx_word' id='word_1_337' title='bbox 713 2685 1059 2742; x_wconf 89' lang='lat' dir='ltr'>solemnibus</span> <span class='ocrx_word' id='word_1_338' title='bbox 1089 2685 1350 2752; x_wconf 86' lang='lat' dir='ltr'>defuerit,</span> <span class='ocrx_word' id='word_1_339' title='bbox 1379 2683 1440 2739; x_wconf 93' lang='lat' dir='ltr'>id</span> <span class='ocrx_word' id='word_1_340' title='bbox 1466 2687 1568 2752; x_wconf 88' lang='lat' dir='ltr'>est,</span> <span class='ocrx_word' id='word_1_341' title='bbox 1601 2683 1890 2740; x_wconf 89' lang='lat' dir='ltr'>nativitate</span> <span class='ocrx_word' id='word_1_342' title='bbox 1925 2685 2122 2741; x_wconf 88' lang='lat' dir='ltr'>Domi-</span> <span class='ocrx_word' id='word_1_343' title='bbox 2227 2685 2512 2740; x_wconf 88' lang='lat' dir='ltr'>honorem</span> <span class='ocrx_word' id='word_1_344' title='bbox 2552 2685 2779 2740; x_wconf 90' lang='lat' dir='ltr'>Domini</span> <span class='ocrx_word' id='word_1_345' title='bbox 2817 2685 3025 2741; x_wconf 88' lang='lat' dir='ltr'>multos</span> <span class='ocrx_word' id='word_1_346' title='bbox 3068 2703 3172 2757; x_wconf 89' lang='lat' dir='ltr'>per</span> <span class='ocrx_word' id='word_1_347' title='bbox 3200 2703 3386 2743; x_wconf 88' lang='lat' dir='ltr'>annos</span> <span class='ocrx_word' id='word_1_348' title='bbox 3411 2687 3687 2759; x_wconf 86' lang='lat' dir='ltr'>possimus.</span> <span class='ocrx_word' id='word_1_349' title='bbox 3715 2688 3805 2757; x_wconf 87' lang='lat' dir='ltr'>Ego</span> 
     </span>
    </p>
   </div>
   <div class='ocr_carea' id='block_1_28' title="bbox 485 2777 3806 2853">
    <p class='ocr_par' dir='ltr' id='par_1_28' title="bbox 485 2777 3806 2853">
     <span class='ocr_line' id='line_1_28' title="bbox 485 2777 3806 2853; baseline -0 -19"><span class='ocrx_word' id='word_1_350' title='bbox 485 2779 567 2847; x_wconf 90' lang='lat' dir='ltr'>ni,</span> <span class='ocrx_word' id='word_1_351' title='bbox 595 2779 926 2850; x_wconf 85' lang='lat' dir='ltr'>Epiphania,</span> <span class='ocrx_word' id='word_1_352' title='bbox 970 2778 1207 2848; x_wconf 89' lang='lat' dir='ltr'>Pascha,</span> <span class='ocrx_word' id='word_1_353' title='bbox 1239 2778 1326 2833; x_wconf 86' lang='lat' dir='ltr'>vel</span> <span class='ocrx_word' id='word_1_354' title='bbox 1361 2780 1713 2845; x_wconf 87' lang='lat' dir='ltr'>Pentecoste,</span> <span class='ocrx_word' id='word_1_355' title='bbox 1754 2778 1892 2833; x_wconf 91' lang='lat' dir='ltr'>dum</span> <span class='ocrx_word' id='word_1_356' title='bbox 1940 2778 2126 2850; x_wconf 89' lang='lat' dir='ltr'>potius</span> <span class='ocrx_word' id='word_1_357' title='bbox 2225 2777 2497 2832; x_wconf 63' lang='lat' dir='ltr'>Caesarius</span> <span class='ocrx_word' id='word_1_358' title='bbox 2523 2778 2581 2832; x_wconf 90' lang='lat' dir='ltr'>in</span> <span class='ocrx_word' id='word_1_359' title='bbox 2608 2779 2817 2834; x_wconf 88' lang='lat' dir='ltr'>Christi</span> <span class='ocrx_word' id='word_1_360' title='bbox 2843 2779 3081 2835; x_wconf 87' lang='lat' dir='ltr'>nomine</span> <span class='ocrx_word' id='word_1_361' title='bbox 3107 2779 3409 2853; x_wconf 90' lang='lat' dir='ltr'>episcopus</span> <span class='ocrx_word' id='word_1_362' title='bbox 3430 2782 3586 2853; x_wconf 83' lang='lat' dir='ltr'>juxta</span> <span class='ocrx_word' id='word_1_363' title='bbox 3608 2780 3663 2836; x_wconf 92' lang='lat' dir='ltr'>id</span> <span class='ocrx_word' id='word_1_364' title='bbox 3685 2778 3806 2852; x_wconf 87' lang='lat' dir='ltr'>quod</span> 
     </span>
    </p>
   </div>
   <div class='ocr_carea' id='block_1_29' title="bbox 487 2871 3804 2946">
    <p class='ocr_par' dir='ltr' id='par_1_29' title="bbox 487 2871 3804 2946">
     <span class='ocr_line' id='line_1_29' title="bbox 487 2871 3804 2946; baseline -0 -20"><span class='ocrx_word' id='word_1_365' title='bbox 487 2872 761 2943; x_wconf 84' lang='lat' dir='ltr'>singulari</span> <span class='ocrx_word' id='word_1_366' title='bbox 787 2872 947 2926; x_wconf 91' lang='lat' dir='ltr'>lucro</span> <span class='ocrx_word' id='word_1_367' title='bbox 988 2871 1234 2941; x_wconf 87' lang='lat' dir='ltr'>studeat,</span> <span class='ocrx_word' id='word_1_368' title='bbox 1261 2888 1441 2943; x_wconf 88' lang='lat' dir='ltr'>quam</span> <span class='ocrx_word' id='word_1_369' title='bbox 1486 2871 1714 2925; x_wconf 91' lang='lat' dir='ltr'>servitio</span> <span class='ocrx_word' id='word_1_370' title='bbox 1761 2888 1861 2927; x_wconf 91' lang='lat' dir='ltr'>suo</span> <span class='ocrx_word' id='word_1_371' title='bbox 1899 2888 2122 2943; x_wconf 89' lang='lat' dir='ltr'>parere,</span> <span class='ocrx_word' id='word_1_372' title='bbox 2228 2871 2508 2926; x_wconf 90' lang='lat' dir='ltr'>universis</span> <span class='ocrx_word' id='word_1_373' title='bbox 2573 2872 2925 2944; x_wconf 88' lang='lat' dir='ltr'>coepiscopis</span> <span class='ocrx_word' id='word_1_374' title='bbox 2984 2873 3125 2929; x_wconf 89' lang='lat' dir='ltr'>meis</span> <span class='ocrx_word' id='word_1_375' title='bbox 3191 2890 3424 2930; x_wconf 92' lang='lat' dir='ltr'>mecum</span> <span class='ocrx_word' id='word_1_376' title='bbox 3487 2875 3804 2946; x_wconf 87' lang='lat' dir='ltr'>scripserunt,</span> 
     </span>
    </p>
   </div>
   <div class='ocr_carea' id='block_1_30' title="bbox 490 2964 3806 3037">
    <p class='ocr_par' dir='ltr' id='par_1_30' title="bbox 490 2964 3806 3037">
     <span class='ocr_line' id='line_1_30' title="bbox 490 2964 3806 3037; baseline -0.001 -16"><span class='ocrx_word' id='word_1_377' title='bbox 490 2965 758 3021; x_wconf 88' lang='lat' dir='ltr'>convenit</span> <span class='ocrx_word' id='word_1_378' title='bbox 795 2969 856 3020; x_wconf 88' lang='lat' dir='ltr'>ut</span> <span class='ocrx_word' id='word_1_379' title='bbox 901 2964 1147 3019; x_wconf 92' lang='lat' dir='ltr'>triennio</span> <span class='ocrx_word' id='word_1_380' title='bbox 1189 2982 1219 3018; x_wconf 90' lang='lat' dir='ltr'>a</span> <span class='ocrx_word' id='word_1_381' title='bbox 1265 2965 1675 3020; x_wconf 89' lang='lat' dir='ltr'>communione</span> <span class='ocrx_word' id='word_1_382' title='bbox 1723 2966 2121 3037; x_wconf 90' lang='lat' dir='ltr'>suspendatur.</span> <span class='ocrx_word' id='word_1_383' title='bbox 2224 2965 2439 3036; x_wconf 90' lang='lat' dir='ltr'>placuit</span> <span class='ocrx_word' id='word_1_384' title='bbox 2465 2965 2724 3022; x_wconf 88' lang='lat' dir='ltr'>instituta</span> <span class='ocrx_word' id='word_1_385' title='bbox 2754 2968 2988 3021; x_wconf 90' lang='lat' dir='ltr'>Patrum</span> <span class='ocrx_word' id='word_1_386' title='bbox 3016 2971 3264 3034; x_wconf 85' lang='lat' dir='ltr'>secutus,</span> <span class='ocrx_word' id='word_1_387' title='bbox 3301 2968 3393 3024; x_wconf 89' lang='lat' dir='ltr'>his</span> <span class='ocrx_word' id='word_1_388' title='bbox 3422 2967 3806 3024; x_wconf 85' lang='lat' dir='ltr'>difﬁnitionibus</span> 
     </span>
    </p>
   </div>
   <div class='ocr_carea' id='block_1_31' title="bbox 491 3056 3806 3171">
    <p class='ocr_par' dir='ltr' id='par_1_31' title="bbox 491 3056 3806 3171">
     <span class='ocr_line' id='line_1_31' title="bbox 491 3056 3806 3171; baseline -0.001 -57"><span class='ocrx_word' id='word_1_389' title='bbox 491 3057 768 3114; x_wconf 90' lang='lat' dir='ltr'>Similiter</span> <span class='ocrx_word' id='word_1_390' title='bbox 800 3058 1069 3113; x_wconf 92' lang='lat' dir='ltr'>diaconus</span> <span class='ocrx_word' id='word_1_391' title='bbox 1086 3057 1175 3112; x_wconf 90' lang='lat' dir='ltr'>vel</span> <span class='ocrx_word' id='word_1_392' title='bbox 1204 3057 1502 3129; x_wconf 88' lang='lat' dir='ltr'>presbyter</span> <span class='ocrx_word' id='word_1_393' title='bbox 1524 3058 1568 3112; x_wconf 93' lang='lat' dir='ltr'>si</span> <span class='ocrx_word' id='word_1_394' title='bbox 1594 3063 1708 3114; x_wconf 87' lang='lat' dir='ltr'>tres</span> <span class='ocrx_word' id='word_1_395' title='bbox 1732 3056 2125 3115; x_wconf 87' lang='lat' dir='ltr'>hebdomadas</span> <span class='ocrx_word' id='word_1_396' title='bbox 2145 3094 2199 3171; x_wconf 68' lang='grc' dir='ltr'>Ο</span> <span class='ocrx_word' id='word_1_397' title='bbox 2226 3075 2484 3115; x_wconf 89' lang='lat' dir='ltr'>annuens</span> <span class='ocrx_word' id='word_1_398' title='bbox 2511 3056 2616 3113; x_wconf 91' lang='lat' dir='ltr'>sub</span> <span class='ocrx_word' id='word_1_399' title='bbox 2646 3059 2738 3114; x_wconf 90' lang='lat' dir='ltr'>die</span> <span class='ocrx_word' id='word_1_400' title='bbox 2776 3060 2976 3131; x_wconf 90' lang='lat' dir='ltr'>quinto</span> <span class='ocrx_word' id='word_1_401' title='bbox 3014 3061 3294 3116; x_wconf 88' lang='lat' dir='ltr'>Kalendas</span> <span class='ocrx_word' id='word_1_402' title='bbox 3326 3062 3676 3134; x_wconf 86' lang='lat' dir='ltr'>Septembris,</span> <span class='ocrx_word' id='word_1_403' title='bbox 3701 3058 3806 3114; x_wconf 86' lang='lat' dir='ltr'>sub-</span> 
     </span>
    </p>
   </div>
   <div class='ocr_carea' id='block_1_32' title="bbox 489 3150 3455 3226">
    <p class='ocr_par' dir='ltr' id='par_1_32' title="bbox 489 3150 3455 3226">
     <span class='ocr_line' id='line_1_32' title="bbox 489 3150 3455 3226; baseline 0.002 -20"><span class='ocrx_word' id='word_1_404' title='bbox 489 3153 559 3206; x_wconf 86' lang='lat' dir='ltr'>ab</span> <span class='ocrx_word' id='word_1_405' title='bbox 593 3152 828 3208; x_wconf 86' lang='lat' dir='ltr'>ecclesia</span> <span class='ocrx_word' id='word_1_406' title='bbox 869 3168 971 3207; x_wconf 89' lang='lat' dir='ltr'>sua</span> <span class='ocrx_word' id='word_1_407' title='bbox 1012 3150 1276 3221; x_wconf 88' lang='lat' dir='ltr'>defuerit,</span> <span class='ocrx_word' id='word_1_408' title='bbox 1300 3150 1434 3207; x_wconf 87' lang='lat' dir='ltr'>huic</span> <span class='ocrx_word' id='word_1_409' title='bbox 1463 3151 1814 3210; x_wconf 83' lang='lat' dir='ltr'>damnationi</span> <span class='ocrx_word' id='word_1_410' title='bbox 1857 3167 2121 3209; x_wconf 89' lang='lat' dir='ltr'>succum-</span> <span class='ocrx_word' id='word_1_411' title='bbox 2149 3150 2199 3171; x_wconf 76' lang='lat'><strong>&quot;</strong></span> <span class='ocrx_word' id='word_1_412' title='bbox 2225 3151 2441 3224; x_wconf 90' lang='lat' dir='ltr'>scripsi,</span> <span class='ocrx_word' id='word_1_413' title='bbox 2473 3153 2739 3208; x_wconf 90' lang='lat' dir='ltr'>similiter</span> <span class='ocrx_word' id='word_1_414' title='bbox 2764 3158 2822 3209; x_wconf 91' lang='lat' dir='ltr'>et</span> <span class='ocrx_word' id='word_1_415' title='bbox 2849 3152 2948 3208; x_wconf 91' lang='lat' dir='ltr'>alii</span> <span class='ocrx_word' id='word_1_416' title='bbox 2975 3153 3455 3226; x_wconf 88' lang='lat' dir='ltr'>subscripserunt.</span> 
     </span>
    </p>
   </div>
   <div class='ocr_carea' id='block_1_33' title="bbox 493 3244 3250 3320">
    <p class='ocr_par' dir='ltr' id='par_1_33' title="bbox 493 3244 3250 3320">
     <span class='ocr_line' id='line_1_33' title="bbox 493 3244 3250 3320; baseline 0.002 -22"><span class='ocrx_word' id='word_1_417' title='bbox 493 3244 610 3299; x_wconf 88' lang='lat' dir='ltr'>bat.</span> <span class='ocrx_word' id='word_1_418' title='bbox 2295 3245 2532 3318; x_wconf 87' lang='lat' dir='ltr'>Explicit</span> <span class='ocrx_word' id='word_1_419' title='bbox 2557 3245 2867 3302; x_wconf 87' lang='lat' dir='ltr'>concilium</span> <span class='ocrx_word' id='word_1_420' title='bbox 2904 3248 3250 3320; x_wconf 87' lang='lat' dir='ltr'>Agathense.</span> 
     </span>
    </p>
   </div>
   <div class='ocr_carea' id='block_1_34' title="bbox 1213 3544 3138 3614">
    <p class='ocr_par' dir='ltr' id='par_1_34' title="bbox 1213 3544 3138 3614">
     <span class='ocr_line' id='line_1_34' title="bbox 1213 3544 3138 3614; baseline 0.002 -6"><span class='ocrx_word' id='word_1_421' title='bbox 1213 3544 1616 3611; x_wconf 86' lang='lat' dir='ltr'>INCIPIUNT</span> <span class='ocrx_word' id='word_1_422' title='bbox 1659 3545 2054 3612; x_wconf 85' lang='lat' dir='ltr'>CAPITULA</span> <span class='ocrx_word' id='word_1_423' title='bbox 2097 3545 2430 3613; x_wconf 86' lang='lat' dir='ltr'><strong>CONCILII</strong></span> <span class='ocrx_word' id='word_1_424' title='bbox 2475 3547 3138 3614; x_wconf 79' lang='lat' dir='ltr'>AURELIANENSIS.</span> 
     </span>
    </p>
   </div>
   <div class='ocr_carea' id='block_1_35' title="bbox 563 3716 3808 3795">
    <p class='ocr_par' dir='ltr' id='par_1_35' title="bbox 563 3716 3808 3795">
     <span class='ocr_line' id='line_1_35' title="bbox 563 3716 3808 3795; baseline -0 -25"><span class='ocrx_word' id='word_1_425' title='bbox 563 3720 610 3771; x_wconf 93' lang='grc'>1.</span> <span class='ocrx_word' id='word_1_426' title='bbox 638 3717 716 3772; x_wconf 92' lang='lat' dir='ltr'>De</span> <span class='ocrx_word' id='word_1_427' title='bbox 747 3716 1045 3773; x_wconf 90' lang='lat' dir='ltr'>homicidis</span> <span class='ocrx_word' id='word_1_428' title='bbox 1061 3721 1118 3775; x_wconf 87' lang='lat' dir='ltr'>et</span> <span class='ocrx_word' id='word_1_429' title='bbox 1135 3717 1409 3774; x_wconf 87' lang='lat' dir='ltr'>adulteris</span> <span class='ocrx_word' id='word_1_430' title='bbox 1434 3722 1493 3776; x_wconf 91' lang='lat' dir='ltr'>et</span> <span class='ocrx_word' id='word_1_431' title='bbox 1516 3719 1758 3791; x_wconf 87' lang='lat' dir='ltr'>furibus,</span> <span class='ocrx_word' id='word_1_432' title='bbox 1783 3720 1829 3775; x_wconf 89' lang='lat' dir='ltr'>si</span> <span class='ocrx_word' id='word_1_433' title='bbox 1845 3720 1917 3776; x_wconf 92' lang='lat' dir='ltr'>ad</span> <span class='ocrx_word' id='word_1_434' title='bbox 1943 3721 2122 3776; x_wconf 90' lang='lat' dir='ltr'>eccle-</span> <span class='ocrx_word' id='word_1_435' title='bbox 2299 3725 2382 3777; x_wconf 84' lang='grc'><strong>15.</strong></span> <span class='ocrx_word' id='word_1_436' title='bbox 2418 3723 2489 3777; x_wconf 95' lang='lat' dir='ltr'>Ut</span> <span class='ocrx_word' id='word_1_437' title='bbox 2519 3722 2752 3778; x_wconf 88' lang='lat' dir='ltr'>abbates</span> <span class='ocrx_word' id='word_1_438' title='bbox 2780 3722 2839 3778; x_wconf 91' lang='lat' dir='ltr'>in</span> <span class='ocrx_word' id='word_1_439' title='bbox 2875 3724 3158 3795; x_wconf 84' lang='lat' dir='ltr'>potestate</span> <span class='ocrx_word' id='word_1_440' title='bbox 3205 3722 3596 3795; x_wconf 88' lang='lat' dir='ltr'>episcoporum</span> <span class='ocrx_word' id='word_1_441' title='bbox 3635 3719 3746 3786; x_wconf 86' lang='lat' dir='ltr'>sint,</span> <span class='ocrx_word' id='word_1_442' title='bbox 3765 3719 3808 3769; x_wconf 86' lang='lat' dir='ltr'>et</span> 
     </span>
    </p>
   </div>
   <div class='ocr_carea' id='block_1_36' title="bbox 489 3811 2826 3900">
    <p class='ocr_par' dir='ltr' id='par_1_36' title="bbox 489 3811 2826 3900">
     <span class='ocr_line' id='line_1_36' title="bbox 489 3811 2826 3900; baseline 0.003 -35"><span class='ocrx_word' id='word_1_443' title='bbox 489 3811 634 3866; x_wconf 87' lang='lat' dir='ltr'>siam</span> <span class='ocrx_word' id='word_1_444' title='bbox 664 3811 1046 3884; x_wconf 85' lang='lat' dir='ltr'>confugerint.</span> <span class='ocrx_word' id='word_1_445' title='bbox 2224 3815 2292 3870; x_wconf 92' lang='lat' dir='ltr'>de</span> <span class='ocrx_word' id='word_1_446' title='bbox 2320 3816 2618 3900; x_wconf 74' lang='lat' dir='ltr'>monachis</span> <span class='ocrx_word' id='word_1_447' title='bbox 2646 3816 2826 3888; x_wconf 88' lang='lat' dir='ltr'>vagis.</span> 
     </span>
    </p>
   </div>
   <div class='ocr_carea' id='block_1_37' title="bbox 558 3905 3750 3979">
    <p class='ocr_par' dir='ltr' id='par_1_37' title="bbox 558 3905 3750 3979">
     <span class='ocr_line' id='line_1_37' title="bbox 558 3905 3750 3979; baseline -0.001 -19"><span class='ocrx_word' id='word_1_448' title='bbox 558 3907 611 3960; x_wconf 83' lang='lat'>2.</span> <span class='ocrx_word' id='word_1_449' title='bbox 643 3905 719 3960; x_wconf 93' lang='lat' dir='ltr'>De</span> <span class='ocrx_word' id='word_1_450' title='bbox 744 3905 1071 3978; x_wconf 90' lang='lat' dir='ltr'>raptoribus</span> <span class='ocrx_word' id='word_1_451' title='bbox 1097 3907 1171 3962; x_wconf 90' lang='lat' dir='ltr'>ad</span> <span class='ocrx_word' id='word_1_452' title='bbox 1201 3906 1499 3962; x_wconf 90' lang='lat' dir='ltr'>ecclesiam</span> <span class='ocrx_word' id='word_1_453' title='bbox 1526 3907 2009 3979; x_wconf 90' lang='lat' dir='ltr'>confugientibus.</span> <span class='ocrx_word' id='word_1_454' title='bbox 2305 3913 2389 3965; x_wconf 87' lang='grc'><strong>16.</strong></span> <span class='ocrx_word' id='word_1_455' title='bbox 2421 3913 2491 3967; x_wconf 94' lang='lat' dir='ltr'>Ut</span> <span class='ocrx_word' id='word_1_456' title='bbox 2514 3909 2780 3966; x_wconf 89' lang='lat' dir='ltr'>monachi</span> <span class='ocrx_word' id='word_1_457' title='bbox 2806 3908 3054 3965; x_wconf 88' lang='lat' dir='ltr'>oratorio</span> <span class='ocrx_word' id='word_1_458' title='bbox 3087 3910 3172 3965; x_wconf 92' lang='lat' dir='ltr'>vel</span> <span class='ocrx_word' id='word_1_459' title='bbox 3197 3910 3358 3965; x_wconf 91' lang='lat' dir='ltr'>zonis</span> <span class='ocrx_word' id='word_1_460' title='bbox 3387 3926 3503 3966; x_wconf 90' lang='lat' dir='ltr'>non</span> <span class='ocrx_word' id='word_1_461' title='bbox 3529 3909 3750 3964; x_wconf 84' lang='lat' dir='ltr'>utantur.</span> 
     </span>
    </p>
   </div>
   <div class='ocr_carea' id='block_1_38' title="bbox 558 3999 3355 4073">
    <p class='ocr_par' dir='ltr' id='par_1_38' title="bbox 558 3999 3355 4073">
     <span class='ocr_line' id='line_1_38' title="bbox 558 3999 3355 4073; baseline 0.002 -20"><span class='ocrx_word' id='word_1_462' title='bbox 558 4000 612 4053; x_wconf 90' lang='lat'><strong>3.</strong></span> <span class='ocrx_word' id='word_1_463' title='bbox 639 3999 718 4054; x_wconf 92' lang='lat' dir='ltr'>De</span> <span class='ocrx_word' id='word_1_464' title='bbox 748 3999 924 4054; x_wconf 90' lang='lat' dir='ltr'>servis</span> <span class='ocrx_word' id='word_1_465' title='bbox 948 3999 994 4054; x_wconf 93' lang='lat' dir='ltr'>si</span> <span class='ocrx_word' id='word_1_466' title='bbox 1026 3999 1100 4055; x_wconf 90' lang='lat' dir='ltr'>ad</span> <span class='ocrx_word' id='word_1_467' title='bbox 1129 4000 1425 4055; x_wconf 90' lang='lat' dir='ltr'>ecclesiam</span> <span class='ocrx_word' id='word_1_468' title='bbox 1455 4001 1836 4073; x_wconf 88' lang='lat' dir='ltr'>confugerint.</span> <span class='ocrx_word' id='word_1_469' title='bbox 2298 4013 2384 4064; x_wconf 82' lang='lat' dir='ltr'>l7.</span> <span class='ocrx_word' id='word_1_470' title='bbox 2416 4007 2472 4063; x_wconf 91' lang='lat' dir='ltr'>Si</span> <span class='ocrx_word' id='word_1_471' title='bbox 2509 4004 2822 4060; x_wconf 88' lang='lat' dir='ltr'>monachus</span> <span class='ocrx_word' id='word_1_472' title='bbox 2849 4019 3079 4059; x_wconf 81' lang='lat' dir='ltr'>uxorem</span> <span class='ocrx_word' id='word_1_473' title='bbox 3113 4002 3355 4060; x_wconf 84' lang='lat' dir='ltr'>duxerit.</span> 
     </span>
    </p>
   </div>
   <div class='ocr_carea' id='block_1_39' title="bbox 558 4089 3803 4170">
    <p class='ocr_par' dir='ltr' id='par_1_39' title="bbox 558 4089 3803 4170">
     <span class='ocr_line' id='line_1_39' title="bbox 558 4089 3803 4170; baseline -0.001 -23"><span class='ocrx_word' id='word_1_474' title='bbox 558 4092 612 4146; x_wconf 83' lang='grc'>4.</span> <span class='ocrx_word' id='word_1_475' title='bbox 644 4093 722 4146; x_wconf 91' lang='lat' dir='ltr'>De</span> <span class='ocrx_word' id='word_1_476' title='bbox 756 4108 821 4147; x_wconf 93' lang='lat' dir='ltr'>eo</span> <span class='ocrx_word' id='word_1_477' title='bbox 847 4093 946 4164; x_wconf 89' lang='lat' dir='ltr'>qui</span> <span class='ocrx_word' id='word_1_478' title='bbox 988 4092 1059 4148; x_wconf 90' lang='lat' dir='ltr'>ab</span> <span class='ocrx_word' id='word_1_479' title='bbox 1105 4092 1366 4164; x_wconf 92' lang='lat' dir='ltr'>episcopo</span> <span class='ocrx_word' id='word_1_480' title='bbox 1411 4093 1625 4165; x_wconf 90' lang='lat' dir='ltr'>aliquid</span> <span class='ocrx_word' id='word_1_481' title='bbox 1674 4093 1900 4164; x_wconf 89' lang='lat' dir='ltr'>repetit,</span> <span class='ocrx_word' id='word_1_482' title='bbox 1929 4097 1994 4148; x_wconf 92' lang='lat' dir='ltr'>ut</span> <span class='ocrx_word' id='word_1_483' title='bbox 2018 4109 2121 4165; x_wconf 88' lang='lat' dir='ltr'>pro</span> <span class='ocrx_word' id='word_1_484' title='bbox 2297 4105 2384 4157; x_wconf 84' lang='grc'><strong>18.</strong></span> <span class='ocrx_word' id='word_1_485' title='bbox 2417 4101 2489 4155; x_wconf 91' lang='lat' dir='ltr'>Ut</span> <span class='ocrx_word' id='word_1_486' title='bbox 2512 4098 2828 4154; x_wconf 89' lang='lat' dir='ltr'>monachus</span> <span class='ocrx_word' id='word_1_487' title='bbox 2860 4096 2979 4152; x_wconf 89' lang='lat' dir='ltr'>sine</span> <span class='ocrx_word' id='word_1_488' title='bbox 3026 4097 3315 4169; x_wconf 91' lang='lat' dir='ltr'>permissu</span> <span class='ocrx_word' id='word_1_489' title='bbox 3347 4096 3588 4170; x_wconf 88' lang='lat' dir='ltr'>episcopi</span> <span class='ocrx_word' id='word_1_490' title='bbox 3613 4093 3693 4149; x_wconf 89' lang='lat' dir='ltr'>vel</span> <span class='ocrx_word' id='word_1_491' title='bbox 3727 4089 3803 4145; x_wconf 84' lang='lat' dir='ltr'>ab-</span> 
     </span>
    </p>
   </div>
   <div class='ocr_carea' id='block_1_40' title="bbox 487 4185 3108 4262">
    <p class='ocr_par' dir='ltr' id='par_1_40' title="bbox 487 4185 3108 4262">
     <span class='ocr_line' id='line_1_40' title="bbox 487 4185 3108 4262; baseline 0.002 -24"><span class='ocrx_word' id='word_1_492' title='bbox 487 4185 612 4256; x_wconf 88' lang='lat' dir='ltr'>ipsa</span> <span class='ocrx_word' id='word_1_493' title='bbox 637 4185 1013 4240; x_wconf 88' lang='lat' dir='ltr'>conventione</span> <span class='ocrx_word' id='word_1_494' title='bbox 1037 4185 1108 4240; x_wconf 88' lang='lat' dir='ltr'>ab</span> <span class='ocrx_word' id='word_1_495' title='bbox 1135 4186 1369 4241; x_wconf 86' lang='lat' dir='ltr'>ecclesia</span> <span class='ocrx_word' id='word_1_496' title='bbox 1395 4203 1507 4241; x_wconf 90' lang='lat' dir='ltr'>non</span> <span class='ocrx_word' id='word_1_497' title='bbox 1533 4187 1807 4258; x_wconf 88' lang='lat' dir='ltr'>privetur.</span> <span class='ocrx_word' id='word_1_498' title='bbox 2098 4245 2104 4262; x_wconf 53' lang='grc'><em>,</em></span> <span class='ocrx_word' id='word_1_499' title='bbox 2221 4194 2370 4251; x_wconf 76' lang='lat' dir='ltr'>batis</span> <span class='ocrx_word' id='word_1_500' title='bbox 2397 4193 2626 4249; x_wconf 83' lang='lat' dir='ltr'>cellulas</span> <span class='ocrx_word' id='word_1_501' title='bbox 2652 4208 2770 4247; x_wconf 91' lang='lat' dir='ltr'>non</span> <span class='ocrx_word' id='word_1_502' title='bbox 2799 4193 3108 4246; x_wconf 86' lang='lat' dir='ltr'>construat.</span> 
     </span>
    </p>
   </div>
   <div class='ocr_carea' id='block_1_41' title="bbox 559 4276 3805 4358">
    <p class='ocr_par' dir='ltr' id='par_1_41' title="bbox 559 4276 3805 4358">
     <span class='ocr_line' id='line_1_41' title="bbox 559 4276 3805 4358; baseline -0.001 -26"><span class='ocrx_word' id='word_1_503' title='bbox 559 4281 612 4332; x_wconf 83' lang='lat'><strong>5.</strong></span> <span class='ocrx_word' id='word_1_504' title='bbox 659 4276 718 4332; x_wconf 91' lang='lat' dir='ltr'>Si</span> <span class='ocrx_word' id='word_1_505' title='bbox 762 4276 1057 4350; x_wconf 89' lang='lat' dir='ltr'>episcopus</span> <span class='ocrx_word' id='word_1_506' title='bbox 1107 4294 1335 4334; x_wconf 89' lang='lat' dir='ltr'>servum</span> <span class='ocrx_word' id='word_1_507' title='bbox 1385 4279 1618 4334; x_wconf 86' lang='lat' dir='ltr'>alterius</span> <span class='ocrx_word' id='word_1_508' title='bbox 1659 4278 1932 4335; x_wconf 82' lang='lat' dir='ltr'>clericum</span> <span class='ocrx_word' id='word_1_509' title='bbox 1977 4279 2122 4336; x_wconf 89' lang='lat' dir='ltr'>fece-</span> <span class='ocrx_word' id='word_1_510' title='bbox 2295 4292 2381 4344; x_wconf 74' lang='grc'>19,</span> <span class='ocrx_word' id='word_1_511' title='bbox 2437 4287 2495 4343; x_wconf 87' lang='lat' dir='ltr'>Si</span> <span class='ocrx_word' id='word_1_512' title='bbox 2561 4284 2838 4358; x_wconf 80' lang='lat' dir='ltr'>episcOpis</span> <span class='ocrx_word' id='word_1_513' title='bbox 2901 4284 3172 4356; x_wconf 87' lang='lat' dir='ltr'>cuiquam</span> <span class='ocrx_word' id='word_1_514' title='bbox 3233 4287 3480 4341; x_wconf 84' lang='lat' dir='ltr'>terrulas</span> <span class='ocrx_word' id='word_1_515' title='bbox 3527 4276 3805 4356; x_wconf 81' lang='lat' dir='ltr'>praestiterit</span> 
     </span>
    </p>
   </div>
   <div class='ocr_carea' id='block_1_42' title="bbox 489 4369 3803 4451">
    <p class='ocr_par' dir='ltr' id='par_1_42' title="bbox 489 4369 3803 4451">
     <span class='ocr_line' id='line_1_42' title="bbox 489 4369 3803 4451; baseline 0 -27"><span class='ocrx_word' id='word_1_516' title='bbox 489 4369 579 4426; x_wconf 86' lang='lat' dir='ltr'>rit.</span> <span class='ocrx_word' id='word_1_517' title='bbox 2221 4381 2561 4439; x_wconf 83' lang='lat' dir='ltr'>excolendas</span> <span class='ocrx_word' id='word_1_518' title='bbox 2587 4380 2706 4436; x_wconf 92' lang='lat' dir='ltr'>sine</span> <span class='ocrx_word' id='word_1_519' title='bbox 2735 4378 3068 4451; x_wconf 71' lang='lat' dir='ltr'>praejudicio</span> <span class='ocrx_word' id='word_1_520' title='bbox 3099 4378 3250 4450; x_wconf 88' lang='lat' dir='ltr'>juris</span> <span class='ocrx_word' id='word_1_521' title='bbox 3281 4379 3531 4435; x_wconf 63' lang='lat' dir='ltr'>ecclesia:</span> <span class='ocrx_word' id='word_1_522' title='bbox 3572 4373 3803 4432; x_wconf 85' lang='lat' dir='ltr'>tenebun-</span> 
     </span>
    </p>
   </div>
   <div class='ocr_carea' id='block_1_43' title="bbox 558 4468 2338 4543">
    <p class='ocr_par' dir='ltr' id='par_1_43' title="bbox 558 4468 2338 4543">
     <span class='ocr_line' id='line_1_43' title="bbox 558 4468 2338 4543; baseline 0.004 -19"><span class='ocrx_word' id='word_1_523' title='bbox 558 4471 608 4524; x_wconf 89' lang='lat'>6.</span> <span class='ocrx_word' id='word_1_524' title='bbox 640 4468 698 4525; x_wconf 94' lang='lat' dir='ltr'>Si</span> <span class='ocrx_word' id='word_1_525' title='bbox 723 4469 990 4526; x_wconf 86' lang='lat' dir='ltr'>diaconus</span> <span class='ocrx_word' id='word_1_526' title='bbox 1017 4473 1118 4526; x_wconf 92' lang='lat' dir='ltr'>aut</span> <span class='ocrx_word' id='word_1_527' title='bbox 1142 4470 1437 4543; x_wconf 82' lang='lat' dir='ltr'>presbyter</span> <span class='ocrx_word' id='word_1_528' title='bbox 1462 4469 1682 4526; x_wconf 89' lang='lat' dir='ltr'>crimen</span> <span class='ocrx_word' id='word_1_529' title='bbox 1707 4469 1944 4541; x_wconf 87' lang='lat' dir='ltr'>capitale</span> <span class='ocrx_word' id='word_1_530' title='bbox 1970 4487 2122 4526; x_wconf 86' lang='lat' dir='ltr'>com—</span> <span class='ocrx_word' id='word_1_531' title='bbox 2226 4480 2338 4532; x_wconf 90' lang='lat' dir='ltr'>tur.</span> 
     </span>
    </p>
   </div>
   <div class='ocr_carea' id='block_1_44' title="bbox 487 4562 3642 4638">
    <p class='ocr_par' dir='ltr' id='par_1_44' title="bbox 487 4562 3642 4638">
     <span class='ocr_line' id='line_1_44' title="bbox 487 4562 3642 4638; baseline -0.001 -19"><span class='ocrx_word' id='word_1_532' title='bbox 487 4562 724 4621; x_wconf 88' lang='lat' dir='ltr'>miserit.</span> <span class='ocrx_word' id='word_1_533' title='bbox 2289 4573 2378 4625; x_wconf 85' lang='lat'>20.</span> <span class='ocrx_word' id='word_1_534' title='bbox 2410 4570 2480 4624; x_wconf 91' lang='lat' dir='ltr'>Ut</span> <span class='ocrx_word' id='word_1_535' title='bbox 2505 4571 2636 4623; x_wconf 87' lang='lat' dir='ltr'>ante</span> <span class='ocrx_word' id='word_1_536' title='bbox 2664 4565 2879 4622; x_wconf 87' lang='lat' dir='ltr'>Pascha</span> <span class='ocrx_word' id='word_1_537' title='bbox 2905 4565 3342 4638; x_wconf 86' lang='lat' dir='ltr'>quadragesima</span> <span class='ocrx_word' id='word_1_538' title='bbox 3373 4568 3642 4620; x_wconf 84' lang='lat' dir='ltr'>teneatur.</span> 
     </span>
    </p>
   </div>
   <div class='ocr_carea' id='block_1_45' title="bbox 555 4648 3803 4731">
    <p class='ocr_par' dir='ltr' id='par_1_45' title="bbox 555 4648 3803 4731">
     <span class='ocr_line' id='line_1_45' title="bbox 555 4648 3803 4731; baseline -0.001 -20"><span class='ocrx_word' id='word_1_539' title='bbox 555 4662 608 4711; x_wconf 89' lang='grc'><strong>7.</strong></span> <span class='ocrx_word' id='word_1_540' title='bbox 643 4659 719 4713; x_wconf 89' lang='lat' dir='ltr'>De</span> <span class='ocrx_word' id='word_1_541' title='bbox 750 4659 839 4713; x_wconf 91' lang='lat' dir='ltr'>his</span> <span class='ocrx_word' id='word_1_542' title='bbox 864 4659 965 4731; x_wconf 92' lang='lat' dir='ltr'>qui</span> <span class='ocrx_word' id='word_1_543' title='bbox 992 4658 1390 4731; x_wconf 78' lang='lat' dir='ltr'>paenitentiam</span> <span class='ocrx_word' id='word_1_544' title='bbox 1418 4657 1787 4714; x_wconf 90' lang='lat' dir='ltr'>violaverunt.</span> <span class='ocrx_word' id='word_1_545' title='bbox 2290 4667 2380 4718; x_wconf 89' lang='grc'>21.</span> <span class='ocrx_word' id='word_1_546' title='bbox 2409 4663 2478 4717; x_wconf 93' lang='lat' dir='ltr'>Ut</span> <span class='ocrx_word' id='word_1_547' title='bbox 2503 4661 2696 4716; x_wconf 90' lang='lat' dir='ltr'>nullus</span> <span class='ocrx_word' id='word_1_548' title='bbox 2738 4659 2946 4716; x_wconf 90' lang='lat' dir='ltr'>civium</span> <span class='ocrx_word' id='word_1_549' title='bbox 2973 4659 3301 4716; x_wconf 84' lang='lat' dir='ltr'>festivitates</span> <span class='ocrx_word' id='word_1_550' title='bbox 3345 4659 3590 4731; x_wconf 86' lang='lat' dir='ltr'>majores</span> <span class='ocrx_word' id='word_1_551' title='bbox 3624 4655 3676 4710; x_wconf 91' lang='lat' dir='ltr'>in</span> <span class='ocrx_word' id='word_1_552' title='bbox 3701 4648 3803 4705; x_wconf 74' lang='lat' dir='ltr'>villa</span> 
     </span>
    </p>
   </div>
   <div class='ocr_carea' id='block_1_46' title="bbox 557 4751 2490 4825">
    <p class='ocr_par' dir='ltr' id='par_1_46' title="bbox 557 4751 2490 4825">
     <span class='ocr_line' id='line_1_46' title="bbox 557 4751 2490 4825; baseline 0.003 -21"><span class='ocrx_word' id='word_1_553' title='bbox 557 4751 611 4805; x_wconf 91' lang='lat'><strong>8.</strong></span> <span class='ocrx_word' id='word_1_554' title='bbox 634 4751 690 4805; x_wconf 91' lang='lat' dir='ltr'>Si</span> <span class='ocrx_word' id='word_1_555' title='bbox 713 4752 1010 4824; x_wconf 83' lang='lat' dir='ltr'>presbyter</span> <span class='ocrx_word' id='word_1_556' title='bbox 1039 4757 1138 4809; x_wconf 89' lang='lat' dir='ltr'>aut</span> <span class='ocrx_word' id='word_1_557' title='bbox 1163 4753 1432 4809; x_wconf 87' lang='lat' dir='ltr'>diaconus</span> <span class='ocrx_word' id='word_1_558' title='bbox 1453 4769 1513 4808; x_wconf 90' lang='lat' dir='ltr'>se</span> <span class='ocrx_word' id='word_1_559' title='bbox 1533 4769 1636 4825; x_wconf 92' lang='lat' dir='ltr'>pro</span> <span class='ocrx_word' id='word_1_560' title='bbox 1657 4755 1818 4808; x_wconf 91' lang='lat' dir='ltr'>reatu</span> <span class='ocrx_word' id='word_1_561' title='bbox 1839 4751 2027 4824; x_wconf 89' lang='lat' dir='ltr'>aliquo</span> <span class='ocrx_word' id='word_1_562' title='bbox 2047 4751 2118 4807; x_wconf 90' lang='lat' dir='ltr'>ab</span> <span class='ocrx_word' id='word_1_563' title='bbox 2219 4756 2490 4812; x_wconf 88' lang='lat' dir='ltr'>celebret.</span> 
     </span>
    </p>
   </div>
   <div class='ocr_carea' id='block_1_47' title="bbox 425 4839 3799 4920">
    <p class='ocr_par' dir='ltr' id='par_1_47' title="bbox 425 4839 3799 4920">
     <span class='ocr_line' id='line_1_47' title="bbox 425 4839 3799 4920; baseline -0.003 -19"><span class='ocrx_word' id='word_1_564' title='bbox 425 4911 434 4916; x_wconf 23' lang='lat'><strong><em>‘</em></strong></span> <span class='ocrx_word' id='word_1_565' title='bbox 486 4843 840 4901; x_wconf 84' lang='lat' dir='ltr'>Eucharistia</span> <span class='ocrx_word' id='word_1_566' title='bbox 866 4847 1242 4917; x_wconf 87' lang='lat' dir='ltr'>suspenderit.</span> <span class='ocrx_word' id='word_1_567' title='bbox 2288 4854 2378 4906; x_wconf 79' lang='lat'>22.</span> <span class='ocrx_word' id='word_1_568' title='bbox 2413 4850 2484 4904; x_wconf 87' lang='lat' dir='ltr'>Ut</span> <span class='ocrx_word' id='word_1_569' title='bbox 2511 4847 2752 4920; x_wconf 90' lang='lat' dir='ltr'>populus</span> <span class='ocrx_word' id='word_1_570' title='bbox 2791 4849 2923 4903; x_wconf 91' lang='lat' dir='ltr'>ante</span> <span class='ocrx_word' id='word_1_571' title='bbox 2953 4845 3302 4919; x_wconf 87' lang='lat' dir='ltr'>completam</span> <span class='ocrx_word' id='word_1_572' title='bbox 3327 4846 3560 4902; x_wconf 91' lang='lat' dir='ltr'>missam</span> <span class='ocrx_word' id='word_1_573' title='bbox 3587 4847 3641 4898; x_wconf 89' lang='lat' dir='ltr'>et</span> <span class='ocrx_word' id='word_1_574' title='bbox 3662 4839 3799 4894; x_wconf 87' lang='lat' dir='ltr'>bene-</span> 
     </span>
    </p>
   </div>
   <div class='ocr_carea' id='block_1_48' title="bbox 559 4937 3580 5052">
    <p class='ocr_par' dir='ltr' id='par_1_48' title="bbox 559 4937 3580 5052">
     <span class='ocr_line' id='line_1_48' title="bbox 559 4937 3580 5052; baseline -0.001 -60"><span class='ocrx_word' id='word_1_575' title='bbox 559 4940 612 4992; x_wconf 90' lang='lat'><strong>9.</strong></span> <span class='ocrx_word' id='word_1_576' title='bbox 647 4937 707 4993; x_wconf 93' lang='lat' dir='ltr'>Si</span> <span class='ocrx_word' id='word_1_577' title='bbox 746 4937 942 4994; x_wconf 88' lang='lat' dir='ltr'>relicta</span> <span class='ocrx_word' id='word_1_578' title='bbox 984 4940 1301 5012; x_wconf 87' lang='lat' dir='ltr'>presbyteri</span> <span class='ocrx_word' id='word_1_579' title='bbox 1342 4946 1440 4997; x_wconf 90' lang='lat' dir='ltr'>aut</span> <span class='ocrx_word' id='word_1_580' title='bbox 1485 4941 1712 4996; x_wconf 88' lang='lat' dir='ltr'>diaconi</span> <span class='ocrx_word' id='word_1_581' title='bbox 1758 4939 1856 4996; x_wconf 90' lang='lat' dir='ltr'>alii</span> <span class='ocrx_word' id='word_1_582' title='bbox 1895 4957 1955 4996; x_wconf 90' lang='lat' dir='ltr'>se</span> <span class='ocrx_word' id='word_1_583' title='bbox 1981 4957 2197 5052; x_wconf 86' lang='lat' dir='ltr'>con-D</span> <span class='ocrx_word' id='word_1_584' title='bbox 2221 4943 2535 5000; x_wconf 87' lang='lat' dir='ltr'>dictionem</span> <span class='ocrx_word' id='word_1_585' title='bbox 2564 4945 2859 5014; x_wconf 89' lang='lat' dir='ltr'>acceptam</span> <span class='ocrx_word' id='word_1_586' title='bbox 2889 4940 3088 5012; x_wconf 88' lang='lat' dir='ltr'>egredi</span> <span class='ocrx_word' id='word_1_587' title='bbox 3115 4956 3229 4995; x_wconf 92' lang='lat' dir='ltr'>non</span> <span class='ocrx_word' id='word_1_588' title='bbox 3256 4939 3580 5012; x_wconf 63' lang='lat' dir='ltr'>praesumat.</span> 
     </span>
    </p>
   </div>
   <div class='ocr_carea' id='block_1_49' title="bbox 481 5025 3804 5102">
    <p class='ocr_par' dir='ltr' id='par_1_49' title="bbox 481 5025 3804 5102">
     <span class='ocr_line' id='line_1_49' title="bbox 481 5025 3804 5102; baseline -0.002 -16"><span class='ocrx_word' id='word_1_589' title='bbox 481 5031 752 5102; x_wconf 83' lang='lat' dir='ltr'>junxerit.</span> <span class='ocrx_word' id='word_1_590' title='bbox 1365 5086 1367 5088; x_wconf 80' lang='lat'><strong>.</strong></span> <span class='ocrx_word' id='word_1_591' title='bbox 2137 5025 2197 5052; x_wconf 73' lang='grc' dir='ltr'><em>υ</em></span> <span class='ocrx_word' id='word_1_592' title='bbox 2293 5042 2383 5094; x_wconf 89' lang='grc'>23.</span> <span class='ocrx_word' id='word_1_593' title='bbox 2413 5040 2486 5094; x_wconf 93' lang='lat' dir='ltr'>Ut</span> <span class='ocrx_word' id='word_1_594' title='bbox 2514 5035 2726 5092; x_wconf 58' lang='lat' dir='ltr'>litanias</span> <span class='ocrx_word' id='word_1_595' title='bbox 2749 5037 2884 5091; x_wconf 90' lang='lat' dir='ltr'>ante</span> <span class='ocrx_word' id='word_1_596' title='bbox 2911 5033 3317 5090; x_wconf 87' lang='lat' dir='ltr'>Ascensionem</span> <span class='ocrx_word' id='word_1_597' title='bbox 3333 5031 3554 5089; x_wconf 89' lang='lat' dir='ltr'>Domini</span> <span class='ocrx_word' id='word_1_598' title='bbox 3569 5025 3804 5085; x_wconf 83' lang='lat' dir='ltr'>celebren-</span> 
     </span>
    </p>
   </div>
   <div class='ocr_carea' id='block_1_50' title="bbox 562 5125 2332 5196">
    <p class='ocr_par' dir='ltr' id='par_1_50' title="bbox 562 5125 2332 5196">
     <span class='ocr_line' id='line_1_50' title="bbox 562 5125 2332 5196; baseline 0.003 -17"><span class='ocrx_word' id='word_1_599' title='bbox 562 5128 645 5180; x_wconf 91' lang='grc'><strong>10.</strong></span> <span class='ocrx_word' id='word_1_600' title='bbox 677 5125 752 5180; x_wconf 92' lang='lat' dir='ltr'>De</span> <span class='ocrx_word' id='word_1_601' title='bbox 780 5125 870 5180; x_wconf 92' lang='lat' dir='ltr'>his</span> <span class='ocrx_word' id='word_1_602' title='bbox 898 5141 1026 5196; x_wconf 65' lang='lat' dir='ltr'>quae</span> <span class='ocrx_word' id='word_1_603' title='bbox 1052 5125 1111 5180; x_wconf 93' lang='lat' dir='ltr'>in</span> <span class='ocrx_word' id='word_1_604' title='bbox 1138 5126 1340 5182; x_wconf 88' lang='lat' dir='ltr'>altario</span> <span class='ocrx_word' id='word_1_605' title='bbox 1373 5126 1708 5183; x_wconf 73' lang='lat' dir='ltr'>offeruntur.</span> <span class='ocrx_word' id='word_1_606' title='bbox 2220 5135 2332 5187; x_wconf 91' lang='lat' dir='ltr'>tur.</span> 
     </span>
    </p>
   </div>
   <div class='ocr_carea' id='block_1_51' title="bbox 560 5212 3801 5294">
    <p class='ocr_par' dir='ltr' id='par_1_51' title="bbox 560 5212 3801 5294">
     <span class='ocr_line' id='line_1_51' title="bbox 560 5212 3801 5294; baseline -0.002 -20"><span class='ocrx_word' id='word_1_607' title='bbox 560 5222 646 5275; x_wconf 87' lang='grc'>11.</span> <span class='ocrx_word' id='word_1_608' title='bbox 675 5219 755 5274; x_wconf 91' lang='lat' dir='ltr'>De</span> <span class='ocrx_word' id='word_1_609' title='bbox 781 5219 869 5274; x_wconf 88' lang='lat' dir='ltr'>his</span> <span class='ocrx_word' id='word_1_610' title='bbox 895 5235 1024 5292; x_wconf 84' lang='lat' dir='ltr'>quae</span> <span class='ocrx_word' id='word_1_611' title='bbox 1053 5236 1086 5274; x_wconf 90' lang='lat' dir='ltr'>a</span> <span class='ocrx_word' id='word_1_612' title='bbox 1112 5219 1372 5276; x_wconf 77' lang='lat' dir='ltr'>fidelibus</span> <span class='ocrx_word' id='word_1_613' title='bbox 1398 5221 1459 5275; x_wconf 92' lang='lat' dir='ltr'>in</span> <span class='ocrx_word' id='word_1_614' title='bbox 1486 5219 1851 5292; x_wconf 88' lang='lat' dir='ltr'>parochianis</span> <span class='ocrx_word' id='word_1_615' title='bbox 1875 5219 2121 5275; x_wconf 90' lang='lat' dir='ltr'>ecclesiis</span> <span class='ocrx_word' id='word_1_616' title='bbox 2293 5225 2381 5279; x_wconf 74' lang='grc'>24.</span> <span class='ocrx_word' id='word_1_617' title='bbox 2423 5224 2503 5278; x_wconf 91' lang='lat' dir='ltr'>De</span> <span class='ocrx_word' id='word_1_618' title='bbox 2541 5221 2754 5278; x_wconf 90' lang='lat' dir='ltr'>clericis</span> <span class='ocrx_word' id='word_1_619' title='bbox 2792 5221 2892 5294; x_wconf 90' lang='lat' dir='ltr'>qui</span> <span class='ocrx_word' id='word_1_620' title='bbox 2938 5221 3009 5277; x_wconf 89' lang='lat' dir='ltr'>ad</span> <span class='ocrx_word' id='word_1_621' title='bbox 3047 5220 3302 5277; x_wconf 74' lang='lat' dir='ltr'>cilicium</span> <span class='ocrx_word' id='word_1_622' title='bbox 3354 5218 3543 5275; x_wconf 89' lang='lat' dir='ltr'>venire</span> <span class='ocrx_word' id='word_1_623' title='bbox 3589 5212 3801 5270; x_wconf 84' lang='lat' dir='ltr'>contem-</span> 
     </span>
    </p>
   </div>
   <div class='ocr_carea' id='block_1_52' title="bbox 487 5312 2390 5374">
    <p class='ocr_par' dir='ltr' id='par_1_52' title="bbox 487 5312 2390 5374">
     <span class='ocr_line' id='line_1_52' title="bbox 487 5312 2390 5374; baseline 0.001 -4"><span class='ocrx_word' id='word_1_624' title='bbox 487 5312 824 5370; x_wconf 80' lang='lat' dir='ltr'>offeruntur.</span> <span class='ocrx_word' id='word_1_625' title='bbox 2224 5322 2390 5374; x_wconf 91' lang='lat' dir='ltr'>nunt.</span> 
     </span>
    </p>
   </div>
   <div class='ocr_carea' id='block_1_53' title="bbox 561 5405 3672 5481">
    <p class='ocr_par' dir='ltr' id='par_1_53' title="bbox 561 5405 3672 5481">
     <span class='ocr_line' id='line_1_53' title="bbox 561 5405 3672 5481; baseline -0.002 -18"><span class='ocrx_word' id='word_1_626' title='bbox 561 5411 646 5466; x_wconf 91' lang='grc'>12.</span> <span class='ocrx_word' id='word_1_627' title='bbox 679 5410 750 5466; x_wconf 93' lang='lat' dir='ltr'>Ut</span> <span class='ocrx_word' id='word_1_628' title='bbox 795 5408 1093 5481; x_wconf 87' lang='lat' dir='ltr'>episcopus</span> <span class='ocrx_word' id='word_1_629' title='bbox 1128 5411 1186 5463; x_wconf 93' lang='lat' dir='ltr'>et</span> <span class='ocrx_word' id='word_1_630' title='bbox 1225 5423 1509 5480; x_wconf 89' lang='lat' dir='ltr'>pauperes</span> <span class='ocrx_word' id='word_1_631' title='bbox 1552 5413 1608 5465; x_wconf 89' lang='lat' dir='ltr'>et</span> <span class='ocrx_word' id='word_1_632' title='bbox 1651 5407 1910 5463; x_wconf 81' lang='lat' dir='ltr'>inﬁrmos</span> <span class='ocrx_word' id='word_1_633' title='bbox 1961 5410 2120 5463; x_wconf 85' lang='lat' dir='ltr'>tuea-</span> <span class='ocrx_word' id='word_1_634' title='bbox 2295 5415 2384 5466; x_wconf 82' lang='lat'>25.</span> <span class='ocrx_word' id='word_1_635' title='bbox 2412 5413 2488 5466; x_wconf 90' lang='lat' dir='ltr'>De</span> <span class='ocrx_word' id='word_1_636' title='bbox 2518 5408 2905 5465; x_wconf 85' lang='lat' dir='ltr'>familiaritate</span> <span class='ocrx_word' id='word_1_637' title='bbox 2935 5410 3335 5463; x_wconf 79' lang='lat' dir='ltr'>extranearum</span> <span class='ocrx_word' id='word_1_638' title='bbox 3361 5405 3672 5461; x_wconf 86' lang='lat' dir='ltr'>mulierum.</span> 
     </span>
    </p>
   </div>
   <div class='ocr_carea' id='block_1_54' title="bbox 485 5486 3803 5576">
    <p class='ocr_par' dir='ltr' id='par_1_54' title="bbox 485 5486 3803 5576">
     <span class='ocr_line' id='line_1_54' title="bbox 485 5486 3803 5576; baseline -0.003 -18"><span class='ocrx_word' id='word_1_639' title='bbox 485 5507 597 5558; x_wconf 89' lang='lat' dir='ltr'>tur.</span> <span class='ocrx_word' id='word_1_640' title='bbox 2290 5507 2380 5560; x_wconf 89' lang='grc'><strong>26.</strong></span> <span class='ocrx_word' id='word_1_641' title='bbox 2415 5505 2493 5559; x_wconf 92' lang='lat' dir='ltr'>De</span> <span class='ocrx_word' id='word_1_642' title='bbox 2538 5502 2817 5576; x_wconf 88' lang='lat' dir='ltr'>religiosis</span> <span class='ocrx_word' id='word_1_643' title='bbox 2866 5501 3230 5557; x_wconf 78' lang='lat' dir='ltr'>saecularibus</span> <span class='ocrx_word' id='word_1_644' title='bbox 3272 5499 3369 5573; x_wconf 90' lang='lat' dir='ltr'>qui</span> <span class='ocrx_word' id='word_1_645' title='bbox 3411 5486 3803 5555; x_wconf 71' lang='lat' dir='ltr'>divinationiblls</span> 
     </span>
    </p>
   </div>
   <div class='ocr_carea' id='block_1_55' title="bbox 559 5595 2547 5668">
    <p class='ocr_par' dir='ltr' id='par_1_55' title="bbox 559 5595 2547 5668">
     <span class='ocr_line' id='line_1_55' title="bbox 559 5595 2547 5668; baseline 0.001 -17"><span class='ocrx_word' id='word_1_646' title='bbox 559 5600 645 5652; x_wconf 86' lang='grc'><strong>13.</strong></span> <span class='ocrx_word' id='word_1_647' title='bbox 677 5597 747 5652; x_wconf 90' lang='lat' dir='ltr'>Ut</span> <span class='ocrx_word' id='word_1_648' title='bbox 789 5595 1037 5652; x_wconf 69' lang='lat' dir='ltr'>basilicas</span> <span class='ocrx_word' id='word_1_649' title='bbox 1075 5595 1135 5652; x_wconf 92' lang='lat' dir='ltr'>in</span> <span class='ocrx_word' id='word_1_650' title='bbox 1183 5595 1344 5668; x_wconf 91' lang='lat' dir='ltr'>cujus</span> <span class='ocrx_word' id='word_1_651' title='bbox 1389 5595 1673 5652; x_wconf 86' lang='lat' dir='ltr'>territorio</span> <span class='ocrx_word' id='word_1_652' title='bbox 1717 5599 1867 5665; x_wconf 89' lang='lat' dir='ltr'>sunt,</span> <span class='ocrx_word' id='word_1_653' title='bbox 1905 5595 1965 5651; x_wconf 89' lang='lat' dir='ltr'>in</span> <span class='ocrx_word' id='word_1_654' title='bbox 2001 5595 2121 5668; x_wconf 89' lang='lat' dir='ltr'>ejus</span> <span class='ocrx_word' id='word_1_655' title='bbox 2224 5598 2547 5655; x_wconf 88' lang='lat' dir='ltr'>attendunt.</span> 
     </span>
    </p>
   </div>
   <div class='ocr_carea' id='block_1_56' title="bbox 487 5675 3799 5764">
    <p class='ocr_par' dir='ltr' id='par_1_56' title="bbox 487 5675 3799 5764">
     <span class='ocr_line' id='line_1_56' title="bbox 487 5675 3799 5764; baseline -0.003 -22"><span class='ocrx_word' id='word_1_656' title='bbox 487 5689 736 5760; x_wconf 90' lang='lat' dir='ltr'>episcopi</span> <span class='ocrx_word' id='word_1_657' title='bbox 763 5695 1034 5747; x_wconf 89' lang='lat' dir='ltr'>maneant</span> <span class='ocrx_word' id='word_1_658' title='bbox 1057 5692 1357 5763; x_wconf 87' lang='lat' dir='ltr'>potestate.</span> <span class='ocrx_word' id='word_1_659' title='bbox 2289 5696 2378 5748; x_wconf 85' lang='grc'><strong>27.</strong></span> <span class='ocrx_word' id='word_1_660' title='bbox 2397 5691 2560 5756; x_wconf 89' lang='lat' dir='ltr'>Quod</span> <span class='ocrx_word' id='word_1_661' title='bbox 2581 5690 2880 5764; x_wconf 88' lang='lat' dir='ltr'>episcopus</span> <span class='ocrx_word' id='word_1_662' title='bbox 2897 5689 2988 5746; x_wconf 89' lang='lat' dir='ltr'>die</span> <span class='ocrx_word' id='word_1_663' title='bbox 3001 5688 3296 5747; x_wconf 86' lang='lat' dir='ltr'>Dominica</span> <span class='ocrx_word' id='word_1_664' title='bbox 3310 5687 3380 5744; x_wconf 81' lang='lat' dir='ltr'>ab</span> <span class='ocrx_word' id='word_1_665' title='bbox 3396 5682 3618 5743; x_wconf 86' lang='lat' dir='ltr'>ecclesia</span> <span class='ocrx_word' id='word_1_666' title='bbox 3636 5675 3799 5735; x_wconf 67' lang='lat' dir='ltr'>abesse</span> 
     </span>
    </p>
   </div>
   <div class='ocr_carea' id='block_1_57' title="bbox 560 5782 2554 5856">
    <p class='ocr_par' dir='ltr' id='par_1_57' title="bbox 560 5782 2554 5856">
     <span class='ocr_line' id='line_1_57' title="bbox 560 5782 2554 5856; baseline 0.004 -22"><span class='ocrx_word' id='word_1_667' title='bbox 560 5782 645 5835; x_wconf 71' lang='grc'>14.</span> <span class='ocrx_word' id='word_1_668' title='bbox 680 5782 758 5836; x_wconf 89' lang='lat' dir='ltr'>De</span> <span class='ocrx_word' id='word_1_669' title='bbox 783 5782 1028 5856; x_wconf 86' lang='lat' dir='ltr'>incestis,</span> <span class='ocrx_word' id='word_1_670' title='bbox 1057 5789 1120 5840; x_wconf 92' lang='lat' dir='ltr'>ut</span> <span class='ocrx_word' id='word_1_671' title='bbox 1153 5782 1733 5842; x_wconf 84' lang='lat' dir='ltr'>excommunicentur.</span> <span class='ocrx_word' id='word_1_672' title='bbox 2220 5802 2337 5842; x_wconf 88' lang='lat' dir='ltr'>non</span> <span class='ocrx_word' id='word_1_673' title='bbox 2367 5784 2554 5843; x_wconf 88' lang='lat' dir='ltr'>debet.</span> 
     </span>
    </p>
   </div>
  </div>
