3964 6178
245 280 335 332 409

1470 278 1941 334 DECRETALIUM
1979 279 2365 335 COLLECTIO.

3497 285 3601 343 410

845 483 1260 576 INCIPIT
1363 484 1982 580 CONCILIUM
2072 486 2973 579 AURELIANENSE.

1516 664 1811 745 Triginta
1853 665 2323 746 episcoporum.

317 854 439 908 Cum
481 856 713 907 auctore
767 851 880 906 Deo
924 851 984 907 in
1030 851 1425 908 Aurelianensi
1476 854 1613 908 urbe
1665 855 1862 912 fuisset
1881 869 1941 943 Α
2031 856 2118 910 VI.
2168 855 2223 910 Si
2273 853 2519 924 diaconi,
2573 860 2671 910 aut
2721 855 3036 928 presbyteri
3081 857 3301 914 crimen
3357 859 3596 931 capitale

267 945 533 1000 concilium
550 961 914 1001 summorum
929 946 1249 1002 antistitum
1260 951 1693 1019 congregatum,
1709 965 1862 1004 com-

267 1038 393 1092 muni
421 1039 681 1094 omnium
727 1039 1033 1096 collatione
1075 1041 1439 1112 complacuit,
1479 1044 1539 1095 ut
1569 1042 1673 1096 hoc
1704 1043 1860 1113 quod

264 1131 416 1186 verbis
439 1135 780 1201 statuerunt,
811 1133 990 1189 etiam
1017 1134 1321 1205 Scripturae
1343 1134 1668 1190 testimonio
1698 1135 1860 1190 robo-

263 1229 444 1280 rarent.

313 1322 428 1375 CAP.
461 1320 500 1372 ι.
532 1318 594 1374 Id
627 1319 1025 1376 constituimus
1049 1319 1471 1378 observandum
1498 1323 1654 1394 quod
1681 1324 1858 1378 eccle-

257 1412 436 1466 siastici
461 1429 711 1468 canones
741 1414 1133 1483 decreverunt,
1165 1420 1219 1470 et
1242 1416 1334 1470 lex
1363 1417 1627 1472 Romana
1657 1415 1862 1471 consti-

256 1503 358 1572 tuit,
389 1509 448 1559 ut
487 1505 561 1560 ab
606 1506 851 1562 ecclesia:
889 1507 1064 1576 atriis,
1110 1509 1200 1563 vel
1241 1509 1412 1564 domo
1459 1509 1706 1580 episcopi
1738 1526 1862 1563 reos

253 1597 564 1654 abstrahere
590 1601 826 1656 omnino
855 1617 973 1657 non
999 1601 1183 1669 liceat,
1213 1603 1312 1658 sed
1343 1620 1446 1658 nec
1471 1603 1635 1658 alteri
1673 1602 1859 1658 consi-

251 1693 414 1764 gnari,
438 1693 547 1748 nisi
571 1693 644 1748 ad
670 1695 972 1766 Evangelia
996 1696 1140 1751 datis
1167 1696 1544 1751 sacramentis
1565 1697 1634 1752 de
1657 1701 1858 1767 morte,

248 1791 294 1840 et
318 1785 624 1854 debilitate,
640 1792 697 1842 et
709 1788 966 1843 omnium
980 1805 1279 1860 poenarum
1298 1805 1510 1861 genere
1529 1791 1640 1846 sint
1655 1791 1858 1858 securi,

245 1877 313 1933 ita
335 1884 395 1934 ut
425 1880 480 1934 ei
505 1881 600 1934 cui
627 1897 757 1936 reus
783 1881 957 1937 fuerit
983 1882 1325 1938 criminosus
1367 1883 1438 1938 de
1475 1884 1860 1938 satisfactione

245 1973 558 2040 conveniat;
607 1974 762 2045 quod
788 1975 831 2029 si
872 1991 972 2030 sua
1001 1981 1352 2031 sacramenta
1379 1977 1668 2031 convictus
1690 1977 1864 2032 fuerit

242 2066 483 2136 violasse,
530 2083 664 2123 reus
712 2067 969 2139 perjurii,
1014 2086 1132 2125 non
1163 2071 1346 2125 solum
1392 2069 1860 2126 acommunione

241 2160 498 2228 ecclesiae,
532 2161 618 2215 vel
645 2161 902 2216 omnium
928 2163 1280 2232 clericorum,
1309 2164 1686 2219 verumetiam
1710 2181 1743 2218 a
1773 2181 1862 2219 ca-

1961 947 2372 1015 commiserint,
2417 948 2586 1003 simul
2625 953 2682 1004 et
2727 950 2798 1004 ab
2844 949 3031 1005 officio
3085 954 3142 1006 et
3193 953 3596 1009 communione

1960 1041 2272 1112 pellantur.

2033 1136 2141 1190 VII.
2189 1135 2268 1188 De
2299 1133 2386 1188 his
2423 1135 2522 1206 qui
2565 1140 2827 1206 suscepta
2872 1137 3215 1208 poenitentia
3254 1139 3598 1209 religionem

1961 1244 2079 1282 sua:
2134 1227 2504 1298 professionis
2555 1228 2714 1284 obliti
2763 1229 2838 1283 ad
2897 1231 3184 1285 saecularia
3241 1231 3598 1300 relabuntur,

1959 1322 2172 1392 placuit
2189 1338 2284 1376 eos
2301 1326 2358 1376 et
2373 1338 2406 1376 a
2424 1322 2830 1376 communione
2851 1324 3141 1394 suspendi,
3168 1329 3225 1378 et
3243 1325 3314 1380 ab
3333 1326 3598 1380 omnium

1961 1414 2373 1469 catholicorum
2399 1416 2668 1470 conviviis
2697 1417 2983 1486 separari;
3021 1417 3176 1488 quod
3201 1418 3249 1472 si
3274 1424 3405 1489 post
3429 1419 3604 1475 inter-

1961 1507 2177 1562 dictum
2194 1525 2327 1564 cum
2342 1508 2422 1564 eis
2441 1509 2744 1580 quisquam
2771 1511 3195 1581 praesumpserit
3224 1512 3596 1580 manducare,

1961 1606 2017 1656 et
2043 1601 2163 1674 ipse
2187 1602 2593 1657 communione
2621 1603 2896 1675 privetur.

2032 1696 2169 1750 VIII.
2213 1695 2265 1750 Si
2311 1695 2581 1750 diaconus
2625 1697 2707 1752 vel
2752 1698 3048 1770 presbyter
3090 1715 3193 1770 pro
3219 1703 3381 1755 reatu
3408 1715 3511 1755 suo
3541 1717 3600 1754 se

1957 1787 2033 1854 ab
2058 1788 2251 1842 allaris
2295 1789 2697 1844 communione
2741 1791 2844 1844 sub
2895 1792 3223 1862 pmnitentis
3249 1781 3626 1864 professione-

1961 1881 2370 1948 submoverint,
2399 1883 2478 1937 sic
2507 1899 2732 1954 quoque
2778 1883 2824 1937 si
2864 1884 2958 1938 alii
3007 1884 3315 1954 defuerint,
3347 1889 3406 1940 et
3432 1900 3600 1940 causa

1962 1977 2132 2030 certae
2178 1975 2532 2030 necessitatis
2568 1976 2842 2046 exoritur,
2869 1982 3202 2048 poscentem
3251 1979 3600 2051 baptismum

1959 2067 2127 2123 liceat
2155 2068 2462 2140 baptizare.

2031 2163 2116 2217 IX.
2148 2161 2208 2218 Si
2234 2179 2294 2217 se
2325 2162 2643 2236 cuicunque
2673 2163 2882 2219 mulier
2912 2164 3124 2236 duplici
3167 2165 3434 2237 coniugio
3473 2182 3601 2238 pre-

239 2253 569 2308 tholicorum
609 2255 863 2309 convivio
905 2261 1222 2328 separetur.
1269 2257 1430 2321 Quod
1460 2258 1505 2312 si
1535 2258 1582 2312 is
1613 2257 1703 2312 cui
1729 2245 1937 2317 reusB
1961 2253 2172 2325 sbyteri
2202 2255 2292 2310 vel
2319 2255 2544 2310 diaconi
2592 2255 2788 2312 relicta
2813 2257 3194 2328 conjunxerit,
3225 2263 3324 2314 aut
3347 2259 3601 2331 castigati

243 2350 336 2414 est,
373 2331 646 2415 noluerit,
677 2348 996 2404 intentione
1041 2350 1286 2405 faciente
1334 2351 1622 2422 componi,
1653 2355 1710 2406 et
1738 2351 1860 2424 ipse

240 2457 360 2495 reus
387 2440 456 2496 de
487 2441 723 2497 ecclesia
748 2445 907 2498 actus
938 2443 1140 2499 timore
1172 2444 1589 2512 discesserit,ab
1609 2445 1860 2500 ecclesia:

244 2534 443 2589 clericis
471 2552 590 2590 non
618 2541 930 2608 quaeratur.

308 2629 367 2682 II.
411 2629 491 2684 De
535 2630 859 2701 raptoribus
906 2636 1101 2686 autem
1137 2631 1195 2686 id
1239 2632 1698 2688 constituendum
1740 2648 1860 2688 esse

247 2723 575 2791 censuimus,
604 2729 666 2778 ut
691 2724 737 2778 si
763 2725 837 2779 ad
865 2725 1163 2780 ecclesiam
1185 2730 1380 2797 raptor
1397 2744 1527 2781 cum
1548 2731 1707 2799 rapta
1726 2745 1862 2782 con-

246 2816 460 2888 fugerit,
490 2823 549 2873 et
572 2817 852 2892 feminam
867 2818 1050 2890 ipsam
1067 2820 1394 2892 violentiam
1415 2821 1710 2892 pertulisse
1730 2838 1861 2876 con-

249 2911 454 2978 stiterit,
501 2912 696 2967 statim
740 2912 1017 2967 liberetur
1059 2913 1129 2968 de
1180 2917 1465 2985 potestate
1509 2914 1774 2985 raptoris,
1803 2919 1861 2969 et

248 3008 423 3075 raptor
451 3005 649 3060 mortis
674 3006 764 3060 vel
791 3022 1090 3076 poenarum
1117 3006 1458 3078 impunitate
1481 3024 1748 3063 concessa
1764 3010 1864 3062 aut

249 3099 512 3153 serviendi
543 3099 860 3154 conditioni
897 3100 1181 3171 subjectus
1207 3100 1299 3168 sit,
1330 3104 1429 3155 aut
1456 3101 1775 3156 redimendi
1800 3118 1858 3155 se

247 3190 470 3246 liberam
501 3192 709 3248 habeat
732 3192 1082 3248 facultatem.
1115 3193 1172 3248 Si
1198 3210 1334 3249 vero
1366 3211 1494 3266 qua:
1519 3195 1738 3268 rapitur
1765 3213 1860 3268 pa-

248 3288 378 3339 trem
410 3286 616 3341 habere
647 3287 978 3356 constiterit,
1012 3293 1067 3342 et
1095 3287 1286 3358 puella
1309 3288 1526 3360 raptori
1557 3305 1858 3344 consense-

247 3379 329 3444 rit,
354 3379 618 3450 potestati
661 3380 837 3452 patris
868 3385 1134 3436 excusata
1184 3381 1471 3450 reddatur,
1518 3385 1576 3438 et
1612 3387 1806 3454 raptor
1829 3400 1862 3438 a

246 3477 390 3541 patre
446 3473 728 3547 superiori
778 3470 1119 3530 conditionis
1175 3473 1542 3532 satisfactioni
1598 3480 1864 3532 teneatur

245 3565 528 3622 obnoxius.

306 3618 632 3717 IIIIS—arvus
655 3663 755 3734 qui
781 3663 852 3718 ad
879 3662 1176 3718 ecclesiam
1203 3664 1522 3736 confugerit
1544 3681 1647 3736 pro
1675 3665 1862 3736 quali-
1884 3618 1940 3694 ϐ

241 3748 334 3808 bet
357 3755 543 3827 culpa,
574 3755 620 3810 si
646 3756 876 3811 domino
919 3773 1025 3828 pro
1064 3756 1310 3812 admissa
1344 3758 1511 3828 culpa
1539 3775 1864 3814 sacramen-

240 3851 356 3902 tum
384 3849 712 3922 susceperit,
743 3849 934 3905 statim
961 3850 1036 3904 ad
1067 3850 1369 3906 servitium
1409 3851 1626 3906 domini
1664 3852 1749 3907 sui
1784 3869 1867 3907 re-

245 3939 357 3996 dire
387 3949 642 4015 cogatur,
689 3948 747 3998 et
792 3947 986 4015 postea
1016 3944 1167 4015 quod
1195 3945 1326 4000 dato
1357 3949 1710 4001 sacramento
1740 3943 1867 4018 98

246 4031 469 4090 domino
495 4035 669 4091 fuerit
694 4037 1081 4108 consignatus,
1112 4037 1160 4092 si
1191 4038 1406 4110 aliquid
1429 4055 1612 4110 poenie
1643 4056 1746 4111 pro
1775 4057 1864 4094 ea-

247 4125 373 4182 dem
391 4130 550 4202 culpa
569 4147 726 4202 aqua
745 4135 1043 4186 excusatur
1058 4132 1338 4204 probatus
1351 4131 1522 4188 fuerit
1542 4133 1865 4205 pertulisse,

249 4235 346 4289 pro
375 4226 704 4295 contemptu
740 4225 1021 4294 Ecclesiae,
1071 4231 1128 4280 et
1175 4226 1641 4296 praevaricatione
1673 4226 1804 4282 fidei
1835 4244 1869 4282 a

255 4318 663 4385 communione,
715 4321 772 4372 et
810 4317 1060 4373 convivio
1105 4317 1520 4374 catholicorum
1573 4324 1870 4375 extraneus

257 4403 530 4478 habeatur,
571 4411 619 4465 si
659 4427 792 4466 vero
839 4428 1033 4466 servus
1071 4429 1177 4484 pro
1205 4413 1366 4484 culpa
1396 4429 1500 4467 sua
1529 4413 1600 4466 ab
1628 4413 1872 4468 Ecclesia

258 4497 559 4558 defensatns
575 4510 928 4560 sacramenta
951 4506 1175 4560 Domini
1190 4506 1410 4561 clericis
1425 4507 1786 4578 exigentibus
1801 4507 1870 4562 de

257 4589 578 4664 impunitate
607 4599 944 4670 perceperit,
991 4599 1141 4654 exire
1168 4600 1455 4655 nolentem
1480 4617 1514 4654 a
1540 4599 1773 4654 domino
1799 4599 1869 4654 li-

257 4691 370 4740 ceat
395 4691 673 4763 occupari.

320 4780 398 4835 IV.
426 4783 480 4838 Si
507 4785 634 4856 quis
680 4784 751 4839 ab
800 4785 1065 4858 episcopo
1093 4804 1219 4857 suo,
1249 4788 1334 4841 vel
1383 4787 1452 4843 de
1497 4788 1754 4854 ecclesia,
1784 4789 1872 4842 vel

261 4866 317 4926 de
333 4878 556 4948 proprio
565 4877 698 4948 jure
726 4879 1036 4934 crediderit
1079 4880 1296 4953 aliquid
1319 4879 1387 4935 ad
1409 4882 1808 4952 repetendum,
1828 4881 1874 4936 si

1961 2355 2315 2419 separentur,
2344 2353 2443 2404 aut
2461 2354 2613 2405 certe
2639 2349 2766 2405 siin
2796 2350 3105 2406 criminum
3129 2351 3450 2408 intentione
3473 2369 3601 2424 per-

1959 2441 2209 2497 stiterint
2233 2443 2358 2514 pari
2384 2443 2967 2499 excommunicatione
2995 2445 3332 2516 plectantur.

2029 2537 2090 2591 Χ.
2143 2536 2419 2608 Antiquos
2469 2554 2718 2593 canones
2777 2539 3094 2609 relegentes
3146 2539 3339 2610 priora
3394 2543 3600 2596 statuta

1959 2629 2246 2684 credimus
2275 2630 2623 2700 renovanda,
2659 2635 2721 2684 ut
2751 2631 2822 2685 de
2851 2631 2938 2686 his
2969 2648 3098 2702 qua:
3124 2632 3184 2686 in
3210 2633 3409 2688 altario
3439 2633 3598 2690 obla-

1960 2721 2118 2778 tione
2145 2723 2278 2778 ﬁdei
2306 2724 2700 2794 conferuntur,
2732 2725 3094 2780 medietatem
3145 2726 3440 2798 episcopus
3491 2727 3598 2782 sibi

1959 2816 2228 2886 vindicet,
2262 2823 2320 2871 et
2349 2817 2718 2873 medietatem
2757 2818 2864 2872 sibi
2905 2819 3346 2890 dispensandam
3393 2837 3593 2876 secun‘

1960 2910 2097 2964 dum
2129 2910 2343 2980 gradus
2389 2911 2570 2966 clerus
2615 2911 2874 2983 accipiat,
2904 2917 3022 2966 tam
3050 2913 3121 2967 de
3152 2913 3378 2984 pradiis
3426 2931 3601 2986 quam

1960 3004 2031 3058 de
2078 3003 2234 3058 omni
2292 3004 2698 3060 commoditate
2751 3005 2812 3059 in
2870 3005 3271 3078 episcoporum
3327 3012 3602 3079 potestate

1962 3096 2319 3153 durantibus.

2032 3191 2116 3246 ΧΙ.
2150 3191 2227 3246 De
2265 3191 2354 3246 his
2384 3207 2511 3264 quae
2541 3190 2826 3264 parochiis
2867 3194 2926 3248 in
2973 3193 3158 3264 terris,
3203 3193 3397 3266 vineis,
3446 3212 3604 3250 man-

1961 3285 2141 3356 cipiis,
2180 3289 2350 3358 atque
2401 3285 2638 3356 peculiis
2683 3286 3009 3359 quicunque
3053 3287 3252 3344 ﬁdeles
3291 3289 3604 3346 obtulerint

1962 3378 2329 3450 antiquorum
2369 3396 2653 3434 canonum
2696 3383 2902 3435 statuta
2947 3386 3193 3450 servent,
3224 3386 3280 3435 et
3317 3383 3512 3437 omnia
3544 3383 3602 3437 in

1962 3472 2208 3544 episcopi
2236 3476 2512 3543 potestate
2542 3472 2877 3540 consistant,
2923 3474 2993 3528 de
3034 3475 3121 3528 his
3165 3479 3360 3530 tamen
3386 3492 3515 3547 quae
3542 3475 3601 3530 in

1964 3565 2166 3622 altario
2191 3566 2548 3633 accesserint,
2582 3567 2750 3621 tertia
2790 3567 3032 3622 fideliter
3075 3567 3350 3640 episcopis
3381 3569 3600 3625 defera-

1967 3663 2080 3715 tur.

2036 3754 2140 3810 XII.
2170 3753 2480 3826 Episcopus
2514 3752 2882 3826 pauperibus,
2912 3755 3001 3834 vel
3028 3754 3288 3824 inﬁrmis,
3313 3757 3414 3828 qui
3451 3754 3610 3814 debie

1965 3849 2123 3903 litate
2153 3846 2397 3903 faciente
2427 3865 2544 3902 non
2577 3854 2818 3920 possunt
2867 3837 2994 3903 suis
3028 3848 3292 3904 manibus
3318 3851 3604 3920 laborare,

1966 3942 2178 3997 victum
2207 3945 2265 3996 et
2287 3942 2696 3996 vestimentum
2743 3941 2798 3996 in
2846 3947 3124 4013 quantum
3148 3943 3481 4014 possibilitas
3511 3946 3606 4001 ha-

1967 4036 2177 4103 buerit,
2209 4036 2500 4107 largiatur.

2039 4131 2166 4184 XIII.
2196 4130 2407 4185 Omnes
2449 4128 2697 4184 basilicae
2744 4145 2870 4201 quae
2913 4145 3016 4202 per
3056 4127 3275 4186 diversa
3317 4127 3438 4188 loca
3475 4147 3607 4189 con-

1969 4227 2195 4278 structze
2221 4228 2354 4278 sunt
2382 4223 2466 4277 vel
2495 4222 2747 4294 quotidie
2796 4228 3202 4280 construuntur
3245 4225 3480 4298 placuit,
3514 4244 3601 4283 se~

1970 4319 2222 4374 cundum
2262 4317 2524 4389 priorum
2569 4334 2854 4373 canonum
2897 4320 3179 4390 regulam,
3209 4325 3270 4375 ut
3295 4320 3355 4375 in
3385 4321 3466 4375 eis
3493 4323 3611 4394 epi-

1971 4411 2123 4483 scopi
2153 4410 2441 4467 territorio
2471 4411 2528 4464 in
2555 4411 2717 4482 cujus
2752 4412 2954 4483 positae
2985 4415 3137 4480 sunt,
3167 4416 3442 4484 potestate
3469 4431 3608 4470 con-

1970 4506 2186 4560 sistant.
2229 4562 2242 4574 ,

2041 4599 2171 4653 XIV.
2215 4599 2293 4653 Ne
2335 4603 2618 4670 superstes
2665 4598 2841 4653 frater
2885 4604 3079 4653 torum
3125 4599 3377 4656 defuncti
3417 4601 3608 4658 fratris

1974 4691 2262 4760 ascendat,
2294 4706 2396 4747 nec
2427 4708 2486 4746 se
2513 4691 2752 4763 quisque
2796 4690 3018 4746 amissaa
3058 4693 3250 4747 uxoris
3293 4696 3468 4749 sorori
3509 4713 3608 4751 au-

1973 4785 2102 4840 deat
2125 4784 2358 4852 sociare,
2392 4785 2543 4855 quod
2582 4784 2678 4856 qui
2724 4775 2984 4852 fecerint,
3014 4785 3386 4842 ecclesiastica
3414 4787 3607 4844 distri-

1974 4877 2160 4932 ctione
2189 4877 2489 4932 feriantur.

262 4965 390 5022 nihil
437 4972 665 5026 convitii
707 4975 805 5026 aut
846 4973 1260 5029 criminationis
1286 4974 1575 5046 objecerit,
1608 4992 1740 5030 eum
1767 4989 1952 5061 proD
2042 4973 2152 5027 XV.
2180 4970 2422 5026 Abbates
2452 4986 2558 5042 pro
2600 4966 2922 5026 humilitate
2968 4971 3258 5045 religionis
3294 4973 3354 5029 in
3401 4973 3614 5047 episco-

262 5060 368 5115 Sola
390 5065 748 5121 contentione
774 5083 805 5120 a
833 5067 1239 5122 communione
1265 5069 1516 5124 ecclesia:
1544 5085 1658 5122 non
1710 5069 1876 5125 liceat
1895 5060 1908 5061 ί
1974 5081 2180 5137 porum
2207 5063 2484 5136 potestate
2514 5063 2844 5133 consistant,
2865 5067 2922 5118 et
2938 5065 2983 5119 si
3001 5066 3140 5138 quid
3167 5070 3328 5123 extra
3352 5070 3613 5141 regulam

259 5152 581 5214 submoveri.

325 5248 384 5304 γ.
415 5251 465 5307 Si
495 5269 688 5308 servus
719 5253 956 5308 absente
1004 5257 1090 5310 vel
1129 5256 1416 5312 nesciente
1456 5256 1706 5325 domino,
1755 5257 1872 5329 epi-

256 5350 418 5413 scopo
462 5347 674 5401 sciente
723 5347 873 5418 quod
901 5365 1089 5403 servus
1133 5349 1406 5404 diaconus
1441 5354 1539 5404 aut
1581 5351 1878 5422 presbyter

255 5431 420 5491 fuerit
450 5439 760 5510 ordinatus,
792 5441 917 5514 ipso
965 5441 1023 5495 in
1069 5443 1365 5498 clericatus
1413 5443 1600 5498 officio
1645 5461 1876 5516 perma-

255 5535 439 5601 nente,
467 5534 770 5605 episcopus
795 5548 931 5590 eum
958 5535 1188 5590 domino
1234 5536 1445 5608 duplici
1495 5537 1878 5593 satisfactione

255 5633 598 5696 compenset.
627 5627 686 5682 Si
705 5644 838 5683 vero
871 5629 1166 5700 episcopus
1185 5647 1320 5685 eum
1342 5646 1567 5686 servum
1598 5631 1878 5700 nescierit,

256 5718 347 5787 qui
393 5721 787 5776 testimonium
833 5723 1158 5794 perhibent,
1201 5728 1299 5779 aut
1345 5741 1478 5781 eum
1523 5725 1880 5796 supplicave-

255 5809 363 5866 rint
387 5815 639 5871 ordinari
686 5815 854 5872 simili
893 5817 1265 5874 redhibitioni
1290 5822 1588 5875 teneantur
1627 5818 1880 5875 obnoxii.

1974 5159 2213 5214 fecerint
2236 5158 2307 5212 ab
2339 5157 2612 5230 episcopis
2639 5157 3013 5229 corrigantur,
3042 5160 3140 5231 qui
3171 5162 3348 5216 semel
3373 5163 3431 5216 in
3461 5180 3611 5217 anno

1974 5252 2034 5308 in
2086 5253 2214 5308 loco
2259 5251 2355 5307 ubi
2399 5252 2697 5324 episcopus
2739 5252 2995 5323 elegerit,
3041 5257 3271 5324 accepta
3321 5256 3612 5310 vocatione

1977 5346 2334 5414 conveniant,
2379 5345 2648 5400 monachi
2689 5350 2882 5401 autem
2925 5345 3222 5401 abbatibus
3262 5347 3419 5401 omni
3473 5347 3609 5403 obe-

1977 5441 2190 5497 dientia
2231 5444 2288 5496 et
2333 5439 2631 5495 deVOtione
2677 5439 3022 5511 subjaceant.
3068 5439 3225 5502 Quod
3274 5440 3319 5493 si
3357 5439 3483 5510 quis
3509 5455 3612 5511 per

1978 5533 2391 5590 contumaciam
2437 5532 2713 5589 exstiterit
2756 5532 3073 5600 indevotus,
3126 5535 3225 5585 aut
3268 5547 3374 5602 per
3424 5532 3614 5606 aliqua

1978 5629 2099 5684 loca
2127 5627 2342 5700 vagari,
2367 5633 2467 5682 aut
2484 5627 2768 5700 peculiare
2785 5624 2995 5697 aliquid
3013 5623 3219 5678 habere
3237 5641 3612 5698 praesumpse-

1981 5723 2076 5792 rit,
2107 5721 2300 5777 omnia
2326 5738 2454 5794 qua:
2481 5720 2825 5793 acquisierit,
2867 5718 2938 5772 ab
2967 5715 3259 5772 abbatibus
3283 5719 3614 5776 auferantur

1984 5816 2298 5875 secundum
2311 5808 2573 5888 regulam
2591 5810 2934 5870 monasterio
2949 5808 3266 5883 profutura,
3290 5812 3395 5885 ipsi
3416 5819 3609 5872 autem
3627 5816 3637 5848 ⁷
