3964 6178
475 286 565 338 411
1373 284 1652 336 ΑΡΡΕΝΙ).
1696 284 1782 336 ΑΙ)
1821 283 1980 336 διίΕΟ.
2025 283 2088 335 IX

2251 281 2489 334 ISIDORI
2528 281 2948 336 MERCATURIS
3676 288 3751 340 412

473 393 568 463 qui
627 393 853 445 fuerant
913 391 1222 462 pervagati,
1270 390 1367 444 ubi
1417 391 1632 445 inventi
1683 393 1912 459 fuerint,
1968 409 2095 447 cum
2119 405 2180 476 Α
2271 391 2421 445 XXII.
2457 391 2597 444 Cum
2643 391 2713 443 ad
2761 389 3128 445 celebrandas
3153 388 3344 443 missas
3371 389 3425 443 in
3457 391 3545 445 Dei
3567 397 3752 449 nomine

474 485 682 540 auxilio
713 484 958 555 episcopi
1003 488 1276 556 tanquam
1318 485 1546 555 fugaces
1587 485 1690 539 sub
1731 486 1987 540 custodio
2016 504 2100 540 re-
2201 483 2539 539 convenitur
2566 483 2830 554 populus,
2874 499 2996 537 non
3025 487 3156 537 ante
3182 481 3415 538 discedat
3439 500 3589 554 quam
3610 487 3756 542 missae

474 583 760 647 vocentur,
785 583 840 633 et
862 595 1024 632 reum
1059 595 1116 632 se
1155 578 1250 632 ille
1271 578 1442 633 abbas
1466 579 1724 634 futurum
1747 596 1865 633 esse
1887 597 2096 651 cogno-
2200 578 2528 632 solemnitas
2568 578 2938 648 compleatur,
2972 580 3029 630 et
3054 576 3151 630 ubi
3181 576 3458 648 episcopus
3479 595 3579 632 non
3605 579 3756 647 fuerit,

474 676 594 726 scat
621 672 717 744 qui
755 672 812 726 in
840 671 1163 742 hujusmodi
1214 672 1468 742 personis
1510 689 1626 726 non
1680 673 1928 742 regulari
1971 674 2097 727 ani-
2199 671 2655 727 benedictionem
2685 670 2920 742 accipiat
2950 670 3276 725 sacerdotis.

473 766 863 820 madversione
894 765 1115 833 dixerit,
1145 766 1230 820 vel
1276 765 1372 836 qui
1416 767 1728 836 susceperit
1756 767 2099 821 monachum
2270 772 2446 843 XXI”;
2474 783 2844 854 Rogationes,
2873 781 2930 836 id
2965 786 3066 851 est,
3109 781 3330 837 1itanjas
3372 786 3493 836 ante
3518 784 3757 839 Ascensio.

470 860 737 916 alienum-
2199 893 2331 932 nem
2363 877 2586 930 Domini
2616 875 2825 947 placuit
2849 875 3142 942 celebrari,
3170 875 3248 928 ita
3265 879 3325 929 ut
3342 875 3661 946 praemissum
3680 878 3760 932 tri-

541 955 669 1008 XVI.
698 953 966 1008 Monacho
1011 953 1260 1009 orarium
1311 953 1369 1007 in
1421 955 1767 1010 monasterio
1806 957 1892 1010 vel
1933 973 2098 1010 zonas
2200 970 2452 1025 (manum
2477 970 2763 1040 jejunium
2791 969 2852 1023 in
2895 968 3198 1024 οοιηίηίοεε
3240 968 3504 1024 passionis
3541 971 3760 1025 solemni.

470 1046 682 1101 habere
707 1064 823 1101 non
855 1047 1035 1101 liceat.
2199 1068 2314 1119 tate
2335 1065 2600 1133 solvatur,
2629 1079 2731 1134 per
2757 1063 2907 1135 quod
2951 1062 3204 1118 triduum
3234 1061 3373 1117 servi
3415 1067 3468 1117 et
3497 1063 3686 1118 ancills:
3709 1064 3762 1118 ab

542 1141 696 1195 XVII.
751 1143 815 1194 Et
857 1141 901 1193 si
947 1145 1141 1210 postea
1185 1141 1350 1196 uxori
1399 1143 1571 1197 fuerit
1627 1143 1870 1198 sociatus
1925 1146 2099 1197 tantae
2202 1173 2371 1227 opere
2399 1157 2744 1227 relaxentur,
2775 1173 2887 1228 quo
2920 1156 3100 1227 magis
3131 1156 3290 1227 plebs
3320 1156 3562 1211 universa
3595 1173 3762 1210 come-

469 1234 949 1306 prazvaricationis
980 1252 1129 1302 reus,
1163 1253 1457 1307 nunquam
1501 1237 1861 1292 ecclesiastici
1892 1238 2098 1308 gradus
2199 1250 2336 1318 nim,
2365 1267 2476 1322 quo
2505 1250 2693 1305 triduo
2725 1267 2922 1305 omnes
2961 1251 3302 1317 abstineant,
3348 1255 3402 1304 et
3440 1248 3756 1321 quadmgesi.

469 1327 717 1382 ofﬁcium
743 1329 1026 1384 sortiatur.
2198 1343 2445 1399 malibns
2473 1343 2611 1398 cibis
2635 1348 2889 1398 utantur.

539 1420 710 1475 XVIII.
760 1420 958 1476 Nullus
1000 1424 1314 1478 monachus
1343 1426 1784 1496 congregatione
1812 1428 2096 1479 monaste-

468 1514 535 1568 rii
567 1515 839 1569 derelicta
867 1516 1199 1571 ambitionis
1249 1523 1305 1572 et
1353 1519 1610 1572 vanitatis
1635 1518 1906 1590 impulsu,
1933 1519 2100 1573 cellu-

469 1609 586 1662 lam
612 1614 938 1664 construere
964 1611 1085 1665 sine
1112 1611 1358 1683 episcopi
1393 1612 1790 1683 permissione,
1821 1613 1903 1667 vel
1931 1613 2100 1668 abba-

466 1701 538 1757 tis
563 1703 649 1756 sui
676 1703 964 1758 voluntate
994 1709 1324 1776 prmsumat.

540 1798 668 1852 XIX.
725 1798 781 1853 Si
836 1797 1134 1870 episcopus
1195 1799 1562 1856 humanitatis
1606 1802 1839 1872 intuitu,
1887 1803 2097 1857 manci-

468 1889 634 1961 piola,
675 1891 940 1958 vineolas,
991 1893 1077 1946 vel
1124 1894 1365 1948 terrulas
1405 1895 1622 1950 clericis
1664 1897 1751 1949 vel
1801 1897 2100 1951 monachis

467 1984 790 2055 praestiterit
841 1986 1197 2057 excolendas,
1231 1987 1314 2042 vel
1349 2005 1452 2059 pro
1493 1993 1752 2060 tempore
1803 1991 2095 2057 tenendas,

466 2078 636 2132 etiam
682 2078 726 2132 si
774 2080 945 2150 longa
968 2080 1235 2134 transisse
1286 2099 1569 2137 annorum
1613 2085 1792 2154 spatia
1840 2101 2099 2156 compro-

466 2170 688 2238 bentur,
723 2189 826 2226 nec
857 2173 1080 2227 nullum
1113 2174 1344 2230 ecclesia
1389 2176 1788 2247 praeiudicium
1823 2178 2095 2248 patiatur,

467 2263 748 2319 saecularis
775 2265 918 2336 legis
948 2266 1198 2338 scriptio,
1229 2285 1357 2340 quae
1389 2269 1642 2324 ecclesia:
1669 2269 1880 2341 aliquid
1913 2271 2095 2343 impe-

467 2356 603 2426 diat,
637 2363 976 2428 apponatur.

538 2450 641 2504 XX.
693 2452 750 2505 Id
795 2452 1184 2508 sacerdotibus
1234 2455 1500 2511 omnibus
1547 2463 1632 2513 est
1675 2458 1988 2530 decretum,
2037 2465 2100 2516 ut

466 2550 599 2599 ante
625 2545 847 2600 Paschae
872 2547 1295 2603 solemnitatem
1327 2566 1441 2604 non
1473 2551 1964 2624 quinquagesima,
2001 2555 2097 2610 sed
2270 2539 2466 2596 xxv“.
2501 2540 2809 2613 Episcopus
2855 2541 2899 2596 εί
2937 2542 3265 2598 inﬁrmitate
3296 2561 3406 2598 non
3441 2544 3601 2599 fuerit
3624 2543 3769 2613 imPe’

467 2640 920 2711 quadragesima,
953 2643 1233 2696 teneatur.
2200 2633 2371 2703 ditus,
2423 2635 2676 2690 ecclesiae
2732 2636 2822 2690 cui
2869 2636 3160 2707 proximus
3199 2637 3391 2707 fuerit,
3421 2639 3506 2693 die
3533 2636 3771 2693 Dominico
3847 2633 3850 2636 ’

540 2734 666 2787 XXI.
701 2735 770 2788 Ut
796 2734 939 2787 nulli
975 2734 1180 2789 civium
1222 2737 1466 2807 Paschze,
1507 2741 1706 2795 natalis
1730 2742 1976 2813 Domini,
2008 2743 2098 2800 vel
2201 2727 2394 2782 deesse
2420 2745 2537 2784 non
2564 2729 2748 2798 debet:
2781 2729 3042 2785 Similiter
3068 2735 3125 2786 et
3155 2731 3254 2786 alii
3295 2730 3390 2802 (Ιυί
3437 2747 3640 2786 mecum
3673 2729 3770 2782 scri'

2268 1456 2439 1511 XXIV.
2469 1455 2666 1512 Clerici
2716 1472 2851 1510 vero
2891 1454 2990 1528 qui
3028 1454 3100 1510 ad
3151 1472 3293 1527 opus
3335 1459 3576 1510 sanctum
3611 1455 3764 1509 adesse

2199 1550 2668 1620 contempserint,
2697 1550 3009 1604 secundum
3037 1549 3333 1604 arbitrium
3366 1548 3594 1620 episcopi
3632 1549 3766 1603 eccle~

2199 1642 2478 1697 siasticam
2511 1642 2820 1714 suscipiant
2843 1642 3223 1713 disciplinam.

2117 1781 2174 1853 B
2269 1754 2428 1853 XXV:
2483 1754 2559 1807 De
2629 1753 3012 1853 familiaritate
3069 1759 3464 1853 extranearum
3512 1753 3766 1853 mulierum

2199 1849 2316 1900 tam
2342 1845 2592 1918 episcopi
2623 1863 2799 1917 quam
2845 1847 3188 1918 presbyteri,
3220 1848 3308 1903 vel
3335 1847 3549 1902 diaconi
3577 1851 3766 1917 praeter-

2199 1939 2415 1994 itorum
2446 1956 2734 1994 canonum
2762 1942 2973 1994 statuta
2999 1939 3344 1996 custodiant.

2269 2051 2438 2104 XXVI.
2485 2051 2541 2106 Si
2589 2049 2714 2122 quis
2753 2051 3009 2118 clericus,
3048 2054 3379 2122 monachus,
3423 2053 3506 2108 vel
3538 2053 3771 2107 saecularis

2197 2144 2599 2200 divinationem
2630 2145 2715 2198 vel
2744 2145 2984 2217 auguria
3007 2146 3315 2202 crediderit
3337 2147 3671 2212 observanda,
3704 2148 3768 2200 vel

2167 2264 2172 2266 -
2198 2241 2378 2292 sortes
2407 2255 2544 2308 quas
2567 2237 2927 2293 mentiuntur
2971 2255 3091 2294 esse
3123 2244 3447 2295 sanctorum
3487 2241 3771 2311 quibuscun-

2198 2348 2310 2402 que
2349 2331 2672 2402 putaverint
2697 2331 3062 2399 intimandas,
3093 2350 3225 2388 cum
3266 2333 3351 2388 his
3382 2334 3476 2405 qui
3517 2335 3588 2388 eis
3624 2322 3767 2387 credi-

2199 2423 2406 2494 derint,
2440 2425 2510 2478 ab
2537 2425 2785 2480 ecclesia:
2813 2426 3215 2481 communione
3248 2427 3536 2499 pellantur.

470 2827 918 2897 quadragesima:
966 2829 1247 2883 solemnia
1289 2830 1347 2884 in
1397 2833 1521 2886 villa
1573 2834 1741 2889 liceat
1788 2838 2095 2906 celebrare,
2199 2826 2452 2894 Ρδθνιιηίν
2487 2839 2724 2878 "umero
2749 2822 2986 2895 triginta
3013 2828 3072 2879 et
3099 2829 3238 2880 tres-

470 2919 582 2974 nisi
607 2937 777 2990 quem
811 2920 1111 2976 infirmitas
1139 2922 1472 2993 probabitur
1495 2929 1764 2985 tenuisse.

1766 3033 2054 3105 Hucusque
2079 3037 2307 3094 concilia
2335 3039 2545 3098 Galliae.

691 3314 1694 3482 SEQUUNTUR
1791 3323 2591 3472 CONCILIA
2683 3334 3594 3478 HISPANI/li.

1290 3657 1692 3730 INCIPIUNT
1736 3667 2130 3735 CAPITULA
2174 3671 2507 3737 CONCILII
2553 3673 3022 3743 ELIBERTINI.

542 3822 591 3878 1.
625 3818 700 3880 De
732 3819 820 3878 his
844 3821 942 3896 qui
968 3827 1093 3896 post
1120 3823 1466 3897 baptismum
1494 3828 1660 3884 idolis
1687 3831 2020 3889 sacrificant.
2118 3847 2173 3921 ρ
2273 3839 2356 3892 16.
2387 3839 2461 3894 De
2515 3840 2716 3911 puellis
2764 3841 3042 3912 fidelibus,
3099 3859 3172 3899 ne
3225 3840 3541 3925 inﬁdelibus
3588 3836 3775 3908 conjun-

534 3920 589 3974 2.
621 3919 699 3974 De
728 3919 1116 3974 sacerdotibus
1137 3920 1438 3991 gentilium
1465 3923 1562 3994 qui
1591 3931 1726 3996 post
1749 3926 2097 3998 baptismum
2139 3919 2159 3921 ⁷
2201 3934 2430 4000 gantur.

2051 3556 2342 3566 —____

467 4012 930 4067 immolaverunt.
2274 4028 2358 4079 17.
2389 4027 2468 4080 De
2496 4027 2577 4082 eis
2602 4029 2700 4100 qui
2743 4029 2885 4085 filias
2923 4030 3312 4088 sacerdotibus
3354 4029 3640 4103 gentilibus
3679 4037 3775 4078 con-

539 4108 592 4161 3.
629 4107 706 4160 De
734 4105 952 4160 eisdem
979 4105 1024 4159 si
1057 4105 1222 4160 idolis
1252 4109 1473 4163 tantum
1503 4124 1712 4165 munus
1744 4111 2024 4171 dederint.
2192 4116 2468 4189 jungunt.

539 4200 590 4253 4.
640 4200 714 4252 De
755 4197 972 4252 eisdem
1017 4199 1064 4252 si
1112 4201 1509 4256 catechumeni
1561 4204 1746 4260 adhuc
1797 4207 2100 4265 immolant
2275 4215 2360 4268 18.
2389 4214 2465 4268 De
2487 4216 2869 4273 sacerdotibus
2899 4222 2955 4274 et
2981 4220 3260 4275 ministris
3305 4221 3354 4275 si
3392 4216 3640 4275 mmehati
3685 4213 3774 4266 ille.

467 4292 696 4365 quando
720 4291 1175 4362 baptizabuntur.
2198 4306 2332 4362 rint.

539 4389 592 4441 ὅ.
624 4384 682 4440 Si
711 4382 938 4439 domina
965 4401 1067 4456 per
1095 4385 1278 4441 zelum
1303 4388 1565 4445 ancillam
1589 4391 1881 4450 occiderit.
2273 4404 2359 4457 19.
2392 4401 2472 4457 De
2502 4403 2714 4459 clericis
2741 4407 2974 4477 negotia
2997 4408 3082 4463 vel
3112 4409 3396 4464 nundinas
3422 4403 3745 4463 sectantibus.

536 4484 588 4536 6.
621 4479 677 4536 Si
706 4479 1029 4552 quicunque
1062 4497 1166 4550 per
1207 4481 1467 4538 militiam
1521 4485 1816 4543 hominem
1864 4490 2094 4547 interfe-
2268 4497 2357 4550 20.
2387 4497 2462 4552 De
2489 4497 2703 4553 clericis
2727 4505 2784 4554 et
2809 4499 2971 4556 laicis
2996 4502 3288 4558 usurariis.

466 4576 624 4632 cerit.
2266 4591 2357 4643 21.
2387 4590 2462 4644 De
2488 4590 2574 4645 his
2598 4592 2696 4663 qui
2726 4594 2939 4649 tardius
2964 4595 3039 4649 ad
3066 4596 3359 4652 ecclesiam
3389 4595 3662 4651 accedunt.

535 4675 586 4724 7.
616 4668 692 4723 De
721 4668 1124 4740 paenitentibus
1156 4671 1412 4727 moechis:
1431 4673 1478 4726 si
1497 4689 1694 4730 rursus
1714 4680 2094 4748 peccaverint.
2266 4686 2356 4737 22.
2391 4683 2465 4738 De
2491 4685 2781 4742 catholicis
2803 4687 2862 4742 in
2881 4689 3144 4744 haeresim
3165 4690 3601 4756 transeuntibus,
3627 4686 3666 4739 si
3685 4696 3774 4736 non

535 4767 588 4818 8.
622 4764 698 4817 De
727 4763 956 4818 feminis
984 4781 1112 4836 qua:
1147 4766 1432 4822 adulteros
1463 4769 1702 4825 maritos
1744 4772 2094 4846 relinquunt,
2196 4780 2582 4835 revertuntur.

463 4860 521 4912 et
547 4857 670 4911 aliis
697 4857 941 4912 nubunt.
1639 4895 1646 4899 -
2265 4875 2354 4928 23.
2384 4873 2462 4929 De
2487 4874 2835 4946 temporibus
2851 4875 3225 4949 jejuniorum.

533 4954 588 5006 9.
621 4952 698 5005 De
728 4950 959 5006 feminis
1001 4968 1150 5023 quae,
1197 4955 1404 5010 relictis
1446 4958 1578 5013 viris
1621 4958 1755 5027 suis,
1807 4962 1930 5018 aliis
1983 4981 2090 5020 nu-
2265 4968 2355 5022 24.
2384 4968 2463 5022 De
2492 4968 2580 5022 his
2607 4969 2708 5040 qui
2733 4985 2973 5042 peregre
2998 4972 3380 5044 baptizantur,
3408 4975 3471 5029 ut
3503 4971 3568 5028 ad
3597 4969 3771 5024 clemm

461 5045 624 5101 bunt.
2194 5075 2311 5115 non
2343 5061 2594 5118 veniant.

535 5141 622 5194 10.
653 5136 730 5192 De
756 5137 950 5192 relicta
973 5137 1364 5196 catechumeni
1395 5141 1440 5197 si
1469 5145 1711 5201 alterum
1738 5148 1983 5205 duxerit.
2116 5225 2147 5228 _
2263 5157 2351 5210 25.
2384 5155 2458 5210 De
2487 5157 2736 5228 epistolis
2761 5161 3282 5218 communicatoriis
3307 5162 3687 5218 confessorum.

534 5235 621 5289 11.
651 5232 730 5287 De
775 5228 969 5286 relicta
1011 5233 1425 5290 catechumena
1468 5237 1516 5292 si
1560 5241 1812 5309 graviter
1856 5225 2170 5315 aegrota-1)
2261 5251 2351 5304 26.
2383 5249 2458 5304 De
2475 5225 2584 5305 hoc
2612 5254 2677 5305 ut
2701 5252 2856 5307 omni
2888 5253 3122 5310 sabbato
3145 5256 3462 5327 jejunetur.

460 5327 624 5383 verit.
2260 5345 2348 5399 27.
2399 5343 2474 5398 De
2509 5344 2726 5400 clericis
2767 5350 2827 5402 ut
2865 5353 3190 5405 extraneam
3233 5350 3527 5406 mulierem
3555 5345 3609 5400 in
3635 5342 3774 5397 domo

532 5425 618 5478 12.
647 5422 728 5476 De
756 5420 1093 5476 mulieribus
1118 5435 1246 5493 quas
1271 5423 1615 5483 lenocinium
1651 5429 1911 5488 fecerint.
2191 5451 2308 5492 non
2335 5436 2599 5494 habeant.

531 5519 618 5572 13.
647 5517 725 5570 De
751 5515 1067 5587 virginibus
1096 5516 1208 5572 Deo
1239 5519 1468 5575 sacratis
1491 5520 1538 5575 si
1564 5522 2050 5583 adulteraverunt.
2260 5532 2350 5586 28.
2381 5532 2458 5586 De
2489 5531 2866 5591 oblationibus
2887 5553 3088 5592 eorum
3112 5538 3210 5610 qui
3233 5554 3348 5593 non
3374 5527 3768 5593 communicant.

531 5611 618 5665 14.
645 5610 722 5664 De
747 5608 1060 5681 virginibus
1100 5611 1462 5669 saecularibus
1487 5615 1532 5670 si
1558 5618 1853 5675 maechatae
1879 5619 2013 5678 sint.
2257 5627 2348 5679 29.
2377 5625 2454 5680 De
2481 5629 2882 5700 energumenis
2906 5608 3152 5702 qualiter
3176 5631 3506 5687 habeantur.

531 5706 617 5758 15.
659 5705 735 5759 De
780 5705 1047 5778 conjngio
1099 5721 1299 5762 eorum
1347 5708 1445 5781 qui
1495 5726 1563 5766 ex
1613 5711 1936 5771 Gentilitate
1990 5732 2084 5772 ve.
2257 5719 2346 5773 30.
2380 5719 2458 5773 De
2483 5719 2572 5776 his
2598 5722 2696 5794 qui
2722 5727 2848 5794 post
2876 5723 3163 5780 lavacrum
3195 5723 3458 5780 moechati
3481 5717 3694 5785 fuerint,
3722 5713 3768 5764 ιιῒ

453 5792 641 5851 niunt.
2184 5827 2290 5867 nec
2317 5792 2684 5872 subdiacones
2711 5792 2869 5873 fiant.
