3964 6178
165 297 241 346 413
1340 282 1740 338 DECRETALII

1877 281 2238 338 IOLLECTIO.
3352 287 3454 345 414

219 402 289 452 31.
322 397 390 449 De
414 391 859 447 adolescentibus
879 390 976 463 qui
999 396 1126 462 post
1143 392 1430 447 lavacrum
1451 393 1718 448 moechati
1741 406 1800 477 Α
1891 396 1976 446 55.
2020 393 2095 444 De
2126 389 2550 462 magistratibus
2577 375 2634 448 et
2673 393 3127 450 dominantibus.

165 494 282 546 sunt.

214 588 284 639 32.
318 583 383 636 De
405 579 889 635 excommunitatis
935 580 1298 652 presbyteris,
1327 585 1393 636 ut
1419 581 1480 636 in
1519 598 1717 637 neces-

159 680 293 734 sitate
314 673 758 730 communionem
786 674 944 729 dent.

211 774 280 826 33.
313 771 382 823 De
442 767 710 840 episcopis
763 772 822 822 et
872 767 1166 837 ministris,
1217 771 1280 822 ut
1328 769 1400 824 ab
1451 769 1721 825 uxoribus

155 865 433 921 abstineant.

207 960 278 1013 34.
312 958 381 1012 Ne
407 956 547 1010 cerei
574 954 908 1010 coemeteriis
932 955 1332 1011 incendantur.

205 1055 277 1106 35.
310 1051 380 1104 Ne
406 1049 628 1104 femina
655 1049 713 1104 in
742 1048 1076 1105 cameteriis
1106 1050 1470 1122 pervigilant.

205 1148 276 1200 36.
310 1145 378 1198 Ne
405 1141 637 1214 pictura
663 1144 724 1198 in
749 1143 996 1198 ecclesia
1031 1144 1189 1199 ﬁant.

205 1241 277 1292 37.
311 1238 381 1291 De
407 1237 805 1308 energumenis
834 1237 1204 1308 baptizandis.

205 1334 274 1387 38.
308 1331 371 1386 Ut
394 1331 448 1385 in
473 1331 827 1401 necessitate,
856 1336 913 1386 et
939 1330 1136 1385 ﬁdeles
1166 1331 1470 1402 baptizent.

205 1427 272 1481 89.
306 1426 375 1480 Ne
401 1424 469 1479 de
495 1425 602 1480 hoc
627 1425 779 1497 quod
808 1424 1237 1479 idololatratum
1268 1429 1372 1493 est,
1404 1425 1600 1481 ﬁdeles
1625 1442 1718 1480 ac-

154 1520 332 1592 cipiant.

201 1613 272 1668 40.
303 1613 365 1668 Ut
387 1611 722 1685 prohibeant
750 1611 969 1667 domini
999 1612 1156 1668 idola
1183 1612 1368 1668 colere
1397 1613 1590 1668 servis.

200 1708 271 1762 41.
304 1707 373 1762 De
402 1707 485 1760 his
515 1706 616 1778 qui
656 1706 730 1761 ad
766 1706 939 1762 ﬁdem
966 1707 1219 1775 veniunt,
1250 1708 1536 1779 quomodo
1577 1707 1716 1780 bap-

150 1799 397 1872 ptizentur.

201 1895 272 1949 42.
304 1897 373 1950 De
401 1892 786 1950 celebratione
816 1895 1194 1950 Pentecostes.

201 1988 271 2042 43.
307 1988 372 2042 De
399 1987 793 2044 meretricibus
818 1987 1058 2060 paganis
1081 1987 1127 2042 si
1160 1992 1587 2043 convertuntur.

203 2082 272 2136 44.
307 2083 376 2136 De
438 2082 862 2138 catechumenis
915 2083 1013 2154 qui
1080 2082 1369 2137 ecclesiam
1435 2099 1549 2136 non
1607 2082 1719 2136 fre-

152 2179 393 2245 quentant.

201 2271 270 2324 45.
304 2269 374 2324 De
402 2268 667 2324 ﬁdelibus
691 2269 737 2324 si
765 2269 1208 2341 apostataverint
1235 2270 1498 2342 fquandiu
1541 2271 1721 2342 pani-

149 2365 287 2416 teant.

201 2457 271 2510 46.
305 2457 456 2512 Dc'eo
479 2457 585 2528 qui
602 2473 843 2512 uxorem
870 2457 1059 2528 habet,
1079 2458 1123 2512 si
1153 2458 1357 2530 sapius
1387 2459 1721 2514 macbatur.

202 2547 305 2622 99
332 2551 413 2605 47.
452 2552 528 2606 De
556 2551 911 2622 baptizandis
935 2555 1000 2606 ut
1029 2551 1171 2606 nihil
1197 2553 1472 2623 accipiant
1514 2553 1722 2608 clerici.

201 2644 273 2697 48.
308 2645 378 2699 De
435 2644 698 2715 frugibus
762 2644 1034 2712 ﬁdelium,
1079 2662 1153 2699 ne
1205 2663 1237 2700 a
1292 2645 1502 2700 Judais
1553 2645 1726 2700 bene-

149 2734 379 2792 dicantur.

199 2831 270 2886 49.
305 2833 375 2886 De
401 2831 739 2887 Christianis
764 2830 861 2903 qui
888 2847 1016 2885 cum
1043 2831 1247 2886 Judais
1273 2838 1592 2888 vescuntur.

201 2926 270 2978 50.
293 2927 360 2980 De
385 2926 672 2981 hareticis
698 2931 759 2980 ut
775 2925 848 2979 ad
873 2926 1090 2980 clerum
1119 2943 1233 2980 non
1263 2932 1726 2998 promoveantur.

200 3022 268 3072 5t.
303 3020 375 3073 De
409 3020 496 3074 his
545 3019 646 3090 qui
690 3019 749 3072 in
797 3019 1032 3073 ecclesia
1073 3019 1290 3074 libellos
1334 3021 1581 3076 famosos
1622 3038 1726 3092 po-

149 3114 275 3165 nunt.

199 3209 268 3260 52.
304 3207 377 3263 De
401 3207 681 3280 episcopis
711 3207 809 3278 qui
839 3207 1324 3262 excommunicato
1355 3207 1541 3264 alieno
1571 3226 1727 3264 com-

147 3300 416 3363 municant.

197 3395 266 3447 53.
301 3396 370 3449 De
393 3392 730 3466 parentibus
755 3392 854 3465 qui
884 3393 1057 3449 ﬁdem
1102 3394 1521 3466 sponsaliorum
1569 3396 1732 3450 fran-

145 3490 274 3554 sunt.

199 3579 268 3635 54.
305 3579 380 3637 De
409 3581 805 3640 sacerdotibus
830 3582 1130 3654 gentilium
1157 3582 1260 3655 qui
1277 3583 1404 3654 jam
1430 3599 1546 3638 non
1574 3579 1740 3637 sacri.

144 3670 299 3732 ﬁcant.

1891 488 1980 539 56.
2021 487 2100 539 De
2130 484 2218 539 his
2247 485 2345 556 qui
2374 487 2708 542 vestimenta
2730 489 2802 543 ad
2824 491 3143 544 ornandam
3175 508 3451 562 pompam

1825 576 2109 634 dederint.

1894 676 1980 727 57.
2021 673 2098 726 De
2128 671 2218 727 his
2247 671 2345 744 qui
2374 674 2912 731 communicatorias
2948 677 3163 734 litteras
3199 685 3451 751 portant.

1891 768 1977 821 58.
2019 767 2098 822 De
2127 765 2390 822 ﬁdelibus
2431 784 2504 822 ne
2549 769 2620 823 ad
2668 770 3010 841 Capitolium
3041 790 3210 828 causa
3240 774 3448 829 sacriﬁ-

1821 859 2010 930 candi,
2039 859 2364 916 ascendant.

1893 957 1978 1009 59.
2020 955 2099 1009 De
2127 955 2215 1009 his
2238 955 2339 1026 qui
2368 955 2722 1011 destruentes
2748 956 2897 1012 idola
2927 960 3280 1017 occiduntur.

1894 1052 1980 1103 60.
2022 1049 2100 1103 De
2127 1049 2216 1103 his
2243 1048 2341 1121 qui
2370 1049 2591 1104 duabus
2614 1050 2907 1106 sororibus
2933 1055 3291 1124 copulantur.

1893 1145 1978 1196 61.
2022 1143 2097 1197 De
2127 1142 2438 1214 auguribus
2468 1147 2525 1198 et
2553 1145 2920 1215 pantomimis
2953 1147 2997 1200 si
3025 1153 3452 1204 convertantur.

1892 1238 1983 1291 62.
2025 1236 2102 1290 De
2137 1236 2408 1292 uxoribus
2435 1255 2561 1309 qua
2588 1237 2732 1292 ﬁlios
2763 1239 2832 1293 de
2861 1240 3132 1294 adulteris
3161 1248 3381 1296 necant.

1894 1333 1982 1385 63.
2016 1330 2094 1384 De
2122 1331 2352 1385 feminis
2372 1348 2501 1403 qua
2522 1349 2702 1403 usque
2723 1333 2794 1386 ad
2824 1337 3067 1388 mortem
3097 1351 3230 1389 cum
3258 1335 3455 1390 alienis

1822 1422 1956 1477 viris
1982 1423 2398 1479 adulterantur.

1893 1518 1980 1572 64.
2020 1518 2095 1572 De
2124 1518 2393 1573 adulteris
2423 1519 2695 1575 uxoribus
2724 1520 3084 1577 clericorum.

1893 1614 1978 1665 65.
2021 1611 2100 1665 De
2129 1611 2217 1666 his
2243 1613 2343 1683 qui
2373 1613 2661 1685 privignas
2690 1631 2820 1670 suas
2858 1615 3094 1672 ducunt.

1893 1707 1982 1760 66.
2022 1705 2102 1759 De
2131 1706 2396 1778 conjugio
2423 1709 2849 1764 catechumena
2875 1710 3130 1765 femina.

1738 1788 1794 1858 B
1890 1801 1977 1852 67.
2010 1799 2086 1852 De
2115 1800 2526 1855 catechumena
2547 1801 2809 1856 adultera
2828 1820 2958 1874 qua
2982 1803 3167 1859 ﬁlium
3194 1807 3378 1861 necat.

1893 1893 1979 1946 68.
2020 1893 2097 1948 De
2149 1882 2660 1965 viris‘conjugatis
2720 1899 2920 1966 postea
2983 1897 3042 1951 in
3107 1898 3452 1954 adulterium

1825 1985 2016 2056 lapsis.

1895 2081 1983 2133 69.
2024 2081 2102 2134 De
2129 2080 2359 2136 feminis
2380 2098 2509 2154 qua
2533 2082 2769 2137 consciis
2788 2084 3007 2138 maritis
3033 2083 3447 2141 adulterantur.

1894 2176 1984 2228 70.
2026 2174 2105 2229 De
2135 2176 2554 2246 stupratoribus
2589 2193 2924 2248 puerorum.

1894 2270 1984 2322 71.
2027 2268 2107 2322 De
2128 2268 2312 2323 viduis
2336 2271 2570 2326 machis
2590 2271 2636 2325 si
2665 2271 2932 2326 eumdem
2963 2273 3160 2343 postea
3189 2274 3458 2329 maritum

1825 2359 2112 2417 duxerint.

1897 2459 1986 2510 72.
2028 2456 2107 2509 De
2136 2455 2505 2511 delatoribus.

1899 2552 1986 2604 73.
2028 2550 2106 2604 De
2132 2549 2285 2603 falsis
2315 2551 2568 2606 testibus.

1901 2642 1988 2697 74.
2029 2644 2104 2697 De
2157 2643 2244 2697 bis
2294 2645 2392 2715 qui
2442 2645 2758 2700 sacerdotes
2818 2653 3119 2716 accusant,
3169 2665 3274 2704 nec
3329 2667 3457 2722 pro-

1831 2735 1986 2791 bant.

1898 2834 1986 2884 75.
2029 2830 2104 2885 De
2135 2828 2464 2886 diaconibus
2488 2832 2535 2886 si
2560 2837 2691 2888 ante
2721 2834 3006 2890 honorem
3035 2853 3296 2907 peccasse
3326 2854 3460 2909 pro-

1830 2925 2059 2980 bentur.

1904 3022 1991 3074 76.
2031 3019 2108 3073 De
2162 3019 2460 3090 baptizatis
2509 3020 2607 3092 qui
2662 3021 2920 3078 nondum
2970 3024 3293 3081 conﬁrmati
3339 3043 3462 3082 mo-

1835 3113 2079 3167 riuntur.

1905 3211 1993 3262 77.
2036 3208 2114 3260 De
2167 3205 2429 3260 ﬁdelibus
2480 3207 2803 3280 conjugatis
2851 3210 2898 3265 si
2953 3228 3084 3267 cum
3139 3213 3331 3268 Judaa
3378 3215 3465 3268 vel

1838 3299 2034 3373 gentili
2065 3300 2336 3356 moechati
2375 3301 2505 3356 sint.

1906 3397 1994 3449 78.
2036 3396 2115 3450 De
2147 3395 2235 3449 his
2266 3395 2364 3466 qui
2394 3395 2586 3450 tabula
2613 3396 2840 3453 ludunt.

1905 3492 1991 3544 79.
2035 3489 2110 3543 De
2143 3488 2379 3543 libertis.

1913 3585 1998 3638 80.
2044 3583 2122 3638 De
2151 3582 2499 3637 feminarum
2529 3583 2805 3656 epistolis.

677 3885 1156 3984 INCIPIT
1234 3885 1926 3984 CONCILIUM
2013 3885 2915 3988 ELIBERTINUM.

859 4067 1090 4129 Decem
1119 4075 1180 4129 et
1205 4085 1436 4130 novem
1465 4068 1936 4149 episcoporum,
1971 4074 2256 4148 tempore
2286 4066 2704 4132 Constantini
2708 4115 2722 4130 .

199 4235 321 4292 Cum
350 4240 752 4295 convenissent
798 4241 979 4295 sancti
1006 4247 1063 4296 et
1106 4241 1355 4314 religiosi
1401 4242 1650 4313 episcopi
1681 4244 1739 4296 in
1760 4260 1818 4331 D
1841 4243 2122 4314 salutaris,
2151 4243 2344 4298 adulta
2370 4245 2539 4299 atate
2566 4241 2640 4298 ad
2673 4245 2956 4316 templum
2982 4245 3121 4301 idoli
3148 4247 3472 4306 idololatraa

145 4330 342 4386 ecclesia
383 4335 719 4402 Elibertina,
752 4335 856 4389 hoc
887 4341 988 4402 est,
1018 4336 1166 4389 Felix
1215 4336 1513 4407 episcopus
1563 4337 1738 4407 Aqui-

142 4426 296 4493 tanus,
359 4428 634 4483 Conscius
695 4429 992 4500 episcopus
1046 4429 1442 4496 Cordubensis,
1513 4430 1749 4484 Savinus

148 4517 408 4591 episcopus
423 4521 737 4593 Spalensis,
755 4523 1084 4578 Camerinus
1106 4525 1405 4595 episcopus
1428 4523 1752 4592 Tacitanus,

148 4607 376 4684 Sinagius
394 4616 705 4688 episcopus
731 4617 1051 4688 Pegrensis,
1074 4617 1431 4673 Secundinus
1454 4618 1751 4689 episcopus

147 4704 435 4777 Catalensis,
468 4709 712 4764 Pardius
741 4710 1038 4783 episcopus
1061 4712 1434 4778 Mentasanus,
1458 4711 1754 4766 Flavianus

149 4799 412 4874 episc0pus
475 4803 842 4871 Elibertinus,
896 4806 1147 4860 Catonus
1206 4804 1504 4877 episcopus
1569 4805 1752 4860 Corsi-

148 4893 307 4962 tanus,
373 4897 635 4954 Liberius
699 4899 994 4970 episcopus
1058 4899 1445 4970 Emeritanus,
1503 4898 1754 4954 Valerius

150 4985 414 5061 episcopus
471 4993 1040 5063 Casaraugustanus,
1098 4993 1402 5048 Decentius
1464 4993 1756 5064 episcopus

152 5077 517 5155 Legionensis,
552 5086 841 5141 Melantius
870 5088 1166 5159 episcopus
1194 5088 1517 5154 Toletanus,
1545 5088 1754 5141 Janua-

153 5171 248 5228 rius
299 5178 601 5252 episcopus
655 5180 723 5235 de
775 5181 1034 5248 Siblaria,
1083 5181 1412 5236 Vincentius
1463 5180 1758 5252 episcopus

157 5264 539 5342 Ossolobensis,
572 5273 907 5337 Quintianus
933 5275 1232 5347 episcopus
1258 5275 1598 5344 Elborensis,
1628 5275 1760 5330 Suc-

158 5372 317 5416 cessus
351 5367 648 5437 episcopus
680 5367 748 5422 de
793 5367 1064 5438 Elicroca,
1095 5367 1417 5423 Euticianus
1462 5368 1760 5440 episcopus

159 5450 468 5528 Bastilanus,
516 5460 789 5515 Patricius
839 5463 1136 5533 episcopus
1181 5463 1566 5528 Malacitanus,
1616 5463 1758 5516 resi-

160 5543 396 5606 dentibus
423 5553 601 5608 etiam
632 5554 867 5626 triginta
917 5572 1012 5609 sex
1060 5555 1402 5627 presbyteris
1447 5555 1762 5610 astantibus

163 5637 492 5714 diaconibus,
521 5651 579 5702 et
615 5648 773 5703 omni
811 5649 996 5721 plebe,
1028 5649 1278 5704 universi
1326 5649 1574 5722 episcOpi
1603 5649 1760 5705 dixe-

165 5739 296 5791 runt.

225 5831 338 5886 Cn.
367 5835 404 5888 l.
441 5833 654 5893 Placuit
679 5841 742 5892 ut
769 5837 1092 5910 quicunque
1121 5841 1250 5909 post
1275 5837 1451 5892 ﬁdem
1493 5836 1760 5910 baptismi

1839 4341 2002 4392 turus
2035 4338 2352 4407 accesserit,
2387 4340 2462 4409 et:
2480 4338 2679 4393 fecerit
2718 4340 2872 4410 quod
2909 4344 2994 4395 est
3019 4342 3256 4411 crimen,
3287 4360 3388 4399 nec
3417 4346 3478 4400 in

1848 4431 2026 4484 finem
2059 4447 2192 4485 eum
2219 4431 2289 4485 ad
2318 4433 2785 4488 communionem
2812 4435 3120 4506 suscipere.

1920 4525 1979 4578 ΙΙ.
2009 4524 2288 4579 Flamines
2317 4526 2415 4596 qui
2443 4531 2570 4597 post
2605 4527 2777 4580 ﬁdem
2817 4528 3022 4581 lavacri
3071 4532 3128 4582 et
3170 4547 3478 4600 regenera-

1850 4617 2023 4671 tionis
2052 4617 2505 4687 sacriﬁcaverint,
2540 4636 2608 4673 eo
2641 4620 2792 4690 quod
2831 4621 3244 4690 geminaverint
3275 4625 3482 4681 scelera

1852 4711 2156 4766 accedente
2203 4712 2532 4778 homicidio,
2563 4713 2652 4765 vel
2681 4712 3086 4783 triplicaverint
3131 4716 3346 4772 facinus
3382 4737 3479 4776 co-

1852 4805 2110 4859 haerente
2142 4805 2400 4872 moechis,
2428 4806 2638 4876 placuit
2667 4823 2765 4861 eos
2793 4824 2897 4863 nec
2922 4808 2982 4862 in
3011 4809 3189 4864 ﬁnem
3222 4813 3480 4886 accipere

1853 4915 2342 4954 communionem.

1929 4993 2012 5046 Ill.
2059 4994 2197 5047 Item
2244 4992 2508 5047 ﬂamines
2560 4991 2658 5064 qui
2703 5011 2819 5049 non
2868 4993 3336 5066 immolaverunt,
3382 4999 3482 5055 sed

1856 5101 2067 5140 munus
2121 5090 2345 5140 tantum
2403 5086 2714 5154 dederunt,
2753 5104 2820 5143 eo
2861 5089 3014 5160 quod
3054 5107 3114 5145 se
3169 5108 3203 5146 a
3244 5093 3481 5147 funestis

1856 5179 2249 5233 abstinuerunt
2297 5179 2598 5247 sacrificiis,
2630 5181 2844 5251 placuit
2890 5181 2946 5236 in
2994 5183 3169 5238 ﬁnem
3210 5185 3290 5238 eis
3333 5202 3481 5256 pra.

1859 5278 2004 5327 stare
2017 5272 2640 5339 communionem,acta
2651 5279 2846 5329 tamen
2861 5276 3121 5346 legitima
3133 5277 3478 5348 panitentia.

1859 5367 1999 5421 Item
2049 5367 2157 5437 ipsi
2211 5366 2257 5420 si
2296 5371 2426 5436 post
2472 5365 2866 5437 panitentiam
2924 5369 3137 5423 fuerint
3195 5369 3482 5438 machati,

1858 5459 2073 5531 placuit
2093 5459 2326 5514 ulterius
2349 5460 2428 5514 eis
2450 5477 2563 5515 non
2586 5477 2705 5516 esse
2725 5461 2969 5516 dandam
2996 5460 3481 5533 communionem,

1859 5570 1932 5608 ne
1959 5553 2158 5608 lusisse
2185 5553 2254 5608 de
2279 5553 2571 5608 Dominica
2595 5554 2994 5608 communione
3020 5554 3338 5610 videantur.

1930 5649 2016 5702 1V.
2048 5649 2185 5702 Item
2230 5645 2489 5703 ﬂamines
2532 5648 2576 5701 si
2625 5647 2839 5702 fuerint
2887 5647 3296 5718 catechumeni,
3326 5654 3384 5706 et
3423 5671 3484 5709 se

1862 5757 1896 5795 a
1956 5741 2237 5796 sacriﬁciis
2289 5741 2707 5806 abstinuerunt,
2769 5743 2894 5811 post
2948 5739 3179 5796 triennii
3229 5747 3487 5818 tempora

1864 5834 2080 5906 placuit
2106 5835 2177 5890 ad
2204 5835 2552 5905 baptismum
2582 5832 2804 5886 admitti
2833 5832 3062 5890 debere.
