3964 6178
477 231 579 285 415

1367 222 1652 278 APPEND.
1695 224 1781 278 AD
1819 225 1980 280 SzEC.
2023 224 2110 278 IX.
2141 253 2208 263 —
2249 224 2492 282 ISIDORI
2530 225 2952 284 MERCATORIS
3684 232 3759 285 H6

551 339 614 392 V.
647 335 701 391 Si
748 351 861 406 qua
909 333 1141 399 femina,
1181 333 1372 386 furore
1420 332 1526 386 zeli
1569 348 1818 399 accensa,
1864 332 2110 403 ﬂagellis
2131 345 2396 418 Aneque
2423 333 2704 388 haereticis
2744 335 2881 389 dare
2927 333 3159 406 placuit,
3185 349 3252 388 eo
3283 333 3426 404 quod
3464 334 3604 388 nulla
3628 338 3766 406 possit

477 428 855 486 verberaverit
901 426 1168 481 ancillam
1208 443 1390 493 suam,
1441 425 1520 480 ita
1564 429 1629 479 ut
1675 425 1826 479 intra
1877 426 2111 479 tertium

479 524 631 579 diem
661 522 916 577 animam
938 537 1067 575 cum
1091 519 1344 575 cruciatu
1373 518 1649 588 effundat,
1669 535 1737 572 eo
1759 515 1917 589 quod
1934 519 2114 574 incer-

479 621 602 671 tum
643 616 734 683 sit,
765 617 1074 685 voluntate,
1103 630 1176 668 an
1221 630 1355 669 casu
1403 611 1692 680 occiderit,
1726 611 1772 666 si
1803 613 2109 679 voluntate,

479 711 610 782 post
649 711 870 780 septem
912 724 1124 774 annos;
1155 706 1202 761 si
1231 723 1384 773 casu,
1413 721 1516 777 per
1546 704 1797 776 quinque
1825 721 2112 759 annorum

482 807 758 874 tempora,
775 807 898 857 acta
910 801 1168 872 legitima
1180 798 1541 872 paenitentia,
1558 799 1629 853 ad
1646 798 2112 854 communionem

479 897 693 969 placuit
740 895 997 966 admitti;
1032 894 1186 966 quod
1234 893 1278 947 si
1331 893 1481 947 intra
1525 895 1783 964 tempora
1811 891 2114 947 constituta

479 990 657 1045 fuerit
682 987 989 1059 inﬁrmata,
1019 987 1257 1059 accipiat
1283 985 1772 1042 communionem.

552 1082 619 1136 VI
628 1124 640 1138 .
675 1083 734 1138 Si
759 1082 884 1154 quis
915 1098 1052 1136 vero
1079 1079 1360 1135 maleﬁcio
1401 1079 1702 1135 interﬁciat
1750 1079 2016 1148 alterum,
2045 1095 2112 1133 eo

482 1176 635 1250 quod
662 1175 781 1230 sine
806 1173 1122 1230 idololatria
1146 1173 1420 1246 perﬁcere
1443 1172 1622 1227 scelus
1643 1189 1762 1227 non
1783 1172 1986 1243 potuit,
2009 1188 2115 1226 nec

481 1271 543 1325 in
568 1270 745 1324 ﬁnem
771 1266 1218 1340 impartiendam
1259 1284 1381 1322 esse
1409 1265 1488 1321 illi
1519 1266 2007 1321 communionem.

555 1363 665 1419 VII.
709 1361 765 1418 Si
817 1360 943 1433 quis
990 1362 1137 1416 forte
1178 1361 1356 1416 ﬁdelis
1403 1365 1531 1430 post
1581 1360 1805 1430 lapsum
1858 1357 2115 1413 mcechiae

483 1459 615 1529 post
677 1459 942 1527 tempora
1007 1454 1312 1509 constituta
1371 1458 1494 1508 acta
1547 1452 1875 1524 pcenitentia
1929 1451 2116 1506 denuo

485 1549 659 1606 fuerit
702 1549 1031 1616 fornicatus,
1064 1548 1276 1620 placuit
1300 1564 1432 1602 eum
1461 1563 1566 1602 nec
1596 1547 1656 1601 in
1699 1545 1874 1600 ﬁnem
1904 1544 2116 1599 habere

486 1643 971 1700 communionem.

2211 443 2331 481 esse
2371 427 2604 482 societas
2630 428 2816 483 ﬁdelis
2840 445 2971 483 cum
3000 426 3239 482 inﬁdeli.
3269 426 3324 482 Si
3355 431 3537 481 contra
3574 428 3765 484 interdi-

2210 525 2364 575 ctum
2389 520 2644 589 fecerint,
2664 525 2932 592 parentes
2957 521 3243 577 abstinere
3261 536 3361 592 per
3378 520 3770 592 quinquennium

2210 615 2416 684 placet.

2282 708 2436 764 XVII.
2484 708 2540 764 Si
2588 709 2686 781 qui
2737 709 2882 766 forte
2922 708 3311 765 sacerdotibus
3359 707 3621 763 idolorum
3658 708 3773 762 ﬁlias

2212 817 2340 855 suas
2378 801 2696 873 junxerint,
2725 804 2938 874 placuit
2985 819 3088 858 nec
3130 803 3188 856 in
3233 802 3406 857 ﬁnem
3450 801 3524 855 eis
3567 800 3775 856 dandam

2211 895 2701 951 communionem.

2284 991 2458 1044 XVIII.
2490 989 2769 1061 Episcopi,
2799 987 3142 1062 presbyteri,
3171 989 3449 1058 diacones,
3477 988 3520 1043 si
3546 988 3599 1042 in
3639 990 3777 1044 mini-

2215 1082 2385 1138 sterio
2430 1083 2622 1154 positi,
2673 1083 2882 1140 detecti
2921 1084 3154 1150 fuerint,
3197 1083 3350 1155 quod
3395 1082 3500 1137 sint
3539 1084 3780 1148 mmehati,

2213 1176 2448 1248 placuit,
2466 1179 2523 1231 et
2541 1181 2777 1248 propter
2805 1177 3167 1243 scandalum,
3194 1182 3250 1231 et
3275 1179 3498 1246 propter
3520 1175 3781 1229 nefandum

2215 1269 2452 1337 crimen,
2479 1285 2583 1324 nec
2626 1269 2685 1324 in
2728 1270 2906 1325 ﬁnem
2950 1287 3050 1325 eos
3093 1269 3545 1325 communionem
3573 1268 3783 1339 accipere

2216 1362 2444 1418 debere.

2288 1457 2413 1510 XIX.
2465 1456 2744 1529 Episcopi,
2790 1456 3128 1529 presbyteri,
3175 1460 3231 1512 et
3293 1455 3528 1524 diaconi,
3568 1455 3630 1510 de
3683 1455 3787 1508 locis

2217 1549 2334 1604 suis
2371 1549 2704 1620 negotiandi
2743 1567 2909 1606 causa
2951 1567 3067 1605 non
3117 1549 3425 1617 discedant,
3453 1563 3551 1603 nec
3589 1547 3784 1601 circum-

2220 1645 2423 1697 euntes
2469 1643 2785 1714 provincias
2827 1649 3178 1716 quaastuosas
3220 1641 3496 1697 nundinas
3534 1645 3785 1696 sectentur.

558 1739 688 1793 VIII.
717 1739 858 1792 Item
896 1734 1130 1790 femina:
1174 1751 1302 1807 quae
1346 1732 1505 1789 nulla
1550 1733 1906 1805 praecedente
1956 1714 2197 1786 causaB
2222 1736 2366 1792 Sane
2397 1736 2469 1790 ad
2500 1736 2709 1792 victum
2755 1714 2862 1792 sibi
2903 1736 3355 1809 conquirendum
3383 1737 3478 1788 aut
3509 1733 3688 1801 ﬁlium,
3716 1735 3790 1786 aut

486 1830 841 1903 reliquerunt
863 1828 1013 1884 viros
1061 1845 1210 1898 suos,
1243 1833 1299 1883 et
1344 1826 1534 1883 alteris
1579 1843 1636 1881 se
1692 1826 2117 1897 copulaverunt,

489 1939 596 1980 nec
621 1924 680 1979 in
703 1923 880 1979 ﬁnem
909 1921 1197 1994 accipiant
1222 1920 1707 1977 communionem.

559 2019 643 2073 IX.
672 2019 813 2073 Item
842 2016 1024 2072 ﬁdelis
1051 2015 1270 2071 femina
1311 2031 1436 2086 qua
1477 2014 1807 2069 adulterum
1853 2010 2123 2066 maritum

487 2110 786 2184 reliquerit
826 2110 1071 2177 ﬁdelem,
1106 2113 1164 2165 et
1187 2110 1433 2163 alterum
1481 2107 1724 2176 duxerit,
1754 2106 2124 2179 prohibeatur

487 2222 561 2261 ne
589 2205 785 2272 ducat;
818 2203 865 2257 si
891 2197 1084 2257 autem
1114 2200 1360 2267 duxerit,
1392 2217 1506 2255 non
1535 2201 1692 2272 prius
1723 2199 1958 2270 accipiat
1977 2215 2124 2253 com-

488 2293 842 2364 munionem,
895 2309 1067 2367 quam
1122 2293 1169 2349 is
1219 2310 1389 2366 quem
1442 2292 1739 2366 reliquerit
1792 2293 1860 2348 de
1915 2293 2122 2348 saeculo

491 2390 710 2460 exierit,
732 2390 841 2444 nisi
861 2389 1163 2444 necessitas
1191 2387 1492 2442 inﬁrmatis
1523 2387 1661 2442 dare
1689 2385 2046 2457 compulerit.

561 2484 620 2538 X.
664 2484 720 2539 Si
768 2500 837 2537 ea
882 2499 1057 2555 quam
1108 2482 1545 2536 catechumenus
1595 2479 1847 2552 reliquit,
1900 2478 2126 2534 duxerit

2220 1829 2510 1900 libertum,
2543 1833 2644 1885 aut
2667 1830 3110 1900 mercenarium,
3129 1834 3229 1884 aut
3247 1827 3506 1896 amicum,
3528 1830 3619 1882 aut
3634 1841 3790 1897 quem-

2220 1922 2360 1978 libet
2385 1923 2639 1995 mittant,
2662 1928 2720 1979 et
2748 1923 2794 1978 si
2823 1923 3107 1979 voluerint
3133 1921 3435 1994 negotiari,
3455 1922 3595 1976 intra
3611 1918 3792 1992 provin-

2221 2017 2370 2071 ciam
2401 2017 2791 2089 negotientur.

2291 2111 2394 2165 XX.
2424 2109 2484 2165 Si
2509 2111 2635 2182 quis
2665 2109 3002 2166 clericorum
3031 2108 3257 2166 deditus
3285 2109 3455 2165 fuerit
3476 2123 3660 2163 usuras
3677 2103 3791 2161 acci-

2223 2219 2380 2276 pere,
2407 2205 2622 2276 placuit
2664 2204 2985 2276 degradari,
3015 2209 3072 2260 et
3099 2203 3392 2260 abstineri.
3421 2203 3477 2258 Si
3518 2201 3634 2273 quis
3659 2200 3793 2254 ctiam

2223 2296 2401 2352 laicus
2463 2297 2748 2369 accepisse
2809 2298 3083 2369 probatur
3143 2313 3364 2366 usuras,
3413 2300 3469 2351 et
3523 2291 3797 2366 promiserit

2224 2393 2522 2462 correptus
2541 2391 2666 2463 jam
2701 2397 3073 2459 cessaturum,
3102 2407 3208 2445 nec
3236 2389 3473 2445 ulterius
3499 2392 3793 2450 exacturum,

2223 2484 2414 2555 placet
2462 2485 2515 2538 ei
2553 2485 2778 2540 veniam
2815 2484 3008 2539 tribui.
3058 2484 3117 2539 Si
3156 2501 3289 2539 vero
3327 2484 3388 2538 in
3435 2499 3500 2538 ea
3543 2479 3794 2551 iniquitate

490 2578 784 2644 maritum,
814 2579 1000 2648 potest
1030 2576 1102 2630 ad
1149 2575 1369 2630 fontem
1413 2573 1626 2629 lavacri
1656 2572 1898 2641 admitti,
1931 2573 2038 2627 hoc
2069 2575 2129 2626 et
2227 2575 2533 2646 duraverit,
2564 2577 2635 2632 ab
2664 2577 2900 2632 ecclesia
2930 2577 3071 2632 sciat
3095 2593 3154 2632 se
3184 2594 3308 2632 esse
3333 2574 3732 2648 projicicndum.

491 2670 640 2726 circa
654 2669 894 2725 feminas
918 2667 1353 2724 catechumenas
1373 2666 1483 2722 erit
1502 2664 1934 2722 observandum.
1962 2664 2126 2728 Quod

492 2765 539 2819 si
563 2764 752 2832 fuerit,
786 2779 913 2835 quae
941 2762 1164 2818 ducitur
1189 2761 1258 2816 ab
1286 2777 1354 2816 eo
1381 2760 1480 2831 qui
1507 2776 1747 2815 uxorem
1775 2759 2127 2830 inculpatam

492 2856 742 2928 reliquit,
776 2858 835 2910 et
877 2869 1008 2910 cum
1057 2855 1245 2909 scierit
1287 2854 1451 2908 illum
1481 2850 1552 2908 ab
1583 2869 1761 2907 uxore
1803 2868 1975 2924 quam
2006 2851 2127 2906 sine

494 2967 664 3006 causa
687 2949 939 3021 reliquit,
959 2947 1172 3019 placuit
1195 2945 1524 3017 hujusmodi
1546 2945 1604 3000 in
1619 2946 1796 3001 ﬁnem
1825 2945 1957 3000 dare
1980 2961 2129 2999 com-

494 3045 851 3100 munionem.

2297 2670 2428 2725 XXI.
2467 2669 2526 2726 Si
2569 2669 2696 2741 quis
2740 2671 2800 2725 in
2842 2670 3067 2725 civitate
3108 2670 3349 2741 positus,
3383 2673 3492 2724 tres
3537 2665 3797 2726 ΒοηύηὶΟῶ

2228 2763 2518 2818 ecclesiam
2536 2780 2650 2818 non
2668 2763 2986 2834 accesserit,
3005 2780 3184 2835 pauco
3204 2769 3462 2835 tempore
3486 2761 3795 2824 abstineatur,

2230 2860 2295 2910 ut
2321 2862 2612 2928 correptus
2649 2873 2770 2912 esse
2796 2856 3070 2912 videatur.

2298 2951 2455 3006 XXII.
2484 2950 2543 3005 Si
2579 2950 2705 3023 quis
2743 2951 2813 3006 de
2857 2949 3130 3005 catholica
3176 2951 3427 3006 Ecclesia
3467 2949 3538 3004 ad
3580 2944 3798 3002 haeresim

2146 3082 2201 3156 Ο
2228 3043 2528 3098 transitum
2573 3044 2790 3112 fecerit,
2839 3061 3149 3116 rursusque
3191 3045 3264 3100 ad
3313 3043 3603 3100 Ecclesiam
3650 3053 3798 3093 recur-

2232 3138 2356 3156 ,,_,,'|
2414 3137 2618 3156 βικ-η⁸ι
2653 3136 2777 3156 1,,9,
2882 3138 3123 3156 _,,,'AA,1'
3170 3155 3210 3156 νη
3414 3155 3421 3156 ,
3471 3154 3511 3156 κ-
3566 3135 3772 3156 ,1-..-ωηυι

567 3140 647 3193 XI.
662 3141 818 3194 Intra
835 3134 1212 3209 quinquennii
1231 3138 1424 3191 autem
1444 3137 1704 3206 tempora
1715 3133 2128 3189 catechumena
2148 3133 2201 3156 υ
2227 3138 2384 3208 rerit,
2413 3137 2627 3208 placuit
2653 3136 2785 3192 huic
2832 3138 3224 3209 penitentiam
3257 3156 3372 3194 non
3403 3154 3518 3192 esse
3559 3135 3796 3203 denegan-

498 3231 542 3288 si
563 3231 811 3305 graviter
824 3228 998 3286 fuerit
1022 3229 1331 3298 inﬁrmata,
1351 3226 1678 3284 addendum
1704 3227 1754 3283 ei
1775 3227 2125 3299 baptismum

496 3327 703 3398 placuit
731 3342 844 3380 non
874 3325 1167 3396 denegari.

567 3421 673 3475 XII.
700 3421 862 3474 Pater
884 3419 969 3472 vel
1001 3434 1207 3489 parens
1233 3416 1320 3471 vel
1351 3413 1620 3487 quaelibet
1661 3411 1843 3469 ﬁdelis
1879 3412 1927 3468 si
1963 3413 2125 3468 leno-

496 3513 710 3569 cinium
777 3511 1113 3579 exercuerit,
1165 3527 1230 3566 eo
1287 3509 1442 3582 quod
1505 3509 1753 3564 alienum
1803 3507 2130 3562 vendiderit

498 3622 702 3680 corpus
727 3608 817 3662 vel
872 3605 1060 3677 potius
1089 3618 1278 3673 suum,
1308 3598 1520 3676 placuit
1559 3619 1687 3658 eam
1730 3618 1834 3657 nec
1863 3599 1924 3656 in
1954 3600 2128 3656 ﬁnem

496 3699 751 3772 accipere
773 3698 1267 3755 communionem.

568 3797 706 3852 XIII.
737 3792 995 3866 Virgines
1043 3809 1173 3864 qua:
1220 3807 1278 3846 se
1323 3791 1442 3846 Deo
1499 3788 1919 3858 dedicaverunt,
1951 3787 1996 3842 si
2028 3804 2126 3859 pa-

499 3893 655 3947 ctum
685 3887 1048 3962 perdiderint
1073 3879 1437 3957 virginitatis,
1471 3888 1640 3955 atque
1672 3883 1888 3938 eaedem
1906 3879 2130 3936 libidini

499 3983 815 4050 servierint,
841 3997 959 4036 non
984 3978 1370 4050 intelligentes
1395 3977 1552 4049 quod
1578 3976 1896 4045 amiserint,
1919 3974 2132 4046 placuit

499 4094 604 4134 nec
628 4077 688 4131 in
715 4077 826 4130 ﬁne
859 4074 1113 4129 dandam
1145 4073 1226 4127 eis
1252 4087 1369 4126 esse
1396 4069 1889 4134 communionem;
1911 4067 2064 4139 quod
2083 4066 2130 4120 si

501 4170 834 4240 semetipsas
878 4165 1269 4238 poenituerint,
1294 4163 1449 4235 quod
1493 4161 1829 4217 inﬁrmitate
1877 4160 2130 4231 corporis

500 4265 676 4335 lapsae
703 4260 936 4327 fuerint,
967 4258 1139 4313 etiam
1183 4262 1440 4327 tempore
1477 4253 1606 4309 vitae
1646 4271 1762 4309 suae
1802 4251 2132 4325 hujusmodi

503 4355 735 4412 feminae
783 4352 1006 4425 egerint
1053 4349 1476 4422 paenitentiam,
1510 4353 1566 4404 et
1605 4345 1982 4403 abstinuerint
2011 4364 2069 4402 se
2099 4365 2133 4402 a

2228 3231 2384 3299 dam,
2403 3246 2468 3286 eo
2488 3231 2644 3303 quod
2665 3231 2999 3302 cognoverit
3023 3236 3326 3302 peccatum
3353 3247 3534 3300 suum,
3563 3227 3651 3300 qui
3667 3225 3799 3280 etiam

2229 3324 2422 3378 decem
2475 3323 2638 3378 annis
2703 3327 2833 3394 agat
2887 3324 3300 3395 paenitentiam,
3348 3326 3437 3380 cui
3484 3326 3600 3395 post
3649 3321 3800 3374 decem

2228 3434 2410 3472 annos
2453 3417 2710 3488 praestari
2757 3418 3088 3473 communio
3135 3418 3325 3473 debet.
3357 3418 3411 3474 Si
3436 3433 3560 3471 vero
3603 3412 3803 3468 infantes

2230 3509 2442 3566 fuerint
2480 3510 2793 3566 transducti
2826 3511 2979 3582 quod
3009 3527 3124 3566 non
3169 3528 3275 3566 suo
3312 3511 3444 3567 vitio
3484 3503 3803 3582 peccaverint,

2229 3603 2628 3660 incunctanter
2653 3603 2828 3676 recipi
2855 3604 3120 3659 debeant.
3665 3668 3674 3680 .

2301 3699 2471 3752 XXIII.
2535 3697 2746 3770 Jejunii
2807 3714 2976 3769 super
3037 3697 3405 3753 abstinentias
3455 3712 3553 3768 per
3599 3689 3805 3764 singulos

2230 3808 2457 3847 menses
2499 3791 2711 3863 placuit
2760 3791 3030 3847 celebrari
3086 3791 3340 3864 exceptis
3381 3789 3570 3845 diebus
3606 3787 3801 3842 duorum

2234 3884 2518 3940 mensium
2559 3883 2691 3940 Julii
2728 3887 2786 3940 et
2824 3884 3062 3956 Augusti
3107 3885 3178 3939 ob
3227 3883 3561 3940 earumdem
3607 3874 3802 3935 inﬁrmi-

2230 3980 2426 4033 tatem.

2304 4071 2474 4126 XXIV.
2527 4071 2740 4127 Omnes
2785 4072 2884 4144 qui
2922 4086 3162 4144 peregre
3205 4072 3423 4129 fuerint
3465 4065 3723 4142 baptizati,
3757 4078 3806 4116 eo

2230 4165 2380 4236 quod
2411 4181 2609 4220 eorum
2635 4166 2871 4222 minime
2897 4166 2968 4220 sit
2995 4167 3220 4238 cognita
3245 4167 3382 4235 vita,
3409 4164 3611 4239 placuit
3633 4161 3693 4215 ad
3717 4158 3803 4212 cle-

2229 4275 2360 4313 rum
2383 4275 2499 4313 non
2525 4275 2643 4314 esse
2668 4260 3082 4330 promovendos
3105 4260 3166 4314 in
3193 4260 3401 4315 alienis
3428 4255 3722 4332 provinciis.

2301 4351 2450 4407 XXV.
2515 4351 2714 4407 Omnis
2762 4353 2860 4424 qui
2912 4353 3169 4408 attulerit
3217 4353 3432 4410 litteras
3485 4341 3805 4407 confessorias

505 4450 678 4519 coitu,
707 4464 774 4504 eo
807 4447 958 4519 quod
1006 4447 1176 4516 lapsae
1212 4443 1399 4516 potius
1438 4441 1760 4511 videantur,
1786 4439 1998 4513 placuit
2038 4457 2132 4496 eas
2150 4458 2211 4530 D
2234 4444 2454 4500 sublato
2469 4445 2699 4500 nomine
2719 4446 3157 4514 confessoris,eo
3185 4447 3343 4519 quod
3364 4447 3467 4503 sub
3485 4446 3586 4502 hac
3603 4437 3805 4498 nominis

505 4544 565 4600 in
593 4543 708 4598 ﬁne
735 4540 1204 4597 communionem
1235 4537 1491 4608 accipere
1519 4536 1745 4591 debere.

577 4637 707 4692 XIV.
738 4634 999 4706 Virgines
1029 4649 1157 4705 qua:
1186 4629 1571 4703 virginitatem
1601 4645 1760 4684 suam
1787 4645 1903 4684 non
1943 4633 2133 4685 custo-

507 4727 738 4800 dierint,
769 4728 816 4784 si
842 4728 1068 4783 eosdem
1100 4727 1198 4796 qui
1240 4741 1334 4779 eas
1376 4723 1730 4778 violaverunt
1779 4718 2042 4778 duxerint
2080 4727 2136 4778 et

505 4819 800 4880 tenuerint
826 4821 1082 4887 maritos,
1101 4834 1168 4873 eo
1185 4817 1334 4890 quod
1360 4817 1506 4872 solas
1532 4817 1761 4888 nuptias
1780 4814 2131 4886 violaverint,

507 4919 640 4990 post
669 4928 887 4971 annum
919 4908 1040 4968 sine
1069 4911 1403 4982 poenitentia
1430 4908 1782 4965 reconciliari
1826 4909 2131 4976 debebunt,

506 5012 595 5066 vel
633 5009 681 5064 si
712 5008 851 5063 alios
895 5001 1266 5078 cognoverint
1311 5004 1480 5073 viros,
1510 5018 1578 5058 eo
1629 5003 1783 5073 quod
1837 5002 2134 5058 moechataa

510 5104 641 5171 sint,
669 5101 881 5174 placuit
906 5116 1008 5172 per
1037 5097 1417 5170 quinquennii
1442 5102 1708 5167 tempora
1737 5098 1864 5149 acta
1884 5093 2137 5167 legitima

509 5195 842 5270 paenitentia
868 5192 1093 5248 admitti
1120 5207 1213 5246 eas
1241 5191 1314 5245 ad
1340 5189 1821 5245 communionem.

579 5291 685 5346 XV.
711 5291 945 5360 Propter
969 5285 1193 5358 copiam
1220 5284 1540 5356 puellarum
1569 5280 1875 5353 gentilibus
1900 5281 2135 5336 minime

509 5386 568 5440 in
611 5381 1042 5439 matrimonium
1091 5378 1293 5433 danda:
1344 5379 1478 5432 sunt
1505 5375 1754 5446 virgines
1781 5374 2131 5443 Christianae,

511 5495 583 5533 ne
625 5482 763 5532 aetas
803 5476 864 5530 in
912 5475 1051 5528 ﬂore
1102 5476 1331 5526 tumens
1381 5469 1439 5524 in
1488 5467 1767 5524 adulterio
1821 5468 2136 5523 resolvatur

509 5570 739 5625 animae.

581 5661 706 5716 XVI.
730 5658 1018 5715 Haereticis
1039 5657 1138 5729 qui
1160 5657 1355 5712 errant
1375 5653 1445 5709 ab
1466 5653 1714 5710 Ecclesia
1737 5652 2011 5712 catholica
2030 5673 2135 5712 nec

510 5753 646 5824 ipsis
674 5752 978 5808 catholicas
1010 5750 1226 5807 dandas
1264 5749 1500 5822 puellas,
1533 5748 1630 5806 sed
1673 5763 1859 5822 neque
1902 5750 2129 5824 Iudaeis,

2237 4538 2416 4610 gloria
2469 4539 2677 4610 partim
2739 4540 3065 4596 concutiant
3117 4540 3422 4612 simplices,
3472 4531 3805 4595 communica-

2235 4631 2394 4686 toriae
2423 4632 2476 4687 ei
2503 4631 2710 4687 dandae
2737 4637 2871 4690 sunt
2894 4634 3122 4689 litterae.

2306 4727 2480 4782 XXVI.
2510 4725 2771 4782 Errorem
2817 4728 3030 4799 placuit
3068 4726 3296 4797 corrigi,
3328 4731 3396 4783 ut
3437 4724 3588 4782 omni
3629 4711 3806 4779 Sabbati

2235 4817 2328 4874 die
2351 4818 2637 4890 jejunium
2667 4837 2838 4892 super
2865 4819 3210 4892 positionem
3241 4821 3603 4877 celebremus.

2307 4909 2356 4984 1
2372 4909 2497 4985 οο
2525 4911 2718 4968 XXVII.
2750 4914 3056 4987 Episcopus
3077 4915 3165 4970 vel
3188 4913 3425 4986 quilibet
3446 4914 3666 4969 clericus
3683 4905 3806 4962 alius.

2236 5010 2334 5061 aut
2363 5022 2638 5076 sororem,
2669 5011 2768 5062 aut
2807 5008 2984 5062 ﬁliam
3011 5009 3293 5080 virginem
3321 5008 3558 5064 dicatam
3587 5007 3686 5059 Deo
3710 5006 3806 5054 tan-

2234 5101 2358 5154 tum
2383 5116 2576 5154 secum
2603 5100 2827 5168 habeat,
2861 5105 3192 5157 extraneam
3225 5118 3357 5157 vero
3387 5110 3722 5172 nequaquam
3749 5104 3808 5143 se-

2234 5209 2364 5247 cum
2394 5193 2621 5250 habeat.

2305 5285 2524 5343 XXVIII.
2574 5287 2912 5360 Episcopum
2950 5290 3163 5362 placuit
3203 5290 3274 5346 ab
3323 5307 3392 5347 eo
3438 5288 3532 5362 qui
3559 5301 3660 5342 non
3691 5292 3810 5336 com-

2236 5380 2505 5450 municat,
2539 5397 2778 5438 munera
2807 5383 3062 5455 accipere
3092 5401 3208 5440 non
3242 5385 3465 5440 debere.

2304 5472 2472 5529 XXIX.
2499 5473 2970 5549 Energumenum
2999 5479 3097 5549 qui
3128 5479 3198 5534 ab
3229 5478 3465 5534 erratico
3493 5473 3677 5546 spiritu
3703 5481 3806 5523 exa-

2235 5567 2470 5638 gitatur,
2490 5565 2663 5640 hujus
2680 5587 2893 5627 nomen
2913 5587 3099 5643 neque
3123 5571 3196 5627 ad
3217 5571 3390 5627 altare
3419 5585 3545 5625 cum
3573 5561 3809 5621 oblatione

2234 5675 2355 5715 esse
2383 5661 2760 5733 recitandum,
2790 5680 2975 5736 neque
3003 5659 3450 5737 permittendum
3481 5666 3539 5717 ut
3557 5674 3649 5714 sua
3670 5662 3810 5710 manu

2234 5753 2293 5808 in
2322 5755 2557 5811 ecclesia
2597 5756 2899 5815 ministret.
