3964 6178
104 342 178 395 ili

1308 321 1783 378 DECRETALIUM
1824 316 2208 372 CULLl.tll‘ltl.

3339 315 3431 369 iis

157 447 285 501 XXX.
317 442 736 499 Subdiaconem
764 454 894 495 eum
923 436 1177 493 ordinari
1215 451 1333 490 non
1364 434 1571 487 debere
1603 430 1700 502 qui
1726 444 1782 516 Α
1804 424 2498 489 debere,nisiintirmitate
2520 423 2897 496 compellente
2919 421 3169 492 coegerit
3189 423 3329 476 ratio
3348 425 3433 476 vel

102 544 150 597 in
174 537 540 594 adolescentia
566 552 668 589 sua
697 534 866 588 fuerit
892 532 1224 596 moechatus,
1254 544 1319 582 eo
1358 527 1509 598 quod
1548 530 1699 597 post-

105 634 307 691 modum
328 648 431 703 per
445 628 923 701 subscriptionem
948 627 1016 681 ad
1036 624 1299 680 altiorem
1324 622 1561 693 gradum
1584 635 1699 673 non

108 730 165 784 sit
184 725 517 800 promovend
528 740 618 791 us;
642 723 686 777 si
709 726 899 776 autem
922 718 1095 790 aliqui
1117 717 1326 772 suntin
1348 714 1703 787 praeteritum

112 821 343 890 ordinati,
386 820 774 873 amoveantur.

170 915 315 971 XXXI.
345 914 746 967 Adolescentes
790 910 887 982 qui
918 911 1047 981 post
1084 907 1257 962 ﬁdem
1300 902 1509 960 lavacri
1556 900 1703 956 salu-

119 1012 222 1066 taris
263 1008 473 1063 fuerint
517 1005 806 1071 mcechati,
836 1020 967 1058 cum
1016 1002 1288 1057 duxerint
1341 1015 1539 1054 uxores
1586 1002 1708 1051 acta

120 1099 336 1169 legitima
363 1095 723 1167 poenitentia,
758 1093 968 1164 placuit
1003 1092 1075 1146 ad
1113 1090 1581 1146 communionem
1615 1102 1708 1140 eos

124 1192 303 1248 admitti
330 1190 567 1244 debere.

179 1287 344 1341 XXXII.
377 1284 435 1339 Si
462 1283 591 1354 quis
620 1281 774 1352 gravi
818 1281 982 1351 lapsu
1020 1280 1080 1333 in
1124 1280 1346 1333 ruinam
1392 1277 1592 1332 mortis
1621 1276 1710 1330 in-

128 1375 304 1442 ciderit,
332 1372 546 1444 placuit
569 1388 739 1442 agere
778 1370 1176 1441 paenitentiam
1207 1384 1325 1422 non
1356 1368 1562 1421 debere
1590 1366 1711 1420 sine

130 1468 330 1541 episcopi
358 1467 645 1534 consultu,
674 1466 767 1518 sed
798 1464 984 1534 potius
1012 1463 1165 1533 apud
1203 1462 1531 1533 episcopum
1560 1463 1710 1531 agat,

131 1567 325 1634 cogente
348 1566 547 1615 tamen
574 1558 922 1613 inﬁrmitate.
960 1559 1081 1612 Non
1118 1562 1199 1611 est
1227 1556 1711 1627 presbyterorum,

131 1657 477 1720 diaconorum,
490 1652 958 1708 communionem
976 1651 1184 1705 talibus
1199 1652 1471 1722 praestare
1488 1649 1713 1717 debere,

135 1750 213 1805 nisi
234 1751 306 1804 eis
326 1748 561 1819 jusserit
586 1748 902 1819 episcopus.

1803 521 1953 575 socio
1987 517 2285 573 subvenire
2317 518 2679 588 periclitanti,
2712 518 2797 572 vel
2832 516 3069 587 gratiam
3102 517 3431 587 postulanti.

1874 614 2027 669 XLII.
2090 614 2330 666 Pravam
2390 611 2808 666 institutionem
2868 610 3163 665 emendari
3226 610 3437 681 placuit

1797 709 1961 780 juxta
2004 707 2395 761 auctoritatem
2443 706 2890 776 Scripturarnm,
2940 709 3001 759 ut
3046 704 3234 759 cuncti
3286 703 3438 758 diem

1806 803 2165 857 Pentecostes
2193 799 2573 865 celebremus;
2600 798 2755 870 quod
2776 799 2871 869 qui
2900 815 3015 853 non
3044 798 3257 865 fecerit,
3281 798 3439 869 quasi

1806 913 2009 951 novam
2037 886 2302 949 limresim
2326 893 2605 948 induxisse
2639 897 2884 948 notetur.

1881 992 2051 1045 XLIII.
2098 988 2357 1043 Meretrix
2406 1004 2534 1058 qua:
2578 987 2883 1058 aliquando
2927 987 3119 1055 fuerit,
3154 991 3211 1042 et
3248 990 3442 1059 postea

1809 1084 2073 1140 habuerit
2120 1083 2409 1149 maritum,
2444 1084 2489 1136 si
2538 1082 2903 1153 postmodum
2950 1082 3020 1136 ad
3053 1082 3445 1137 credulitatem

1810 1178 2046 1246 venerit,
2077 1177 2476 1231 incunctanter
2502 1176 2715 1247 placuit
2742 1193 2859 1231 esse
2887 1175 3300 1247 recipiendam.

1883 1272 2054 1326 XLIV.
2086 1271 2193 1335 Qui
2222 1270 2528 1341 aliquando
2556 1270 2727 1324 fuerit
2755 1271 3196 1325 catechumenus
3222 1288 3326 1342 per
3355 1270 3445 1324 in-

1813 1367 1973 1421 ﬁnita
2004 1371 2283 1436 tempora,
2308 1370 2364 1419 et
2385 1381 2679 1435 nunquam
2711 1365 2784 1419 ad
2806 1365 3101 1420 ecclesiam
3123 1365 3446 1420 accesserit:

1815 1462 1859 1516 si
1890 1478 2021 1516 eum
2066 1460 2135 1514 de
2183 1460 2331 1514 clero
2384 1460 2683 1531 quisquam
2735 1461 3029 1531 agnoverit
3059 1460 3299 1515 voluisse
3329 1477 3451 1514 esse

1814 1559 2225 1625 Christianum,
2244 1563 2342 1613 aut
2369 1561 2538 1613 testes
2562 1558 2730 1631 aliqui
2755 1559 3069 1614 exstiterint
3096 1559 3310 1628 lideles,
3330 1560 3450 1631 pla-

1818 1655 1933 1709 cuit
1962 1654 2309 1725 baptismum
2337 1652 2389 1708 ei
2416 1670 2528 1707 non
2551 1654 2770 1723 negari,
2797 1672 2862 1708 eo
2889 1654 3037 1725 quod
3070 1653 3126 1707 in
3148 1660 3334 1709 vetere
3358 1654 3454 1708 ho-

1818 1750 1971 1803 mine
2004 1747 2305 1819 deliquisse
2349 1746 2630 1802 videatur.

184 1845 372 1899 XXXIII.
404 1843 623 1897 Placuit
656 1842 717 1895 in
764 1845 949 1895 totum
997 1840 1365 1911 praescribere
1415 1837 1795 1910 episcopis,B
1892 1844 2038 1898 XLV,
2089 1842 2147 1897 Si
2195 1842 2319 1913 quis
2367 1842 2549 1896 fidelis
2595 1846 2851 1914 apostala
2898 1859 2998 1913 per
3042 1843 3262 1897 inﬁnita
3306 1844 3450 1897 tem-

132 1938 451 2011 presbyteris,
488 1936 841 2001 diaconibus,
870 1952 933 1988 ac
974 1933 1413 1988 subdiaconibus
1442 1933 1635 2004 positis
1662 1932 1719 1986 in

132 2032 405 2087 ministerio
432 2031 719 2085 abstinere
747 2047 805 2084 se
834 2048 867 2084 a
892 2029 1227 2100 conjugibus
1251 2027 1384 2095 suis,
1405 2033 1461 2081 et
1482 2044 1597 2081 non
1629 2044 1722 2097 ge-

129 2143 295 2182 nerare
319 2126 485 2181 ﬁlios.
511 2125 671 2189 Quod
698 2125 1026 2195 quicunque
1055 2123 1271 2190 fecerit,
1288 2122 1357 2176 ab
1380 2122 1595 2176 honore
1616 2122 1723 2175 cle-

130 2221 302 2276 ricatus
327 2220 757 2275 exterminetur.

187 2316 378 2369 XXXIV.
429 2314 632 2368 Cereos
678 2331 779 2384 per
822 2313 977 2367 diem
1030 2313 1243 2383 placuit
1290 2311 1348 2365 in
1397 2311 1724 2366 cccmeterio

134 2427 225 2463 non
261 2408 500 2477 incendi,
532 2407 887 2478 iuquietandi
920 2408 1072 2461 enim
1115 2409 1446 2461 sanctorum
1494 2405 1725 2476 spiritus

134 2521 229 2558 non
254 2509 393 2557 sunt.
427 2502 533 2567 Qui
564 2503 686 2556 haec
715 2520 833 2556 non
863 2501 1300 2571 observaverint,
1328 2506 1628 2555 arceantur
1655 2500 1725 2553 ab

134 2598 357 2652 Ecclesiae
377 2596 801 2652 communione.

188 2693 363 2747 XJ'LXV.
388 2691 605 2746 Placuit
639 2690 932 2762 prohiberi
964 2706 1034 2744 ne
1064 2690 1290 2745 feminae
1317 2691 1375 2745 in
1402 2690 1728 2745 cmmeterio

134 2786 461 2857 pervigilem,
514 2803 582 2840 eo
633 2786 786 2857 quod
831 2802 979 2857 stepe
1027 2786 1129 2839 sub
1174 2786 1412 2841 obtentu
1458 2784 1729 2840 orationis

136 2882 316 2935 scelera
342 2881 585 2935 latenter
609 2881 990 2935 committant.

189 2976 384 3030 XXXVI.
426 2974 642 3029 Placuit
671 2974 918 3045 picturas
944 2975 1002 3029 in
1036 2976 1272 3030 ecclesia
1312 2991 1431 3029 esse
1478 2992 1592 3030 non
1632 2976 1727 3029 de-

137 3067 268 3137 bere,
291 3086 358 3123 ne
387 3069 536 3141 quod
564 3069 768 3123 colitur
794 3073 895 3123 aut
920 3068 1187 3124 adoratur
1212 3070 1270 3123 in
1299 3069 1606 3141 parietibus
1632 3069 1729 3124 de-

139 3170 392 3234 pingatur.

1820 1953 1959 2008 pora
1980 1937 2049 1991 ad
2072 1936 2363 1990 ecclesiam
2387 1953 2500 1989 non
2531 1937 2848 2002 accesserit,
2873 1937 2917 1990 si
2942 1941 3131 1991 tamen
3151 1937 3454 2008 aliquando

1822 2032 1993 2085 fuerit
2020 2048 2296 2097 reversus,
2315 2047 2419 2084 nec
2442 2030 2616 2083 fuerit
2640 2030 2964 2100 idololatra,
2992 2035 3117 2102 post
3145 2030 3336 2085 decem
3362 2048 3456 2084 an-

1822 2142 1925 2179 nos
1951 2125 2158 2196 placuit
2184 2141 2313 2179 eum
2345 2124 2803 2178 communionem
2832 2123 3104 2196 accipere.

1896 2220 2063 2272 XLVI.
2102 2218 2159 2273 Si
2192 2218 2317 2288 quis
2364 2217 2543 2271 ﬁdelis
2582 2218 2802 2272 habens
2833 2234 3087 2285 uxorem,
3122 2235 3237 2272 non
3283 2218 3455 2273 semel

1824 2314 1921 2368 sed
1950 2329 2099 2383 szrpe
2126 2312 2301 2366 fuerit
2326 2312 2664 2380 moechatus,
2695 2312 2754 2367 in
2782 2312 2957 2366 ﬁnem
2987 2313 3187 2367 mortis
3213 2316 3297 2368 est
3322 2330 3458 2368 con-

1825 2407 2158 2463 veniendus.
2183 2406 2344 2469 Quod
2374 2406 2416 2459 si
2451 2424 2505 2460 se
2538 2407 2864 2478 promiserit
2893 2410 3265 2477 cessaturum,
3296 2408 3463 2462 detur

1828 2504 1879 2557 ei
1896 2501 2245 2569 communio;
2266 2501 2310 2555 si
2333 2501 2696 2555 resuscitatus
2718 2518 2912 2555 rursus
2936 2502 3107 2556 fuerit
3128 2502 3457 2573 moechatus,

1827 2597 2037 2668 placuit
2065 2595 2303 2650 ulterius
2330 2612 2444 2649 non
2476 2595 2645 2649 edere
2678 2612 2809 2651 eum
2838 2595 2907 2650 de
2933 2596 3338 2652 communione
3362 2615 3458 2668 pa-

1829 2692 1929 2747 cis.

1900 2785 2088 2840 XLVII.
2132 2785 2454 2839 Emendare
2496 2783 2725 2856 placuit,
2756 2788 2819 2839 ut
2862 2785 2921 2839 hi
2964 2786 3063 2858 qui
3106 2786 3464 2858 baptizantur

1833 2881 1915 2952 (ut
1937 2879 2059 2934 ﬁeri
2097 2880 2326 2950 solebat)
2361 2896 2629 2934 nummos
2658 2878 2717 2933 in
2763 2881 3040 2935 concham
3079 2899 3196 2936 non
3237 2881 3468 2939 mittant

1834 2993 1903 3031 ne
1953 2975 2216 3029 sacerdos
2267 2975 2423 3045 quod
2458 2974 2635 3045 gratis
2679 2975 2896 3046 accepit
2926 2976 3107 3047 pretio
3148 2976 3465 3032 distrahere

1832 3069 2107 3136 videatur,
2140 3085 2322 3140 neque
2351 3068 2530 3139 pedes
2558 3085 2758 3122 eorum
2789 3069 3015 3123 lavandi
3061 3073 3193 3124 sunt
3223 3088 3256 3125 a
3281 3088 3464 3126 sacer-

1838 3164 2063 3219 dotibus
2081 3163 2168 3217 vel
2194 3163 2431 3217 clericis.

195 3223 410 3312 XXXVII.
444 3259 551 3313 Eos
580 3257 676 3329 qui
704 3275 736 3312 a
766 3258 1055 3330 spiritibus
1089 3259 1404 3314 immundis
1440 3263 1733 3329 vexantur,
1758 3223 1812 3298 Ο
1908 3258 2126 3312 XLVIII.
2156 3257 2481 3311 Admonere
2510 3254 2717 3328 placuit
2746 3275 3101 3328 possessores
3130 3264 3193 3314 ut
3221 3277 3340 3315 non
3368 3278 3468 3333 pa-

140 3349 250 3404 siin
276 3351 384 3406 ﬁne
410 3352 614 3407 mortis
640 3352 870 3419 fuerint,
899 3352 1187 3407 constituti
1218 3353 1490 3424 baptizari
1530 3337 1764 3424 placet:

141 3441 191 3497 Si
211 3460 327 3499 vero
352 3446 549 3527 ﬁdeles
578 3446 811 3514 fuerint,
840 3446 1086 3501 dandam
1117 3446 1195 3501 eis
1225 3463 1341 3501 esse
1386 3447 1741 3501 communio-

140 3553 270 3593 nem.
296 3540 711 3596 Prohibendum
734 3541 906 3595 etiam
930 3558 998 3595 ne
1019 3542 1281 3597 lucernas
1304 3542 1529 3613 publice
1549 3558 1741 3596 accen-

142 3630 258 3686 dant
287 3650 300 3688 :
332 3634 379 3688 si
400 3636 583 3689 facere
610 3640 805 3689 contra
833 3635 1200 3691 interdictum
1228 3636 1528 3704 voluerint,
1565 3636 1738 3690 absti-

141 3732 291 3781 neant
310 3744 343 3781 a
371 3729 791 3784 communione.

196 3821 446 3879 XXXVIII.
487 3825 731 3896 Peregre
788 3825 1122 3897 navigantes
1172 3829 1269 3880 aut
1313 3821 1641 3897 siifecclesia
1685 3824 1745 3880 in

139 3918 377 3984 proximo
395 3935 515 3973 non
529 3919 719 3986 fuerit,
735 3936 894 3990 posse
914 3920 1137 3975 ﬁdelem
1156 3921 1254 3992 qui
1276 3922 1558 3976 lavacrum
1577 3937 1743 3976 suum

140 4006 407 4082 integrum
438 4012 630 4082 habet,
662 4030 765 4068 nec
807 4014 881 4067 sit
918 4008 1200 4086 biganius,
1234 4015 1523 4087 baptizare
1554 4015 1610 4069 in
1642 4032 1744 4070 ue-

141 4106 373 4162 cessitate
398 4107 744 4162 inﬁrmitatis
770 4110 1015 4179 positum
1042 4110 1537 4179 catechumenum,
1576 4110 1656 4164 ita
1683 4115 1748 4165 ut

144 4198 181 4251 si
203 4201 565 4271 supervixerit
590 4202 662 4257 ad
688 4203 1016 4275 episcopum
1057 4222 1192 4259 eum
1230 4204 1523 4277 perducat,
1556 4209 1616 4259 ut
1646 4222 1750 4277 per

144 4307 326 4349 manus
352 4296 777 4368 impositionem
809 4298 1000 4369 perﬁci
1025 4301 1223 4371 possit.

204 4388 441 4445 Gentiles
466 4391 508 4444 si
540 4391 599 4445 in
625 4391 958 4447 inﬁrmitate
996 4393 1440 4449 desideraverint
1482 4393 1587 4449 sibi
1623 4411 1748 4450 ma-

144 4497 239 4537 nus
260 4483 503 4556 imponi,
532 4485 578 4539 si
606 4487 779 4541 fuerit
803 4503 1003 4542 eorum
1025 4505 1090 4542 ex
1118 4489 1310 4560 aliqua
1329 4493 1489 4560 parte
1511 4489 1755 4545 honesta

1838 3354 2053 3407 tiantur
2093 3356 2308 3409 fructus
2352 3371 2479 3407 suos
2527 3372 2667 3426 quos
2716 3370 2748 3407 a
2796 3355 2906 3407 Deo
2954 3354 3294 3425 percipiunt,
3342 3372 3472 3409 cum

1842 3448 2155 3519 gratiarum
2185 3449 2406 3503 actione
2432 3466 2463 3502 a
2487 3449 2697 3503 Judzeis
2727 3448 3004 3515 benedici,
3040 3464 3110 3501 ne
3140 3452 3394 3502 nostram
3420 3456 3473 3503 et

1842 3542 2127 3597 inﬁrmam
2152 3544 2364 3597 faciant
2386 3543 2868 3598 benedictionem.
2903 3541 2955 3596 Si
2989 3542 3115 3613 quis
3143 3546 3268 3613 post
3294 3542 3472 3597 inter-

1842 3637 2054 3693 dictum
2099 3639 2288 3692 facere
2333 3638 2705 3710 usurpaverit,
2739 3637 2963 3709 penitus
2992 3636 3062 3691 ab
3094 3638 3337 3693 Ecclesia
3375 3638 3474 3692 ali-

1837 3732 2089 3804 jiciatur.

1915 3828 2082 3881 XLIX.
2116 3826 2172 3882 Si
2200 3842 2333 3882 vero
2359 3826 2563 3899 aliquis
2605 3826 2843 3882 clericus
2892 3826 3007 3880 sive
3059 3825 3241 3880 ﬁdelis
3284 3826 3472 3894 fuerit,

1848 3921 1943 3992 qui
1958 3938 2088 3975 eum
2104 3921 2313 3977 Judasis
2334 3921 2524 3976 cibum
2544 3920 2868 3992 sumpserit,
2886 3919 3099 3991 placuit
3122 3937 3253 3975 eum
3275 3938 3306 3975 a
3328 3938 3481 3975 com-

1846 4016 2121 4071 munione
2150 4016 2456 4087 abstinere,
2486 4019 2549 4070 ut
2575 4015 2784 4071 debeat
2808 4014 3123 4071 emendari.

1919 4110 1980 4166 L.
2011 4113 2088 4166 Ex
2124 4110 2281 4165 omni
2310 4112 2515 4166 haeresi
2552 4110 2649 4182 qui
2675 4110 2746 4165 ad
2776 4128 2881 4166 nos
2907 4109 3092 4165 ﬁdelis
3120 4110 3341 4166 venerit
3368 4112 3475 4167 mi-

1851 4206 2005 4260 nime
2033 4209 2117 4261 est
2140 4207 2211 4262 ad
2242 4207 2455 4261 clerum
2481 4206 2923 4277 promovendus,
2946 4205 3033 4259 vel
3065 4205 3111 4259 si
3138 4206 3237 4278 qui
3264 4210 3396 4261 sunt
3421 4208 3482 4262 in

1849 4301 2203 4373 praeteritum
2234 4300 2499 4371 ordinati,
2535 4301 2657 4355 sine
2686 4299 2857 4355 dubio
2889 4300 3265 4372 deponentur.

1925 4397 2007 4450 LI.
2037 4396 2091 4452 Si
2119 4396 2217 4468 qui
2242 4396 2456 4451 inventi
2502 4395 2716 4450 fuerint
2751 4395 2967 4450 libellos
3008 4395 3255 4451 famosos
3295 4396 3355 4451 in
3400 4414 3487 4453 ec.

1854 4492 2023 4547 clesia
2068 4490 2907 4562 ponere;anathematizentur.

140 4576 255 4678 Vita,
301 4580 513 4651 placuit
572 4580 653 4635 eis
701 4597 936 4636 manum
998 4583 1240 4654 imponi,
1293 4588 1350 4638 et
1402 4583 1525 4638 ﬁeri
1588 4584 1832 4681 Chri-D
1928 4586 2034 4640 LII.
2098 4585 2313 4639 Placuit
2372 4584 2620 4655 cunctis,
2666 4587 2731 4638 ut
2790 4585 2859 4638 ab
2913 4600 2978 4638 eo
3034 4581 3298 4656 episcopo
3360 4585 3486 4659 quis

156 4669 355 4729 stianos.

203 4766 396 4824 XXXIX.
420 4769 639 4826 Placuit
664 4771 974 4844 prohiberi,
1001 4778 1062 4830 ut
1088 4790 1218 4829 cum
1247 4776 1493 4830 rationes
1515 4792 1642 4829 suas
1666 4792 1753 4830 ac-

160 4854 336 4927 Cipiunt
347 4881 712 4935 possessores,
730 4867 1001 4940 quidquid
1018 4868 1087 4923 ad
1103 4869 1323 4924 idolum
1340 4870 1539 4923 datum
1560 4870 1750 4936 fuerit,

161 4961 417 5028 aIneptum
446 4976 565 5015 non
596 4961 866 5017 inferant.
888 4962 945 5017 Si
972 4979 1106 5018 vero
1140 4968 1264 5034 post
1289 4964 1654 5017 interdictum
1679 4964 1755 5017 fe-

164 5050 325 5121 cerint,
358 5070 460 5125 per
500 5054 879 5127 quinquennii
919 5056 1101 5128 spatia
1144 5058 1413 5129 temporis
1438 5074 1469 5111 a
1496 5074 1754 5113 commu-

168 5140 301 5201 Ilione
339 5164 463 5204 esse
492 5151 792 5206 arcendos.

212 5239 302 5295 XL.
321 5244 644 5300 Admonere
664 5246 872 5317 placuit
897 5246 1111 5315 ﬁdeles,
1131 5252 1196 5303 ut
1216 5248 1499 5320 quantum
1523 5251 1761 5319 possunt

170 5334 497 5407 l’rohibeant,
528 5355 600 5394 ne
632 5339 796 5419 ‘idola
842 5341 900 5395 in
947 5342 1209 5397 domibus
1245 5343 1359 5396 suis
1395 5343 1657 5397 habeant.
1702 5341 1761 5397 Si

172 5434 268 5484 τίετο
298 5431 409 5486 vim
440 5437 707 5489 metuunt
729 5450 1044 5506 servorum,
1074 5437 1162 5491 vel
1190 5437 1401 5507 seipsos
1428 5453 1599 5509 puros
1624 5453 1759 5492 con-

171 5529 378 5581 servent.
404 5527 462 5583 Si
494 5544 611 5583 non
640 5528 899 5601 fecerint,
926 5530 1097 5586 alieni
1141 5530 1212 5585 ab
1245 5531 1488 5586 Ecclesia
1514 5530 1763 5587 habean-

169 5612 249 5673 tur.

213 5713 332 5776 XLI.
366 5719 473 5776 Eos
504 5720 605 5794 qui
643 5723 711 5777 ad
759 5723 1007 5795 primam
1057 5724 1402 5779 credulitatis
1446 5724 1620 5779 ﬁdem
1676 5742 1766 5779 ac-

162 5811 347 5869 cedunt
376 5816 443 5885 (si
492 5815 658 5871 bona:
702 5816 921 5899 fuerint
949 5818 1411 5890 conversationis)
1439 5817 1590 5874 intra
1618 5819 1771 5873 bien-

156 5912 298 5964 Ulum
328 5911 619 5985 temporis-
634 5911 847 5983 placuit
879 5912 951 5966 ad
982 5912 1245 5984 baptismi
1273 5914 1514 5985 gratiam
1544 5913 1773 5968 admitti

546 6000 823 6067 PATROL.
873 6001 1100 6066 CXXX.

1855 4679 2088 4750 recipiat
2122 4680 2604 4746 communionem,
2633 4696 2665 4732 a
2693 4694 2807 4750 quo
2832 4677 3122 4748 abstantus
3158 4679 3218 4733 in
3248 4679 3486 4736 crimine

1854 4775 2043 4846 aliquo
2070 4774 2261 4829 fuerit.
2289 4774 2449 4838 Quod
2476 4774 2524 4828 si
2553 4773 2757 4844 aliquis
2784 4771 3081 4845 episcopus
3106 4791 3485 4849 prmsumpse~

1854 4869 1930 4924 rit
1973 4885 2104 4923 eum
2142 4868 2445 4924 admittere
2489 4867 2585 4922 illo
2630 4866 2817 4922 adhuc
2862 4867 3102 4923 minime
3150 4870 3360 4925 sciente
3404 4872 3491 4927 vel

1857 4964 2246 5020 consentiente
2294 4980 2326 5016 a
2372 4979 2486 5034 quo
2532 4962 2716 5017 fuerat
2766 4962 3172 5019 communione
3219 4964 3487 5037 privatus,

1858 5057 1999 5113 sciat
2048 5074 2105 5112 se
2149 5056 2473 5129 hujusmodi
2523 5072 2716 5111 causas
2757 5053 2908 5111 inter
2950 5056 3158 5113 fratres
3192 5074 3313 5114 esse
3362 5075 3490 5116 cum

1858 5154 2038 5207 status
2065 5153 2152 5207 sui
2177 5152 2430 5223 periculo
2456 5152 2883 5223 praestaturum.

1933 5248 2063 5306 LIII.
2092 5248 2151 5304 Si
2181 5246 2278 5319 qui
2302 5251 2568 5318 parentes
2588 5246 2759 5301 ﬁdem
2784 5244 3063 5318 fregerint
3080 5246 3493 5319 sponsaliorum

1862 5344 2093 5401 triennii
2135 5347 2423 5413 tempore,
2453 5340 2777 5396 abstineant
2805 5358 2863 5394 se
2902 5358 2935 5394 a
2978 5342 3393 5397 communione.
3440 5341 3495 5397 Si

1864 5443 2052 5495 tamen
2098 5434 2272 5493 iidem
2307 5450 2543 5509 sponsus
2569 5437 2655 5490 vel
2705 5452 2913 5507 sponsa
2956 5435 3013 5490 in
3058 5435 3216 5508 gravi
3255 5436 3494 5491 crimine

1866 5532 2081 5588 fuerint
2107 5529 2464 5603 deprehensi,
2500 5530 2742 5584 excusati
2769 5530 2940 5584 erunt
2967 5531 3248 5599 parentes.
3277 5528 3337 5583 Si
3362 5545 3494 5585 vero

1869 5627 1928 5682 in
1953 5626 2153 5682 eodem
2178 5625 2311 5681 vitio
2343 5629 2399 5680 et
2424 5624 2729 5696 polluerint
2774 5640 2831 5678 se
2875 5622 3299 5693 consentiendo,
3328 5640 3493 5698 supe-

1870 5723 1990 5778 rior
2014 5720 2292 5776 sententia
2325 5722 2600 5774 servetur.

1945 5817 2073 5871 LIV.
2104 5815 2436 5871 Sacerdotes
2476 5814 2575 5885 qui
2605 5815 2831 5867 tantum
2877 5810 3311 5869 sacriﬁcantium
3339 5830 3498 5873 coro-

1876 5929 2010 5967 nam
2040 5913 2286 5984 portant,
2312 5926 2414 5963 nec
2445 5907 2779 5975 sacriﬁcant,
2810 5920 2913 5962 nec
2943 5904 3012 5960 de
3042 5906 3155 5962 suis
3183 5912 3505 5985 sumptibus

3040 6002 3107 6059 Μ
