3964 6178
539 290 641 346 lilii

1429 291 1715 346 Al’l’l'jND.
1758 293 1844 346 Al)
1883 292 2043 346 διες.
2085 290 2172 345 IX.
2204 320 2268 328 κ-
2312 291 2553 344 ιδιυυιιι
2594 291 3016 345 ΜΕΙὶΕᾹῚῸΙὶΙδ

3732 293 3811 351 42η

539 398 758 470 aliquid
786 397 948 452 idolis
974 400 1266 468 praestant,
1297 398 1508 468 placuit
1533 405 1659 470 post
1687 400 1983 454 biennium
2027 397 2168 454 acci-
2189 413 2247 486 Α
2338 398 2508 453 LXIX.
2555 398 2613 454 Si
2659 398 2884 454 conscio
2940 396 3146 452 marito
3181 395 3351 453 fuerit
3395 397 3646 471 mechata
3683 417 3812 468 uxor,

538 509 674 564 pere
701 491 1182 546 communionem.

609 587 712 640 LV.
743 586 1126 655 Magistratum
1156 602 1310 654 vero,
1341 603 1494 642 anno
1529 604 1642 660 quo
1687 589 1804 660 agit
1843 589 2168 644 duumvira-

537 685 682 748 tum,
711 680 1018 751 prohibere
1047 681 1229 750 placet
1256 685 1321 734 ut
1347 698 1403 736 se
1425 682 1494 735 ab
1515 683 1748 736 ecclesia
1773 683 2057 738 cohibeat.

611 775 736 829 LVI.
768 775 1036 829 Matronae
1076 774 1162 828 vel
1213 791 1408 830 earum
1453 776 1638 830 mariti
1689 777 2026 832 vestimenta
2069 793 2168 832 sua

535 870 603 923 ad
651 868 970 922 ornandum
1017 868 1361 923 sarculariter
1390 887 1666 941 pompam
1709 888 1822 925 non
1855 871 2009 937 dent,
2041 873 2098 925 et
2122 871 2167 924 si

537 963 776 1017 fecerint
804 961 1036 1016 triennii
1062 965 1320 1032 tempore
1361 963 1700 1018 abstineant.

607 1058 755 1111 LVII.
785 1055 1000 1110 Placuit
1038 1055 1384 1128 ubicunque,
1409 1061 1464 1111 et
1501 1059 1744 1112 maxime
1776 1058 1833 1112 in
1863 1076 1926 1112 eo
1953 1059 2076 1114 loco
2109 1059 2168 1113 in

536 1167 650 1223 quo
674 1150 876 1223 prima:
897 1150 1180 1204 cathedrae
1201 1151 1538 1205 constitutus
1559 1156 1644 1206 est
1664 1153 1982 1224 episcopus,
2009 1159 2070 1208 ut
2091 1153 2170 1206 in-

539 1249 806 1316 terrogen
817 1246 906 1298 tur
921 1243 982 1298 hi
1007 1243 1104 1314 qui
1125 1245 1660 1300 communicatorias
1683 1246 1897 1300 litteras
1919 1247 2167 1312 tradunt,

538 1356 612 1393 an
645 1339 832 1393 omnia
878 1343 1031 1392 recta
1059 1338 1306 1393 habeant
1334 1342 1390 1394 et
1417 1355 1518 1394 suo
1549 1340 1874 1395 testimonio
1901 1357 2168 1412 compro-

538 1433 697 1488 bent.

611 1526 785 1582 LVIII.
811 1526 1242 1582 Prohibendum
1265 1544 1336 1582 ne
1366 1528 1491 1598 quis
1519 1528 1892 1597 Christianus,
1913 1532 2014 1582 aut
2031 1529 2171 1583 Gen-

538 1622 670 1691 tilis,
701 1623 771 1676 ad
798 1621 1009 1676 idolum
1037 1622 1295 1693 Capitolii
1327 1623 1680 1676 sacrificandi
1715 1641 1880 1677 causa
1905 1623 2172 1677 ascendat

543 1721 600 1770 et
625 1717 829 1772 videat.
859 1716 1020 1781 Quod
1057 1716 1103 1769 si
1143 1715 1336 1770 fecerit
1373 1716 1494 1786 pari
1524 1717 1763 1771 crimine
1808 1721 2093 1785 teneatur;
2126 1717 2172 1771 si

540 1810 712 1864 fuerit
759 1810 956 1878 ﬁdelis,
1000 1813 1127 1882 post
1171 1810 1367 1864 decem
1424 1827 1602 1865 annos
1663 1817 1786 1866 acta
1838 1800 2247 1882 poenitentiaB

539 1904 869 1976 recipiatur.

613 2001 738 2054 LIX.
764 1998 820 2053 Si
843 1998 969 2070 quis
989 1997 1136 2053 idola
1156 1998 1412 2069 fregerit,
1437 2003 1493 2053 et
1512 1999 1725 2054 ibidem
1745 1999 1916 2054 fuerit
1933 2000 2168 2066 occisus,

537 2094 672 2166 quia
695 2092 754 2146 in
773 2093 1080 2163 Evangelio
1104 2109 1218 2146 non
1245 2095 1330 2146 est
1362 2093 1654 2164 scriptum,
1676 2110 1860 2164 neque
1883 2094 2173 2148 invenitur

541 2188 611 2242 ab
643 2187 909 2258 apostolis
939 2203 1191 2257 unquam
1235 2187 1471 2253 factum,
1504 2187 1717 2258 placuit
1765 2187 1822 2241 in
1867 2205 2174 2243 numerum

541 2298 673 2335 eum
699 2298 815 2334 non
841 2280 1014 2350 recipi
1044 2284 1384 2351 martyrum.

615 2375 716 2430 LX.
745 2375 800 2430 Si
838 2374 964 2446 quis
991 2377 1118 2446 post
1141 2373 1356 2428 obitum
1403 2374 1592 2428 uxoris
1622 2391 1739 2429 sua)
1774 2392 2028 2431 sororem
2055 2377 2174 2448 ejus

541 2469 785 2538 duxerit,
801 2473 858 2523 et
873 2469 994 2540 ipsa
1008 2469 1081 2522 sit
1095 2467 1296 2536 ﬁdelis,
1317 2467 1710 2540 quinquennio
1730 2485 1763 2522 a
1775 2470 2176 2526 communione

543 2564 759 2637 placuit
801 2563 1106 2631 abstinere,
1157 2561 1266 2616 nisi
1321 2564 1462 2616 forte
1515 2563 1762 2617 velocius
1807 2563 1924 2618 dari
1976 2582 2175 2636 pacem

543 2658 850 2713 necessitas
875 2657 1125 2727 coegerit
1155 2655 1526 2710 infirmitatis.

616 2755 742 2808 LXI.
773 2753 830 2808 Si
859 2769 1044 2824 augur
1067 2754 1166 2804 aut
1192 2751 1584 2822 pantomimus
1608 2752 1842 2807 credere
1869 2753 2173 2822 voluerint,

544 2848 757 2919 placuit
781 2852 846 2902 ut
869 2847 1026 2918 prius
1065 2845 1280 2899 artibus
1321 2845 1434 2899 suis
1475 2846 1808 2902 renuntient
1833 2849 1890 2902 et
1914 2852 2050 2902 tunc
2076 2848 2176 2902 de-

546 2959 706 2997 mum
737 2940 1134 3011 suscipiantur,
1162 2939 1242 2993 ita
1267 2941 1332 2993 ut
1356 2940 1594 2994 ulterius
1636 2957 1752 2995 non
1797 2945 2174 2996 revertantur.

548 3037 708 3101 Quod
744 3034 790 3090 si
817 3036 1000 3090 facere
1039 3039 1237 3088 contra
1267 3033 1634 3088 interdictum
1661 3035 2022 3103 tentaverint,
2056 3053 2181 3107 pro-

540 3131 814 3202 jiciantur
842 3129 914 3184 ab
949 3127 1210 3183 Ecclesia.

623 3226 772 3280 LXII:
800 3224 855 3279 Si
887 3241 1001 3295 qua
1026 3222 1234 3277 mulier
1271 3238 1373 3294 per
1417 3223 1762 3278 adulterium
1799 3225 2031 3280 absente
2060 3241 2178 3278 ma-

552 3321 662 3375 rito
684 3317 1029 3390 conceperit,
1057 3315 1231 3388 idque
1262 3319 1388 3387 post
1416 3317 1632 3371 facinus
1659 3317 1945 3385 occiderit,
1971 3318 2186 3389 placuit

553 3415 602 3469 ci
627 3431 729 3468 nec
747 3413 804 3467 in
826 3414 999 3466 ﬁnem
1021 3410 1268 3466 dandam
1285 3427 1405 3464 esse
1423 3411 1916 3478 communionem,
1940 3430 2007 3466 eo
2030 3413 2184 3483 quod

552 3507 924 3579 geminaverit
948 3506 1145 3561 scelus.

628 3604 796 3656 LXIII.
827 3602 886 3657 Si
911 3617 1023 3674 qua
1047 3600 1254 3654 mulier
1281 3617 1461 3671 usque
1503 3600 1560 3654 in
1603 3600 1779 3656 ﬁnem
1825 3601 2024 3656 mortis
2067 3619 2186 3656 suae

554 3715 683 3752 eum
711 3696 898 3750 alieno
912 3694 1085 3749 fuerit
1105 3693 1226 3748 viro
1255 3694 1548 3761 mmchata,
1575 3695 1786 3765 placuit
1802 3711 1906 3749 nec
1929 3695 1988 3749 in
2011 3695 2186 3750 ﬁnem

554 3791 801 3847 dandam
829 3806 948 3844 esse
969 3788 1452 3844 communionem.
1476 3787 1533 3844 Si
1558 3805 1692 3843 vero
1714 3805 1846 3844 eum
1866 3789 2184 3861 reliquerit,

555 3891 680 3959 post
721 3887 920 3942 decem
963 3900 1146 3939 annos
1189 3882 1366 3954 recipi
1411 3882 1484 3936 ad
1541 3883 2008 3938 communionem
2065 3889 2190 3939 acta

555 3979 815 4051 legitima
839 3977 1194 4050 paenitentia.

631 4074 802 4129 LXIV.
825 4074 884 4128 Si
905 4073 1067 4142 cujus
1083 4069 1270 4125 clerici
1297 4087 1438 4124 uxor
1460 4070 1633 4125 fuerit
1658 4071 1956 4136 mcechata,
1980 4077 2037 4126 et
2055 4071 2194 4126 sciat

563 4185 688 4221 eam
716 4165 952 4220 maritus
981 4181 1116 4218 suus
1141 4163 1435 4229 moechari,
1466 4168 1524 4218 et
1549 4180 1677 4218 eam
1702 4181 1816 4218 non
1849 4165 2042 4220 statim
2069 4183 2192 4238 pro-

555 4260 778 4333 jecerit,
803 4275 909 4313 nec
937 4258 993 4312 in
1020 4258 1194 4312 ﬁnem
1234 4257 1470 4328 accipiat
1496 4259 1990 4329 communionem,
2023 4277 2094 4316 ne
2125 4261 2194 4315 ab

567 4355 654 4410 his
679 4353 778 4426 qui
816 4353 1144 4424 exemplum
1174 4352 1339 4407 home
1365 4352 1812 4408 conversationis
1836 4371 1957 4408 esse
1984 4354 2196 4410 debent

565 4451 866 4506 videantur
891 4447 1216 4518 magisteria
1245 4447 1524 4503 scelerum
1550 4449 1876 4520 procedere.

2268 494 2478 565 placuit
2505 510 2610 547 nec
2634 493 2693 547 in
2733 493 2910 548 ﬁnem
2939 493 3190 547 dandam
3231 491 3283 546 ei
3317 493 3750 550 communionem.
3776 497 3816 551 Si

2269 605 2399 642 vero
2417 605 2540 642 eam
2572 587 2882 658 reliquerit,
2916 590 3048 658 post
3072 587 3268 641 decem
3288 603 3459 641 annos
3477 587 3690 658 accipiat
3705 606 3820 644 com-

2269 683 2620 749 munionem,
2661 681 2705 735 si
2751 698 2878 737 eam
2920 699 3051 736 cum
3102 681 3286 734 scierit
3330 680 3623 735 adulteram
3670 683 3820 753 aliquo

2268 782 2521 848 tempore
2552 776 2608 829 in
2635 776 2802 830 domo
2829 793 2931 829 sua
2963 774 3213 830 retinuit.

2341 869 2390 942 1
2407 869 2522 944 01
2559 871 2702 924 LXX.
2733 869 3159 941 Stupratoribus
3186 885 3490 940 puerorum
3508 885 3603 923 nec
3619 869 3672 923 in
3687 869 3822 925 ﬁnem

2268 964 2514 1018 dandam
2545 981 2665 1018 esse
2691 964 3174 1018 communionem.

2340 1060 2512 1114 LXXI.
2547 1059 2602 1114 Si
2633 1076 2747 1130 qua
2772 1059 2937 1112 vidua
2987 1057 3159 1112 fuerit
3204 1057 3492 1125 mcechata,
3521 1061 3575 1111 et
3612 1058 3828 1114 eumdem

2267 1156 2469 1224 postea
2501 1153 2762 1207 habuerit
2791 1153 3081 1219 maritum,
3105 1155 3235 1223 post
3263 1151 3618 1223 quinquennii
3648 1157 3828 1222 tempus

2271 1250 2397 1301 acta
2423 1247 2685 1318 legitima
2713 1246 3068 1318 poenitentia,
3099 1245 3310 1316 placuit
3334 1261 3456 1300 eam
3492 1245 3828 1299 communione

2270 1341 2642 1396 reconciliari.
2689 1342 2747 1396 Si
2794 1341 2972 1394 alium
3017 1339 3257 1405 duxerit,
3291 1339 3481 1393 relicto
3524 1339 3632 1408 illo,
3668 1356 3752 1392 nec
3787 1341 3827 1392 in

2269 1436 2444 1490 ﬁnem
2475 1435 2723 1488 dandam
2747 1451 2866 1488 esse
2894 1433 3381 1498 communionem,
3412 1433 3492 1485 vel
3518 1432 3559 1485 si
3585 1432 3733 1486 fuerit
3762 1433 3828 1484 illc

2271 1529 2456 1598 ﬁdelis
2481 1546 2652 1600 quem
2683 1529 2986 1600 acceperit,
3010 1527 3473 1581 communionem
3500 1543 3605 1580 non
3627 1525 3830 1594 accipiat.

2271 1623 2379 1677 nisi
2404 1627 2528 1694 post
2555 1624 2750 1677 decem
2779 1639 2964 1677 annos
2991 1626 3115 1675 acta
3139 1621 3394 1690 legitima
3420 1617 3832 1690 pmnitentia,nisi

2270 1717 2569 1772 inﬁrmitas
2600 1716 2849 1788 coegerit
2879 1715 3122 1770 velocius
3149 1715 3283 1768 dare
3310 1706 3754 1768 communionem.

2341 1813 2534 1866 LXXII.
2588 1811 2817 1865 Dclator
2861 1811 2907 1863 si
2955 1809 3082 1880 quis
3127 1807 3407 1863 exstiterit
3452 1807 3636 1874 ﬁdelis,
3677 1810 3724 1859 et
3761 1821 3834 1875 per

2273 1907 2614 1960 delationem
2642 1906 2764 1975 ejus
2792 1904 2994 1975 aliquis
3019 1903 3196 1957 fuerit
3224 1901 3581 1974 proscriptus,
3607 1899 3682 1952 vel
3706 1900 3834 1952 inter-

2273 2001 2474 2067 fectus,
2506 1999 2720 2071 placuit
2761 2015 2891 2052 cum
2928 2014 3031 2052 nec
3060 1997 3117 2050 in
3147 1998 3325 2050 ﬁnem
3358 1995 3605 2066 accipere
3629 2008 3834 2047 commu-

2271 2095 2529 2150 nionem.
2559 2093 2613 2149 Si
2651 2093 2828 2148 levior
2853 2109 3020 2146 causa
3050 2091 3242 2158 fuerit,
3275 2090 3420 2144 intra
3451 2085 3836 2160 quinquennium

2275 2190 2530 2260 accipere
2577 2187 2787 2260 poterit
2832 2170 3323 2240 communionem.
3372 2184 3428 2239 Si
3470 2181 3838 2237 catechumenus

2273 2283 2465 2352 fuerit,
2514 2287 2640 2353 post
2688 2278 3066 2352 quinquennii
3122 2283 3389 2348 tempora
3443 2275 3739 2331 admittatur
3785 2270 3836 2323 ad

2275 2378 2642 2449 baptismum.

2347 2473 2558 2526 LXXIII.
2590 2471 2784 2525 Falsus
2810 2468 2968 2524 testis
3000 2473 3172 2539 prout
3207 2466 3423 2522 crimen
3453 2469 3550 2534 est,
3580 2460 3836 2524 abstinebit,

2277 2566 2320 2620 si
2347 2570 2536 2620 tamen
2567 2583 2680 2619 non
2704 2565 2878 2619 fuerit
2908 2563 3108 2618 mortis
3149 2562 3305 2632 quod
3340 2559 3558 2631 objccit,
3583 2561 3634 2612 et
3672 2556 3708 2610 si
3742 2572 3835 2626 prc-

2277 2659 2491 2715 baverit
2508 2659 2656 2732 quod
2674 2659 2769 2713 diu
2792 2657 3043 2723 tacuerit,
3063 2656 3282 2710 biennii
3306 2661 3556 2724 tempore
3577 2649 3836 2705 abstinebit.

2279 2756 2337 2810 Si
2382 2759 2575 2808 autem
2620 2769 2734 2807 non
2780 2752 3108 2823 probaverit
3137 2750 3192 2803 in
3227 2753 3505 2804 conventu
3543 2745 3836 2800 clericorum.

2278 2848 2487 2920 placuit
2519 2864 2622 2919 per
2647 2845 3104 2919 quinquennium
3134 2843 3430 2898 abstineri.

2351 2944 2568 2998 LXXIV.
2609 2942 2667 2996 Si
2708 2941 2834 3011 quis
2876 2943 3066 2994 autem
3112 2939 3462 3008 episcopum,
3495 2934 3839 3008 presbyterum.

2280 3039 2368 3092 vel
2394 3037 2687 3092 diacouem
2713 3035 2867 3090 falsis
2894 3032 3228 3088 criminibus
3258 3031 3572 3103 appetierit,
3589 3031 3638 3084 et
3656 3026 3842 3099 probare

2281 3145 2397 3182 non
2432 3126 2702 3198 potuerit,
2729 3141 2833 3178 nec
2856 3124 2916 3176 in
2939 3124 3051 3177 ﬁne
3081 3121 3338 3176 dandam
3365 3121 3416 3175 ei
3433 3136 3546 3175 esse
3567 3112 3844 3173 communio-

2203 3179 2258 3253 C
2284 3179 2437 3277 nem:

2354 3316 2544 3370 LXXV.
2577 3314 2636 3369 Si
2662 3311 2789 3386 quis
2815 3311 3122 3369 diaconum
3165 3328 3226 3368 se
3279 3308 3590 3384 permiserit
3634 3299 3846 3364 ordinari,

2285 3415 2340 3466 et
2364 3415 2558 3482 postea
2603 3409 2776 3464 fuerit
2818 3409 2879 3463 in
2927 3407 3164 3463 crimine
3211 3406 3471 3461 detectus
3517 3395 3844 3468 moxtis,quod

2284 3504 2593 3576 aliquando
2637 3503 3012 3568 commiserit,
3061 3502 3105 3556 si
3157 3506 3358 3572 sponte
3406 3498 3572 3555 fuerit
3607 3493 3844 3552 confessus.

2285 3600 2500 3672 placuit
2519 3615 2653 3653 eum
2677 3603 2799 3653 acta
2823 3597 3081 3668 legitima
3100 3595 3442 3667 paenitentia
3462 3596 3584 3666 post
3598 3585 3844 3646 triennium

2287 3694 2542 3766 accipere
2559 3691 3044 3748 communionem.
3063 3691 3224 3755 Quod
3248 3690 3296 3745 si
3319 3690 3463 3744 alius
3483 3683 3747 3750 detexerit,
3761 3679 3848 3750 p05t

2288 3787 2746 3860 quinquennium
2777 3789 2900 3842 acta
2920 3785 3258 3858 pcnnitentia
3288 3785 3540 3856 accipere
3567 3771 3848 3835 communia

2288 3900 2424 3938 nem
2449 3881 2656 3937 laieam
2687 3881 2916 3937 debere.

2360 3978 2574 4032 LXXVI.
2604 3977 2659 4033 Si
2689 3976 2816 4048 quis
2855 3975 3128 4031 diaconus
3157 3990 3370 4046 regens
3401 3971 3614 4046 plebem
3639 3967 3740 4022 sine
3761 3957 3847 4032 epi-

2292 4088 2460 4143 scopo
2486 4071 2573 4125 vel
2599 4071 2926 4143 presbytero
2963 4069 3181 4141 aliquos
3207 4066 3595 4140 baptizaverit,
3626 4061 3852 4134 episcopi!5

2295 4183 2388 4221 eos
2401 4183 2506 4238 per
2520 4165 2978 4221 benedictionem
2996 4164 3275 4236 perﬁcere
3301 4161 3542 4230 debebit;
3561 4153 3744 4231 quodsi
3760 4149 3850 4204 ante

2293 4261 2362 4317 de
2392 4261 2594 4316 sacculo
2623 4259 2940 4330 recesserit,
2969 4259 3073 4314 sub
3116 4257 3230 4312 ﬁde
3278 4274 3394 4330 qua
3430 4255 3554 4328 quis
3590 4241 3848 4308 crediderit.

2295 4355 2502 4428 poterit
2529 4371 2650 4410 esse
2675 4355 2884 4426 justus.

2365 4451 2604 4506 LXXVII.
2649 4449 2707 4505 Si
2745 4448 2871 4521 quis
2911 4447 3092 4502 ﬁdelis
3139 4446 3361 4502 habens
3391 4459 3634 4511 uxorem,
3659 4432 3848 4495 cumln'

639 4545 784 4600 LXV.
832 4542 888 4598 Si
933 4541 1059 4613 quis
1095 4541 1418 4612 privignam
1466 4559 1625 4597 suam
1666 4543 1891 4598 duxerit
1937 4561 2197 4617 uxorem,
2220 4563 2280 4635 D
2303 4545 2424 4600 daea
2448 4545 2534 4598 vel
2565 4542 2763 4616 gentili
2786 4543 2962 4598 fuerit
2989 4542 3322 4612 moechatus,
3351 4559 3385 4596 a
3411 4534 3770 4596 communione
3791 4541 3852 4578 al"

573 4659 640 4696 eo
666 4638 821 4712 quod
851 4637 924 4690 sit
947 4636 1215 4704 incestus,
1246 4635 1465 4709 placuit
1491 4654 1594 4693 nec
1628 4637 1689 4692 in
1733 4638 1909 4694 tinem
1954 4639 2203 4695 dandam

573 4751 691 4789 esse
721 4730 1210 4788 communionem.

645 4828 818 4882 LXVI.
848 4823 1271 4880 Prohibendum
1309 4843 1383 4881 ne
1427 4843 1538 4899 qua
1574 4827 1758 4883 ﬁdelis
1807 4829 1894 4883 vel
1939 4830 2204 4885 catechu-

575 4939 766 4985 mcna,
795 4924 892 4975 aut
916 4919 1180 4988 comicos,
1211 4924 1308 4976 aut
1335 4920 1486 4976 viros
1512 4922 1762 4977 scenicos
1790 4919 2016 4992 habeat,
2048 4941 2203 4996 qure-

576 5033 803 5088 cunque
830 5015 938 5070 hoc
964 5014 1165 5069 fecerit
1185 5032 1220 5068 a
1242 5016 1644 5071 communione
1674 5023 1954 5072 arceatur.

648 5111 841 5166 LXVII.
861 5109 1276 5164 (Zatcchumena
1295 5109 1341 5163 si
1361 5126 1464 5181 per
1489 5109 1834 5164 adulterium
1862 5113 2205 5184 conceperit,

579 5213 636 5265 et
659 5209 991 5276 conceptum
1024 5204 1330 5271 necaverit,
1359 5203 1570 5274 placuit
1607 5221 1735 5260 eam
1784 5205 1842 5259 in
1888 5206 2000 5263 ﬁne
2028 5207 2210 5279 bapti-

581 5303 712 5359 zari.

651 5395 870 5452 LXVIII.
899 5393 957 5450 Si
981 5391 1107 5464 quis
1133 5394 1278 5448 forte
1309 5393 1527 5447 habens
1559 5409 1795 5449 uxorem
1836 5398 2010 5450 semel
2039 5397 2213 5454 fuerit

575 5494 788 5564 lapsus,
808 5489 1020 5560 placuit
1045 5503 1176 5540 eum
1193 5486 1584 5558 quinquennio
1601 5504 1771 5560 agere
1793 5490 2002 5546 debere
2030 5493 2208 5563 pteni-

580 5587 843 5652 tentiam,
873 5587 930 5637 et
962 5581 1039 5635 sic
1068 5581 1436 5646 reconciliari,
1461 5582 1568 5636 nisi
1596 5584 1941 5640 necessitatis
1965 5587 2214 5657 coegerit

580 5686 710 5736 ante
739 5685 964 5750 tempus
989 5675 1126 5730 dare
1154 5676 1651 5749 communionem;
1676 5678 1779 5732 hoc
1807 5679 2026 5736 etcirca
2053 5681 2215 5736 femi—

583 5788 682 5830 nas
713 5769 1124 5828 observandum
1137 5806 1150 5827 ι

2302 4643 2515 4694 ceatur.
2551 4638 2718 4702 Quod
2745 4637 2791 4693 si
2817 4637 2960 4692 alius
2985 4654 3119 4693 eum
3147 4635 3442 4705 detexerit,
3471 4638 3590 4707 post
3613 4628 3860 4703 quinquen-

2305 4732 2466 4788 nium
2503 4737 2626 4787 acta
2663 4732 2922 4804 legitima
2971 4730 3312 4804 poenitentia
3367 4727 3571 4801 poterit
3620 4715 3856 4780 Dominicif?

2305 4827 2507 4883 sociari
2535 4827 2953 4884 communioni.

2379 4924 2640 4979 LXXVIII.
2671 4923 2725 4978 Si
2756 4923 2882 4994 quis
2903 4919 3106 4990 ﬁdelis,
3133 4919 3280 4988 alea,
3303 4920 3366 4977 id
3385 4925 3472 4976 est
3495 4901 3858 5003 tabula,luserii.

2305 5018 2517 5090 placuit
2541 5035 2674 5074 eum
2713 5017 3020 5086 abstinere,
3052 5020 3109 5072 et
3154 5016 3202 5070 si
3241 5015 3579 5070 emendatus
3616 4997 3860 5066 cessaverit:

2307 5116 2436 5186 post
2458 5129 2674 5168 annum
2703 5111 2917 5184 poterit
2953 5109 3362 5166 communione
3389 5099 3731 5165 reconciliari.
3852 5179 3859 5188 ’

2379 5209 2593 5266 LXXIX.
2627 5207 3057 5262 Prohibendum
3095 5208 3162 5261 ut
3203 5204 3411 5273 liberti,
3441 5215 3672 5276 quorum
3697 5192 3862 5266 patron!

2310 5303 2370 5358 in
2397 5305 2602 5359 saeculo
2627 5302 2860 5371 fuerint,
2883 5301 2956 5357 ad
2983 5301 3202 5356 clerum
3228 5316 3346 5354 non
3369 5297 3742 5370 provehantur.

2382 5399 2568 5454 LXXX.
2597 5398 2676 5452 Ne
2703 5396 2934 5452 femina:
2977 5394 3318 5467 suo'potius,
3346 5393 3555 5463 absque
3596 5381 3862 5443 maritorum

2311 5493 2664 5563 nominibus,
2691 5491 2844 5546 laicis
2869 5490 3116 5546 scribere
3166 5489 3415 5544 audeant
3441 5486 3534 5556 qui
3561 5479 3732 5538 ﬁdeles
3753 5470 3863 5525 ευηίς

2313 5588 2400 5642 vel
2426 5588 2638 5643 litteras
2663 5585 2900 5657 alicujus
2925 5584 3184 5656 paciﬁcas
3207 5583 3277 5638 ad
3303 5598 3470 5636 suum
3516 5577 3680 5632 solum
3708 5572 3864 5623 nomen

2315 5681 2550 5754 scriptas
2575 5681 2873 5752 accipiant.

2636 5775 2870 5848 Explicit
2890 5771 3193 5829 concilium
3227 5769 3610 5826 Elibertinum.
