3964 6178
205 282 266 332 'I‘ll
1390 274 1853 327 lliitllti-I'l‘.\l.|l‘M
1894 273 2277 325 tltll.l.lit‘.'l'tt).
3431 268 3521 321 i2?

204 442 3509 467 Μ

867 593 1268 662 INCIPIUNT
1315 592 1708 657 CAPITULA
1756 589 2087 656 CONCILII
2131 584 2806 652 TARRACONENSIS.

256 762 293 815 l.
321 760 384 814 Ut
411 760 584 815 etiam
624 760 693 814 ad
730 759 1021 831 proximas
1047 756 1343 830 sanguinis
1370 774 1499 813 cum
1527 756 1781 811 testimo-
1804 768 1865 843 Α
1957 757 2009 809 8.
2038 755 2108 808 Ut
2136 752 2301 807 annis
2334 749 2572 821 singulis
2600 749 2851 820 episcopi
2875 746 3161 802 dioecesim
3185 745 3433 815 visitent,
3465 750 3524 801 et

201 861 270 915 nio
291 858 462 913 clerici
484 859 711 913 vadant.

252 958 292 1008 2.
330 954 393 1007 Ut
420 953 639 1006 clericis
668 952 895 1007 emendi
922 952 1107 1019 vilius,
1141 951 1226 1006 vel
1251 950 1534 1006 vendendi
1562 950 1787 1005 charius

205 1065 287 1103 non
314 1047 672 1118 permittatur
702 1046 948 1101 licentia.

254 1146 293 1196 3.
316 1143 377 1195 Ut
402 1144 687 1211 quantum
732 1140 968 1194 clericus
1018 1138 1365 1211 prmstiterit,
1397 1141 1621 1193 tantum
1648 1138 1788 1192 reci—

204 1236 302 1307 piat.

256 1330 293 1383 4.
317 1329 377 1384 Ut
400 1329 590 1382 nullus
616 1328 912 1400 episcopus
941 1330 1026 1383 vel
1074 1328 1222 1382 infra
1266 1326 1485 1399 positus
1536 1327 1627 1382 die
1673 1328 1783 1381 Do-

203 1424 369 1478 minica
392 1440 593 1477 causas
615 1423 872 1493 judicare
902 1426 1232 1494 prresumat.

257 1523 295 1571 2;.
318 1520 378 1573 Ut
401 1518 497 1589 qui
528 1517 585 1570 in
618 1517 1055 1588 metropolitana
1084 1517 1306 1572 civitate
1343 1516 1640 1588 episc0pus
1668 1531 1784 1569 non

208 1612 337 1666 fuerit
358 1612 664 1677 ordinatus,
692 1617 821 1682 post
842 1611 981 1665 duos
1007 1628 1227 1667 menses
1255 1628 1313 1665 se
1344 1610 1784 1681 metropolitano

210 1723 337 1778 praess
347 1711 477 1760 ntet.

259 1804 298 1854 6.
328 1802 386 1855 [‘t
410 1800 705 1871 episcopus
737 1800 837 1871 qui
864 1817 895 1854 a
921 1800 1365 1872 metmpolitano
1412 1797 1788 1853 commonitus

211 1895 260 1947 ad
285 1895 535 1965 synodum
567 1911 681 1948 non
714 1895 949 1961 venerit,
976 1893 1523 1948 excommunicetur.

261 1993 302 2042 '7.
325 1990 385 2042 Ut
410 1988 711 2042 dioecesaui
741 1988 924 2042 clerici
955 1987 1301 2059 septimanas
1338 1991 1587 2054 teneant,
1617 1990 1673 2040 et
1694 1985 1786 2039 die

213 2081 396 2137 sabbato
423 2099 623 2136 omnes
647 2082 706 2136 in
734 2099 915 2137 unum
954 2082 1317 2136 conveniant.

1809 2055 1867 2127 B

1886 866 2000 904 non
2032 848 2160 920 plus
2186 863 2357 919 quam
2386 845 2614 899 tertiam
2656 845 2879 914 partem
2933 842 3003 895 de
3046 834 3347 913 parochiis’
3374 839 3517 894 acci-

1928 943 2064 997 iant.

1888 961 2064 1015 piant.

1960 1040 2012 1091 9.
2041 1039 2114 1092 De
2157 1033 2372 1090 clericis
2398 1034 2454 1087 et
2482 1029 2721 1087 ostiariis
2750 1028 2849 1100 qui
2876 1028 3150 1082 adulteris
3186 1027 3522 1083 mulieribus

1886 1131 2289 1195 admiscentur,
2316 1131 2379 1181 ut
2403 1125 2834 1198 prohibeantur.

1962 1230 2047 1281 10.
2079 1226 2147 1279 Ut
2174 1222 2360 1276 nullus
2388 1220 2688 1291 episcopus
2715 1234 2818 1288 pro
2838 1214 3069 1286 judiciis
3109 1230 3351 1269 munera
3383 1214 3524 1269 acci-

1874 1310 2025 1393 piat.

1960 1417 2044 1469 ll.
2078 1414 2149 1467 Ut
2176 1411 2496 1466 monachus
2528 1407 2733 1461 missus
2759 1404 2969 1459 alicubi
2994 1402 3377 1458 ministerium
3408 1402 3520 1457 cle-

1886 1509 2098 1563 ricatus
2122 1523 2293 1577 agere
2313 1521 2430 1559 non
2456 1505 2791 1575 praesumat,
2820 1516 2925 1552 nec
2947 1497 3271 1567 negotiator
3295 1495 3519 1552 existat.

1966 1606 2049 1658 1‘2.
2075 1603 2143 1656 Ut
2165 1600 2207 1654 si
2238 1599 2534 1671 episcopus
2558 1596 2859 1649 intestatus
2886 1592 3111 1659 obierit,
3140 1591 3523 1645 inventarium

1887 1698 1954 1752 de
1985 1695 2154 1750 rebus
2181 1694 2300 1764 ejus
2326 1690 2508 1747 clerici
2538 1689 2769 1754 faciant,
2798 1692 2853 1741 et
2880 1686 3066 1740 nullus
3088 1684 3289 1739 exinde
3308 1684 3524 1756 aliquid

1888 1792 2127 1846 auferat.

1963 1889 2045 1939 l3.
2080 1886 2147 1939 L’t
2172 1881 2464 1952 episcopus
2486 1878 2838 1933 dioecesanos
2858 1872 3232 1946 presbyteros,
3264 1876 3321 1927 et
3347 1888 3520 1944 quos-

1888 1980 2019 2035 dam
2053 1995 2118 2032 cx
2146 1975 2305 2030 laicis
2335 1978 2567 2028 moneat
2600 1970 2802 2026 litteris
2827 1968 3151 2024 convenire.

774 2384 1189 2477 INCIPIT
1261 2379 1878 2477 CONCILIUM
1948 2299 2887 2468 TABRACONENSE.

1281 2570 1514 2633 Decem
1544 2568 2027 2650 episcoporum;
2059 2579 2194 2626 aera
2223 2577 2396 2621 XLIV.

249 2740 299 2794 In
315 2741 534 2796 nomine
549 2741 758 2797 Christi
768 2741 963 2796 habita
983 2742 1229 2813 synodus
1239 2743 1575 2807 Tarracone,
1593 2757 1742 2795 anno
1757 2742 1787 2793 6

191 2834 483 2889 Theoderici
504 2835 679 2906 regis,
703 2837 998 2891 consulatu
1020 2835 1192 2903 Petri,
1217 2836 1319 2890 sub
1338 2835 1426 2889 die
1448 2839 1640 2889 octavo
1660 2834 1789 2888 ldus

190 2928 505 2984 Novembris.
536 2929 919 3000 Antiquorum
945 2932 1177 2984 Patrum
1207 2934 1417 2985 statuta
1446 2930 1517 2984 de
1545 2929 1633 2983 bis
1659 2945 1790 2982 cen-

187 3023 337 3077 suisse
362 3024 641 3093 videntnr,
677 3041 805 3095 quae
830 3025 890 3079 in
917 3029 1198 3096 tempore,
1230 3027 1325 3078 aut
1345 3024 1415 3077 ad
1439 3023 1569 3078 illos
1594 3023 1786 3077 relicta

186 3122 554 3187 pervenerunt,
585 3124 681 3173 aut
709 3122 833 3173 acta
854 3122 1006 3172 certe
1027 3117 1356 3173 testimonio
1383 3117 1611 3188 proprio
1633 3133 1784 3171 com-

181 3210 567 3281 probaverunt;
600 3213 759 3283 cujus
788 3213 873 3266 rei
898 3216 954 3267 et
979 3229 1084 3267 nos
1109 3218 1408 3283 sequentes
1438 3212 1784 3283 exemplum,

180 3302 263 3358 illa
282 3323 401 3376 quae
428 3325 540 3361 non
563 3308 711 3361 ﬁunt
735 3306 944 3378 placuit
970 3307 1322 3362 observanda
1349 3307 1671 3373 decernere,
1689 3308 1788 3359 aut

180 3401 441 3468 praeterita
466 3402 678 3472 absque
697 3402 934 3473 ambage
955 3402 1364 3471 custodiantur,
1397 3405 1455 3455 et
1484 3400 1786 3473 praesentia

175 3491 271 3547 hac
295 3495 687 3551 observatione
738 3497 851 3551 sint
890 3496 1077 3552 ﬁrma.
1131 3497 1308 3568 Igitur
1351 3513 1480 3551 cum
1508 3496 1566 3550 in
1606 3511 1785 3550 unum

172 3588 365 3656 pariter
382 3591 839 3645 convenissemus
859 3591 918 3646 in
940 3591 1137 3646 urbem
1159 3592 1635 3646 Tarraconensem
1657 3605 1784 3661 quae

173 3687 248 3734 est
287 3684 724 3756 metrOpolitana
778 3686 1271 3740 observantissime
1308 3685 1564 3751 fundata,
1594 3684 1785 3739 titulos

169 3790 578 3846 superannexos
607 3780 1043 3851 conscripsimus
1068 3779 1470 3836 observandas.

228 3870 352 3926 Car.
371 3874 406 3925 1.
427 3874 503 3926 De
522 3872 610 3927 his
625 3873 829 3944 quibus
846 3891 981 3930 cura
993 3879 1335 3946 properante
1353 3872 1782 3944 proximitatem

166 3960 363 4019 habere
388 3967 761 4039 permittitur,
786 3974 849 4022 ut
869 3986 933 4022 ca
954 3969 1171 4024 cautela
1197 3985 1391 4023 earum
1422 3967 1782 4023 necessitates

164 4036 490 4129 sustentem,
520 4064 586 4116 ut
611 4061 834 4132 pietatis
862 4063 1139 4117 beneficia
1164 4080 1293 4135 quae
1320 4063 1399 4118 eis
1430 4065 1564 4117 sunt
1591 4078 1782 4117 neces—
1803 4036 1857 4111 Ο

167 4154 297 4207 saria
319 4172 353 4208 a
378 4156 605 4226 longius
635 4157 947 4227 praebeant.
982 4156 1091 4229 Ipsi
1130 4174 1264 4213 vero
1291 4174 1398 4231 pro
1425 4158 1672 4213 visendis
1700 4157 1782 4211 eis

184 4256 281 4301 cum
308 4250 555 4320 ingressi
594 4251 808 4305 fuerint
836 4251 1019 4306 clerici
1069 4253 1411 4307 salutatione
1460 4255 1778 4319 recurrant,

183 4351 256 4396 nec
283 4343 361 4398 ibi
385 4344 596 4399 faciant
618 4346 993 4400 mansionem.
1015 4347 1119 4411 Qui
1145 4350 1337 4401 tamen
1366 4364 1480 4402 non
1498 4348 1567 4401 ad
1583 4363 1778 4401 earum

182 4431 529 4493 Yisitationem
557 4444 824 4511 pergunt,
842 4442 1043 4495 testem
1060 4441 1241 4495 solatii
1259 4442 1346 4496 sui
1359 4442 1469 4496 ﬁde
1487 4447 1544 4496 et
1559 4441 1780 4497 actione

182 4533 282 4585 ante
306 4533 611 4604 probatum
637 4534 943 4588 adhibeant
976 4552 1191 4589 secum.
1225 4536 1280 4590 Si
1310 4536 1435 4607 quis
1465 4537 1583 4590 haac
1612 4554 1645 4589 a
1673 4552 1776 4591 no-

179 4615 238 4677 bis
261 4632 469 4682 statuta
495 4629 926 4700 contempserit,
971 4629 1016 4683 si
1058 4629 1292 4684 clericus
1324 4637 1407 4685 est
1435 4631 1541 4685 loci
1580 4631 1663 4685 sui
1692 4631 1775 4685 di-

179 4719 364 4779 ειιὶιλίιε
392 4722 667 4793 privetur.
693 4722 747 4778 Si
768 4739 900 4777 vero
920 4723 1217 4795 religiosus
1247 4725 1331 4779 vel
1360 4725 1698 4793 monachus,
1717 4724 1776 4778 in

178 4813 292 4868 Cella
328 4817 659 4871 monasterii
704 4817 953 4871 inclusus
993 4819 1343 4888 poenitentia:
1392 4820 1655 4873 lamentis
1695 4819 1781 4873 in-

174 4908 397 4978 cumbat,
413 4910 508 4965 ubi
528 4910 1122 4981 singulariafllictione
1140 4913 1300 4984 panis
1317 4916 1373 4967 et
1387 4930 1547 4985 aqua:
1566 4914 1777 4967 victum

172 5008 217 5052 0x
243 5002 463 5057 abbatis
490 5005 850 5060 ordinatione
882 5004 1178 5077 percipiat.

222 5097 282 5150 ll.
313 5099 611 5153 Canonum
642 5099 866 5154 statutis
907 5100 1200 5155 ﬁrmatum
1230 5103 1334 5169 est,
1360 5104 1427 5154 ut
1453 5102 1777 5173 quicunque

166 5179 210 5240 in
240 5191 385 5246 clero
417 5210 540 5247 esse
579 5194 841 5262 voluerit,
872 5194 1102 5250 emendi
1132 5195 1316 5263 vilius,
1366 5196 1453 5250 vel
1496 5195 1774 5250 vendendi

164 5279 373 5340 charins
399 5287 591 5342 studio
612 5306 728 5342 non
751 5293 963 5345 utatur.
980 5291 1139 5345 Certe
1158 5290 1205 5344 si
1222 5290 1465 5345 voluerit
1491 5307 1775 5360 exercere,

159 5377 477 5436 (‘uhibeatur
507 5400 542 5435 a
572 5383 740 5437 clero.

223 5473 303 5529 lll.
337 5475 389 5530 Si
419 5477 549 5547 quis
580 5477 813 5532 clericus
842 5477 1085 5533 solidum
1111 5480 1168 5533 in
1197 5480 1532 5535 necessitate
1556 5477 1775 5552 praesti-

142 5554 298 5635 tErit,
326 5569 433 5623 hoc
459 5570 531 5624 de
557 5571 690 5626 vino
722 5574 808 5626 vel
834 5572 1123 5628 frumento
1152 5574 1410 5646 accipiat,
1446 5574 1597 5645 quod
1624 5590 1775 5627 mer-

129 5660 311 5717 candi
354 5681 525 5719 causa
564 5669 819 5738 tempore
864 5670 1070 5722 statuto
1109 5668 1401 5723 decretum
1444 5672 1528 5723 est
1555 5684 1778 5722 venun-

109 5739 167 5838 fi
188 5771 301 5811 are.
317 5759 598 5815 Carlerum
615 5760 657 5813 si
676 5762 926 5833 speciem
949 5779 1061 5817 non
1085 5762 1351 5817 habuerit
1370 5761 1779 5828 necessariam,

108 5850 327 5917 \‘Isum
362 5854 519 5927 quod
549 5853 705 5909 dedit
747 5856 866 5911 sine
896 5857 1010 5911 ullo
1038 5863 1351 5929 augmento
1383 5856 1636 5930 recipiat.

1960 2736 2046 2791 1V.
2075 2736 2141 2789 Ut
2174 2732 2313 2787 nulli
2343 2730 2739 2802 episcoporum
2787 2729 2885 2781 aut
2935 2723 3403 2797 presbyterorum
3434 2721 3523 2777 vel

1889 2830 2244 2897 clericorum,
2276 2825 2366 2879 die
2398 2822 2693 2879 Dominico
2739 2820 3099 2892 propositum
3131 2818 3523 2889 cujuscunque

1888 2941 2064 2979 causa:
2092 2921 2389 2992 negotium
2418 2918 2665 2972 audeant
2698 2914 2977 2987 judicare,
3006 2913 3115 2966 nisi
3158 2912 3267 2967 hoc
3296 2914 3525 2965 tantum

1886 3025 1952 3074 ut
1978 3021 2090 3073 Deo
2123 3020 2327 3071 statuta
2357 3012 2634 3068 solemnia
2663 3013 2963 3082 peragant,
2993 3007 3217 3061 caeteris
3242 3023 3374 3060 vero
3402 3005 3521 3058 dic-

1886 3114 1990 3169 bus
2023 3109 2417 3167 cohibentibus
2449 3105 2710 3179 personis
2752 3105 2845 3157 illa
2886 3119 3015 3174 qum
3052 3103 3207 3173 justa
3246 3104 3377 3154 sunt
3421 3099 3520 3153 ha-

1886 3208 2061 3263 beant
2087 3204 2377 3261 licentiam
2402 3199 2699 3272 judicandi
2727 3197 2975 3269 exceptis
3003 3195 3394 3251 criminalibus
3422 3210 3521 3249 ne-

1888 3303 2075 3374 gotiis.

1957 3399 2019 3452 V.
2068 3396 2126 3451 Si
2171 3394 2296 3465 quis
2342 3392 2400 3446 in
2448 3388 2888 3459 melropolitana
2928 3386 3151 3441 civitate
3197 3400 3315 3439 non
3352 3382 3526 3438 fuerit

1887 3493 2184 3565 episcopus
2210 3486 2525 3554 ordinatus,
2562 3486 2756 3555 postea
2782 3497 2954 3552 quam
2985 3482 3244 3549 suscepta
3283 3477 3517 3531 benedi-

1885 3588 2073 3643 ctione
2124 3599 2229 3655 per
2276 3576 2699 3650 metropolitani
2748 3575 2962 3630 litteras
3016 3574 3298 3628 honorem
3347 3570 3522 3625 fuerit

1886 3678 2135 3754 episcopi
2166 3677 2427 3748 adeptus,
2456 3672 2516 3727 id
2558 3670 2839 3743 optimum
2883 3684 3005 3723 esse
3051 3666 3424 3733 decrevimus,
3460 3671 3523 3717 ut

1883 3773 2244 3849 postmodum
2277 3771 2484 3824 statuto
2509 3771 2791 3837 tempore,
2822 3762 2881 3817 id
2907 3765 2992 3816 est
3020 3761 3272 3832 impletis
3301 3758 3520 3814 duobus

1884 3869 2178 3926 mensibus
2205 3882 2262 3920 se
2292 3857 2717 3933 metropolitani
2738 3857 2825 3912 sui
2845 3859 3147 3928 praesentet
3171 3852 3515 3925 aspectibus,

1885 3970 1947 4019 ut
1977 3964 2047 4018 ab
2092 3962 2188 4016 illo
2231 3955 2461 4013 monitis
2506 3949 2894 4008 ecclesiasticis
2940 3949 3266 4015 instructus,
3295 3946 3520 4019 plenius

1883 4059 2023 4133 quid
2053 4057 2351 4111 observare
2369 4050 2580 4105 debeat
2604 4050 2991 4117 recognoscat.
3012 4042 3172 4111 Quod
3188 4041 3233 4095 si
3247 4041 3392 4095 forte
3412 4039 3518 4093 hoc

1883 4154 2125 4226 implere
2154 4145 2490 4220 neglexerit,
2513 4143 2573 4197 in
2593 4140 2811 4214 synodo
2833 4139 3159 4210 increpatus
3183 4153 3216 4189 a
3245 4133 3519 4189 fratribus

1883 4248 2218 4319 corrigatur.
2243 4244 2312 4297 Et
2336 4240 2383 4294 si
2412 4240 2556 4294 forte
2588 4234 2919 4290 infirmitate
2947 4232 3139 4303 aliqua
3170 4246 3241 4284 ne
3272 4229 3377 4283 hoc
3405 4227 3515 4281 im-

1880 4344 2037 4416 pleat
2066 4338 2241 4395 fuerit
2265 4333 2590 4407 impeditus,
2620 4331 2728 4385 hoc
2776 4328 2890 4383 suis
2933 4326 3134 4381 litteris
3182 4320 3513 4394 metrOpoli—

1880 4442 2017 4492 tano
2040 4434 2290 4490 indicare
2320 4430 2608 4501 procuret.

1952 4532 2037 4584 Vl.
2065 4527 2117 4584 Si
2145 4526 2272 4599 quis
2299 4523 2691 4595 episcoporum
2724 4513 3106 4572 commonitus
3147 4528 3177 4565 a
3222 4514 3511 4581 metropoo

1879 4625 2056 4681 litano
2083 4621 2153 4675 ad
2180 4618 2461 4692 synodum
2497 4614 2653 4669 nulla
2674 4610 2828 4683 gravi
2851 4607 3234 4663 intercedente
3265 4604 3510 4658 necessi-

1880 4724 1994 4775 tate
2022 4713 2299 4788 corporali
2323 4711 2516 4766 venire
2547 4701 2968 4776 contempserit,
3002 4700 3146 4755 sicut
3173 4702 3381 4753 statuta
3410 4699 3509 4753 Pa-

1880 4819 2035 4869 trum
2055 4810 2421 4871 censuerunt,
2440 4818 2620 4875 usque
2641 4798 2713 4854 ad
2739 4798 2995 4853 futurum
3024 4792 3330 4850 concilium
3351 4807 3514 4847 cunc-

1879 4915 2068 4965 torum
2081 4904 2478 4976 episcoporum
2499 4893 2792 4951 charitatis
2812 4889 3219 4946 communione
3238 4887 3510 4960 privetur.

1949 5002 2058 5056 VII.
2088 5000 2167 5053 De
2197 4991 2528 5052 diceeesanis
2576 4986 2821 5045 ecclesiis
2865 4984 2955 5039 vel
3000 4984 3153 5038 clero
3200 4980 3257 5036 id
3304 4981 3515 5053 placuit

1881 5094 2127 5162 deﬁniri,
2146 5096 2210 5146 ut
2234 5085 2549 5164 presbyteri
2568 5085 2654 5139 vel
2670 5079 2911 5146 diaconi,
2929 5076 3027 5151 qui
3055 5075 3196 5131 inibi
3224 5074 3516 5131 constituti

1881 5196 2012 5246 sunt
2054 5205 2185 5243 cum
2223 5182 2439 5240 clericis
2474 5179 2821 5251 septimanas
2863 5174 3186 5238 observent,
3220 5170 3274 5225 id
3316 5173 3418 5233 est,
3450 5171 3515 5220 ut

1879 5282 2196 5359 presbyteri
2225 5295 2397 5334 unam
2422 5275 2636 5339 faciant
2680 5267 3121 5336 hebdomadam,
3150 5279 3263 5359 qua
3289 5261 3512 5332 expleta

1879 5357 2142 5436 succedat
2167 5375 2440 5431 diaconus
2470 5368 2523 5423 ei
2554 5366 2833 5433 similiter,
2863 5380 2931 5418 ea
2947 5357 3275 5416 conditione
3296 5358 3511 5409 servata

1878 5477 1947 5531 ut
1975 5470 2161 5528 omnis
2189 5469 2371 5523 clerus
2393 5464 2483 5519 die
2512 5460 2728 5517 sabbati
2747 5458 2820 5513 ad
2838 5469 3131 5528 vesperam
3161 5449 3234 5504 sit
3260 5453 3508 5519 paratus,

1883 5583 1995 5641 quo
2015 5563 2231 5622 facilius
2251 5561 2343 5617 die
2373 5555 2668 5613 Dominico
2695 5549 3025 5609 solemnitas
3045 5561 3173 5599 cum
3199 5539 3353 5641 omni
3376 5555 3515 5641 pra:-

1883 5633 2069 5719 s.entia
2118 5657 2454 5723 celebretur,
2502 5652 2581 5706 ita
2634 5654 2825 5703 tamen
2874 5646 2940 5697 ut
2988 5637 3255 5694 omnibus
3315 5633 3515 5688 diebus

1885 5771 2150 5827 vesperas
2163 5755 2221 5808 et
2232 5748 2540 5807 matutinas
2553 5734 3007 5806 celebrent,quia
3023 5731 3325 5787 desistente
3339 5730 3516 5797 clero,

1887 5822 2034 5927 quod
2064 5856 2146 5904 cst
2178 5845 2512 5921 pessimum,
2544 5833 2931 5912 comperimus
2960 5827 3020 5883 in
3046 5824 3291 5882 basilicis
3318 5840 3421 5881 nec
3440 5822 3524 5881 lu~
