  <div class='ocr_page' id='page_1' title='image "/cluster/home/n/w/nwhite01/storage/ocr_20150623/130/hvd.32044054759915/241.png"; bbox 0 0 3964 6178; ppageno 0'>
   <div class='ocr_carea' id='block_1_1' title="bbox 528 242 628 294">
    <p class='ocr_par' dir='ltr' id='par_1_1' title="bbox 528 242 628 294">
     <span class='ocr_line' id='line_1_1' title="bbox 528 242 628 294; baseline -0.03 0"><span class='ocrx_word' id='word_1_1' title='bbox 528 242 628 294; x_wconf 58' lang='lat'>42:4</span> 
     </span>
    </p>
   </div>
   <div class='ocr_carea' id='block_1_2' title="bbox 1420 237 2161 301">
    <p class='ocr_par' dir='ltr' id='par_1_2' title="bbox 1420 237 2160 291">
     <span class='ocr_line' id='line_1_2' title="bbox 1420 237 2160 291; baseline 0 -2"><span class='ocrx_word' id='word_1_2' title='bbox 1420 238 1706 290; x_wconf 68' lang='lat' dir='ltr'>APPEND.</span> <span class='ocrx_word' id='word_1_3' title='bbox 1746 237 1832 291; x_wconf 71' lang='lat' dir='ltr'><strong>AD</strong></span> <span class='ocrx_word' id='word_1_4' title='bbox 1872 237 2031 291; x_wconf 76' lang='lat' dir='ltr'>S:EC.</span> <span class='ocrx_word' id='word_1_5' title='bbox 2073 238 2160 290; x_wconf 84' lang='lat' dir='ltr'>IX.</span> 
     </span>
    </p>
   </div>
   <div class='ocr_carea' id='block_1_3' title="bbox 2273 237 3799 301">
    <p class='ocr_par' dir='ltr' id='par_1_3' title="bbox 2298 238 3799 301">
     <span class='ocr_line' id='line_1_3' title="bbox 2298 238 3799 301; baseline 0.005 -9"><span class='ocrx_word' id='word_1_6' title='bbox 2298 239 2536 292; x_wconf 68' lang='lat' dir='ltr'>ISIIIUHI</span> <span class='ocrx_word' id='word_1_7' title='bbox 2580 238 3002 294; x_wconf 63' lang='lat' dir='ltr'>.VlEltC.\&#39;l&#39;tlltlS</span> <span class='ocrx_word' id='word_1_8' title='bbox 3723 248 3799 301; x_wconf 64' lang='grc'>424</span> 
     </span>
    </p>
   </div>
   <div class='ocr_carea' id='block_1_4' title="bbox 530 342 3804 431">
    <p class='ocr_par' dir='ltr' id='par_1_4' title="bbox 530 342 3804 431">
     <span class='ocr_line' id='line_1_4' title="bbox 530 342 3804 431; baseline 0.001 -29"><span class='ocrx_word' id='word_1_9' title='bbox 530 348 773 402; x_wconf 78' lang='lat' dir='ltr'>minaria</span> <span class='ocrx_word' id='word_1_10' title='bbox 800 344 1126 399; x_wconf 75' lang='lat' dir='ltr'>ministrari.</span> <span class='ocrx_word' id='word_1_11' title='bbox 1152 344 1208 397; x_wconf 88' lang='lat' dir='ltr'>Si</span> <span class='ocrx_word' id='word_1_12' title='bbox 1230 342 1324 414; x_wconf 87' lang='lat' dir='ltr'>qui</span> <span class='ocrx_word' id='word_1_13' title='bbox 1345 360 1482 397; x_wconf 90' lang='lat' dir='ltr'>sane</span> <span class='ocrx_word' id='word_1_14' title='bbox 1504 344 1869 415; x_wconf 69' lang='lat' dir='ltr'>negligentia:</span> <span class='ocrx_word' id='word_1_15' title='bbox 1886 345 2023 399; x_wconf 91' lang='lat' dir='ltr'>vitio</span> <span class='ocrx_word' id='word_1_16' title='bbox 2041 345 2162 400; x_wconf 67' lang='lat' dir='ltr'>hzec</span> <span class='ocrx_word' id='word_1_17' title='bbox 2184 360 2242 431; x_wconf 75' lang='grc' dir='ltr'><strong>Α</strong></span> <span class='ocrx_word' id='word_1_18' title='bbox 2264 346 2489 417; x_wconf 84' lang='lat' dir='ltr'>aliquod</span> <span class='ocrx_word' id='word_1_19' title='bbox 2504 345 2884 400; x_wconf 87' lang='lat' dir='ltr'>ministerium</span> <span class='ocrx_word' id='word_1_20' title='bbox 2900 344 3804 421; x_wconf 70' lang='lat' dir='ltr'>ecclesiasticumpraasumautagere</span> 
     </span>
    </p>
   </div>
   <div class='ocr_carea' id='block_1_5' title="bbox 530 437 2164 512">
    <p class='ocr_par' dir='ltr' id='par_1_5' title="bbox 530 437 2164 512">
     <span class='ocr_line' id='line_1_5' title="bbox 530 437 2164 512; baseline -0.002 -16"><span class='ocrx_word' id='word_1_21' title='bbox 530 442 769 512; x_wconf 90' lang='lat' dir='ltr'>implere</span> <span class='ocrx_word' id='word_1_22' title='bbox 799 439 1107 503; x_wconf 72' lang='lat' dir='ltr'>noluerint,</span> <span class='ocrx_word' id='word_1_23' title='bbox 1139 437 1405 491; x_wconf 85' lang='lat' dir='ltr'>noverint</span> <span class='ocrx_word' id='word_1_24' title='bbox 1432 454 1489 491; x_wconf 91' lang='lat' dir='ltr'>se</span> <span class='ocrx_word' id='word_1_25' title='bbox 1511 438 1826 492; x_wconf 90' lang='lat' dir='ltr'>secundum</span> <span class='ocrx_word' id='word_1_26' title='bbox 1852 442 2061 493; x_wconf 85' lang='lat' dir='ltr'>statuta</span> <span class='ocrx_word' id='word_1_27' title='bbox 2080 457 2164 493; x_wconf 91' lang='lat' dir='ltr'>ca-</span> 
     </span>
    </p>
   </div>
   <div class='ocr_carea' id='block_1_6' title="bbox 527 528 2163 604">
    <p class='ocr_par' dir='ltr' id='par_1_6' title="bbox 527 528 2163 604">
     <span class='ocr_line' id='line_1_6' title="bbox 527 528 2163 604; baseline -0.001 -16"><span class='ocrx_word' id='word_1_28' title='bbox 527 551 743 588; x_wconf 89' lang='lat' dir='ltr'>nonum</span> <span class='ocrx_word' id='word_1_29' title='bbox 782 549 885 604; x_wconf 87' lang='lat' dir='ltr'>pro</span> <span class='ocrx_word' id='word_1_30' title='bbox 918 533 1092 586; x_wconf 92' lang='lat' dir='ltr'>modo</span> <span class='ocrx_word' id='word_1_31' title='bbox 1123 528 1500 603; x_wconf 77' lang='lat' dir='ltr'>personarum</span> <span class='ocrx_word' id='word_1_32' title='bbox 1533 533 1822 587; x_wconf 65' lang='lat' dir='ltr'>canonica:</span> <span class='ocrx_word' id='word_1_33' title='bbox 1850 532 2163 604; x_wconf 63' lang='lat' dir='ltr'>disciplinae</span> 
     </span>
    </p>
   </div>
   <div class='ocr_carea' id='block_1_7' title="bbox 527 627 875 682">
    <p class='ocr_par' dir='ltr' id='par_1_7' title="bbox 527 627 875 682">
     <span class='ocr_line' id='line_1_7' title="bbox 527 627 875 682; baseline -0.003 0"><span class='ocrx_word' id='word_1_34' title='bbox 527 627 875 682; x_wconf 90' lang='lat' dir='ltr'>subdendos.</span> 
     </span>
    </p>
   </div>
   <div class='ocr_carea' id='block_1_8' title="bbox 597 720 2159 792">
    <p class='ocr_par' dir='ltr' id='par_1_8' title="bbox 597 720 2159 792">
     <span class='ocr_line' id='line_1_8' title="bbox 597 720 2159 792; baseline -0.001 -17"><span class='ocrx_word' id='word_1_35' title='bbox 597 723 725 775; x_wconf 87' lang='lat' dir='ltr'>VIII.</span> <span class='ocrx_word' id='word_1_36' title='bbox 758 720 1062 776; x_wconf 85' lang='lat' dir='ltr'>Multorum</span> <span class='ocrx_word' id='word_1_37' title='bbox 1090 737 1261 776; x_wconf 89' lang='lat' dir='ltr'>causa</span> <span class='ocrx_word' id='word_1_38' title='bbox 1289 720 1640 792; x_wconf 81' lang='lat' dir='ltr'>experientia</span> <span class='ocrx_word' id='word_1_39' title='bbox 1666 721 2041 792; x_wconf 80' lang='lat' dir='ltr'>magistrante</span> <span class='ocrx_word' id='word_1_40' title='bbox 2069 738 2159 775; x_wconf 91' lang='lat' dir='ltr'>rc-</span> 
     </span>
    </p>
   </div>
   <div class='ocr_carea' id='block_1_9' title="bbox 526 813 2159 889">
    <p class='ocr_par' dir='ltr' id='par_1_9' title="bbox 526 813 2159 889">
     <span class='ocr_line' id='line_1_9' title="bbox 526 813 2159 889; baseline -0.001 -19"><span class='ocrx_word' id='word_1_41' title='bbox 526 816 783 889; x_wconf 88' lang='lat' dir='ltr'>perimus</span> <span class='ocrx_word' id='word_1_42' title='bbox 828 815 1135 870; x_wconf 90' lang='lat' dir='ltr'>nonnullas</span> <span class='ocrx_word' id='word_1_43' title='bbox 1175 814 1524 869; x_wconf 69' lang='lat' dir='ltr'>dimcesanas</span> <span class='ocrx_word' id='word_1_44' title='bbox 1558 813 1818 869; x_wconf 81' lang='lat' dir='ltr'>ecclesias</span> <span class='ocrx_word' id='word_1_45' title='bbox 1848 815 2159 870; x_wconf 78' lang='lat' dir='ltr'>destitutas.</span> 
     </span>
    </p>
   </div>
   <div class='ocr_carea' id='block_1_10' title="bbox 528 908 2163 981">
    <p class='ocr_par' dir='ltr' id='par_1_10' title="bbox 528 908 2163 981">
     <span class='ocr_line' id='line_1_10' title="bbox 528 908 2163 981; baseline -0.002 -17"><span class='ocrx_word' id='word_1_46' title='bbox 528 909 610 964; x_wconf 91' lang='lat' dir='ltr'>Ob</span> <span class='ocrx_word' id='word_1_47' title='bbox 639 926 816 981; x_wconf 88' lang='lat' dir='ltr'>quam</span> <span class='ocrx_word' id='word_1_48' title='bbox 838 926 963 963; x_wconf 88' lang='lat' dir='ltr'>rem</span> <span class='ocrx_word' id='word_1_49' title='bbox 986 908 1090 962; x_wconf 79' lang='lat' dir='ltr'>hac</span> <span class='ocrx_word' id='word_1_50' title='bbox 1112 908 1517 962; x_wconf 76' lang='lat' dir='ltr'>constitutione</span> <span class='ocrx_word' id='word_1_51' title='bbox 1546 908 1918 973; x_wconf 86' lang='lat' dir='ltr'>decrevimus,</span> <span class='ocrx_word' id='word_1_52' title='bbox 1943 912 2003 961; x_wconf 91' lang='lat' dir='ltr'>ut</span> <span class='ocrx_word' id='word_1_53' title='bbox 2021 908 2163 962; x_wconf 89' lang='lat' dir='ltr'>anti-</span> 
     </span>
    </p>
   </div>
   <div class='ocr_carea' id='block_1_11' title="bbox 526 1002 2163 1076">
    <p class='ocr_par' dir='ltr' id='par_1_11' title="bbox 526 1002 2163 1076">
     <span class='ocr_line' id='line_1_11' title="bbox 526 1002 2163 1076; baseline -0.002 -17"><span class='ocrx_word' id='word_1_54' title='bbox 526 1021 655 1076; x_wconf 56' lang='lat' dir='ltr'>qua:</span> <span class='ocrx_word' id='word_1_55' title='bbox 683 1002 1118 1058; x_wconf 86' lang='lat' dir='ltr'>consuetudinis</span> <span class='ocrx_word' id='word_1_56' title='bbox 1158 1003 1296 1056; x_wconf 85' lang='lat' dir='ltr'>ordo</span> <span class='ocrx_word' id='word_1_57' title='bbox 1325 1006 1597 1072; x_wconf 89' lang='lat' dir='ltr'>servetur,</span> <span class='ocrx_word' id='word_1_58' title='bbox 1628 1007 1684 1057; x_wconf 89' lang='lat' dir='ltr'>et</span> <span class='ocrx_word' id='word_1_59' title='bbox 1712 1002 1918 1056; x_wconf 83' lang='lat' dir='ltr'>annuis</span> <span class='ocrx_word' id='word_1_60' title='bbox 1947 1002 2163 1056; x_wconf 86' lang='lat' dir='ltr'>vicibus</span> 
     </span>
    </p>
   </div>
   <div class='ocr_carea' id='block_1_12' title="bbox 528 1095 2165 1169">
    <p class='ocr_par' dir='ltr' id='par_1_12' title="bbox 528 1095 2165 1169">
     <span class='ocr_line' id='line_1_12' title="bbox 528 1095 2165 1169; baseline -0.001 -17"><span class='ocrx_word' id='word_1_61' title='bbox 528 1099 599 1152; x_wconf 88' lang='lat' dir='ltr'>ab</span> <span class='ocrx_word' id='word_1_62' title='bbox 622 1098 886 1169; x_wconf 86' lang='lat' dir='ltr'>episcopo</span> <span class='ocrx_word' id='word_1_63' title='bbox 914 1097 1180 1152; x_wconf 61' lang='lat' dir='ltr'>dioeceses</span> <span class='ocrx_word' id='word_1_64' title='bbox 1206 1096 1524 1163; x_wconf 85' lang='lat' dir='ltr'>visitentur,</span> <span class='ocrx_word' id='word_1_65' title='bbox 1549 1100 1607 1149; x_wconf 90' lang='lat' dir='ltr'>et</span> <span class='ocrx_word' id='word_1_66' title='bbox 1637 1096 1683 1149; x_wconf 90' lang='lat' dir='ltr'>si</span> <span class='ocrx_word' id='word_1_67' title='bbox 1715 1113 1825 1167; x_wconf 90' lang='lat' dir='ltr'>qua</span> <span class='ocrx_word' id='word_1_68' title='bbox 1852 1096 1998 1151; x_wconf 91' lang='lat' dir='ltr'>forte</span> <span class='ocrx_word' id='word_1_69' title='bbox 2018 1095 2165 1150; x_wconf 88' lang='lat' dir='ltr'>basi-</span> 
     </span>
    </p>
   </div>
   <div class='ocr_carea' id='block_1_13' title="bbox 526 1189 2160 1262">
    <p class='ocr_par' dir='ltr' id='par_1_13' title="bbox 526 1189 2160 1262">
     <span class='ocr_line' id='line_1_13' title="bbox 526 1189 2160 1262; baseline -0.002 -16"><span class='ocrx_word' id='word_1_70' title='bbox 526 1193 633 1246; x_wconf 87' lang='lat' dir='ltr'>lica</span> <span class='ocrx_word' id='word_1_71' title='bbox 659 1196 887 1262; x_wconf 89' lang='lat' dir='ltr'>reperta</span> <span class='ocrx_word' id='word_1_72' title='bbox 930 1191 1105 1245; x_wconf 89' lang='lat' dir='ltr'>fuerit</span> <span class='ocrx_word' id='word_1_73' title='bbox 1147 1190 1435 1257; x_wconf 89' lang='lat' dir='ltr'>destituta,</span> <span class='ocrx_word' id='word_1_74' title='bbox 1469 1189 1826 1245; x_wconf 85' lang='lat' dir='ltr'>ordinatione</span> <span class='ocrx_word' id='word_1_75' title='bbox 1866 1189 2042 1261; x_wconf 90' lang='lat' dir='ltr'>ipsius</span> <span class='ocrx_word' id='word_1_76' title='bbox 2069 1206 2160 1243; x_wconf 89' lang='lat' dir='ltr'>re—</span> 
     </span>
    </p>
   </div>
   <div class='ocr_carea' id='block_1_14' title="bbox 526 1284 2163 1358">
    <p class='ocr_par' dir='ltr' id='par_1_14' title="bbox 526 1284 2163 1358">
     <span class='ocr_line' id='line_1_14' title="bbox 526 1284 2163 1358; baseline -0.002 -18"><span class='ocrx_word' id='word_1_77' title='bbox 526 1286 714 1358; x_wconf 82' lang='lat' dir='ltr'>parari</span> <span class='ocrx_word' id='word_1_78' title='bbox 746 1285 1130 1357; x_wconf 61' lang='lat' dir='ltr'>praacipiatur,</span> <span class='ocrx_word' id='word_1_79' title='bbox 1159 1284 1293 1355; x_wconf 85' lang='lat' dir='ltr'>quia</span> <span class='ocrx_word' id='word_1_80' title='bbox 1320 1284 1490 1352; x_wconf 79' lang='lat' dir='ltr'>tertia</span> <span class='ocrx_word' id='word_1_81' title='bbox 1526 1301 1595 1339; x_wconf 82' lang='lat' dir='ltr'>ex</span> <span class='ocrx_word' id='word_1_82' title='bbox 1632 1284 1899 1339; x_wconf 85' lang='lat' dir='ltr'>omnibus</span> <span class='ocrx_word' id='word_1_83' title='bbox 1928 1284 2163 1355; x_wconf 88' lang='lat' dir='ltr'>antiqua</span> 
     </span>
    </p>
   </div>
   <div class='ocr_carea' id='block_1_15' title="bbox 524 1378 2158 1450">
    <p class='ocr_par' dir='ltr' id='par_1_15' title="bbox 524 1378 2158 1450">
     <span class='ocr_line' id='line_1_15' title="bbox 524 1378 2158 1450; baseline -0.001 -16"><span class='ocrx_word' id='word_1_84' title='bbox 524 1379 830 1436; x_wconf 86' lang='lat' dir='ltr'>traditione</span> <span class='ocrx_word' id='word_1_85' title='bbox 856 1382 921 1434; x_wconf 88' lang='lat' dir='ltr'>ut</span> <span class='ocrx_word' id='word_1_86' title='bbox 952 1378 1263 1450; x_wconf 88' lang='lat' dir='ltr'>accipiatur</span> <span class='ocrx_word' id='word_1_87' title='bbox 1292 1379 1363 1433; x_wconf 91' lang='lat' dir='ltr'>ab</span> <span class='ocrx_word' id='word_1_88' title='bbox 1394 1378 1692 1449; x_wconf 88' lang='lat' dir='ltr'>episcopis,</span> <span class='ocrx_word' id='word_1_89' title='bbox 1737 1378 1997 1432; x_wconf 88' lang='lat' dir='ltr'>novimus</span> <span class='ocrx_word' id='word_1_90' title='bbox 2044 1381 2158 1432; x_wconf 91' lang='lat' dir='ltr'>sta-</span> 
     </span>
    </p>
   </div>
   <div class='ocr_carea' id='block_1_16' title="bbox 524 1474 1416 1530">
    <p class='ocr_par' dir='ltr' id='par_1_16' title="bbox 524 1474 1416 1530">
     <span class='ocr_line' id='line_1_16' title="bbox 524 1474 1416 1530; baseline -0.001 0"><span class='ocrx_word' id='word_1_91' title='bbox 524 1478 711 1530; x_wconf 88' lang='lat' dir='ltr'>tutum</span> <span class='ocrx_word' id='word_1_92' title='bbox 724 1517 736 1530; x_wconf 93' lang='lat'>.</span> <span class='ocrx_word' id='word_1_93' title='bbox 1410 1474 1416 1479; x_wconf 79' lang='grc'><em>’</em></span> 
     </span>
    </p>
   </div>
   <div class='ocr_carea' id='block_1_17' title="bbox 596 1565 2163 1639">
    <p class='ocr_par' dir='ltr' id='par_1_17' title="bbox 596 1565 2163 1639">
     <span class='ocr_line' id='line_1_17' title="bbox 596 1565 2163 1639; baseline -0.003 -17"><span class='ocrx_word' id='word_1_94' title='bbox 596 1570 676 1623; x_wconf 86' lang='grc' dir='ltr'>ΙΧ.</span> <span class='ocrx_word' id='word_1_95' title='bbox 709 1568 765 1623; x_wconf 93' lang='lat' dir='ltr'>Si</span> <span class='ocrx_word' id='word_1_96' title='bbox 797 1568 924 1639; x_wconf 87' lang='lat' dir='ltr'>quis</span> <span class='ocrx_word' id='word_1_97' title='bbox 968 1567 1243 1622; x_wconf 91' lang='lat' dir='ltr'>lectorum</span> <span class='ocrx_word' id='word_1_98' title='bbox 1292 1566 1563 1621; x_wconf 63' lang='lat' dir='ltr'>adulterae</span> <span class='ocrx_word' id='word_1_99' title='bbox 1610 1565 1872 1621; x_wconf 88' lang='lat' dir='ltr'>mulieris</span> <span class='ocrx_word' id='word_1_100' title='bbox 1916 1565 2163 1620; x_wconf 91' lang='lat' dir='ltr'>voluerit</span> 
     </span>
    </p>
   </div>
   <div class='ocr_carea' id='block_1_18' title="bbox 525 1659 2160 1730">
    <p class='ocr_par' dir='ltr' id='par_1_18' title="bbox 525 1659 2160 1730">
     <span class='ocr_line' id='line_1_18' title="bbox 525 1659 2160 1730; baseline -0.004 -12"><span class='ocrx_word' id='word_1_101' title='bbox 525 1662 754 1718; x_wconf 86' lang='lat' dir='ltr'>misceri</span> <span class='ocrx_word' id='word_1_102' title='bbox 783 1662 869 1717; x_wconf 85' lang='lat' dir='ltr'>vel</span> <span class='ocrx_word' id='word_1_103' title='bbox 887 1661 1177 1715; x_wconf 67' lang='lat' dir='ltr'>adhaerere</span> <span class='ocrx_word' id='word_1_104' title='bbox 1199 1660 1503 1727; x_wconf 90' lang='lat' dir='ltr'>consortio,</span> <span class='ocrx_word' id='word_1_105' title='bbox 1523 1662 1622 1713; x_wconf 88' lang='lat' dir='ltr'>aut</span> <span class='ocrx_word' id='word_1_106' title='bbox 1636 1660 1925 1730; x_wconf 86' lang='lat' dir='ltr'>relinquat</span> <span class='ocrx_word' id='word_1_107' title='bbox 1945 1659 2160 1713; x_wconf 89' lang='lat' dir='ltr'>adulte-</span> 
     </span>
    </p>
   </div>
   <div class='ocr_carea' id='block_1_19' title="bbox 2262 438 3805 511">
    <p class='ocr_par' dir='ltr' id='par_1_19' title="bbox 2262 438 3805 511">
     <span class='ocr_line' id='line_1_19' title="bbox 2262 438 3805 511; baseline 0.003 -17"><span class='ocrx_word' id='word_1_108' title='bbox 2262 440 2659 511; x_wconf 90' lang='lat' dir='ltr'>prohibemus,</span> <span class='ocrx_word' id='word_1_109' title='bbox 2694 441 2801 493; x_wconf 91' lang='lat' dir='ltr'>nisi</span> <span class='ocrx_word' id='word_1_110' title='bbox 2826 440 2973 494; x_wconf 87' lang='lat' dir='ltr'>forte</span> <span class='ocrx_word' id='word_1_111' title='bbox 3003 455 3134 493; x_wconf 90' lang='lat' dir='ltr'>cum</span> <span class='ocrx_word' id='word_1_112' title='bbox 3159 438 3370 493; x_wconf 83' lang='lat' dir='ltr'>abbatis</span> <span class='ocrx_word' id='word_1_113' title='bbox 3389 440 3805 511; x_wconf 87' lang='lat' dir='ltr'>imperio.Simili-</span> 
     </span>
    </p>
   </div>
   <div class='ocr_carea' id='block_1_20' title="bbox 2265 533 3811 601">
    <p class='ocr_par' dir='ltr' id='par_1_20' title="bbox 2265 533 3811 601">
     <span class='ocr_line' id='line_1_20' title="bbox 2265 533 3811 601; baseline 0.003 -14"><span class='ocrx_word' id='word_1_114' title='bbox 2265 537 2352 587; x_wconf 88' lang='lat' dir='ltr'>ter</span> <span class='ocrx_word' id='word_1_115' title='bbox 2380 539 2445 588; x_wconf 88' lang='lat' dir='ltr'>ut</span> <span class='ocrx_word' id='word_1_116' title='bbox 2473 534 2662 588; x_wconf 91' lang='lat' dir='ltr'>nullus</span> <span class='ocrx_word' id='word_1_117' title='bbox 2693 550 2910 601; x_wconf 90' lang='lat' dir='ltr'>eorum,</span> <span class='ocrx_word' id='word_1_118' title='bbox 2945 533 3002 587; x_wconf 92' lang='lat' dir='ltr'>id</span> <span class='ocrx_word' id='word_1_119' title='bbox 3048 536 3134 585; x_wconf 90' lang='lat' dir='ltr'>est</span> <span class='ocrx_word' id='word_1_120' title='bbox 3174 533 3580 599; x_wconf 84' lang='lat' dir='ltr'>monachorum,</span> <span class='ocrx_word' id='word_1_121' title='bbox 3618 535 3811 591; x_wconf 82' lang='lat' dir='ltr'>forensis</span> 
     </span>
    </p>
   </div>
   <div class='ocr_carea' id='block_1_21' title="bbox 2264 626 3811 700">
    <p class='ocr_par' dir='ltr' id='par_1_21' title="bbox 2264 626 3811 700">
     <span class='ocr_line' id='line_1_21' title="bbox 2264 626 3811 700; baseline 0.002 -18"><span class='ocrx_word' id='word_1_122' title='bbox 2264 627 2481 697; x_wconf 85' lang='lat' dir='ltr'>negotii</span> <span class='ocrx_word' id='word_1_123' title='bbox 2509 630 2801 699; x_wconf 86' lang='lat' dir='ltr'>susceptor</span> <span class='ocrx_word' id='word_1_124' title='bbox 2824 626 2909 681; x_wconf 89' lang='lat' dir='ltr'>vel</span> <span class='ocrx_word' id='word_1_125' title='bbox 2941 628 3236 681; x_wconf 86' lang='lat' dir='ltr'>exsecutor</span> <span class='ocrx_word' id='word_1_126' title='bbox 3265 626 3472 694; x_wconf 84' lang='lat' dir='ltr'>existat,</span> <span class='ocrx_word' id='word_1_127' title='bbox 3502 628 3599 681; x_wconf 89' lang='lat' dir='ltr'>nisi</span> <span class='ocrx_word' id='word_1_128' title='bbox 3624 628 3672 683; x_wconf 90' lang='lat' dir='ltr'>id</span> <span class='ocrx_word' id='word_1_129' title='bbox 3692 632 3811 700; x_wconf 89' lang='lat' dir='ltr'>quod</span> 
     </span>
    </p>
   </div>
   <div class='ocr_carea' id='block_1_22' title="bbox 2264 719 3815 792">
    <p class='ocr_par' dir='ltr' id='par_1_22' title="bbox 2264 719 3815 792">
     <span class='ocr_line' id='line_1_22' title="bbox 2264 719 3815 792; baseline 0.001 -17"><span class='ocrx_word' id='word_1_130' title='bbox 2264 721 2600 776; x_wconf 85' lang='lat' dir='ltr'>monasterii</span> <span class='ocrx_word' id='word_1_131' title='bbox 2619 720 2866 792; x_wconf 85' lang='lat' dir='ltr'>exposcit</span> <span class='ocrx_word' id='word_1_132' title='bbox 2890 720 3126 789; x_wconf 88' lang='lat' dir='ltr'>utilitas,</span> <span class='ocrx_word' id='word_1_133' title='bbox 3155 719 3352 775; x_wconf 86' lang='lat' dir='ltr'>abbate</span> <span class='ocrx_word' id='word_1_134' title='bbox 3381 719 3479 774; x_wconf 87' lang='lat' dir='ltr'>sibi</span> <span class='ocrx_word' id='word_1_135' title='bbox 3509 720 3815 777; x_wconf 85' lang='lat' dir='ltr'>nihilominus</span> 
     </span>
    </p>
   </div>
   <div class='ocr_carea' id='block_1_23' title="bbox 2262 813 3815 886">
    <p class='ocr_par' dir='ltr' id='par_1_23' title="bbox 2262 813 3815 886">
     <span class='ocr_line' id='line_1_23' title="bbox 2262 813 3815 886; baseline 0.001 -16"><span class='ocrx_word' id='word_1_136' title='bbox 2262 815 2600 886; x_wconf 87' lang='lat' dir='ltr'>imperante,</span> <span class='ocrx_word' id='word_1_137' title='bbox 2634 831 2918 869; x_wconf 90' lang='lat' dir='ltr'>canonum</span> <span class='ocrx_word' id='word_1_138' title='bbox 2965 817 3095 868; x_wconf 82' lang='lat' dir='ltr'>ante</span> <span class='ocrx_word' id='word_1_139' title='bbox 3142 813 3332 868; x_wconf 88' lang='lat' dir='ltr'>omnia</span> <span class='ocrx_word' id='word_1_140' title='bbox 3372 813 3735 870; x_wconf 86' lang='lat' dir='ltr'>Gallicanorum</span> <span class='ocrx_word' id='word_1_141' title='bbox 3765 818 3815 872; x_wconf 87' lang='lat' dir='ltr'>de</span> 
     </span>
    </p>
   </div>
   <div class='ocr_carea' id='block_1_24' title="bbox 2264 908 3053 964">
    <p class='ocr_par' dir='ltr' id='par_1_24' title="bbox 2264 908 3053 964">
     <span class='ocr_line' id='line_1_24' title="bbox 2264 908 3053 964; baseline -0.001 -2"><span class='ocrx_word' id='word_1_142' title='bbox 2264 908 2351 963; x_wconf 92' lang='lat' dir='ltr'>his</span> <span class='ocrx_word' id='word_1_143' title='bbox 2381 908 2786 964; x_wconf 83' lang='lat' dir='ltr'>constitutione</span> <span class='ocrx_word' id='word_1_144' title='bbox 2815 910 3053 963; x_wconf 87' lang='lat' dir='ltr'>servata.</span> 
     </span>
    </p>
   </div>
   <div class='ocr_carea' id='block_1_25' title="bbox 2335 1001 3817 1074">
    <p class='ocr_par' dir='ltr' id='par_1_25' title="bbox 2335 1001 3817 1074">
     <span class='ocr_line' id='line_1_25' title="bbox 2335 1001 3817 1074; baseline 0.001 -17"><span class='ocrx_word' id='word_1_145' title='bbox 2335 1004 2442 1058; x_wconf 82' lang='lat' dir='ltr'>XII.</span> <span class='ocrx_word' id='word_1_146' title='bbox 2470 1003 2660 1058; x_wconf 90' lang='lat' dir='ltr'>Sicubi</span> <span class='ocrx_word' id='word_1_147' title='bbox 2688 1001 2989 1057; x_wconf 90' lang='lat' dir='ltr'>defunctus</span> <span class='ocrx_word' id='word_1_148' title='bbox 3028 1001 3207 1057; x_wconf 87' lang='lat' dir='ltr'>fuerit</span> <span class='ocrx_word' id='word_1_149' title='bbox 3250 1001 3534 1074; x_wconf 89' lang='lat' dir='ltr'>episcopus</span> <span class='ocrx_word' id='word_1_150' title='bbox 3555 1003 3817 1072; x_wconf 87' lang='lat' dir='ltr'>intestatus,</span> 
     </span>
    </p>
   </div>
   <div class='ocr_carea' id='block_1_26' title="bbox 2261 1095 3821 1168">
    <p class='ocr_par' dir='ltr' id='par_1_26' title="bbox 2261 1095 3821 1168">
     <span class='ocr_line' id='line_1_26' title="bbox 2261 1095 3821 1168; baseline 0.001 -18"><span class='ocrx_word' id='word_1_151' title='bbox 2261 1100 2393 1168; x_wconf 92' lang='lat' dir='ltr'>post</span> <span class='ocrx_word' id='word_1_152' title='bbox 2423 1097 2849 1151; x_wconf 88' lang='lat' dir='ltr'>defunctionem</span> <span class='ocrx_word' id='word_1_153' title='bbox 2879 1096 3003 1167; x_wconf 86' lang='lat' dir='ltr'>ejus</span> <span class='ocrx_word' id='word_1_154' title='bbox 3032 1113 3065 1150; x_wconf 91' lang='lat' dir='ltr'>a</span> <span class='ocrx_word' id='word_1_155' title='bbox 3096 1095 3437 1167; x_wconf 82' lang='lat' dir='ltr'>presbyteris</span> <span class='ocrx_word' id='word_1_156' title='bbox 3474 1101 3527 1151; x_wconf 91' lang='lat' dir='ltr'>et</span> <span class='ocrx_word' id='word_1_157' title='bbox 3552 1097 3821 1152; x_wconf 87' lang='lat' dir='ltr'>diaconibus</span> 
     </span>
    </p>
   </div>
   <div class='ocr_carea' id='block_1_27' title="bbox 2264 1189 3823 1261">
    <p class='ocr_par' dir='ltr' id='par_1_27' title="bbox 2264 1189 3823 1261">
     <span class='ocr_line' id='line_1_27' title="bbox 2264 1189 3823 1261; baseline -0.001 -15"><span class='ocrx_word' id='word_1_158' title='bbox 2264 1191 2332 1246; x_wconf 90' lang='lat' dir='ltr'>de</span> <span class='ocrx_word' id='word_1_159' title='bbox 2359 1190 2530 1245; x_wconf 87' lang='lat' dir='ltr'>rebus</span> <span class='ocrx_word' id='word_1_160' title='bbox 2556 1191 2733 1261; x_wconf 86' lang='lat' dir='ltr'>ipsius</span> <span class='ocrx_word' id='word_1_161' title='bbox 2761 1190 3142 1245; x_wconf 88' lang='lat' dir='ltr'>inventarium</span> <span class='ocrx_word' id='word_1_162' title='bbox 3180 1190 3420 1245; x_wconf 85' lang='lat' dir='ltr'>ﬁdeliter</span> <span class='ocrx_word' id='word_1_163' title='bbox 3447 1189 3778 1245; x_wconf 87' lang='lat' dir='ltr'>conscribatur</span> <span class='ocrx_word' id='word_1_164' title='bbox 3799 1210 3823 1244; x_wconf 74' lang='grc' dir='ltr'>θ.</span> 
     </span>
    </p>
   </div>
   <div class='ocr_carea' id='block_1_28' title="bbox 2261 1284 3823 1356">
    <p class='ocr_par' dir='ltr' id='par_1_28' title="bbox 2261 1284 3823 1356">
     <span class='ocr_line' id='line_1_28' title="bbox 2261 1284 3823 1356; baseline 0 -18"><span class='ocrx_word' id='word_1_165' title='bbox 2261 1285 2500 1339; x_wconf 91' lang='lat' dir='ltr'>minimo</span> <span class='ocrx_word' id='word_1_166' title='bbox 2530 1301 2706 1356; x_wconf 90' lang='lat' dir='ltr'>usque</span> <span class='ocrx_word' id='word_1_167' title='bbox 2735 1285 2809 1339; x_wconf 91' lang='lat' dir='ltr'>ad</span> <span class='ocrx_word' id='word_1_168' title='bbox 2836 1284 3174 1354; x_wconf 85' lang='lat' dir='ltr'>maximum,</span> <span class='ocrx_word' id='word_1_169' title='bbox 3217 1284 3272 1338; x_wconf 92' lang='lat' dir='ltr'>id</span> <span class='ocrx_word' id='word_1_170' title='bbox 3304 1289 3404 1352; x_wconf 90' lang='lat' dir='ltr'>est,</span> <span class='ocrx_word' id='word_1_171' title='bbox 3446 1284 3737 1340; x_wconf 87' lang='lat' dir='ltr'>utensilibus</span> <span class='ocrx_word' id='word_1_172' title='bbox 3757 1285 3823 1338; x_wconf 85' lang='lat' dir='ltr'>vel</span> 
     </span>
    </p>
   </div>
   <div class='ocr_carea' id='block_1_29' title="bbox 2264 1376 3821 1450">
    <p class='ocr_par' dir='ltr' id='par_1_29' title="bbox 2264 1376 3821 1450">
     <span class='ocr_line' id='line_1_29' title="bbox 2264 1376 3821 1450; baseline -0.003 -16"><span class='ocrx_word' id='word_1_173' title='bbox 2264 1380 2421 1434; x_wconf 90' lang='lat' dir='ltr'>omni</span> <span class='ocrx_word' id='word_1_174' title='bbox 2452 1378 2859 1450; x_wconf 89' lang='lat' dir='ltr'>suppellectile,</span> <span class='ocrx_word' id='word_1_175' title='bbox 2888 1378 2964 1433; x_wconf 88' lang='lat' dir='ltr'>ita</span> <span class='ocrx_word' id='word_1_176' title='bbox 2990 1382 3183 1433; x_wconf 89' lang='lat' dir='ltr'>tamen</span> <span class='ocrx_word' id='word_1_177' title='bbox 3214 1383 3275 1433; x_wconf 91' lang='lat' dir='ltr'>ut</span> <span class='ocrx_word' id='word_1_178' title='bbox 3303 1377 3347 1431; x_wconf 91' lang='lat' dir='ltr'>si</span> <span class='ocrx_word' id='word_1_179' title='bbox 3378 1378 3500 1449; x_wconf 82' lang='lat' dir='ltr'>quis</span> <span class='ocrx_word' id='word_1_180' title='bbox 3542 1376 3721 1432; x_wconf 82' lang='lat' dir='ltr'>exinde</span> <span class='ocrx_word' id='word_1_181' title='bbox 3755 1378 3821 1431; x_wconf 83' lang='lat' dir='ltr'>vel</span> 
     </span>
    </p>
   </div>
   <div class='ocr_carea' id='block_1_30' title="bbox 2261 1460 3822 1545">
    <p class='ocr_par' dir='ltr' id='par_1_30' title="bbox 2261 1460 3822 1545">
     <span class='ocr_line' id='line_1_30' title="bbox 2261 1460 3822 1545; baseline -0.002 -18"><span class='ocrx_word' id='word_1_182' title='bbox 2261 1473 2686 1545; x_wconf 70' lang='lat' dir='ltr'>praesumpsisse</span> <span class='ocrx_word' id='word_1_183' title='bbox 2715 1472 2932 1544; x_wconf 90' lang='lat' dir='ltr'>aliquid</span> <span class='ocrx_word' id='word_1_184' title='bbox 2958 1472 3046 1527; x_wconf 86' lang='lat' dir='ltr'>vel</span> <span class='ocrx_word' id='word_1_185' title='bbox 3072 1472 3290 1527; x_wconf 90' lang='lat' dir='ltr'>occulte</span> <span class='ocrx_word' id='word_1_186' title='bbox 3325 1471 3489 1527; x_wconf 89' lang='lat' dir='ltr'>fuerit</span> <span class='ocrx_word' id='word_1_187' title='bbox 3512 1460 3685 1526; x_wconf 76' lang='lat' dir='ltr'>tulisse</span> <span class='ocrx_word' id='word_1_188' title='bbox 3716 1488 3822 1525; x_wconf 85' lang='lat' dir='ltr'>con-</span> 
     </span>
    </p>
   </div>
   <div class='ocr_carea' id='block_1_31' title="bbox 2261 1564 3820 1633">
    <p class='ocr_par' dir='ltr' id='par_1_31' title="bbox 2261 1564 3820 1633">
     <span class='ocr_line' id='line_1_31' title="bbox 2261 1564 3820 1633; baseline -0.002 -13"><span class='ocrx_word' id='word_1_189' title='bbox 2261 1564 2459 1633; x_wconf 89' lang='lat' dir='ltr'>victus,</span> <span class='ocrx_word' id='word_1_190' title='bbox 2495 1566 2807 1622; x_wconf 88' lang='lat' dir='ltr'>secundum</span> <span class='ocrx_word' id='word_1_191' title='bbox 2845 1566 2984 1621; x_wconf 87' lang='lat' dir='ltr'>furti</span> <span class='ocrx_word' id='word_1_192' title='bbox 3014 1569 3275 1621; x_wconf 89' lang='lat' dir='ltr'>tenorem</span> <span class='ocrx_word' id='word_1_193' title='bbox 3320 1565 3568 1621; x_wconf 87' lang='lat' dir='ltr'>restituat</span> <span class='ocrx_word' id='word_1_194' title='bbox 3595 1565 3820 1619; x_wconf 82' lang='lat' dir='ltr'>universa.</span> 
     </span>
    </p>
   </div>
   <div class='ocr_carea' id='block_1_32' title="bbox 2331 1658 3822 1732">
    <p class='ocr_par' dir='ltr' id='par_1_32' title="bbox 2331 1658 3822 1732">
     <span class='ocr_line' id='line_1_32' title="bbox 2331 1658 3822 1732; baseline -0.002 -17"><span class='ocrx_word' id='word_1_195' title='bbox 2331 1660 2465 1715; x_wconf 85' lang='lat' dir='ltr'>XIII.</span> <span class='ocrx_word' id='word_1_196' title='bbox 2497 1659 2760 1732; x_wconf 80' lang='lat' dir='ltr'>Epistolae</span> <span class='ocrx_word' id='word_1_197' title='bbox 2802 1660 2941 1714; x_wconf 89' lang='lat' dir='ltr'>tales</span> <span class='ocrx_word' id='word_1_198' title='bbox 2990 1677 3095 1732; x_wconf 88' lang='lat' dir='ltr'>per</span> <span class='ocrx_word' id='word_1_199' title='bbox 3142 1665 3333 1731; x_wconf 88' lang='lat' dir='ltr'>partes</span> <span class='ocrx_word' id='word_1_200' title='bbox 3376 1677 3409 1714; x_wconf 93' lang='lat' dir='ltr'>a</span> <span class='ocrx_word' id='word_1_201' title='bbox 3452 1658 3822 1729; x_wconf 79' lang='lat' dir='ltr'>metropolitano</span> 
     </span>
    </p>
   </div>
   <div class='ocr_carea' id='block_1_33' title="bbox 523 1737 3825 1827">
    <p class='ocr_par' dir='ltr' id='par_1_33' title="bbox 523 1737 3825 1827">
     <span class='ocr_line' id='line_1_33' title="bbox 523 1737 3825 1827; baseline -0.002 -16"><span class='ocrx_word' id='word_1_202' title='bbox 523 1774 668 1827; x_wconf 88' lang='lat' dir='ltr'>ram,</span> <span class='ocrx_word' id='word_1_203' title='bbox 699 1761 797 1811; x_wconf 88' lang='lat' dir='ltr'>aut</span> <span class='ocrx_word' id='word_1_204' title='bbox 827 1772 860 1810; x_wconf 90' lang='lat' dir='ltr'>a</span> <span class='ocrx_word' id='word_1_205' title='bbox 884 1757 1033 1809; x_wconf 91' lang='lat' dir='ltr'>clero</span> <span class='ocrx_word' id='word_1_206' title='bbox 1062 1755 1335 1809; x_wconf 84' lang='lat' dir='ltr'>habeatur</span> <span class='ocrx_word' id='word_1_207' title='bbox 1358 1760 1678 1809; x_wconf 80' lang='lat' dir='ltr'>extraneus.</span> <span class='ocrx_word' id='word_1_208' title='bbox 1715 1753 1901 1808; x_wconf 88' lang='lat' dir='ltr'>Simili</span> <span class='ocrx_word' id='word_1_209' title='bbox 1930 1757 2156 1809; x_wconf 88' lang='lat' dir='ltr'>senten-</span> <span class='ocrx_word' id='word_1_210' title='bbox 2177 1737 2236 1809; x_wconf 88' lang='grc' dir='ltr'><strong>Β</strong></span> <span class='ocrx_word' id='word_1_211' title='bbox 2260 1759 2393 1809; x_wconf 89' lang='lat' dir='ltr'>sunt</span> <span class='ocrx_word' id='word_1_212' title='bbox 2421 1754 2757 1825; x_wconf 61' lang='lat' dir='ltr'>dirigenda},</span> <span class='ocrx_word' id='word_1_213' title='bbox 2790 1759 2851 1808; x_wconf 90' lang='lat' dir='ltr'>ut</span> <span class='ocrx_word' id='word_1_214' title='bbox 2875 1771 2989 1809; x_wconf 89' lang='lat' dir='ltr'>non</span> <span class='ocrx_word' id='word_1_215' title='bbox 3019 1755 3205 1809; x_wconf 91' lang='lat' dir='ltr'>solum</span> <span class='ocrx_word' id='word_1_216' title='bbox 3225 1771 3258 1807; x_wconf 91' lang='lat' dir='ltr'>a</span> <span class='ocrx_word' id='word_1_217' title='bbox 3278 1752 3676 1809; x_wconf 87' lang='lat' dir='ltr'>cathedralibus</span> <span class='ocrx_word' id='word_1_218' title='bbox 3693 1753 3825 1807; x_wconf 81' lang='lat' dir='ltr'>eccle-</span> 
     </span>
    </p>
   </div>
   <div class='ocr_carea' id='block_1_34' title="bbox 522 1848 1595 1920">
    <p class='ocr_par' dir='ltr' id='par_1_34' title="bbox 522 1848 1595 1920">
     <span class='ocr_line' id='line_1_34' title="bbox 522 1848 1595 1920; baseline -0.002 -15"><span class='ocrx_word' id='word_1_219' title='bbox 522 1851 602 1906; x_wconf 89' lang='lat' dir='ltr'>tia</span> <span class='ocrx_word' id='word_1_220' title='bbox 630 1848 1015 1905; x_wconf 85' lang='lat' dir='ltr'>ostiariorium</span> <span class='ocrx_word' id='word_1_221' title='bbox 1042 1849 1315 1920; x_wconf 90' lang='lat' dir='ltr'>punietur</span> <span class='ocrx_word' id='word_1_222' title='bbox 1342 1848 1595 1903; x_wconf 89' lang='lat' dir='ltr'>lascivia.</span> 
     </span>
    </p>
   </div>
   <div class='ocr_carea' id='block_1_35' title="bbox 594 1940 2161 2015">
    <p class='ocr_par' dir='ltr' id='par_1_35' title="bbox 594 1940 2161 2015">
     <span class='ocr_line' id='line_1_35' title="bbox 594 1940 2161 2015; baseline -0.003 -15"><span class='ocrx_word' id='word_1_223' title='bbox 594 1948 658 2001; x_wconf 84' lang='grc' dir='ltr'>Χ.</span> <span class='ocrx_word' id='word_1_224' title='bbox 692 1943 1125 2000; x_wconf 84' lang='lat' dir='ltr'>Observandum</span> <span class='ocrx_word' id='word_1_225' title='bbox 1152 1959 1382 2015; x_wconf 88' lang='lat' dir='ltr'>quoque</span> <span class='ocrx_word' id='word_1_226' title='bbox 1413 1943 1786 2012; x_wconf 86' lang='lat' dir='ltr'>decrevimus,</span> <span class='ocrx_word' id='word_1_227' title='bbox 1820 1959 1892 1997; x_wconf 91' lang='lat' dir='ltr'>ne</span> <span class='ocrx_word' id='word_1_228' title='bbox 1924 1940 2050 2013; x_wconf 87' lang='lat' dir='ltr'>quis</span> <span class='ocrx_word' id='word_1_229' title='bbox 2080 1958 2161 1996; x_wconf 88' lang='lat' dir='ltr'>sa-</span> 
     </span>
    </p>
   </div>
   <div class='ocr_carea' id='block_1_36' title="bbox 522 2035 2160 2107">
    <p class='ocr_par' dir='ltr' id='par_1_36' title="bbox 522 2035 2160 2107">
     <span class='ocr_line' id='line_1_36' title="bbox 522 2035 2160 2107; baseline -0.004 -12"><span class='ocrx_word' id='word_1_230' title='bbox 522 2040 822 2095; x_wconf 91' lang='lat' dir='ltr'>cerdotum</span> <span class='ocrx_word' id='word_1_231' title='bbox 847 2039 935 2093; x_wconf 89' lang='lat' dir='ltr'>vel</span> <span class='ocrx_word' id='word_1_232' title='bbox 961 2037 1295 2092; x_wconf 86' lang='lat' dir='ltr'>clericorum</span> <span class='ocrx_word' id='word_1_233' title='bbox 1328 2054 1489 2092; x_wconf 89' lang='lat' dir='ltr'>more</span> <span class='ocrx_word' id='word_1_234' title='bbox 1517 2037 1876 2092; x_wconf 81' lang='lat' dir='ltr'>saecularium</span> <span class='ocrx_word' id='word_1_235' title='bbox 1899 2035 2160 2107; x_wconf 88' lang='lat' dir='ltr'>judicum</span> 
     </span>
    </p>
   </div>
   <div class='ocr_carea' id='block_1_37' title="bbox 522 2130 2157 2203">
    <p class='ocr_par' dir='ltr' id='par_1_37' title="bbox 522 2130 2157 2203">
     <span class='ocr_line' id='line_1_37' title="bbox 522 2130 2157 2203; baseline -0.002 -16"><span class='ocrx_word' id='word_1_236' title='bbox 522 2134 729 2189; x_wconf 88' lang='lat' dir='ltr'>audeat</span> <span class='ocrx_word' id='word_1_237' title='bbox 772 2132 1030 2203; x_wconf 90' lang='lat' dir='ltr'>accipere</span> <span class='ocrx_word' id='word_1_238' title='bbox 1078 2148 1180 2202; x_wconf 89' lang='lat' dir='ltr'>pro</span> <span class='ocrx_word' id='word_1_239' title='bbox 1218 2131 1489 2202; x_wconf 85' lang='lat' dir='ltr'>impensis</span> <span class='ocrx_word' id='word_1_240' title='bbox 1536 2130 1867 2201; x_wconf 89' lang='lat' dir='ltr'>patrociniis</span> <span class='ocrx_word' id='word_1_241' title='bbox 1896 2146 2157 2198; x_wconf 88' lang='lat' dir='ltr'>munera,</span> 
     </span>
    </p>
   </div>
   <div class='ocr_carea' id='block_1_38' title="bbox 522 2224 2161 2295">
    <p class='ocr_par' dir='ltr' id='par_1_38' title="bbox 522 2224 2161 2295">
     <span class='ocr_line' id='line_1_38' title="bbox 522 2224 2161 2295; baseline -0.002 -13"><span class='ocrx_word' id='word_1_242' title='bbox 522 2227 630 2282; x_wconf 89' lang='lat' dir='ltr'>nisi</span> <span class='ocrx_word' id='word_1_243' title='bbox 645 2227 792 2282; x_wconf 86' lang='lat' dir='ltr'>forte</span> <span class='ocrx_word' id='word_1_244' title='bbox 819 2226 877 2279; x_wconf 92' lang='lat' dir='ltr'>in</span> <span class='ocrx_word' id='word_1_245' title='bbox 897 2224 1145 2279; x_wconf 90' lang='lat' dir='ltr'>ecclesiis</span> <span class='ocrx_word' id='word_1_246' title='bbox 1163 2224 1351 2279; x_wconf 81' lang='lat' dir='ltr'>oblata</span> <span class='ocrx_word' id='word_1_247' title='bbox 1386 2224 1657 2295; x_wconf 80' lang='lat' dir='ltr'>gratuita,</span> <span class='ocrx_word' id='word_1_248' title='bbox 1678 2241 1807 2295; x_wconf 64' lang='lat' dir='ltr'>qua:</span> <span class='ocrx_word' id='word_1_249' title='bbox 1830 2240 1945 2277; x_wconf 91' lang='lat' dir='ltr'>non</span> <span class='ocrx_word' id='word_1_250' title='bbox 1973 2224 2161 2279; x_wconf 87' lang='lat' dir='ltr'>favore</span> 
     </span>
    </p>
   </div>
   <div class='ocr_carea' id='block_1_39' title="bbox 522 2317 2161 2389">
    <p class='ocr_par' dir='ltr' id='par_1_39' title="bbox 522 2317 2161 2389">
     <span class='ocr_line' id='line_1_39' title="bbox 522 2317 2161 2389; baseline -0.002 -14"><span class='ocrx_word' id='word_1_251' title='bbox 522 2320 779 2375; x_wconf 87' lang='lat' dir='ltr'>muneris</span> <span class='ocrx_word' id='word_1_252' title='bbox 799 2319 1105 2373; x_wconf 86' lang='lat' dir='ltr'>videantur</span> <span class='ocrx_word' id='word_1_253' title='bbox 1124 2322 1369 2389; x_wconf 88' lang='lat' dir='ltr'>accepta,</span> <span class='ocrx_word' id='word_1_254' title='bbox 1393 2319 1492 2373; x_wconf 91' lang='lat' dir='ltr'>sed</span> <span class='ocrx_word' id='word_1_255' title='bbox 1518 2318 1817 2372; x_wconf 89' lang='lat' dir='ltr'>collatione</span> <span class='ocrx_word' id='word_1_256' title='bbox 1845 2317 2161 2372; x_wconf 87' lang='lat' dir='ltr'>devotionis</span> 
     </span>
    </p>
   </div>
   <div class='ocr_carea' id='block_1_40' title="bbox 522 2412 2160 2483">
    <p class='ocr_par' dir='ltr' id='par_1_40' title="bbox 522 2412 2160 2483">
     <span class='ocr_line' id='line_1_40' title="bbox 522 2412 2160 2483; baseline -0.002 -15"><span class='ocrx_word' id='word_1_257' title='bbox 522 2415 695 2470; x_wconf 87' lang='lat' dir='ltr'>illata.</span> <span class='ocrx_word' id='word_1_258' title='bbox 751 2413 914 2477; x_wconf 87' lang='lat' dir='ltr'>Quod</span> <span class='ocrx_word' id='word_1_259' title='bbox 969 2412 1014 2465; x_wconf 93' lang='lat' dir='ltr'>si</span> <span class='ocrx_word' id='word_1_260' title='bbox 1059 2412 1299 2483; x_wconf 63' lang='lat' dir='ltr'>quaesita</span> <span class='ocrx_word' id='word_1_261' title='bbox 1347 2412 1623 2483; x_wconf 84' lang='lat' dir='ltr'>probatur</span> <span class='ocrx_word' id='word_1_262' title='bbox 1665 2412 1938 2483; x_wconf 90' lang='lat' dir='ltr'>accipere,</span> <span class='ocrx_word' id='word_1_263' title='bbox 1990 2412 2160 2466; x_wconf 88' lang='lat' dir='ltr'>veluti</span> 
     </span>
    </p>
   </div>
   <div class='ocr_carea' id='block_1_41' title="bbox 523 2505 2161 2576">
    <p class='ocr_par' dir='ltr' id='par_1_41' title="bbox 523 2505 2161 2576">
     <span class='ocr_line' id='line_1_41' title="bbox 523 2505 2161 2576; baseline -0.001 -14"><span class='ocrx_word' id='word_1_264' title='bbox 523 2512 756 2563; x_wconf 86' lang='lat' dir='ltr'>exactor</span> <span class='ocrx_word' id='word_1_265' title='bbox 781 2507 1016 2575; x_wconf 89' lang='lat' dir='ltr'>fenoris,</span> <span class='ocrx_word' id='word_1_266' title='bbox 1050 2511 1150 2561; x_wconf 89' lang='lat' dir='ltr'>aut</span> <span class='ocrx_word' id='word_1_267' title='bbox 1179 2522 1483 2560; x_wconf 88' lang='lat' dir='ltr'>usurarum</span> <span class='ocrx_word' id='word_1_268' title='bbox 1508 2522 1817 2576; x_wconf 87' lang='lat' dir='ltr'>possessor,</span> <span class='ocrx_word' id='word_1_269' title='bbox 1848 2505 2161 2560; x_wconf 89' lang='lat' dir='ltr'>secundum</span> 
     </span>
    </p>
   </div>
   <div class='ocr_carea' id='block_1_42' title="bbox 522 2600 1817 2671">
    <p class='ocr_par' dir='ltr' id='par_1_42' title="bbox 522 2600 1817 2671">
     <span class='ocr_line' id='line_1_42' title="bbox 522 2600 1817 2671; baseline -0.002 -15"><span class='ocrx_word' id='word_1_270' title='bbox 522 2604 730 2658; x_wconf 86' lang='lat' dir='ltr'>statuta</span> <span class='ocrx_word' id='word_1_271' title='bbox 760 2603 994 2656; x_wconf 87' lang='lat' dir='ltr'>Patrum</span> <span class='ocrx_word' id='word_1_272' title='bbox 1021 2618 1078 2656; x_wconf 90' lang='lat' dir='ltr'>se</span> <span class='ocrx_word' id='word_1_273' title='bbox 1107 2600 1331 2655; x_wconf 89' lang='lat' dir='ltr'>noverit</span> <span class='ocrx_word' id='word_1_274' title='bbox 1360 2600 1817 2671; x_wconf 80' lang='lat' dir='ltr'>degradandum.</span> 
     </span>
    </p>
   </div>
   <div class='ocr_carea' id='block_1_43' title="bbox 592 2694 2159 2766">
    <p class='ocr_par' dir='ltr' id='par_1_43' title="bbox 592 2694 2159 2766">
     <span class='ocr_line' id='line_1_43' title="bbox 592 2694 2159 2766; baseline -0.002 -14"><span class='ocrx_word' id='word_1_275' title='bbox 592 2698 674 2752; x_wconf 83' lang='lat' dir='ltr'>XI.</span> <span class='ocrx_word' id='word_1_276' title='bbox 706 2695 960 2752; x_wconf 86' lang='lat' dir='ltr'>Monachi</span> <span class='ocrx_word' id='word_1_277' title='bbox 1007 2713 1041 2750; x_wconf 88' lang='lat' dir='ltr'>a</span> <span class='ocrx_word' id='word_1_278' title='bbox 1089 2694 1441 2750; x_wconf 89' lang='lat' dir='ltr'>monasterio</span> <span class='ocrx_word' id='word_1_279' title='bbox 1487 2695 1633 2753; x_wconf 85' lang='lat' dir='ltr'>foras</span> <span class='ocrx_word' id='word_1_280' title='bbox 1677 2694 2039 2766; x_wconf 81' lang='lat' dir='ltr'>egredientes</span> <span class='ocrx_word' id='word_1_281' title='bbox 2086 2711 2159 2749; x_wconf 87' lang='lat' dir='ltr'>ne</span> 
     </span>
    </p>
   </div>
   <div class='ocr_carea' id='block_1_44' title="bbox 2261 1846 3823 1920">
    <p class='ocr_par' dir='ltr' id='par_1_44' title="bbox 2261 1846 3823 1920">
     <span class='ocr_line' id='line_1_44' title="bbox 2261 1846 3823 1920; baseline -0.002 -18"><span class='ocrx_word' id='word_1_282' title='bbox 2261 1848 2359 1902; x_wconf 63' lang='lat' dir='ltr'>sia:</span> <span class='ocrx_word' id='word_1_283' title='bbox 2390 1848 2751 1920; x_wconf 81' lang='lat' dir='ltr'>presbyteris,</span> <span class='ocrx_word' id='word_1_284' title='bbox 2768 1849 3144 1903; x_wconf 89' lang='lat' dir='ltr'>verumetiam</span> <span class='ocrx_word' id='word_1_285' title='bbox 3160 1846 3487 1903; x_wconf 89' lang='lat' dir='ltr'>dioecesanis</span> <span class='ocrx_word' id='word_1_286' title='bbox 3500 1847 3563 1903; x_wconf 86' lang='lat' dir='ltr'>ad</span> <span class='ocrx_word' id='word_1_287' title='bbox 3578 1846 3823 1902; x_wconf 89' lang='lat' dir='ltr'>concilium</span> 
     </span>
    </p>
   </div>
   <div class='ocr_carea' id='block_1_45' title="bbox 2260 1937 3823 2013">
    <p class='ocr_par' dir='ltr' id='par_1_45' title="bbox 2260 1937 3823 2013">
     <span class='ocr_line' id='line_1_45' title="bbox 2260 1937 3823 2013; baseline -0.001 -17"><span class='ocrx_word' id='word_1_288' title='bbox 2260 1943 2510 2011; x_wconf 88' lang='lat' dir='ltr'>trahant,</span> <span class='ocrx_word' id='word_1_289' title='bbox 2528 1946 2583 1997; x_wconf 90' lang='lat' dir='ltr'>et</span> <span class='ocrx_word' id='word_1_290' title='bbox 2595 1943 2742 2013; x_wconf 88' lang='lat' dir='ltr'>aliqu</span> <span class='ocrx_word' id='word_1_291' title='bbox 2752 1960 2812 1997; x_wconf 91' lang='lat' dir='ltr'>os</span> <span class='ocrx_word' id='word_1_292' title='bbox 2828 1943 2897 1998; x_wconf 93' lang='lat' dir='ltr'>dc</span> <span class='ocrx_word' id='word_1_293' title='bbox 2914 1942 3044 1996; x_wconf 85' lang='lat' dir='ltr'>ﬁliis</span> <span class='ocrx_word' id='word_1_294' title='bbox 3058 1942 3306 1998; x_wconf 66' lang='lat' dir='ltr'>ecclesiae</span> <span class='ocrx_word' id='word_1_295' title='bbox 3319 1940 3661 1996; x_wconf 66' lang='lat' dir='ltr'>saecularibus</span> <span class='ocrx_word' id='word_1_296' title='bbox 3672 1938 3713 2011; x_wconf 76' lang='grc'><strong>1</strong></span> <span class='ocrx_word' id='word_1_297' title='bbox 3728 1937 3823 2011; x_wconf 84' lang='grc'>02</span> 
     </span>
    </p>
   </div>
   <div class='ocr_carea' id='block_1_46' title="bbox 2264 2033 3825 2092">
    <p class='ocr_par' dir='ltr' id='par_1_46' title="bbox 2264 2033 3825 2092">
     <span class='ocr_line' id='line_1_46' title="bbox 2264 2033 3825 2092; baseline -0.003 -1"><span class='ocrx_word' id='word_1_298' title='bbox 2264 2053 2455 2092; x_wconf 89' lang='lat' dir='ltr'>secum</span> <span class='ocrx_word' id='word_1_299' title='bbox 2481 2035 2762 2091; x_wconf 88' lang='lat' dir='ltr'>adducere</span> <span class='ocrx_word' id='word_1_300' title='bbox 2790 2034 3057 2091; x_wconf 90' lang='lat' dir='ltr'>debeant.</span> <span class='ocrx_word' id='word_1_301' title='bbox 3086 2037 3333 2091; x_wconf 77' lang='lat' dir='ltr'>Joannes</span> <span class='ocrx_word' id='word_1_302' title='bbox 3360 2035 3419 2090; x_wconf 91' lang='lat' dir='ltr'>in</span> <span class='ocrx_word' id='word_1_303' title='bbox 3436 2034 3627 2091; x_wconf 89' lang='lat' dir='ltr'>Christi</span> <span class='ocrx_word' id='word_1_304' title='bbox 3647 2033 3825 2088; x_wconf 85' lang='lat' dir='ltr'>nomine</span> 
     </span>
    </p>
   </div>
   <div class='ocr_carea' id='block_1_47' title="bbox 2263 2126 3826 2202">
    <p class='ocr_par' dir='ltr' id='par_1_47' title="bbox 2263 2126 3826 2202">
     <span class='ocr_line' id='line_1_47' title="bbox 2263 2126 3826 2202; baseline -0.004 -17"><span class='ocrx_word' id='word_1_305' title='bbox 2263 2132 2561 2202; x_wconf 91' lang='lat' dir='ltr'>episc0pus</span> <span class='ocrx_word' id='word_1_306' title='bbox 2585 2130 3021 2185; x_wconf 88' lang='lat' dir='ltr'>Tarraconensis</span> <span class='ocrx_word' id='word_1_307' title='bbox 3048 2128 3307 2199; x_wconf 87' lang='lat' dir='ltr'>civitatis,</span> <span class='ocrx_word' id='word_1_308' title='bbox 3336 2126 3784 2185; x_wconf 88' lang='lat' dir='ltr'>constitutionibus</span> <span class='ocrx_word' id='word_1_309' title='bbox 3802 2143 3826 2179; x_wconf 84' lang='lat' dir='ltr'>a</span> 
     </span>
    </p>
   </div>
   <div class='ocr_carea' id='block_1_48' title="bbox 2262 2221 3823 2296">
    <p class='ocr_par' dir='ltr' id='par_1_48' title="bbox 2262 2221 3823 2296">
     <span class='ocr_line' id='line_1_48' title="bbox 2262 2221 3823 2296; baseline -0.003 -18"><span class='ocrx_word' id='word_1_310' title='bbox 2262 2224 2425 2279; x_wconf 90' lang='lat' dir='ltr'>nobis</span> <span class='ocrx_word' id='word_1_311' title='bbox 2456 2225 2788 2296; x_wconf 91' lang='lat' dir='ltr'>conscriptis</span> <span class='ocrx_word' id='word_1_312' title='bbox 2815 2223 3139 2295; x_wconf 89' lang='lat' dir='ltr'>subscripsi.</span> <span class='ocrx_word' id='word_1_313' title='bbox 3183 2224 3393 2279; x_wconf 90' lang='lat' dir='ltr'>Paulus</span> <span class='ocrx_word' id='word_1_314' title='bbox 3438 2223 3496 2278; x_wconf 90' lang='lat' dir='ltr'>in</span> <span class='ocrx_word' id='word_1_315' title='bbox 3534 2221 3715 2277; x_wconf 88' lang='lat' dir='ltr'>Christi</span> <span class='ocrx_word' id='word_1_316' title='bbox 3750 2237 3823 2275; x_wconf 87' lang='lat' dir='ltr'>no-</span> 
     </span>
    </p>
   </div>
   <div class='ocr_carea' id='block_1_49' title="bbox 2261 2314 3823 2390">
    <p class='ocr_par' dir='ltr' id='par_1_49' title="bbox 2261 2314 3823 2390">
     <span class='ocr_line' id='line_1_49' title="bbox 2261 2314 3823 2390; baseline -0.003 -17"><span class='ocrx_word' id='word_1_317' title='bbox 2261 2319 2417 2374; x_wconf 88' lang='lat' dir='ltr'>mine</span> <span class='ocrx_word' id='word_1_318' title='bbox 2445 2319 2740 2390; x_wconf 90' lang='lat' dir='ltr'>episcopus</span> <span class='ocrx_word' id='word_1_319' title='bbox 2773 2318 3100 2389; x_wconf 90' lang='lat' dir='ltr'>subscripsi,</span> <span class='ocrx_word' id='word_1_320' title='bbox 3148 2321 3206 2372; x_wconf 89' lang='lat' dir='ltr'>et</span> <span class='ocrx_word' id='word_1_321' title='bbox 3248 2319 3609 2390; x_wconf 89' lang='lat' dir='ltr'>coepiscopus</span> <span class='ocrx_word' id='word_1_322' title='bbox 3632 2314 3823 2375; x_wconf 83' lang='lat' dir='ltr'>subscri-</span> 
     </span>
    </p>
   </div>
   <div class='ocr_carea' id='block_1_50' title="bbox 2261 2408 3824 2485">
    <p class='ocr_par' dir='ltr' id='par_1_50' title="bbox 2261 2408 3824 2485">
     <span class='ocr_line' id='line_1_50' title="bbox 2261 2408 3824 2485; baseline -0.004 -17"><span class='ocrx_word' id='word_1_323' title='bbox 2261 2412 2369 2485; x_wconf 90' lang='lat' dir='ltr'>psi.</span> <span class='ocrx_word' id='word_1_324' title='bbox 2429 2413 2806 2468; x_wconf 87' lang='lat' dir='ltr'>Fortunianus</span> <span class='ocrx_word' id='word_1_325' title='bbox 2859 2412 3183 2484; x_wconf 89' lang='lat' dir='ltr'>subscripsi.</span> <span class='ocrx_word' id='word_1_326' title='bbox 3254 2412 3510 2484; x_wconf 83' lang='lat' dir='ltr'>Agricius</span> <span class='ocrx_word' id='word_1_327' title='bbox 3563 2408 3824 2480; x_wconf 88' lang='lat' dir='ltr'>subscripsi.</span> 
     </span>
    </p>
   </div>
   <div class='ocr_carea' id='block_1_51' title="bbox 2265 2505 3826 2577">
    <p class='ocr_par' dir='ltr' id='par_1_51' title="bbox 2265 2505 3826 2577">
     <span class='ocr_line' id='line_1_51' title="bbox 2265 2505 3826 2577; baseline -0.005 -14"><span class='ocrx_word' id='word_1_328' title='bbox 2265 2507 2529 2563; x_wconf 90' lang='lat' dir='ltr'>Orontius</span> <span class='ocrx_word' id='word_1_329' title='bbox 2579 2506 2905 2577; x_wconf 91' lang='lat' dir='ltr'>subscripsi.</span> <span class='ocrx_word' id='word_1_330' title='bbox 2966 2506 3299 2561; x_wconf 87' lang='lat' dir='ltr'>Vincentius</span> <span class='ocrx_word' id='word_1_331' title='bbox 3348 2505 3653 2577; x_wconf 88' lang='lat' dir='ltr'>subscripsi.</span> <span class='ocrx_word' id='word_1_332' title='bbox 3699 2505 3826 2559; x_wconf 87' lang='lat' dir='ltr'>Ursus</span> 
     </span>
    </p>
   </div>
   <div class='ocr_carea' id='block_1_52' title="bbox 2262 2596 3821 2673">
    <p class='ocr_par' dir='ltr' id='par_1_52' title="bbox 2262 2596 3821 2673">
     <span class='ocr_line' id='line_1_52' title="bbox 2262 2596 3821 2673; baseline -0.005 -16"><span class='ocrx_word' id='word_1_333' title='bbox 2262 2600 2584 2673; x_wconf 87' lang='lat' dir='ltr'>subscripsi.</span> <span class='ocrx_word' id='word_1_334' title='bbox 2619 2600 2874 2656; x_wconf 89' lang='lat' dir='ltr'>Emidius</span> <span class='ocrx_word' id='word_1_335' title='bbox 2897 2600 3222 2673; x_wconf 87' lang='lat' dir='ltr'>subscripsi.</span> <span class='ocrx_word' id='word_1_336' title='bbox 3252 2600 3532 2656; x_wconf 90' lang='lat' dir='ltr'>Nibridius</span> <span class='ocrx_word' id='word_1_337' title='bbox 3556 2596 3821 2669; x_wconf 88' lang='lat' dir='ltr'>subscripsi.</span> 
     </span>
    </p>
   </div>
   <div class='ocr_carea' id='block_1_53' title="bbox 1292 2962 3126 3034">
    <p class='ocr_par' dir='ltr' id='par_1_53' title="bbox 1292 2962 3126 3034">
     <span class='ocr_line' id='line_1_53' title="bbox 1292 2962 3126 3034; baseline -0.001 -4"><span class='ocrx_word' id='word_1_338' title='bbox 1292 2964 1692 3032; x_wconf 85' lang='lat' dir='ltr'>INCIPIUNT</span> <span class='ocrx_word' id='word_1_339' title='bbox 1737 2966 2131 3033; x_wconf 82' lang='lat' dir='ltr'>CAPITULA</span> <span class='ocrx_word' id='word_1_340' title='bbox 2174 2964 2507 3034; x_wconf 82' lang='lat' dir='ltr'>CONCILII</span> <span class='ocrx_word' id='word_1_341' title='bbox 2554 2962 3126 3034; x_wconf 87' lang='lat' dir='ltr'>GERUNDENSIS.</span> 
     </span>
    </p>
   </div>
   <div class='ocr_carea' id='block_1_54' title="bbox 597 3114 3826 3210">
    <p class='ocr_par' dir='ltr' id='par_1_54' title="bbox 597 3114 3826 3210">
     <span class='ocr_line' id='line_1_54' title="bbox 597 3114 3826 3210; baseline -0.002 -33"><span class='ocrx_word' id='word_1_342' title='bbox 597 3124 614 3177; x_wconf 78' lang='grc'><strong>1</strong></span> <span class='ocrx_word' id='word_1_343' title='bbox 657 3124 725 3179; x_wconf 88' lang='lat' dir='ltr'>Ut</span> <span class='ocrx_word' id='word_1_344' title='bbox 750 3138 1104 3195; x_wconf 68' lang='lat' dir='ltr'>unaquaaque</span> <span class='ocrx_word' id='word_1_345' title='bbox 1139 3121 1427 3193; x_wconf 82' lang='lat' dir='ltr'>provincia</span> <span class='ocrx_word' id='word_1_346' title='bbox 1474 3121 1533 3175; x_wconf 89' lang='lat' dir='ltr'>in</span> <span class='ocrx_word' id='word_1_347' title='bbox 1576 3121 1764 3177; x_wconf 82' lang='lat' dir='ltr'>ofﬁcio</span> <span class='ocrx_word' id='word_1_348' title='bbox 1795 3135 1974 3177; x_wconf 84' lang='lat' dir='ltr'>unum</span> <span class='ocrx_word' id='word_1_349' title='bbox 2004 3123 2153 3178; x_wconf 88' lang='lat' dir='ltr'>ordi-</span> <span class='ocrx_word' id='word_1_350' title='bbox 2177 3137 2231 3210; x_wconf 69' lang='grc' dir='ltr'><strong>ρ</strong></span> <span class='ocrx_word' id='word_1_351' title='bbox 2329 3127 2382 3178; x_wconf 87' lang='grc'>6.</span> <span class='ocrx_word' id='word_1_352' title='bbox 2412 3125 2483 3178; x_wconf 89' lang='lat' dir='ltr'>Ut</span> <span class='ocrx_word' id='word_1_353' title='bbox 2511 3123 2637 3194; x_wconf 91' lang='lat' dir='ltr'>quis</span> <span class='ocrx_word' id='word_1_354' title='bbox 2666 3123 2789 3177; x_wconf 88' lang='lat' dir='ltr'>sine</span> <span class='ocrx_word' id='word_1_355' title='bbox 2824 3122 3091 3178; x_wconf 82' lang='lat' dir='ltr'>uxoribus</span> <span class='ocrx_word' id='word_1_356' title='bbox 3117 3121 3479 3192; x_wconf 87' lang='lat' dir='ltr'>ordinantur,</span> <span class='ocrx_word' id='word_1_357' title='bbox 3508 3124 3767 3177; x_wconf 81' lang='lat' dir='ltr'>extraneas</span> <span class='ocrx_word' id='word_1_358' title='bbox 3784 3114 3826 3170; x_wconf 87' lang='lat' dir='ltr'>in</span> 
     </span>
    </p>
   </div>
   <div class='ocr_carea' id='block_1_55' title="bbox 522 3219 888 3272">
    <p class='ocr_par' dir='ltr' id='par_1_55' title="bbox 522 3219 888 3272">
     <span class='ocr_line' id='line_1_55' title="bbox 522 3219 888 3272; baseline 0.003 -1"><span class='ocrx_word' id='word_1_359' title='bbox 522 3232 657 3271; x_wconf 89' lang='lat' dir='ltr'>nem</span> <span class='ocrx_word' id='word_1_360' title='bbox 683 3219 888 3272; x_wconf 89' lang='lat' dir='ltr'>teneat.</span> 
     </span>
    </p>
   </div>
   <div class='ocr_carea' id='block_1_56' title="bbox 592 3310 2155 3383">
    <p class='ocr_par' dir='ltr' id='par_1_56' title="bbox 592 3310 2155 3383">
     <span class='ocr_line' id='line_1_56' title="bbox 592 3310 2155 3383; baseline 0.001 -17"><span class='ocrx_word' id='word_1_361' title='bbox 592 3314 644 3366; x_wconf 80' lang='lat'>2.</span> <span class='ocrx_word' id='word_1_362' title='bbox 664 3311 961 3366; x_wconf 68' lang='lat' dir='ltr'>Utlitaniaa</span> <span class='ocrx_word' id='word_1_363' title='bbox 987 3316 1114 3383; x_wconf 87' lang='lat' dir='ltr'>post</span> <span class='ocrx_word' id='word_1_364' title='bbox 1134 3313 1503 3367; x_wconf 84' lang='lat' dir='ltr'>Pentecosten</span> <span class='ocrx_word' id='word_1_365' title='bbox 1529 3330 1561 3365; x_wconf 90' lang='lat' dir='ltr'>a</span> <span class='ocrx_word' id='word_1_366' title='bbox 1588 3311 1788 3383; x_wconf 87' lang='lat' dir='ltr'>quinta</span> <span class='ocrx_word' id='word_1_367' title='bbox 1813 3310 1954 3366; x_wconf 88' lang='lat' dir='ltr'>feria</span> <span class='ocrx_word' id='word_1_368' title='bbox 1973 3328 2155 3383; x_wconf 89' lang='lat' dir='ltr'>usque</span> 
     </span>
    </p>
   </div>
   <div class='ocr_carea' id='block_1_57' title="bbox 522 3404 1257 3462">
    <p class='ocr_par' dir='ltr' id='par_1_57' title="bbox 522 3404 1257 3462">
     <span class='ocr_line' id='line_1_57' title="bbox 522 3404 1257 3462; baseline 0 -2"><span class='ocrx_word' id='word_1_369' title='bbox 522 3405 581 3460; x_wconf 87' lang='lat' dir='ltr'>in</span> <span class='ocrx_word' id='word_1_370' title='bbox 609 3404 842 3461; x_wconf 89' lang='lat' dir='ltr'>sabbato</span> <span class='ocrx_word' id='word_1_371' title='bbox 877 3406 1257 3462; x_wconf 89' lang='lat' dir='ltr'>celebrentur.</span> 
     </span>
    </p>
   </div>
   <div class='ocr_carea' id='block_1_58' title="bbox 593 3499 2237 3560">
    <p class='ocr_par' dir='ltr' id='par_1_58' title="bbox 593 3499 2237 3560">
     <span class='ocr_line' id='line_1_58' title="bbox 593 3499 2237 3560; baseline 0.002 -4"><span class='ocrx_word' id='word_1_372' title='bbox 593 3504 623 3556; x_wconf 90' lang='lat'><strong>3</strong></span> <span class='ocrx_word' id='word_1_373' title='bbox 634 3501 733 3556; x_wconf 87' lang='lat' dir='ltr'>.De</span> <span class='ocrx_word' id='word_1_374' title='bbox 746 3500 1009 3556; x_wconf 86' lang='lat' dir='ltr'>secundis</span> <span class='ocrx_word' id='word_1_375' title='bbox 1020 3500 1227 3556; x_wconf 89' lang='lat' dir='ltr'>litaniis</span> <span class='ocrx_word' id='word_1_376' title='bbox 1238 3499 1511 3556; x_wconf 88' lang='lat' dir='ltr'>faciendis</span> <span class='ocrx_word' id='word_1_377' title='bbox 1524 3501 1787 3556; x_wconf 88' lang='lat' dir='ltr'>Kalendis</span> <span class='ocrx_word' id='word_1_378' title='bbox 1801 3502 2150 3556; x_wconf 88' lang='lat' dir='ltr'>Novembris.</span> <span class='ocrx_word' id='word_1_379' title='bbox 2232 3555 2237 3560; x_wconf 90' lang='lat'>.</span> 
     </span>
    </p>
   </div>
   <div class='ocr_carea' id='block_1_59' title="bbox 2258 3217 2871 3273">
    <p class='ocr_par' dir='ltr' id='par_1_59' title="bbox 2258 3217 2871 3273">
     <span class='ocr_line' id='line_1_59' title="bbox 2258 3217 2871 3273; baseline 0.003 -2"><span class='ocrx_word' id='word_1_380' title='bbox 2258 3217 2428 3272; x_wconf 91' lang='lat' dir='ltr'>domo</span> <span class='ocrx_word' id='word_1_381' title='bbox 2458 3234 2574 3271; x_wconf 88' lang='lat' dir='ltr'>non</span> <span class='ocrx_word' id='word_1_382' title='bbox 2604 3217 2871 3273; x_wconf 87' lang='lat' dir='ltr'>habeant.</span> 
     </span>
    </p>
   </div>
   <div class='ocr_carea' id='block_1_60' title="bbox 2328 3307 3825 3383">
    <p class='ocr_par' dir='ltr' id='par_1_60' title="bbox 2328 3307 3825 3383">
     <span class='ocr_line' id='line_1_60' title="bbox 2328 3307 3825 3383; baseline -0.005 -18"><span class='ocrx_word' id='word_1_383' title='bbox 2328 3317 2380 3366; x_wconf 90' lang='lat'>7.</span> <span class='ocrx_word' id='word_1_384' title='bbox 2413 3312 2491 3365; x_wconf 92' lang='lat' dir='ltr'>Ne</span> <span class='ocrx_word' id='word_1_385' title='bbox 2524 3310 2650 3365; x_wconf 88' lang='lat' dir='ltr'>laici</span> <span class='ocrx_word' id='word_1_386' title='bbox 2689 3311 2787 3383; x_wconf 91' lang='lat' dir='ltr'>qui</span> <span class='ocrx_word' id='word_1_387' title='bbox 2817 3310 3051 3366; x_wconf 88' lang='lat' dir='ltr'>viduam</span> <span class='ocrx_word' id='word_1_388' title='bbox 3091 3317 3190 3368; x_wconf 89' lang='lat' dir='ltr'>aut</span> <span class='ocrx_word' id='word_1_389' title='bbox 3227 3312 3518 3368; x_wconf 86' lang='lat' dir='ltr'>dimissam</span> <span class='ocrx_word' id='word_1_390' title='bbox 3546 3307 3825 3383; x_wconf 84' lang='lat' dir='ltr'>acceperint.</span> 
     </span>
    </p>
   </div>
   <div class='ocr_carea' id='block_1_61' title="bbox 2256 3405 3063 3462">
    <p class='ocr_par' dir='ltr' id='par_1_61' title="bbox 2256 3405 3063 3462">
     <span class='ocr_line' id='line_1_61' title="bbox 2256 3405 3063 3462; baseline 0.002 -2"><span class='ocrx_word' id='word_1_391' title='bbox 2256 3405 2314 3460; x_wconf 90' lang='lat' dir='ltr'>in</span> <span class='ocrx_word' id='word_1_392' title='bbox 2345 3407 2497 3461; x_wconf 90' lang='lat' dir='ltr'>clero</span> <span class='ocrx_word' id='word_1_393' title='bbox 2529 3422 2643 3461; x_wconf 91' lang='lat' dir='ltr'>non</span> <span class='ocrx_word' id='word_1_394' title='bbox 2669 3405 3063 3462; x_wconf 88' lang='lat' dir='ltr'>admittantur.</span> 
     </span>
    </p>
   </div>
   <div class='ocr_carea' id='block_1_62' title="bbox 2327 3493 3826 3572">
    <p class='ocr_par' dir='ltr' id='par_1_62' title="bbox 2327 3493 3826 3572">
     <span class='ocr_line' id='line_1_62' title="bbox 2327 3493 3826 3572; baseline -0.006 -16"><span class='ocrx_word' id='word_1_395' title='bbox 2327 3504 2381 3556; x_wconf 92' lang='lat'>8.</span> <span class='ocrx_word' id='word_1_396' title='bbox 2424 3501 2499 3555; x_wconf 91' lang='lat' dir='ltr'>De</span> <span class='ocrx_word' id='word_1_397' title='bbox 2549 3500 2641 3555; x_wconf 89' lang='lat' dir='ltr'>his</span> <span class='ocrx_word' id='word_1_398' title='bbox 2690 3501 2789 3572; x_wconf 91' lang='lat' dir='ltr'>qui</span> <span class='ocrx_word' id='word_1_399' title='bbox 2842 3500 3065 3572; x_wconf 90' lang='lat' dir='ltr'>publice</span> <span class='ocrx_word' id='word_1_400' title='bbox 3116 3500 3517 3572; x_wconf 82' lang='lat' dir='ltr'>paenitentiam</span> <span class='ocrx_word' id='word_1_401' title='bbox 3566 3515 3670 3555; x_wconf 88' lang='lat' dir='ltr'>non</span> <span class='ocrx_word' id='word_1_402' title='bbox 3715 3493 3826 3550; x_wconf 84' lang='lat' dir='ltr'>acci-</span> 
     </span>
    </p>
   </div>
   <div class='ocr_carea' id='block_1_63' title="bbox 593 3594 3827 3667">
    <p class='ocr_par' dir='ltr' id='par_1_63' title="bbox 593 3594 3827 3667">
     <span class='ocr_line' id='line_1_63' title="bbox 593 3594 3827 3667; baseline -0.001 -18"><span class='ocrx_word' id='word_1_403' title='bbox 593 3596 644 3649; x_wconf 90' lang='grc'>4.</span> <span class='ocrx_word' id='word_1_404' title='bbox 695 3596 763 3649; x_wconf 85' lang='lat' dir='ltr'>Ut</span> <span class='ocrx_word' id='word_1_405' title='bbox 801 3594 1014 3650; x_wconf 88' lang='lat' dir='ltr'>Pascha</span> <span class='ocrx_word' id='word_1_406' title='bbox 1056 3597 1281 3650; x_wconf 86' lang='lat' dir='ltr'>tantum</span> <span class='ocrx_word' id='word_1_407' title='bbox 1325 3598 1383 3650; x_wconf 90' lang='lat' dir='ltr'>et</span> <span class='ocrx_word' id='word_1_408' title='bbox 1422 3597 1749 3651; x_wconf 88' lang='lat' dir='ltr'>Pentecoste</span> <span class='ocrx_word' id='word_1_409' title='bbox 1803 3595 2153 3667; x_wconf 88' lang='lat' dir='ltr'>baptismum</span> <span class='ocrx_word' id='word_1_410' title='bbox 2253 3596 2438 3667; x_wconf 87' lang='lat' dir='ltr'>piunt,</span> <span class='ocrx_word' id='word_1_411' title='bbox 2493 3595 2595 3653; x_wconf 83' lang='lat' dir='ltr'>sed</span> <span class='ocrx_word' id='word_1_412' title='bbox 2641 3598 2867 3651; x_wconf 86' lang='lat' dir='ltr'>tantum</span> <span class='ocrx_word' id='word_1_413' title='bbox 2917 3595 3183 3651; x_wconf 86' lang='lat' dir='ltr'>viaticum</span> <span class='ocrx_word' id='word_1_414' title='bbox 3237 3600 3305 3650; x_wconf 88' lang='lat' dir='ltr'>ut</span> <span class='ocrx_word' id='word_1_415' title='bbox 3354 3596 3414 3652; x_wconf 90' lang='lat' dir='ltr'>in</span> <span class='ocrx_word' id='word_1_416' title='bbox 3462 3596 3607 3651; x_wconf 89' lang='lat' dir='ltr'>clero</span> <span class='ocrx_word' id='word_1_417' title='bbox 3649 3604 3827 3665; x_wconf 46' lang='lat' dir='ltr'>promo.</span> 
     </span>
    </p>
   </div>
   <div class='ocr_carea' id='block_1_64' title="bbox 521 3684 1981 3758">
    <p class='ocr_par' dir='ltr' id='par_1_64' title="bbox 521 3684 1981 3758">
     <span class='ocr_line' id='line_1_64' title="bbox 521 3684 1981 3758; baseline 0.001 -19"><span class='ocrx_word' id='word_1_418' title='bbox 521 3685 706 3754; x_wconf 84' lang='lat' dir='ltr'>detur,</span> <span class='ocrx_word' id='word_1_419' title='bbox 738 3684 985 3757; x_wconf 83' lang='lat' dir='ltr'>exceptis</span> <span class='ocrx_word' id='word_1_420' title='bbox 1014 3684 1102 3739; x_wconf 91' lang='lat' dir='ltr'>his</span> <span class='ocrx_word' id='word_1_421' title='bbox 1126 3684 1226 3756; x_wconf 92' lang='lat' dir='ltr'>qui</span> <span class='ocrx_word' id='word_1_422' title='bbox 1250 3684 1311 3739; x_wconf 91' lang='lat' dir='ltr'>in</span> <span class='ocrx_word' id='word_1_423' title='bbox 1340 3686 1618 3758; x_wconf 79' lang='lat' dir='ltr'>languore</span> <span class='ocrx_word' id='word_1_424' title='bbox 1650 3685 1981 3741; x_wconf 89' lang='lat' dir='ltr'>consistunt.</span> 
     </span>
    </p>
   </div>
   <div class='ocr_carea' id='block_1_65' title="bbox 595 3778 2154 3853">
    <p class='ocr_par' dir='ltr' id='par_1_65' title="bbox 595 3778 2154 3853">
     <span class='ocr_line' id='line_1_65' title="bbox 595 3778 2154 3853; baseline 0.001 -20"><span class='ocrx_word' id='word_1_425' title='bbox 595 3782 644 3834; x_wconf 77' lang='grc'><strong>5.</strong></span> <span class='ocrx_word' id='word_1_426' title='bbox 677 3779 749 3834; x_wconf 90' lang='lat' dir='ltr'>Ut</span> <span class='ocrx_word' id='word_1_427' title='bbox 770 3779 939 3834; x_wconf 81' lang='lat' dir='ltr'>unius</span> <span class='ocrx_word' id='word_1_428' title='bbox 977 3778 1087 3834; x_wconf 89' lang='lat' dir='ltr'>diei</span> <span class='ocrx_word' id='word_1_429' title='bbox 1120 3779 1328 3848; x_wconf 83' lang='lat' dir='ltr'>infans,</span> <span class='ocrx_word' id='word_1_430' title='bbox 1361 3780 1408 3835; x_wconf 90' lang='lat' dir='ltr'>si</span> <span class='ocrx_word' id='word_1_431' title='bbox 1437 3780 1498 3834; x_wconf 91' lang='lat' dir='ltr'>in</span> <span class='ocrx_word' id='word_1_432' title='bbox 1531 3779 1857 3836; x_wconf 88' lang='lat' dir='ltr'>discrimine</span> <span class='ocrx_word' id='word_1_433' title='bbox 1889 3784 1993 3851; x_wconf 90' lang='lat' dir='ltr'>est,</span> <span class='ocrx_word' id='word_1_434' title='bbox 2020 3780 2154 3853; x_wconf 82' lang='lat' dir='ltr'>bap-</span> 
     </span>
    </p>
   </div>
   <div class='ocr_carea' id='block_1_66' title="bbox 522 3873 748 3931">
    <p class='ocr_par' dir='ltr' id='par_1_66' title="bbox 522 3873 748 3931">
     <span class='ocr_line' id='line_1_66' title="bbox 522 3873 748 3931; baseline -0.009 0"><span class='ocrx_word' id='word_1_435' title='bbox 522 3873 748 3931; x_wconf 86' lang='lat' dir='ltr'>tizetur.</span> 
     </span>
    </p>
   </div>
   <div class='ocr_carea' id='block_1_67' title="bbox 2252 3693 2512 3746">
    <p class='ocr_par' dir='ltr' id='par_1_67' title="bbox 2252 3693 2512 3746">
     <span class='ocr_line' id='line_1_67' title="bbox 2252 3693 2512 3746; baseline 0 -1"><span class='ocrx_word' id='word_1_436' title='bbox 2252 3693 2512 3746; x_wconf 89' lang='lat' dir='ltr'>veantur.</span> 
     </span>
    </p>
   </div>
   <div class='ocr_carea' id='block_1_68' title="bbox 2326 3775 3829 3858">
    <p class='ocr_par' dir='ltr' id='par_1_68' title="bbox 2326 3775 3829 3858">
     <span class='ocr_line' id='line_1_68' title="bbox 2326 3775 3829 3858; baseline -0.006 -20"><span class='ocrx_word' id='word_1_437' title='bbox 2326 3787 2377 3839; x_wconf 90' lang='lat'>9.</span> <span class='ocrx_word' id='word_1_438' title='bbox 2408 3786 2479 3840; x_wconf 88' lang='lat' dir='ltr'>Ut</span> <span class='ocrx_word' id='word_1_439' title='bbox 2507 3783 2774 3840; x_wconf 91' lang='lat' dir='ltr'>omnibus</span> <span class='ocrx_word' id='word_1_440' title='bbox 2801 3784 3003 3840; x_wconf 89' lang='lat' dir='ltr'>diebus</span> <span class='ocrx_word' id='word_1_441' title='bbox 3033 3783 3190 3841; x_wconf 88' lang='lat' dir='ltr'>horis</span> <span class='ocrx_word' id='word_1_442' title='bbox 3214 3784 3549 3858; x_wconf 89' lang='lat' dir='ltr'>vespertinis</span> <span class='ocrx_word' id='word_1_443' title='bbox 3574 3785 3627 3839; x_wconf 88' lang='lat' dir='ltr'>et</span> <span class='ocrx_word' id='word_1_444' title='bbox 3651 3775 3829 3835; x_wconf 85' lang='lat' dir='ltr'>matuti-</span> 
     </span>
    </p>
   </div>
   <div class='ocr_carea' id='block_1_69' title="bbox 2252 3878 3135 3935">
    <p class='ocr_par' dir='ltr' id='par_1_69' title="bbox 2252 3878 3135 3935">
     <span class='ocr_line' id='line_1_69' title="bbox 2252 3878 3135 3935; baseline 0.001 -1"><span class='ocrx_word' id='word_1_445' title='bbox 2252 3879 2341 3934; x_wconf 92' lang='lat' dir='ltr'>nis</span> <span class='ocrx_word' id='word_1_446' title='bbox 2365 3879 2544 3935; x_wconf 88' lang='lat' dir='ltr'>oratio</span> <span class='ocrx_word' id='word_1_447' title='bbox 2573 3878 2870 3935; x_wconf 85' lang='lat' dir='ltr'>Dominica</span> <span class='ocrx_word' id='word_1_448' title='bbox 2893 3879 3135 3935; x_wconf 85' lang='lat' dir='ltr'>dicatur.</span> 
     </span>
    </p>
   </div>
   <div class='ocr_carea' id='block_1_70' title="bbox 2015 4022 2394 4038">
    <p class='ocr_par' dir='ltr' id='par_1_70' title="bbox 2015 4022 2394 4038">
     <span class='ocr_line' id='line_1_70' title="bbox 2015 4022 2394 4038; baseline 0.005 -4"><span class='ocrx_word' id='word_1_449' title='bbox 2015 4022 2394 4038; x_wconf 67' lang='lat'>__.</span> 
     </span>
    </p>
   </div>
   <div class='ocr_carea' id='block_1_71' title="bbox 1219 4158 3192 4258">
    <p class='ocr_par' dir='ltr' id='par_1_71' title="bbox 1219 4158 3192 4258">
     <span class='ocr_line' id='line_1_71' title="bbox 1219 4158 3192 4258; baseline 0.003 -9"><span class='ocrx_word' id='word_1_450' title='bbox 1219 4158 1634 4253; x_wconf 84' lang='lat' dir='ltr'>INCIPIT</span> <span class='ocrx_word' id='word_1_451' title='bbox 1716 4158 2334 4256; x_wconf 86' lang='lat' dir='ltr'>CONCILIUM</span> <span class='ocrx_word' id='word_1_452' title='bbox 2401 4162 3192 4258; x_wconf 82' lang='lat' dir='ltr'>GERUNDENSE.</span> 
     </span>
    </p>
   </div>
   <div class='ocr_carea' id='block_1_72' title="bbox 1010 4325 3407 4416">
    <p class='ocr_par' dir='ltr' id='par_1_72' title="bbox 1010 4325 3407 4416">
     <span class='ocr_line' id='line_1_72' title="bbox 1010 4325 3407 4416; baseline 0.002 -26"><span class='ocrx_word' id='word_1_453' title='bbox 1010 4325 1201 4390; x_wconf 84' lang='lat' dir='ltr'>Anno</span> <span class='ocrx_word' id='word_1_454' title='bbox 1232 4332 1266 4389; x_wconf 89' lang='lat'><strong>7</strong></span> <span class='ocrx_word' id='word_1_455' title='bbox 1308 4326 1689 4391; x_wconf 71' lang='lat' dir='ltr'>Theoderici</span> <span class='ocrx_word' id='word_1_456' title='bbox 1713 4332 1908 4412; x_wconf 77' lang='lat' dir='ltr'>regis,</span> <span class='ocrx_word' id='word_1_457' title='bbox 1938 4332 2212 4414; x_wconf 76' lang='lat' dir='ltr'>septimo</span> <span class='ocrx_word' id='word_1_458' title='bbox 2243 4332 2402 4398; x_wconf 82' lang='lat' dir='ltr'>Idus</span> <span class='ocrx_word' id='word_1_459' title='bbox 2426 4332 2633 4411; x_wconf 75' lang='lat' dir='ltr'>Junii,</span> <span class='ocrx_word' id='word_1_460' title='bbox 2666 4336 2961 4416; x_wconf 83' lang='lat' dir='ltr'>Agapeto</span> <span class='ocrx_word' id='word_1_461' title='bbox 2989 4332 3104 4397; x_wconf 88' lang='lat' dir='ltr'>III</span> <span class='ocrx_word' id='word_1_462' title='bbox 3124 4331 3407 4395; x_wconf 83' lang='lat' dir='ltr'>consule.</span> 
     </span>
    </p>
   </div>
   <div class='ocr_carea' id='block_1_73' title="bbox 594 4483 3834 4582">
    <p class='ocr_par' dir='ltr' id='par_1_73' title="bbox 594 4483 3834 4582">
     <span class='ocr_line' id='line_1_73' title="bbox 594 4483 3834 4582; baseline -0.002 -35"><span class='ocrx_word' id='word_1_463' title='bbox 594 4491 719 4547; x_wconf 78' lang='lat' dir='ltr'>CAP.</span> <span class='ocrx_word' id='word_1_464' title='bbox 754 4492 795 4547; x_wconf 93' lang='lat' dir='ltr'>I.</span> <span class='ocrx_word' id='word_1_465' title='bbox 824 4490 893 4545; x_wconf 92' lang='lat' dir='ltr'>Ut</span> <span class='ocrx_word' id='word_1_466' title='bbox 918 4487 1199 4544; x_wconf 86' lang='lat' dir='ltr'>institutio</span> <span class='ocrx_word' id='word_1_467' title='bbox 1228 4489 1531 4545; x_wconf 87' lang='lat' dir='ltr'>missarum</span> <span class='ocrx_word' id='word_1_468' title='bbox 1574 4491 1719 4547; x_wconf 91' lang='lat' dir='ltr'>sicut</span> <span class='ocrx_word' id='word_1_469' title='bbox 1756 4492 1813 4547; x_wconf 86' lang='lat' dir='ltr'>in</span> <span class='ocrx_word' id='word_1_470' title='bbox 1864 4500 2153 4568; x_wconf 84' lang='lat' dir='ltr'>metropo-</span> <span class='ocrx_word' id='word_1_471' title='bbox 2175 4508 2236 4580; x_wconf 86' lang='lat' dir='ltr'><strong>D</strong></span> <span class='ocrx_word' id='word_1_472' title='bbox 2330 4497 2415 4552; x_wconf 92' lang='lat' dir='ltr'>IV.</span> <span class='ocrx_word' id='word_1_473' title='bbox 2443 4497 2521 4555; x_wconf 90' lang='lat' dir='ltr'>De</span> <span class='ocrx_word' id='word_1_474' title='bbox 2551 4494 2972 4552; x_wconf 89' lang='lat' dir='ltr'>catechumenis</span> <span class='ocrx_word' id='word_1_475' title='bbox 3001 4494 3353 4568; x_wconf 88' lang='lat' dir='ltr'>baptizandis</span> <span class='ocrx_word' id='word_1_476' title='bbox 3399 4493 3457 4549; x_wconf 90' lang='lat' dir='ltr'>id</span> <span class='ocrx_word' id='word_1_477' title='bbox 3501 4491 3745 4547; x_wconf 82' lang='lat' dir='ltr'>statutum</span> <span class='ocrx_word' id='word_1_478' title='bbox 3773 4483 3834 4582; x_wconf 53' lang='lat' dir='ltr'>8ft</span> 
     </span>
    </p>
   </div>
   <div class='ocr_carea' id='block_1_74' title="bbox 522 4578 3836 4661">
    <p class='ocr_par' dir='ltr' id='par_1_74' title="bbox 522 4578 3836 4661">
     <span class='ocr_line' id='line_1_74' title="bbox 522 4578 3836 4661; baseline -0.002 -19"><span class='ocrx_word' id='word_1_479' title='bbox 522 4586 701 4642; x_wconf 90' lang='lat' dir='ltr'>litana</span> <span class='ocrx_word' id='word_1_480' title='bbox 746 4584 984 4641; x_wconf 89' lang='lat' dir='ltr'>ecclesia</span> <span class='ocrx_word' id='word_1_481' title='bbox 1027 4583 1235 4655; x_wconf 83' lang='lat' dir='ltr'>agitur,</span> <span class='ocrx_word' id='word_1_482' title='bbox 1266 4585 1343 4639; x_wconf 87' lang='lat' dir='ltr'>ita</span> <span class='ocrx_word' id='word_1_483' title='bbox 1386 4584 1445 4640; x_wconf 89' lang='lat' dir='ltr'>in</span> <span class='ocrx_word' id='word_1_484' title='bbox 1491 4586 1589 4641; x_wconf 89' lang='lat' dir='ltr'>Dei</span> <span class='ocrx_word' id='word_1_485' title='bbox 1629 4588 1862 4643; x_wconf 89' lang='lat' dir='ltr'>nomine</span> <span class='ocrx_word' id='word_1_486' title='bbox 1901 4589 1961 4644; x_wconf 91' lang='lat' dir='ltr'>in</span> <span class='ocrx_word' id='word_1_487' title='bbox 1998 4578 2217 4645; x_wconf 57' lang='lat' dir='ltr'>omni_</span> <span class='ocrx_word' id='word_1_488' title='bbox 2262 4594 2327 4645; x_wconf 92' lang='lat' dir='ltr'>ut</span> <span class='ocrx_word' id='word_1_489' title='bbox 2355 4590 2415 4644; x_wconf 91' lang='lat' dir='ltr'>in</span> <span class='ocrx_word' id='word_1_490' title='bbox 2442 4591 2669 4646; x_wconf 64' lang='lat' dir='ltr'>Paschze</span> <span class='ocrx_word' id='word_1_491' title='bbox 2697 4590 3073 4661; x_wconf 88' lang='lat' dir='ltr'>solemnitate,</span> <span class='ocrx_word' id='word_1_492' title='bbox 3107 4590 3195 4644; x_wconf 91' lang='lat' dir='ltr'>vel</span> <span class='ocrx_word' id='word_1_493' title='bbox 3223 4590 3577 4644; x_wconf 87' lang='lat' dir='ltr'>Pentecostes</span> <span class='ocrx_word' id='word_1_494' title='bbox 3603 4581 3667 4638; x_wconf 88' lang='lat' dir='ltr'>ad</span> <span class='ocrx_word' id='word_1_495' title='bbox 3696 4578 3836 4648; x_wconf 71' lang='lat' dir='ltr'>bapti-</span> 
     </span>
    </p>
   </div>
   <div class='ocr_carea' id='block_1_75' title="bbox 524 4677 2159 4751">
    <p class='ocr_par' dir='ltr' id='par_1_75' title="bbox 524 4677 2159 4751">
     <span class='ocr_line' id='line_1_75' title="bbox 524 4677 2159 4751; baseline 0.003 -16"><span class='ocrx_word' id='word_1_496' title='bbox 524 4678 929 4735; x_wconf 88' lang='lat' dir='ltr'>Tarraconensi</span> <span class='ocrx_word' id='word_1_497' title='bbox 982 4677 1307 4750; x_wconf 89' lang='lat' dir='ltr'>provincia,</span> <span class='ocrx_word' id='word_1_498' title='bbox 1374 4684 1494 4735; x_wconf 89' lang='lat' dir='ltr'>tam</span> <span class='ocrx_word' id='word_1_499' title='bbox 1551 4680 1728 4751; x_wconf 91' lang='lat' dir='ltr'>ipsius</span> <span class='ocrx_word' id='word_1_500' title='bbox 1781 4682 1964 4738; x_wconf 60' lang='lat' dir='ltr'>missae</span> <span class='ocrx_word' id='word_1_501' title='bbox 2022 4686 2159 4740; x_wconf 92' lang='lat' dir='ltr'>ordo</span> 
     </span>
    </p>
   </div>
   <div class='ocr_carea' id='block_1_76' title="bbox 524 4772 2158 4847">
    <p class='ocr_par' dir='ltr' id='par_1_76' title="bbox 524 4772 2158 4847">
     <span class='ocr_line' id='line_1_76' title="bbox 524 4772 2158 4847; baseline 0.002 -18"><span class='ocrx_word' id='word_1_502' title='bbox 524 4791 701 4847; x_wconf 90' lang='lat' dir='ltr'>quam</span> <span class='ocrx_word' id='word_1_503' title='bbox 725 4772 1004 4845; x_wconf 90' lang='lat' dir='ltr'>psallendi</span> <span class='ocrx_word' id='word_1_504' title='bbox 1041 4774 1129 4828; x_wconf 88' lang='lat' dir='ltr'>vel</span> <span class='ocrx_word' id='word_1_505' title='bbox 1162 4773 1522 4830; x_wconf 85' lang='lat' dir='ltr'>ministrandi</span> <span class='ocrx_word' id='word_1_506' title='bbox 1566 4778 1915 4833; x_wconf 90' lang='lat' dir='ltr'>consuetudo</span> <span class='ocrx_word' id='word_1_507' title='bbox 1966 4795 2158 4833; x_wconf 84' lang='lat' dir='ltr'>serve-</span> 
     </span>
    </p>
   </div>
   <div class='ocr_carea' id='block_1_77' title="bbox 524 4872 636 4923">
    <p class='ocr_par' dir='ltr' id='par_1_77' title="bbox 524 4872 636 4923">
     <span class='ocr_line' id='line_1_77' title="bbox 524 4872 636 4923; baseline 0 0"><span class='ocrx_word' id='word_1_508' title='bbox 524 4872 636 4923; x_wconf 91' lang='lat' dir='ltr'>tur.</span> 
     </span>
    </p>
   </div>
   <div class='ocr_carea' id='block_1_78' title="bbox 596 4961 2161 5038">
    <p class='ocr_par' dir='ltr' id='par_1_78' title="bbox 596 4961 2161 5038">
     <span class='ocr_line' id='line_1_78' title="bbox 596 4961 2161 5038; baseline 0.003 -20"><span class='ocrx_word' id='word_1_509' title='bbox 596 4965 662 5018; x_wconf 88' lang='lat' dir='ltr'>ll.</span> <span class='ocrx_word' id='word_1_510' title='bbox 690 4964 762 5017; x_wconf 88' lang='lat' dir='ltr'>Ut</span> <span class='ocrx_word' id='word_1_511' title='bbox 788 4962 1016 5033; x_wconf 84' lang='lat' dir='ltr'>expleta</span> <span class='ocrx_word' id='word_1_512' title='bbox 1041 4961 1409 5017; x_wconf 87' lang='lat' dir='ltr'>solemnitate</span> <span class='ocrx_word' id='word_1_513' title='bbox 1430 4964 1879 5035; x_wconf 88' lang='lat' dir='ltr'>Pentecostes,in</span> <span class='ocrx_word' id='word_1_514' title='bbox 1899 4967 2161 5038; x_wconf 88' lang='lat' dir='ltr'>sequenti</span> 
     </span>
    </p>
   </div>
   <div class='ocr_carea' id='block_1_79' title="bbox 526 5054 2155 5130">
    <p class='ocr_par' dir='ltr' id='par_1_79' title="bbox 526 5054 2155 5130">
     <span class='ocr_line' id='line_1_79' title="bbox 526 5054 2155 5130; baseline 0.002 -18"><span class='ocrx_word' id='word_1_515' title='bbox 526 5057 845 5130; x_wconf 89' lang='lat' dir='ltr'>septimana</span> <span class='ocrx_word' id='word_1_516' title='bbox 875 5073 909 5111; x_wconf 90' lang='lat' dir='ltr'>a</span> <span class='ocrx_word' id='word_1_517' title='bbox 939 5054 1137 5127; x_wconf 86' lang='lat' dir='ltr'>quinta</span> <span class='ocrx_word' id='word_1_518' title='bbox 1178 5056 1316 5111; x_wconf 87' lang='lat' dir='ltr'>feria</span> <span class='ocrx_word' id='word_1_519' title='bbox 1342 5056 1404 5111; x_wconf 91' lang='lat' dir='ltr'>in</span> <span class='ocrx_word' id='word_1_520' title='bbox 1435 5057 1762 5128; x_wconf 89' lang='lat' dir='ltr'>sabbatum,</span> <span class='ocrx_word' id='word_1_521' title='bbox 1795 5075 1897 5130; x_wconf 89' lang='lat' dir='ltr'>per</span> <span class='ocrx_word' id='word_1_522' title='bbox 1924 5060 2030 5116; x_wconf 92' lang='lat' dir='ltr'>hoc</span> <span class='ocrx_word' id='word_1_523' title='bbox 2058 5061 2155 5117; x_wconf 90' lang='lat' dir='ltr'>tri-</span> 
     </span>
    </p>
   </div>
   <div class='ocr_carea' id='block_1_80' title="bbox 528 5149 1444 5207">
    <p class='ocr_par' dir='ltr' id='par_1_80' title="bbox 528 5149 1444 5207">
     <span class='ocr_line' id='line_1_80' title="bbox 528 5149 1444 5207; baseline 0 0"><span class='ocrx_word' id='word_1_524' title='bbox 528 5153 706 5207; x_wconf 89' lang='lat' dir='ltr'>duum</span> <span class='ocrx_word' id='word_1_525' title='bbox 735 5149 1077 5206; x_wconf 87' lang='lat' dir='ltr'>abstinentia</span> <span class='ocrx_word' id='word_1_526' title='bbox 1107 5150 1444 5207; x_wconf 87' lang='lat' dir='ltr'>celebretur.</span> 
     </span>
    </p>
   </div>
   <div class='ocr_carea' id='block_1_81' title="bbox 601 5244 2159 5313">
    <p class='ocr_par' dir='ltr' id='par_1_81' title="bbox 601 5244 2159 5313">
     <span class='ocr_line' id='line_1_81' title="bbox 601 5244 2159 5313; baseline 0.003 -12"><span class='ocrx_word' id='word_1_527' title='bbox 601 5249 683 5303; x_wconf 90' lang='lat' dir='ltr'>lII.</span> <span class='ocrx_word' id='word_1_528' title='bbox 718 5249 880 5313; x_wconf 90' lang='lat' dir='ltr'>Item,</span> <span class='ocrx_word' id='word_1_529' title='bbox 930 5245 1182 5300; x_wconf 91' lang='lat' dir='ltr'>secunda</span> <span class='ocrx_word' id='word_1_530' title='bbox 1224 5244 1419 5301; x_wconf 87' lang='lat' dir='ltr'>litania</span> <span class='ocrx_word' id='word_1_531' title='bbox 1459 5245 1718 5302; x_wconf 90' lang='lat' dir='ltr'>facienda</span> <span class='ocrx_word' id='word_1_532' title='bbox 1766 5252 1850 5303; x_wconf 90' lang='lat' dir='ltr'>est</span> <span class='ocrx_word' id='word_1_533' title='bbox 1897 5250 2159 5306; x_wconf 87' lang='lat' dir='ltr'>Kalendis</span> 
     </span>
    </p>
   </div>
   <div class='ocr_carea' id='block_1_82' title="bbox 525 5339 2153 5412">
    <p class='ocr_par' dir='ltr' id='par_1_82' title="bbox 525 5339 2153 5412">
     <span class='ocr_line' id='line_1_82' title="bbox 525 5339 2153 5412; baseline 0 -13"><span class='ocrx_word' id='word_1_534' title='bbox 525 5340 878 5409; x_wconf 83' lang='lat' dir='ltr'>Novembris,</span> <span class='ocrx_word' id='word_1_535' title='bbox 910 5356 975 5395; x_wconf 86' lang='lat' dir='ltr'>ea</span> <span class='ocrx_word' id='word_1_536' title='bbox 1007 5343 1198 5394; x_wconf 89' lang='lat' dir='ltr'>tamen</span> <span class='ocrx_word' id='word_1_537' title='bbox 1245 5339 1569 5395; x_wconf 89' lang='lat' dir='ltr'>conditione</span> <span class='ocrx_word' id='word_1_538' title='bbox 1614 5345 1853 5412; x_wconf 87' lang='lat' dir='ltr'>servata,</span> <span class='ocrx_word' id='word_1_539' title='bbox 1885 5346 1947 5397; x_wconf 90' lang='lat' dir='ltr'>ut</span> <span class='ocrx_word' id='word_1_540' title='bbox 1976 5342 2035 5397; x_wconf 90' lang='lat' dir='ltr'>in</span> <span class='ocrx_word' id='word_1_541' title='bbox 2061 5344 2153 5399; x_wconf 91' lang='lat' dir='ltr'>iis-</span> 
     </span>
    </p>
   </div>
   <div class='ocr_carea' id='block_1_83' title="bbox 525 5433 2152 5502">
    <p class='ocr_par' dir='ltr' id='par_1_83' title="bbox 525 5433 2152 5502">
     <span class='ocr_line' id='line_1_83' title="bbox 525 5433 2152 5502; baseline 0 -10"><span class='ocrx_word' id='word_1_542' title='bbox 525 5439 655 5492; x_wconf 87' lang='lat' dir='ltr'>dem</span> <span class='ocrx_word' id='word_1_543' title='bbox 683 5436 880 5491; x_wconf 89' lang='lat' dir='ltr'>diebus</span> <span class='ocrx_word' id='word_1_544' title='bbox 907 5433 1195 5489; x_wconf 88' lang='lat' dir='ltr'>Dominica</span> <span class='ocrx_word' id='word_1_545' title='bbox 1221 5433 1622 5502; x_wconf 89' lang='lat' dir='ltr'>intercesserit,</span> <span class='ocrx_word' id='word_1_546' title='bbox 1674 5434 1732 5490; x_wconf 90' lang='lat' dir='ltr'>in</span> <span class='ocrx_word' id='word_1_547' title='bbox 1778 5435 1887 5490; x_wconf 89' lang='lat' dir='ltr'>alia</span> <span class='ocrx_word' id='word_1_548' title='bbox 1934 5437 2152 5493; x_wconf 87' lang='lat' dir='ltr'>hebdo-</span> 
     </span>
    </p>
   </div>
   <div class='ocr_carea' id='block_1_84' title="bbox 524 5527 2155 5598">
    <p class='ocr_par' dir='ltr' id='par_1_84' title="bbox 524 5527 2155 5598">
     <span class='ocr_line' id='line_1_84' title="bbox 524 5527 2155 5598; baseline 0.002 -13"><span class='ocrx_word' id='word_1_549' title='bbox 524 5532 694 5585; x_wconf 89' lang='lat' dir='ltr'>mada</span> <span class='ocrx_word' id='word_1_550' title='bbox 726 5528 1044 5584; x_wconf 90' lang='lat' dir='ltr'>secundum</span> <span class='ocrx_word' id='word_1_551' title='bbox 1096 5527 1299 5598; x_wconf 85' lang='lat' dir='ltr'>prioris</span> <span class='ocrx_word' id='word_1_552' title='bbox 1345 5528 1701 5584; x_wconf 84' lang='lat' dir='ltr'>abstinentiae</span> <span class='ocrx_word' id='word_1_553' title='bbox 1737 5530 2155 5589; x_wconf 84' lang='lat' dir='ltr'>observantiam</span> 
     </span>
    </p>
   </div>
   <div class='ocr_carea' id='block_1_85' title="bbox 524 5621 2158 5697">
    <p class='ocr_par' dir='ltr' id='par_1_85' title="bbox 524 5621 2158 5697">
     <span class='ocr_line' id='line_1_85' title="bbox 524 5621 2158 5697; baseline 0.003 -19"><span class='ocrx_word' id='word_1_554' title='bbox 524 5644 558 5679; x_wconf 89' lang='lat' dir='ltr'>a</span> <span class='ocrx_word' id='word_1_555' title='bbox 585 5624 783 5696; x_wconf 87' lang='lat' dir='ltr'>quinta</span> <span class='ocrx_word' id='word_1_556' title='bbox 808 5622 954 5678; x_wconf 86' lang='lat' dir='ltr'>feria</span> <span class='ocrx_word' id='word_1_557' title='bbox 972 5621 1302 5693; x_wconf 88' lang='lat' dir='ltr'>incipiatur,</span> <span class='ocrx_word' id='word_1_558' title='bbox 1319 5625 1373 5676; x_wconf 92' lang='lat' dir='ltr'>et</span> <span class='ocrx_word' id='word_1_559' title='bbox 1396 5621 1451 5676; x_wconf 92' lang='lat' dir='ltr'>in</span> <span class='ocrx_word' id='word_1_560' title='bbox 1474 5622 1707 5679; x_wconf 90' lang='lat' dir='ltr'>sabbato</span> <span class='ocrx_word' id='word_1_561' title='bbox 1738 5642 1965 5697; x_wconf 87' lang='lat' dir='ltr'>vespere</span> <span class='ocrx_word' id='word_1_562' title='bbox 1988 5627 2158 5683; x_wconf 87' lang='lat' dir='ltr'>missa</span> 
     </span>
    </p>
   </div>
   <div class='ocr_carea' id='block_1_86' title="bbox 523 5715 2157 5789">
    <p class='ocr_par' dir='ltr' id='par_1_86' title="bbox 523 5715 2157 5789">
     <span class='ocr_line' id='line_1_86' title="bbox 523 5715 2157 5789; baseline 0.005 -17"><span class='ocrx_word' id='word_1_563' title='bbox 523 5718 665 5772; x_wconf 64' lang='lat' dir='ltr'>facta</span> <span class='ocrx_word' id='word_1_564' title='bbox 700 5717 952 5781; x_wconf 85' lang='lat' dir='ltr'>ﬁniatur,</span> <span class='ocrx_word' id='word_1_565' title='bbox 997 5715 1201 5789; x_wconf 87' lang='lat' dir='ltr'>quibus</span> <span class='ocrx_word' id='word_1_566' title='bbox 1248 5718 1441 5771; x_wconf 90' lang='lat' dir='ltr'>tamen</span> <span class='ocrx_word' id='word_1_567' title='bbox 1482 5715 1679 5773; x_wconf 89' lang='lat' dir='ltr'>diebus</span> <span class='ocrx_word' id='word_1_568' title='bbox 1725 5737 1759 5774; x_wconf 89' lang='lat' dir='ltr'>a</span> <span class='ocrx_word' id='word_1_569' title='bbox 1809 5721 2077 5779; x_wconf 87' lang='lat' dir='ltr'>carnibus</span> <span class='ocrx_word' id='word_1_570' title='bbox 2101 5729 2157 5780; x_wconf 85' lang='lat' dir='ltr'>et</span> 
     </span>
    </p>
   </div>
   <div class='ocr_carea' id='block_1_87' title="bbox 520 5810 1484 5868">
    <p class='ocr_par' dir='ltr' id='par_1_87' title="bbox 520 5810 1484 5868">
     <span class='ocr_line' id='line_1_87' title="bbox 520 5810 1484 5868; baseline 0 -2"><span class='ocrx_word' id='word_1_571' title='bbox 520 5810 654 5866; x_wconf 87' lang='lat' dir='ltr'>vino</span> <span class='ocrx_word' id='word_1_572' title='bbox 684 5810 1036 5865; x_wconf 87' lang='lat' dir='ltr'>decrevimus</span> <span class='ocrx_word' id='word_1_573' title='bbox 1062 5810 1484 5868; x_wconf 86' lang='lat' dir='ltr'>abstinendum.</span> 
     </span>
    </p>
   </div>
   <div class='ocr_carea' id='block_1_88' title="bbox 2261 4674 3835 4741">
    <p class='ocr_par' dir='ltr' id='par_1_88' title="bbox 2261 4674 3835 4741">
     <span class='ocr_line' id='line_1_88' title="bbox 2261 4674 3835 4741; baseline -0.01 -1"><span class='ocrx_word' id='word_1_574' title='bbox 2261 4685 2503 4740; x_wconf 90' lang='lat' dir='ltr'>zandum</span> <span class='ocrx_word' id='word_1_575' title='bbox 2529 4685 2779 4740; x_wconf 89' lang='lat' dir='ltr'>veniant.</span> <span class='ocrx_word' id='word_1_576' title='bbox 2812 4685 3041 4741; x_wconf 86' lang='lat' dir='ltr'>Caeteris</span> <span class='ocrx_word' id='word_1_577' title='bbox 3067 4674 3728 4738; x_wconf 81' lang='lat' dir='ltr'>solemnitatibusinﬁrmi</span> <span class='ocrx_word' id='word_1_578' title='bbox 3746 4677 3835 4725; x_wconf 84' lang='lat' dir='ltr'>tan-</span> 
     </span>
    </p>
   </div>
   <div class='ocr_carea' id='block_1_89' title="bbox 2260 4770 3831 4851">
    <p class='ocr_par' dir='ltr' id='par_1_89' title="bbox 2260 4770 3831 4851">
     <span class='ocr_line' id='line_1_89' title="bbox 2260 4770 3831 4851; baseline -0.011 -16"><span class='ocrx_word' id='word_1_579' title='bbox 2260 4780 2559 4835; x_wconf 91' lang='lat' dir='ltr'>tummodo</span> <span class='ocrx_word' id='word_1_580' title='bbox 2587 4778 2833 4835; x_wconf 90' lang='lat' dir='ltr'>debeant</span> <span class='ocrx_word' id='word_1_581' title='bbox 2853 4777 3147 4851; x_wconf 88' lang='lat' dir='ltr'>baptizari,</span> <span class='ocrx_word' id='word_1_582' title='bbox 3177 4776 3386 4850; x_wconf 86' lang='lat' dir='ltr'>quibus</span> <span class='ocrx_word' id='word_1_583' title='bbox 3407 4774 3711 4850; x_wconf 88' lang='lat' dir='ltr'>quicunque</span> <span class='ocrx_word' id='word_1_584' title='bbox 3727 4770 3831 4820; x_wconf 50' lang='lat' dir='ltr'>tem‘</span> 
     </span>
    </p>
   </div>
   <div class='ocr_carea' id='block_1_90' title="bbox 2258 4868 3461 4945">
    <p class='ocr_par' dir='ltr' id='par_1_90' title="bbox 2258 4868 3461 4945">
     <span class='ocr_line' id='line_1_90' title="bbox 2258 4868 3461 4945; baseline -0.003 -16"><span class='ocrx_word' id='word_1_585' title='bbox 2258 4890 2398 4945; x_wconf 91' lang='lat' dir='ltr'>pore</span> <span class='ocrx_word' id='word_1_586' title='bbox 2424 4873 2690 4931; x_wconf 88' lang='lat' dir='ltr'>convenit</span> <span class='ocrx_word' id='word_1_587' title='bbox 2714 4873 3063 4945; x_wconf 89' lang='lat' dir='ltr'>baptismum</span> <span class='ocrx_word' id='word_1_588' title='bbox 3094 4889 3213 4927; x_wconf 89' lang='lat' dir='ltr'>non</span> <span class='ocrx_word' id='word_1_589' title='bbox 3240 4868 3461 4943; x_wconf 80' lang='lat' dir='ltr'>negari.</span> 
     </span>
    </p>
   </div>
   <div class='ocr_carea' id='block_1_91' title="bbox 2331 4953 3832 5045">
    <p class='ocr_par' dir='ltr' id='par_1_91' title="bbox 2331 4953 3832 5045">
     <span class='ocr_line' id='line_1_91' title="bbox 2331 4953 3832 5045; baseline -0.007 -19"><span class='ocrx_word' id='word_1_590' title='bbox 2331 4973 2394 5028; x_wconf 93' lang='lat' dir='ltr'>V.</span> <span class='ocrx_word' id='word_1_591' title='bbox 2418 4973 2497 5027; x_wconf 93' lang='lat' dir='ltr'>De</span> <span class='ocrx_word' id='word_1_592' title='bbox 2514 4972 2764 5045; x_wconf 86' lang='lat' dir='ltr'>parvulis</span> <span class='ocrx_word' id='word_1_593' title='bbox 2790 4971 2887 5045; x_wconf 89' lang='lat' dir='ltr'>qui</span> <span class='ocrx_word' id='word_1_594' title='bbox 2914 4970 3225 5026; x_wconf 90' lang='lat' dir='ltr'>immaturo</span> <span class='ocrx_word' id='word_1_595' title='bbox 3246 4973 3414 5025; x_wconf 89' lang='lat' dir='ltr'>utero</span> <span class='ocrx_word' id='word_1_596' title='bbox 3439 4964 3572 5024; x_wconf 88' lang='lat' dir='ltr'>editi</span> <span class='ocrx_word' id='word_1_597' title='bbox 3596 4963 3726 5027; x_wconf 84' lang='lat' dir='ltr'>sunt,</span> <span class='ocrx_word' id='word_1_598' title='bbox 3741 4953 3832 5029; x_wconf 76' lang='lat' dir='ltr'>pla-</span> 
     </span>
    </p>
   </div>
   <div class='ocr_carea' id='block_1_92' title="bbox 2260 5050 3833 5146">
    <p class='ocr_par' dir='ltr' id='par_1_92' title="bbox 2260 5050 3833 5146">
     <span class='ocr_line' id='line_1_92' title="bbox 2260 5050 3833 5146; baseline -0.007 -24"><span class='ocrx_word' id='word_1_599' title='bbox 2260 5067 2377 5122; x_wconf 89' lang='lat' dir='ltr'>cuit</span> <span class='ocrx_word' id='word_1_600' title='bbox 2406 5066 2694 5137; x_wconf 89' lang='lat' dir='ltr'>constitui,</span> <span class='ocrx_word' id='word_1_601' title='bbox 2723 5071 2788 5121; x_wconf 91' lang='lat' dir='ltr'>ut</span> <span class='ocrx_word' id='word_1_602' title='bbox 2813 5065 2857 5121; x_wconf 92' lang='lat' dir='ltr'>si</span> <span class='ocrx_word' id='word_1_603' title='bbox 2890 5065 3126 5134; x_wconf 86' lang='lat' dir='ltr'>infirmi,</span> <span class='ocrx_word' id='word_1_604' title='bbox 3151 5069 3215 5119; x_wconf 92' lang='lat' dir='ltr'>ut</span> <span class='ocrx_word' id='word_1_605' title='bbox 3243 5064 3472 5130; x_wconf 88' lang='lat' dir='ltr'>assolet,</span> <span class='ocrx_word' id='word_1_606' title='bbox 3502 5058 3698 5117; x_wconf 84' lang='lat' dir='ltr'>fuerint</span> <span class='ocrx_word' id='word_1_607' title='bbox 3714 5056 3759 5108; x_wconf 76' lang='lat' dir='ltr'>et</span> <span class='ocrx_word' id='word_1_608' title='bbox 3773 5050 3833 5146; x_wconf 64' lang='grc' dir='ltr'>Ιιιιξ</span> 
     </span>
    </p>
   </div>
   <div class='ocr_carea' id='block_1_93' title="bbox 2259 5146 3834 5233">
    <p class='ocr_par' dir='ltr' id='par_1_93' title="bbox 2259 5146 3834 5233">
     <span class='ocr_line' id='line_1_93' title="bbox 2259 5146 3834 5233; baseline -0.013 -18"><span class='ocrx_word' id='word_1_609' title='bbox 2259 5163 2581 5217; x_wconf 89' lang='lat' dir='ltr'>maternum</span> <span class='ocrx_word' id='word_1_610' title='bbox 2608 5178 2723 5216; x_wconf 90' lang='lat' dir='ltr'>non</span> <span class='ocrx_word' id='word_1_611' title='bbox 2750 5164 3047 5233; x_wconf 89' lang='lat' dir='ltr'>appetunt,</span> <span class='ocrx_word' id='word_1_612' title='bbox 3081 5159 3254 5214; x_wconf 89' lang='lat' dir='ltr'>etiam</span> <span class='ocrx_word' id='word_1_613' title='bbox 3281 5159 3485 5215; x_wconf 86' lang='lat' dir='ltr'>eadem</span> <span class='ocrx_word' id='word_1_614' title='bbox 3518 5152 3603 5210; x_wconf 89' lang='lat' dir='ltr'>die</span> <span class='ocrx_word' id='word_1_615' title='bbox 3627 5165 3723 5224; x_wconf 89' lang='lat' dir='ltr'>qua</span> <span class='ocrx_word' id='word_1_616' title='bbox 3745 5146 3834 5198; x_wconf 82' lang='lat' dir='ltr'>natl</span> 
     </span>
    </p>
   </div>
   <div class='ocr_carea' id='block_1_94' title="bbox 2259 5253 3355 5325">
    <p class='ocr_par' dir='ltr' id='par_1_94' title="bbox 2259 5253 3355 5325">
     <span class='ocr_line' id='line_1_94' title="bbox 2259 5253 3355 5325; baseline -0.003 -15"><span class='ocrx_word' id='word_1_617' title='bbox 2259 5259 2408 5325; x_wconf 88' lang='lat' dir='ltr'>sunt,</span> <span class='ocrx_word' id='word_1_618' title='bbox 2442 5253 2488 5310; x_wconf 91' lang='lat' dir='ltr'>si</span> <span class='ocrx_word' id='word_1_619' title='bbox 2520 5254 2691 5310; x_wconf 88' lang='lat' dir='ltr'>oblati</span> <span class='ocrx_word' id='word_1_620' title='bbox 2718 5253 2949 5321; x_wconf 89' lang='lat' dir='ltr'>fuerint,</span> <span class='ocrx_word' id='word_1_621' title='bbox 2977 5253 3355 5325; x_wconf 86' lang='lat' dir='ltr'>baptizentur.</span> 
     </span>
    </p>
   </div>
   <div class='ocr_carea' id='block_1_95' title="bbox 2331 5326 3832 5420">
    <p class='ocr_par' dir='ltr' id='par_1_95' title="bbox 2331 5326 3832 5420">
     <span class='ocr_line' id='line_1_95' title="bbox 2331 5326 3832 5420; baseline -0.011 -16"><span class='ocrx_word' id='word_1_622' title='bbox 2331 5350 2416 5405; x_wconf 87' lang='lat' dir='ltr'>VI.</span> <span class='ocrx_word' id='word_1_623' title='bbox 2447 5350 2523 5404; x_wconf 89' lang='lat' dir='ltr'>De</span> <span class='ocrx_word' id='word_1_624' title='bbox 2550 5347 2639 5403; x_wconf 91' lang='lat' dir='ltr'>his</span> <span class='ocrx_word' id='word_1_625' title='bbox 2666 5347 2763 5420; x_wconf 92' lang='lat' dir='ltr'>qui</span> <span class='ocrx_word' id='word_1_626' title='bbox 2791 5348 2912 5403; x_wconf 89' lang='lat' dir='ltr'>sine</span> <span class='ocrx_word' id='word_1_627' title='bbox 2941 5347 3208 5403; x_wconf 81' lang='lat' dir='ltr'>uxoribus</span> <span class='ocrx_word' id='word_1_628' title='bbox 3235 5345 3576 5402; x_wconf 89' lang='lat' dir='ltr'>ordinantur</span> <span class='ocrx_word' id='word_1_629' title='bbox 3613 5342 3664 5395; x_wconf 90' lang='lat' dir='ltr'>et</span> <span class='ocrx_word' id='word_1_630' title='bbox 3697 5326 3832 5391; x_wconf 84' lang='lat' dir='ltr'>fami-</span> 
     </span>
    </p>
   </div>
   <div class='ocr_carea' id='block_1_96' title="bbox 2256 5438 3832 5512">
    <p class='ocr_par' dir='ltr' id='par_1_96' title="bbox 2256 5438 3832 5512">
     <span class='ocr_line' id='line_1_96' title="bbox 2256 5438 3832 5512; baseline -0.009 -15"><span class='ocrx_word' id='word_1_631' title='bbox 2256 5443 2358 5498; x_wconf 90' lang='lat' dir='ltr'>lias</span> <span class='ocrx_word' id='word_1_632' title='bbox 2379 5444 2582 5499; x_wconf 90' lang='lat' dir='ltr'>domus</span> <span class='ocrx_word' id='word_1_633' title='bbox 2607 5442 2842 5511; x_wconf 88' lang='lat' dir='ltr'>habent,</span> <span class='ocrx_word' id='word_1_634' title='bbox 2871 5442 3062 5497; x_wconf 91' lang='lat' dir='ltr'>habito</span> <span class='ocrx_word' id='word_1_635' title='bbox 3089 5458 3280 5497; x_wconf 90' lang='lat' dir='ltr'>secum</span> <span class='ocrx_word' id='word_1_636' title='bbox 3307 5457 3412 5512; x_wconf 84' lang='lat' dir='ltr'>pro</span> <span class='ocrx_word' id='word_1_637' title='bbox 3438 5438 3564 5494; x_wconf 65' lang='lat' dir='ltr'>vita:</span> <span class='ocrx_word' id='word_1_638' title='bbox 3582 5442 3832 5491; x_wconf 80' lang='lat' dir='ltr'>conversa-</span> 
     </span>
    </p>
   </div>
   <div class='ocr_carea' id='block_1_97' title="bbox 2257 5531 3831 5610">
    <p class='ocr_par' dir='ltr' id='par_1_97' title="bbox 2257 5531 3831 5610">
     <span class='ocr_line' id='line_1_97' title="bbox 2257 5531 3831 5610; baseline -0.008 -18"><span class='ocrx_word' id='word_1_639' title='bbox 2257 5537 2413 5593; x_wconf 92' lang='lat' dir='ltr'>tione</span> <span class='ocrx_word' id='word_1_640' title='bbox 2458 5542 2621 5610; x_wconf 90' lang='lat' dir='ltr'>patre</span> <span class='ocrx_word' id='word_1_641' title='bbox 2664 5538 2724 5593; x_wconf 91' lang='lat' dir='ltr'>in</span> <span class='ocrx_word' id='word_1_642' title='bbox 2761 5536 3177 5605; x_wconf 89' lang='lat' dir='ltr'>testimonium,</span> <span class='ocrx_word' id='word_1_643' title='bbox 3212 5552 3325 5591; x_wconf 88' lang='lat' dir='ltr'>non</span> <span class='ocrx_word' id='word_1_644' title='bbox 3358 5550 3462 5605; x_wconf 85' lang='lat' dir='ltr'>per</span> <span class='ocrx_word' id='word_1_645' title='bbox 3483 5531 3831 5604; x_wconf 73' lang='lat' dir='ltr'>quamcunquc</span> 
     </span>
    </p>
   </div>
   <div class='ocr_carea' id='block_1_98' title="bbox 2255 5620 3919 5705">
    <p class='ocr_par' dir='ltr' id='par_1_98' title="bbox 2255 5620 3919 5705">
     <span class='ocr_line' id='line_1_98' title="bbox 2255 5620 3919 5705; baseline -0.009 -17"><span class='ocrx_word' id='word_1_646' title='bbox 2255 5630 2493 5688; x_wconf 89' lang='lat' dir='ltr'>feminei</span> <span class='ocrx_word' id='word_1_647' title='bbox 2524 5650 2689 5688; x_wconf 79' lang='lat' dir='ltr'>sexus</span> <span class='ocrx_word' id='word_1_648' title='bbox 2711 5646 3013 5705; x_wconf 86' lang='lat' dir='ltr'>personam</span> <span class='ocrx_word' id='word_1_649' title='bbox 3043 5648 3245 5686; x_wconf 88' lang='lat' dir='ltr'>eorum</span> <span class='ocrx_word' id='word_1_650' title='bbox 3273 5627 3584 5683; x_wconf 82' lang='lat' dir='ltr'>substantia</span> <span class='ocrx_word' id='word_1_651' title='bbox 3604 5620 3835 5693; x_wconf 82' lang='lat' dir='ltr'>guberne-</span> <span class='ocrx_word' id='word_1_652' title='bbox 3918 5664 3919 5673; x_wconf 32' lang='grc' dir='ltr'>χ</span> 
     </span>
    </p>
   </div>
   <div class='ocr_carea' id='block_1_99' title="bbox 2256 5720 3830 5800">
    <p class='ocr_par' dir='ltr' id='par_1_99' title="bbox 2256 5720 3830 5800">
     <span class='ocr_line' id='line_1_99' title="bbox 2256 5720 3830 5800; baseline -0.008 -19"><span class='ocrx_word' id='word_1_653' title='bbox 2256 5729 2368 5795; x_wconf 87' lang='lat' dir='ltr'>tur,</span> <span class='ocrx_word' id='word_1_654' title='bbox 2400 5727 2497 5783; x_wconf 90' lang='lat' dir='ltr'>sed</span> <span class='ocrx_word' id='word_1_655' title='bbox 2527 5744 2631 5799; x_wconf 89' lang='lat' dir='ltr'>per</span> <span class='ocrx_word' id='word_1_656' title='bbox 2655 5744 2918 5800; x_wconf 88' lang='lat' dir='ltr'>puerum,</span> <span class='ocrx_word' id='word_1_657' title='bbox 2944 5729 3042 5781; x_wconf 89' lang='lat' dir='ltr'>aut</span> <span class='ocrx_word' id='word_1_658' title='bbox 3062 5742 3164 5797; x_wconf 91' lang='lat' dir='ltr'>per</span> <span class='ocrx_word' id='word_1_659' title='bbox 3185 5723 3438 5780; x_wconf 88' lang='lat' dir='ltr'>amicum</span> <span class='ocrx_word' id='word_1_660' title='bbox 3464 5720 3680 5776; x_wconf 88' lang='lat' dir='ltr'>domum</span> <span class='ocrx_word' id='word_1_661' title='bbox 3703 5720 3830 5764; x_wconf 72' lang='lat' dir='ltr'>suam</span> 
     </span>
    </p>
   </div>
   <div class='ocr_carea' id='block_1_100' title="bbox 2256 5805 3832 5893">
    <p class='ocr_par' dir='ltr' id='par_1_100' title="bbox 2256 5805 3832 5893">
     <span class='ocr_line' id='line_1_100' title="bbox 2256 5805 3832 5893; baseline -0.013 -16"><span class='ocrx_word' id='word_1_662' title='bbox 2256 5819 2503 5879; x_wconf 85' lang='lat' dir='ltr'>debeant</span> <span class='ocrx_word' id='word_1_663' title='bbox 2520 5823 2805 5891; x_wconf 89' lang='lat' dir='ltr'>ordinare,</span> <span class='ocrx_word' id='word_1_664' title='bbox 2819 5820 2927 5876; x_wconf 92' lang='lat' dir='ltr'>nisi</span> <span class='ocrx_word' id='word_1_665' title='bbox 2942 5823 3210 5893; x_wconf 86' lang='lat' dir='ltr'>matrem,</span> <span class='ocrx_word' id='word_1_666' title='bbox 3234 5820 3331 5874; x_wconf 89' lang='lat' dir='ltr'>aut</span> <span class='ocrx_word' id='word_1_667' title='bbox 3346 5829 3597 5873; x_wconf 88' lang='lat' dir='ltr'>sororem</span> <span class='ocrx_word' id='word_1_668' title='bbox 3620 5810 3671 5865; x_wconf 89' lang='lat' dir='ltr'>in</span> <span class='ocrx_word' id='word_1_669' title='bbox 3692 5805 3832 5860; x_wconf 80' lang='lat' dir='ltr'>domo</span> 
     </span>
    </p>
   </div>
  </div>
