3964 6178
242 365 307 421 5'23
1416 364 1885 422 DECRETALIUM
1925 369 1979 421 Ο(
1994 366 2310 422 ψιλοί-ιο.
3212 424 3217 427 ι
3440 368 3540 424 426

237 472 492 540 habuerint,
520 475 585 528 ut
614 471 928 528 secundum
964 472 1223 545 priorum
1261 490 1551 530 canonum
1595 476 1802 531 statuta
1823 489 1883 562 Α
1903 475 2238 543 subdiderit,
2254 476 2299 530 si
2316 475 2619 548 prohibitis
2635 476 2783 533 vitiis
2802 493 2920 533 non
2939 474 3229 533 detinetur
3244 473 3538 547 obnoxius,

242 583 307 639 per
330 582 505 622 earum
542 583 836 640 personas,
870 584 1073 625 eorum
1104 567 1313 624 debeat
1351 568 1638 626 confutari
1678 569 1806 624 sub.
1904 569 2240 626 admittatur
2270 571 2342 625 ad
2366 571 2603 627 clerum.

241 662 397 716 stantia.
1974 664 2058 720 IX.
2093 664 2151 719 Id
2179 681 2413 736 semper
2456 664 2670 737 placuit
2711 665 2995 721 observari
3026 665 3290 720 omnibus
3316 666 3536 733 diebus,

285 756 359 815 VII.
380 756 433 811 Si
472 756 599 828 quis
645 757 715 812 de
760 756 915 813 laicis
962 759 1093 831 post
1121 773 1360 814 uxorem
1400 757 1571 813 aliam
1610 758 1800 828 cujus-
1901 761 1968 813 ut
1996 762 2125 830 post
2149 759 2462 814 matutinas
2492 764 2550 814 et
2576 776 2844 830 vesperas
2873 759 3057 816 oratio
3086 760 3377 815 Dominica
3396 777 3429 814 a
3453 778 3541 815 sa-

240 867 391 922 cunque
422 850 761 906 conditionis
802 851 1135 922 cognoverit
1176 851 1497 925 mulierem,
1544 850 1604 906 in
1650 851 1801 907 clero
1902 853 2125 910 cerdote
2154 854 2497 924 proferatur.
2527 854 2772 908 Joannes
2808 852 2869 910 in
2910 853 3122 909 Christi
3148 853 3383 909 nomine
3413 855 3534 926 epi-

241 945 493 1000 nullatenus
518 945 874 1003 admittatur.
1902 964 2105 1018 scopus
2130 947 2451 1019 subscripsi.
2486 947 2860 1003 Fortunianus
2891 947 3190 1019 episcopus
3211 948 3533 1019 subscripsi.

280 1040 374 1094 Vill.
408 1042 460 1095 Is
500 1056 631 1094 vero
664 1041 764 1111 qui
794 1039 1153 1112 aegritudinis
1185 1042 1465 1112 languore
1497 1041 1799 1113 depressus
1898 1041 2106 1098 Paulus
2133 1042 2429 1113 episcopus
2458 1040 2784 1113 subscripsi.
2808 1040 3066 1111 Agricius
3093 1041 3387 1113 episcopus
3409 1041 3537 1096 sub-

235 1133 517 1207 poanitentiae
544 1134 1001 1190 benedictionem
1026 1152 1201 1207 quam
1227 1135 1426 1190 viatico
1459 1136 1801 1207 deputamus
1901 1135 2117 1206 scripsi.
2174 1135 2428 1190 Emidius
2496 1135 2793 1206 episcopus
2859 1133 3186 1207 subscripsi.
3245 1134 3531 1190 Nibridius

236 1244 300 1298 per
318 1228 759 1283 communionem
788 1229 1093 1301 acceperit,
1125 1233 1183 1283 et
1212 1230 1584 1301 postmodum
1606 1247 1801 1287 recon—
1901 1229 2195 1304 episcopus
2219 1228 2541 1300 subscripsi.
2576 1228 2841 1285 Orontius
2871 1228 3167 1300 episc0pus
3205 1227 3528 1301 subscripsi.

234 1322 449 1377 valescens
478 1327 649 1395 caput
677 1323 1030 1397 poenitentiae
1072 1322 1130 1379 in
1171 1323 1405 1379 ecclesia
1428 1324 1654 1395 publice
1686 1340 1799 1379 non
2223 1323 2460 1395 Explicit
2495 1323 2798 1378 concilium
2826 1321 3208 1378 Gerundense.

844 1571 1246 1637 INCIPIUNT
1289 1573 1680 1639 CAPITULA
1727 1573 2063 1639 CONCILII
2109 1571 2864 1639 CfESARAUGUSTANI.

279 1732 312 1782 l.
332 1728 385 1783 Ut
399 1726 636 1782 femina:
652 1726 849 1783 ﬁdeles
869 1745 903 1784 a
919 1727 1176 1784 virorum
1192 1728 1535 1785 clericorum
1559 1730 1797 1786 coetibus
1817 1745 1873 1816 B
1968 1735 2022 1785 5.
2055 1731 2126 1785 Ut
2155 1730 2254 1801 qui
2281 1746 2314 1783 a
2340 1730 2459 1784 suis
2485 1728 2764 1801 episcopis
2791 1724 3196 1782 communione
3214 1725 3529 1797 privantur,

229 1824 519 1892 separentur.
1895 1825 1965 1878 ab
1994 1824 2116 1879 aliis
2144 1840 2264 1878 non
2290 1823 2657 1894 recipiantur.

271 1917 309 1969 2.
334 1916 390 1970 Ut
409 1915 508 1987 qui
547 1914 947 1973 eucharistiam
980 1916 1040 1971 in
1083 1917 1324 1974 ecclesia
1365 1918 1588 1990 accipit,
1622 1923 1680 1973 et
1716 1918 1795 1973 ibi
1967 1921 2018 1974 6.
2049 1920 2120 1974 Ut
2143 1917 2381 1974 clericus
2400 1917 2498 1989 qui
2519 1920 2752 1988 propter
2779 1917 2976 1970 luxum
3004 1913 3318 1969 monachus
3344 1912 3531 1967 volue-

223 2025 314 2063 eam
333 2026 433 2064 non
460 2010 759 2076 consumit,
785 2011 1318 2067 anathematizetur.
1896 2012 1970 2067 rit
1996 2028 2135 2079 esse,
2170 2011 2723 2066 excommunicetur.

268 2105 308 2157 3.
328 2104 386 2158 Ut
408 2102 609 2158 diebus
632 2103 940 2159 Dominicis
964 2105 1155 2160 nullus
1178 2106 1423 2178 jejunet,
1467 2122 1571 2162 nec
1598 2106 1795 2161 diebus
1967 2112 2020 2160 7.
2050 2108 2119 2161 Ut
2149 2104 2394 2160 doctoris
2425 2105 2543 2159 sibi~
2562 2120 2774 2160 nomen
2814 2102 2939 2175 quis
2969 2119 3086 2158 non
3130 2102 3409 2174 imponat,
3439 2100 3527 2156 cui

212 2197 611 2269 quadragesimae
637 2198 708 2252 ab
735 2198 971 2254 ecclesia
1000 2216 1060 2253 se
1089 2201 1367 2270 absentet.
1894 2216 2225 2255 concessum
2252 2216 2368 2254 non
2400 2201 2501 2254 est.

262 2293 305 2345 4.
327 2292 387 2346 Ut
410 2291 588 2346 tribus
616 2292 993 2348 hebdomadis
1037 2310 1165 2365 quae
1212 2297 1346 2350 sunt
1371 2298 1504 2350 ante
1542 2295 1790 2367 Epipha-
1967 2298 2019 2349 8.
2051 2295 2122 2349 Ut
2149 2298 2279 2349 ante
2307 2293 2684 2364 quadraginta
2710 2308 2889 2347 annos
2924 2290 3379 2348 sanctimoniales
3409 2290 3524 2345 vir-

208 2383 329 2439 niam
350 2385 414 2441 ab
441 2386 681 2443 ecclesia
703 2402 877 2442 nemo
906 2387 1158 2445 recedat.
1894 2388 2061 2459 gines
2085 2404 2204 2443 non
2232 2387 2515 2442 velentur.

629 2652 1045 2746 INCIPIT
1147 2653 1757 2756 CONCILIUM
1861 2652 3032 2747 C/ESARAUGUSTANUM

1405 2818 1765 2885 Duodecim
1794 2819 2265 2900 episcoporum.

234 2975 443 3040 Quarto
467 2981 656 3034 Nonas
683 2981 938 3036 Octobris
962 2982 1393 3055 Caesaraugusta
1438 2983 1496 3037 in
1542 2986 1863 3071 secreta-C
1891 2983 1961 3038 de
1991 2982 2226 3037 ecclesia
2271 2981 2572 3037 absentare
2618 2981 2678 3035 in
2727 2980 3012 3048 domibus,
3063 2996 3168 3036 nec
3209 2980 3407 3037 sedere
3450 2982 3524 3037 ad

167 3068 244 3121 rio
258 3072 634 3129 residentibus
653 3074 949 3147 episcopis,
967 3075 1211 3144 Siradio,
1230 3077 1527 3148 Delphino,
1547 3078 1781 3147 Raticio,
1826 3068 1862 3071 ’Ἴ
1887 3077 2103 3146 villam,
2132 3093 2237 3131 nec
2266 3080 2494 3130 montes
2516 3078 2730 3146 petere,
2762 3091 2863 3130 nec
2892 3074 3060 3129 nudis
3104 3075 3344 3146 pedibus
3373 3076 3527 3132 ince-

160 3164 436 3235 Ampelio,
466 3169 774 3240 Augentio,
800 3170 992 3237 Lucio,
1026 3169 1202 3240 Italio,
1241 3172 1598 3242 Splendinio,
1632 3172 1787 3228 Vale-
1886 3170 2041 3239 dere,
2075 3171 2171 3225 sed
2200 3186 2537 3225 concurrere
2584 3171 2656 3223 ad
2700 3168 3019 3224 ecclesiam.
3056 3168 3216 3235 Quod
3260 3169 3356 3242 qui
3405 3188 3520 3226 non

155 3255 255 3321 ria,
287 3258 594 3332 Simposio,
633 3263 851 3318 Caterio
878 3266 935 3318 et
965 3263 1146 3333 ltalio,
1174 3264 1243 3319 ab
1268 3266 1544 3321 universis
1570 3266 1784 3321 dictum
1885 3265 2266 3320 observaverit
2296 3265 2366 3319 de
2419 3263 2710 3335 susceptis,
2746 3264 3053 3318 anathema
3095 3264 3169 3317 sit
3209 3263 3266 3317 in
3313 3282 3520 3336 perpe-

153 3356 250 3405 εει.
281 3352 613 3410 Recitentur
636 3357 967 3427 sententiae;
999 3359 1197 3413 Lucius
1222 3359 1521 3431 episcopus
1546 3360 1707 3433 legit.
1884 3365 2067 3414 tuum.
2102 3360 2186 3413 Ab
2222 3357 2494 3413 universis
2529 3357 2810 3429 episcopis
2831 3356 3043 3411 dictum
3062 3362 3147 3411 est
3166 3374 3179 3411 :
3200 3359 3519 3414 Anathema

216 3444 350 3501 CAP.
369 3449 414 3502 I.
428 3450 778 3505 Utmulieres
792 3467 986 3506 omnes
1004 3452 1264 3508 Ecclesiae
1280 3454 1575 3509 catholica
1589 3456 1784 3510 ﬁdeles
1885 3453 1975 3508 sit.

145 3552 178 3589 θ
204 3540 460 3596 virorum
485 3543 805 3598 alienorum
832 3545 1076 3600 lectione
1096 3549 1153 3601 et
1170 3547 1404 3601 coetibus
1422 3554 1779 3619 separentur,
1954 3549 2016 3600 V.
2050 3548 2185 3601 Item
2216 3546 2431 3601 dictum
2461 3549 2561 3613 est,
2594 3548 2656 3599 ut
2686 3545 2746 3599 hi
2774 3545 2873 3616 qui
2900 3561 3002 3616 per
3021 3543 3395 3616 disciplinam,
3419 3551 3521 3601 aut

139 3646 214 3683 ne
240 3634 314 3687 ad
344 3636 494 3706 ipsas
518 3638 773 3709 legentes
798 3639 893 3693 alii
923 3640 1107 3694 studio
1152 3640 1237 3695 vel
1286 3641 1552 3709 docendi,
1581 3643 1666 3697 vel
1694 3642 1780 3697 di-
1884 3641 2227 3695 sententiam
2257 3640 2506 3712 episcopi
2549 3640 2619 3694 ab
2667 3638 2911 3694 Ecclesia
2936 3638 3151 3693 fuerint
3174 3639 3417 3710 separati
3445 3640 3516 3694 ab

140 3728 339 3782 srendi
370 3732 731 3798 conveniant,
754 3732 1029 3804 quoniam
1061 3738 1115 3789 et
1142 3735 1251 3789 hoc
1280 3736 1580 3807 Apostolus
1595 3736 1777 3807 jubet.
1883 3735 2009 3789 aliis
2034 3733 2314 3806 episcopis
2342 3750 2455 3788 non
2496 3733 2610 3787 sint
2637 3731 2980 3803 recipiendi;
3013 3732 3166 3803 quod
3204 3733 3246 3785 si
3276 3732 3516 3788 scientes

130 3818 222 3870 Ab
251 3822 539 3878 universis
569 3825 847 3897 episcopis
874 3827 1087 3882 dictum
1110 3833 1194 3883 est
1221 3830 1531 3883 anathema
1558 3830 1781 3885 futuros
1882 3828 2141 3897 fecerint,
2176 3845 2288 3882 non
2318 3827 2571 3881 habeant
2602 3826 3087 3881 communionem.
3120 3826 3203 3879 Ab
3237 3826 3515 3880 universis

139 3913 233 3982 qui
276 3915 431 3971 hanc
459 3918 686 3973 concilii
712 3921 1055 3976 sententiam
1087 3939 1200 3976 non
1227 3921 1670 3979 observaverint.
1881 3921 2161 3993 episcopis
2190 3921 2403 3975 dictum
2430 3923 2516 3975 est
2535 3937 2548 3974 ε
2567 3920 2673 3984 Olli
2695 3920 2803 3973 hoc
2825 3918 3194 3986 commiserit:
3229 3918 3514 3991 episcopo“

207 4008 273 4062 Π.
306 4011 455 4066 Item
484 4013 628 4084 legit
657 4030 670 4067 :
701 4014 1067 4070 Eucharistiae
1083 4016 1324 4087 gratiam
1352 4017 1397 4071 si
1428 4017 1554 4089 quis
1579 4018 1783 4089 proba-
1879 4032 2007 4070 rum
2036 4032 2153 4070 non
2180 4015 2389 4069 habeat
2416 3998 2903 4069 communionem.

136 4100 225 4152 tur
243 4111 540 4177 acceptam
555 4123 673 4161 non
690 4110 1104 4180 consumpsisse
1119 4109 1179 4164 in
1193 4111 1448 4177 ecclesia,
1468 4112 1777 4167 anathema
1952 4111 2035 4163 VI.
2058 4111 2203 4164 Item
2232 4109 2375 4181 legit
2403 4125 2416 4163 :
2448 4108 2506 4164 Si
2532 4108 2657 4180 quis
2686 4106 2920 4162 clericus
2947 4108 3180 4178 propter
3207 4106 3407 4161 luxum
3425 4125 3515 4162 νδ-

138 4192 212 4243 sit
232 4196 289 4251 in
324 4202 792 4272 perpetuum.Ab
810 4203 1085 4258 universis
1111 4204 1385 4276 episcopis
1407 4204 1620 4260 dictum
1646 4208 1774 4261 est:
1881 4203 2189 4275 nitatisque
2241 4206 2658 4274 praesumptum
2709 4202 2777 4256 de
2830 4200 3018 4255 ofﬁcio
3082 4202 3281 4271 sponte
3329 4200 3510 4257 dices-

152 4282 349 4348 Placet.
1880 4297 2015 4352 serit
2041 4314 2104 4351 ac
2131 4298 2286 4352 velut
2313 4297 2735 4352 observatorem
2769 4295 2913 4366 legis
2944 4295 3298 4349 monachum
3332 4295 3515 4349 videri

218 4381 287 4438 ΠΙ.
310 4388 454 4443 Item
481 4388 627 4461 legit
654 4406 666 4444 :
696 4390 774 4444 Ne
798 4391 926 4462 quis
939 4391 1164 4461 jejunet
1184 4392 1274 4447 die
1293 4392 1590 4447 Dominica
1608 4409 1776 4447 causa
1795 4369 1854 4441 D
1878 4408 1935 4445 se
1965 4391 2235 4446 maluerit
2260 4408 2379 4445 esse
2405 4408 2579 4463 quam
2608 4390 2901 4457 clericum,
2933 4390 3013 4443 ita
3051 4389 3121 4443 de
3156 4388 3402 4444 Ecclesia
3428 4406 3512 4443 re-

169 4468 430 4549 ίεπιροῐνίε,
472 4488 571 4537 aut
615 4484 1015 4554 persuasionis,
1068 4489 1165 4539 aut
1214 4486 1621 4557 subreptionis,
1676 4502 1778 4541 nec
1878 4485 2226 4555 pellendum,
2259 4488 2321 4538 ut
2351 4484 2459 4538 nisi
2480 4484 2738 4555 rogando
2764 4486 2934 4553 atque
2955 4482 3306 4537 obsecrando
3328 4483 3510 4553 pluri-

169 4572 711 4646 ‘luﬂdragesimarum
742 4577 941 4632 diebus
965 4579 1035 4632 ab
1067 4578 1316 4633 ecclesiis
1343 4579 1541 4634 fideles
1567 4580 1774 4647 desint,
1877 4578 1985 4631 mis
2016 4578 2366 4648 temporibus
2392 4578 2749 4644 satisfecerit,
2786 4594 2898 4631 non
2926 4576 3252 4647 recipiatur.
3274 4575 3355 4629 Ab
3386 4576 3512 4630 uni-

168 4667 245 4713 τιεο
264 4666 527 4724 habitent
552 4670 612 4723 in
640 4670 887 4725 latibulis
915 4672 1241 4728 cubitorum
1269 4689 1333 4727 ac
1361 4673 1645 4728 montium
1680 4674 1778 4745 qui
1874 4671 2049 4745 versis
2076 4670 2353 4743 episcopis
2380 4671 2595 4726 dictum
2627 4676 2709 4725 est
2739 4687 2751 4723 :
2783 4673 2864 4724 Ita
2882 4669 3001 4724 ﬁat.

170 4745 213 4802 in
231 4762 644 4833 suspicionibus
672 4770 1051 4835 perseverant,
1072 4766 1167 4821 sed
1199 4768 1526 4839 exemplum
1553 4770 1611 4822 et
1635 4742 1779 4839 pr—ee-
1948 4742 2060 4820 VII.
2088 4742 2227 4820 Item
2255 4765 2466 4819 lectum
2494 4768 2579 4819 est
2608 4780 2620 4818 :
2654 4764 2731 4816 Ne
2759 4762 2886 4834 quis
2914 4762 3159 4817 doctoris
3176 4779 3384 4817 nomen
3404 4763 3508 4818 sibi

166 4853 363 4915 eillitum
396 4857 720 4912 custodiant
746 4859 1128 4927 sacerdotum,
1169 4865 1226 4915 et
1250 4860 1323 4914 ad
1355 4860 1569 4915 alienas
1595 4862 1775 4915 nullas
1875 4859 2149 4931 imponat,
2203 4861 2416 4930 praeter
2463 4858 2564 4912 has
2605 4873 2875 4929 personas
2924 4856 3131 4927 quibus
3177 4872 3507 4912 concessum

160 4945 496 5005 2“tendet-um
524 4956 909 5006 conventuum
940 4969 1132 5007 causas
1163 4954 1524 5008 conveniant.
1548 4954 1629 5008 Ab
1655 4955 1776 5008 uni-
1877 4956 1982 5021 est,
2010 4952 2323 5008 secundum
2350 4952 2500 5023 quod
2530 4951 2805 5022 scriptum
2839 4955 2941 5006 est.
2981 4950 3064 5005 Ab
3094 4950 3369 5006 universis
3395 4952 3510 5023 epi-

158 5038 304 5096 versis
334 5044 622 5116 episcopis
648 5044 866 5100 dictum
897 5050 981 5101 est
1011 5063 1025 5102 :
1052 5047 1370 5102 Anathema
1414 5047 1484 5102 sit
1526 5047 1626 5119 qui
1669 5047 1775 5103 hoc
1875 5047 2055 5118 scopis
2076 5045 2287 5101 dictum
2317 5048 2401 5100 est
2429 5062 2442 5100 :
2475 5046 2680 5099 Placet.

151 5132 513 5193 c0lluniserit.
1950 5141 2079 5195 VIII.
2111 5142 2255 5194 Item
2286 5139 2496 5194 lectum
2522 5141 2639 5193 est:
2673 5139 2792 5193 Non
2826 5137 3084 5192 velandae
3111 5153 3228 5192 esse
3259 5137 3508 5209 virgines

205 5220 282 5282 IV.
331 5232 476 5286 Item
532 5232 716 5303 legit:
750 5232 961 5305 Viginti
1004 5237 1061 5289 et
1098 5251 1217 5289 uno
1257 5235 1368 5304 die,
1400 5235 1454 5289 id
1482 5237 1585 5303 est,
1620 5251 1651 5289 a
1681 5252 1775 5290 va
1873 5250 2001 5305 quae
2047 5250 2105 5288 se
2148 5233 2258 5288 Deo
2309 5236 2601 5300 voverunt,
2648 5231 2759 5287 nisi
2804 5230 3181 5303 quadraginta
3226 5247 3507 5286 annorum

147 5306 522 5380 Kilendarum
547 5327 803 5381 Januarii
829 5344 1012 5399 usque
1039 5331 1098 5382 in
1125 5329 1279 5383 diem
1308 5328 1645 5401 Epiphaniae
1675 5330 1773 5401 qui
1872 5327 2111 5398 probata
2162 5330 2350 5395 aetate,
2395 5344 2567 5398 quam
2613 5326 2872 5381 sacerdos
2915 5324 3382 5397 comprobaverit.
3421 5323 3505 5379 Ab

142 5408 215 5459 ε’δῑ
240 5422 447 5474 octavo
482 5419 612 5474 Idus
629 5420 898 5492 Januarii,
920 5421 1204 5477 continuis
1226 5422 1426 5477 diebus
1447 5422 1587 5478 nulli
1609 5423 1775 5478 liceat
1874 5422 2151 5476 universis
2179 5422 2456 5495 episcopis
2482 5421 2697 5476 dictum
2723 5424 2807 5475 est
2837 5437 2849 5475 :
2884 5421 3089 5476 Placet.

141 5556 3451 5592 \—___—_—___—_—___—_—____———

952 5695 1353 5762 INCIPIUNT
1396 5696 1793 5763 CAPITULA
1836 5697 2172 5762 CONCILII
2218 5695 2703 5761 ILERDENSIS.

146 5813 197 5909 _‘
234 5866 248 5878 .
285 5826 369 5882 De
396 5828 489 5884 his
514 5828 613 5903 qui
632 5830 833 5886 altario
852 5831 1206 5902 ministrant,
1233 5836 1353 5888 uta
1378 5833 1656 5905 sanguine
1680 5834 1777 5890 ho—
1950 5836 2001 5886 ‘2.
2034 5833 2109 5887 De
2154 5832 2242 5887 his
2285 5831 2381 5904 qui
2426 5831 2743 5887 abortivum
2783 5828 3017 5901 faciunt,
3059 5827 3146 5881 vel
3188 5826 3347 5882 natos
3373 5842 3506 5882 suos

82 5913 295 5976 "ubi:
325 5940 390 5979 se
417 5924 770 5982 abstineant.
1880 5925 2225 5997 exstingunt.
