3964 6178
574 286 664 342 ἱηὲῖ

1456 284 1738 337 ΑΡΡΕΜ).
1782 284 1867 336 ,ω
1905 250 2064 336 seu.
2109 283 2175 335 ιχ

2284 312 2287 318 ν
2326 281 2568 334 lSlDUltl
2610 279 3035 335 illlzilitiA'l‘UltlS
3743 290 3809 344 ω

635 399 685 450 3.
712 396 792 448 De
824 391 1132 458 monachis,
1165 395 1224 445 ut
1257 390 1443 444 clerici
1472 390 1812 443 ordinentur
1840 407 1967 443 cum
1991 389 2190 443 voluu-
2218 404 2274 475 Α
2370 392 2452 444 10.
2489 388 2566 441 De
2599 388 2683 442 his
2712 388 2810 459 qui
2834 387 3074 457 jubente
3105 385 3364 458 episcopo
3386 387 3587 444 remissa
3610 392 3741 463 culpa
3762 397 3811 451 ab

566 493 677 542 tate
707 487 945 556 abbatis,
971 490 1027 540 et
1053 502 1232 557 quum
1264 484 1610 539 monasterio
1629 483 1945 537 olferuntur
1966 500 2078 537 non
2100 500 2195 536 au-

558 584 835 650 ferantur,
871 584 929 635 et
954 580 1025 634 de
1054 579 1300 633 basilicis
1332 595 1469 649 quas
1495 577 1623 631 laici
1650 576 1908 631 fecerint.

634 678 684 730 4.
720 677 795 729 De
834 674 1082 742 incestis,
1133 677 1192 727 ut
1231 670 1489 745 qua‘ndiu
1536 671 1598 727 in
1635 671 1847 725 scelere
1886 675 2018 725 sunt
2046 670 2196 726 inter

562 769 1004 825 catechumenos
1029 767 1366 823 habeantur.

634 868 684 920 Ei.
715 865 794 918 De
821 862 908 917 his
938 862 1038 932 qui
1063 860 1265 915 altario
1293 858 1563 926 serviunt,
1599 859 1643 913 si
1671 858 1855 912 subito
1887 857 1948 911 in
1972 858 2190 931 fragili-

561 962 743 1014 tatem
767 956 949 1011 carnis
974 954 1297 1010 inciderint.

634 1057 686 1107 6.
712 1053 787 1106 De
811 1067 879 1106 eo
908 1049 1008 1122 qui
1041 1048 1224 1104 viduae.
1245 1046 1541 1120 poenitenti
1567 1047 1654 1102 vel
1675 1046 1960 1118 religiosae
1983 1046 2192 1118 virgini

562 1152 823 1217 stuprum
852 1142 1133 1198 intulerit.

634 1249 686 1299 7.
712 1245 786 1298 De
813 1243 902 1297 his
919 1242 1017 1315 qui
1035 1244 1389 1297 sacramento
1409 1258 1468 1296 se
1489 1240 1768 1312 obligant,
1799 1256 1870 1295 ne
1896 1240 1968 1294 ad
1992 1256 2193 1311 pacem

562 1338 820 1393 redeant.

632 1435 683 1487 8.
713 1432 767 1487 Si
793 1431 1032 1487 clericus
1082 1446 1307 1485 servum
1357 1428 1446 1483 vel
1490 1429 1831 1501 discipulum
1862 1428 1931 1482 de
1959 1427 2193 1482 ecclesia

560 1526 813 1593 traxerit,
842 1528 907 1579 ut
936 1523 1332 1596 paenitentiam
1358 1527 1513 1593 agat.

631 1624 683 1675 9.
719 1622 794 1674 De
843 1618 930 1674 his
977 1617 1076 1692 qui
1107 1617 1434 1691 rebaptizati
1481 1618 1634 1685 sunt,
1683 1619 1958 1688 quantum
2007 1614 2187 1688 paeni-

557 1717 732 1770 tean‘t.

2298 484 2532 538 ecclesia
2563 483 2716 537 exire
2748 486 3146 536 contemnunt.

2375 582 2454 633 Η.
2483 580 2558 633 De
2589 576 2801 632 clericis
2845 576 2942 647 qui
2988 575 3044 629 in
3089 577 3342 629 mutuam
3390 576 3577 631 caedem
3616 595 3813 649 prorum-

2294 675 2455 742 punL

2314 810 2317 813 .
2369 770 2452 820 12.
2484 768 2560 820 De
2592 764 2681 819 his
2718 765 2815 837 qui
2866 770 3058 819 contra
3101 780 3340 818 canones
3376 765 3591 819 ordinati
3627 771 3746 837 sunt,
3778 776 3818 823 ut

2295 860 2675 932 deponantur.

2370 958 2453 1010 13.
2491 956 2564 1009 De
2591 953 2880 1009 catholicis
2912 954 3009 1025 qui
3039 953 3188 1008 ﬁlios
3230 968 3353 1007 suos
3388 952 3728 1008 haereticorum
3749 955 3818 1009 ba-

2292 1049 2548 1121 ptismati
2578 1048 2957 1103 tradiderunt.

2370 1144 2451 1197 14.
2479 1145 2555 1198 De
2584 1142 2891 1210 catholicis,
2927 1146 2988 1196 ut
3017 1158 3147 1197 cum
3176 1141 3518 1213 rebaptizatis
3540 1158 3638 1196 non
3658 1160 3823 1199 conver-

2293 1242 2506 1292 sentur.

2370 1335 2450 1386 15.
2484 1332 2552 1387 Ut
2578 1331 2804 1399 clerici,
2850 1348 2980 1411 cum
3012 1330 3293 1386 extraneis
3322 1331 3624 1385 mulieribus
3639 1347 3731 1385 non
3753 1330 3822 1384 lia-

2292 1427 2493 1481 bitent.

2366 1524 2449 1575 16.
2482 1522 2624 1576 Cum
2652 1520 2909 1575 sacerdos
2946 1519 3209 1590 moritur,
3243 1519 3375 1593 quid
3393 1519 3457 1573 de
3476 1518 3625 1573 rebus
3640 1519 3823 1573 ecclesia

2290 1615 2643 1670 observetur.

950 1927 1368 2020 INCIPIT
1490 1925 2106 2018 CONCILIUM
2226 1923 2867 2016 ILERDENSE
2982 1924 3509 2017 HABITUM.

1067 2093 1377 2155 Habitum
1406 2111 1578 2154 anno
1612 2091 1994 2154 duodecimo
2031 2090 2409 2155 Theoderici
2434 2090 2630 2171 regis,
2664 2098 2890 2151 octavo
2918 2088 3078 2153 Idus
3103 2089 3407 2170 Augusti.

626 2268 757 2321 CAP.
783 2266 824 2318 I.
856 2265 932 2318 De
953 2262 1042 2321 his
1072 2261 1288 2316 clericis
1308 2263 1481 2333 quiin
1503 2262 1924 2317 obsessionibus
1952 2264 2189 2318 necessi-

554 2362 666 2413 tate
693 2356 863 2429 positi
887 2357 1118 2423 fuerint,
1153 2355 1209 2410 id
1236 2359 1513 2410 statutum
1539 2360 1706 2410 estut
1740 2358 1837 2428 qui
1863 2356 2061 2412 altario
2086 2358 2185 2411 mi-

555 2453 817 2519 nistrant,
848 2454 903 2505 et
931 2450 1136 2507 Christi
1172 2467 1378 2521 corpus
1398 2453 1455 2504 et
1473 2451 1808 2521 sanguinem
1832 2452 2080 2520 tradunt,
2098 2454 2182 2507 vel

2289 2262 2497 2329 culant,
2552 2261 2768 2333 placuit
2828 2278 3128 2333 quousque
3192 2261 3250 2315 in
3306 2260 3425 2332 ipso
3474 2256 3753 2314 detestando
3792 2260 3827 2309 et

2287 2355 2481 2411 illicito
2537 2355 2724 2409 carnis
2781 2355 3157 2410 contubernio
3204 2358 3578 2427 perseverant,
3614 2366 3755 2423 usque
3779 2348 3827 2401 ad

2286 2450 2482 2503 missas
2538 2453 2765 2504 tantum
2822 2451 3364 2504 catechumenorum
3419 2449 3475 2503 in
3527 2445 3726 2501 ecclesia
3758 2442 3828 2496 ad-

554 2563 680 2601 vasa
708 2562 863 2600 sacra
884 2544 1068 2599 ofﬁcio
1101 2544 1375 2615 deputata
1404 2547 1770 2613 contrectant,
1812 2548 1871 2597 ut
1914 2545 1983 2599 ab
2028 2522 2608 2610 omniBmittantur,
2651 2559 2784 2597 cum
2825 2544 3031 2614 quibus
3079 2544 3255 2598 etiam
3308 2560 3407 2598 nec
3453 2543 3624 2597 cibum
3667 2552 3827 2594 sumen:

555 2641 804 2695 humano
822 2638 1099 2710 sanguine
1122 2638 1294 2693 etiam
1315 2637 1504 2692 hostili
1523 2654 1580 2692 se
1597 2638 1946 2706 abstineant;
1970 2639 2120 2710 quod
2137 2640 2184 2693 si

551 2735 610 2789 in
650 2734 755 2788 hoc
783 2732 1107 2801 inciderint,
1143 2732 1362 2786 duobus
1390 2732 1575 2799 annis,
1624 2735 1739 2786 tam
1780 2732 1964 2786 ofﬁcio
2006 2750 2183 2804 quam

551 2826 957 2883 communione
976 2826 1293 2896 priventur,
1323 2824 1400 2879 ita
1428 2825 1721 2879 utduobus
1746 2825 1929 2895 annis,
1951 2826 2177 2897 vigiliis,

542 2920 798 2991 jejuniis,
830 2919 1180 2974 orationibus
1207 2921 1265 2972 et
1290 2918 1666 2989 eleemosynis
1690 2935 1795 2989 pro
1813 2919 2022 2974 viribus
2042 2937 2183 2991 quas

550 3014 822 3070 Dominus
851 3012 1141 3068 donaverit
1172 3012 1494 3084 expientur,
1528 3018 1585 3067 et
1611 3012 1690 3067 ita
1718 3012 1953 3067 demum
1995 3013 2180 3069 ofﬁcio

551 3108 598 3181 1
615 3107 831 3181 03vel
843 3106 1236 3163 communioni
1248 3107 1574 3174 reddantur,
1591 3123 1656 3162 ea
1666 3113 1862 3162 tamen
1876 3108 2094 3162 ratione
2106 3125 2178 3162 ne

550 3201 781 3257 ulterius
807 3201 879 3254 ad
906 3199 1088 3255 ofﬁcia
1119 3201 1338 3272 potiora
1375 3201 1789 3272 provehantur.
1821 3200 1985 3265 Quod
2012 3201 2057 3255 si
2087 3185 2177 3256 in-

546 3295 708 3351 ﬁnito
731 3299 987 3367 tempore
1010 3294 1459 3366 negligentiores
1479 3294 1628 3349 circa
1643 3295 1884 3349 salutem
1906 3312 2065 3349 suam
2090 3310 2179 3350 ex-

543 3389 808 3456 stiterint,
839 3388 1156 3460 protelandi
1174 3388 1351 3459 ipsius
1370 3387 1719 3459 paenitentiae
1739 3392 1964 3459 tempus
1988 3388 2046 3443 in
2076 3406 2176 3460 po-

516 3522 519 3525 λ
544 3486 743 3540 testate
773 3486 970 3538 manet
997 3481 1325 3537 sacerdotis.

615 3580 679 3633 Il.
713 3577 775 3632 Hi
805 3593 938 3632 vero
970 3577 1068 3648 qui
1109 3576 1252 3630 male
1284 3580 1583 3647 conceptos
1615 3592 1683 3631 ex
1709 3576 1988 3631 adulterio
2029 3576 2179 3632 fetus

545 3673 632 3727 vel
665 3671 844 3728 editos
876 3686 1081 3726 necare
1109 3670 1451 3738 studuerint,
1485 3670 1570 3724 vel
1614 3669 1672 3724 in
1717 3670 2012 3726 ventribus
2053 3688 2175 3726 ma-

544 3774 700 3822 trum
754 3765 1077 3839 potionibus
1125 3765 1407 3837 aliquibus
1459 3764 1785 3833 colliserint,
1833 3764 1892 3819 in
1938 3768 2177 3837 utroque

546 3878 677 3918 sexu
727 3861 1037 3928 adulteris,
1110 3863 1239 3932 post
1290 3863 1507 3931 septem
1558 3876 1843 3914 annorum
1896 3860 2253 3972 curriculaC

545 3956 872 4011 communio
918 3954 1221 4021 tribuatur,
1262 3953 1338 4006 ita
1381 3958 1574 4007 tamen
1621 3957 1682 4006 ut
1720 3953 1875 4008 omni
1917 3958 2175 4025 tempore

544 4050 670 4104 vitae
724 4064 841 4102 suae
898 4047 1125 4101 ﬂetibus
1176 4050 1232 4100 et
1286 4045 1595 4099 humilitati
1646 4046 1924 4101 insistant.
1959 4047 2015 4102 Si
2043 4064 2176 4101 vero

543 4140 729 4196 clerici
758 4141 991 4205 fuerint,
1023 4139 1272 4194 ofﬁcium
1316 4138 1396 4193 eis
1441 4137 1804 4192 ministrandi
1840 4155 2176 4210 recuperare

544 4251 659 4289 non
688 4233 872 4301 liceat,
901 4238 1154 4288 attamen
1183 4232 1243 4286 in
1265 4232 1440 4285 choro
1471 4231 1837 4302 psallentium
1863 4249 1896 4286 a
1922 4237 2178 4304 tempore

546 4330 792 4400 receptae
835 4326 1256 4381 communionis
1296 4323 1562 4380 intersint
1598 4324 1735 4397 ipsis
1777 4326 2087 4383 beneﬁciis.
2116 4330 2175 4383 In

545 4422 703 4477 exitu
748 4425 990 4492 tantum,
1023 4420 1071 4475 si
1113 4420 1364 4475 facinora
1409 4436 1510 4474 sua
1553 4420 1706 4474 omni
1750 4425 2003 4493 tempore
2047 4422 2176 4477 vitae

543 4534 660 4572 sum
687 4516 1037 4585 deﬂeverint,
1074 4513 1404 4571 communio
1435 4514 1514 4569 eis
1537 4514 1841 4570 tribuatur.

614 4614 700 4668 IIl.
736 4613 811 4667 De
838 4609 1132 4668 monachis
1162 4609 1223 4664 id
1251 4609 1536 4666 observari
1560 4608 1789 4681 placuit,
1821 4610 1971 4681 quod
2002 4626 2173 4682 syno—

544 4706 649 4759 dus
694 4705 1033 4777 Agathensis
1083 4704 1336 4760 noscitur
1378 4702 1709 4773 decrevisse,
1764 4704 1869 4758 hoc
1925 4706 2173 4759 tantum-

544 4799 716 4853 modo
766 4799 1102 4869 adjiciendo,
1160 4801 1225 4853 ut
1274 4815 1405 4852 cum
1459 4814 1564 4869 pro
1614 4797 1878 4852 Ecclesiae
1934 4797 2176 4854 utilitate

540 4893 757 4964 aliquos
809 4894 1106 4964 episcopus
1158 4891 1479 4964 probaverit
1527 4891 1586 4945 in
1642 4891 1935 4946 clericatus
1990 4892 2176 4949 ofﬁcio

540 4987 987 5060 promovendos,
1017 5003 1148 5041 cum
1175 4986 1394 5041 abbatis
1421 4985 1707 5040 voluntate
1755 4985 1993 5042 debeant
2030 4988 2178 5043 ordi-

540 5081 689 5136 nari.
750 5083 825 5136 Ea
887 5097 1020 5136 vero
1065 5096 1192 5152 qua:
1249 5080 1308 5133 in
1348 5080 1481 5150 jure
1527 5079 1860 5134 monasterii
1900 5080 1970 5137 de
2006 5082 2177 5137 facul-

543 5175 749 5231 tatibus
806 5174 1164 5245 oﬁ‘eruntur,
1214 5172 1275 5227 in
1340 5172 1497 5227 nullo
1553 5173 1872 5229 diceeesana
1923 5174 2049 5248 lege
2104 5176 2175 5230 ab

2282 2638 2463 2691 ullum
2538 2636 2992 2692 Christianorum
3022 2680 3035 2707 ,
3112 2638 3259 2692 sicut
3330 2635 3613 2709 Apostolus
3668 2631 3826 2704 jussit,

2284 2734 2527 2802 oportet.

2352 2826 2412 2878 V.
2470 2823 2527 2879 Si
2580 2824 2678 2895 qui
2726 2824 2924 2879 altario
2968 2825 3066 2879 Dei
3122 2825 3467 2895 deserviunt,
3528 2824 3572 2878 si
3620 2821 3766 2878 subito
3793 2819 3830 2872 in

2282 2917 2502 2972 silenda
2551 2917 2735 2971 carnis
2781 2917 3086 2989 fragilitate
3140 2919 3490 2985 corruerint,
3539 2922 3590 2973 et
3650 2913 3828 2970 Domino

2281 3011 2618 3083 respiciente
2663 3011 2834 3083 digne
2875 3013 3273 3084 pmnituerint,
3334 3014 3414 3069 ita
3461 3016 3524 3067 ut
3570 3008 3831 3066 mortiﬁcata

2280 3123 2517 3177 corpore
2573 3107 2757 3161 cordis
2814 3107 3041 3161 contriti
3094 3106 3432 3163 sacriﬁcium
3484 3108 3587 3161 Deo
3633 3103 3829 3163 offerant,
3910 3136 3911 3179 ς

2280 3206 2512 3256 maneat
2546 3201 2608 3255 in
2637 3204 2913 3272 potestate
2960 3201 3246 3273 pontiﬁcis
3304 3203 3394 3257 vel
3447 3200 3699 3256 veraciter
3730 3193 3829 3250 afﬂi-

2280 3298 2399 3348 ctos
2424 3311 2543 3349 non
2585 3295 2681 3349 diu
2721 3295 3092 3369 suspendere,
3130 3296 3220 3350 vel
3266 3296 3571 3352 desidiosos
3597 3290 3831 3365 prolixiora

2281 3392 2534 3460 tempore
2569 3389 2638 3443 ab
2668 3388 2931 3444 Ecclesiae
2962 3406 3200 3461 corpore
3233 3406 3560 3462 segregare,
3590 3388 3658 3442 ita
3679 3391 3829 3444 tamen,

2277 3487 2341 3536 ut
2392 3482 2469 3537 sic
2523 3482 2844 3538 ofﬁciorum
2895 3484 3018 3537 loca
3064 3484 3369 3554 recipiant,
3430 3501 3500 3539 ne
3557 3479 3741 3554 possint
3785 3472 3833 3527 ad
3910 3466 3911 3473 “

2278 3576 2479 3631 altiora
2517 3577 2702 3631 ofﬁcia
2737 3577 2975 3632 ulterius
3013 3579 3373 3649 promoveri;
3416 3578 3562 3650 quod
3609 3575 3648 3630 si
3690 3574 3834 3627 iterato
3910 3564 3911 3625 ἲ

2276 3671 2429 3724 velut
2466 3687 2633 3725 canes
2669 3670 2743 3725 ad
2781 3672 3059 3727 vomitum
3114 3673 3328 3727 reversi
3385 3672 3605 3736 fuerint,
3648 3683 3743 3723 non
3771 3679 3831 3716 so-

2277 3765 2395 3819 lum
2443 3765 2718 3836 dignitate
2777 3766 2949 3820 ofﬁcii
3006 3771 3255 3835 careant,
3299 3768 3398 3822 sed
3452 3767 3615 3822 etiam
3647 3764 3833 3817 sanctam

2279 3860 2768 3927 communionem,
2792 3860 2901 3913 nisi
2927 3859 2988 3913 in
3012 3860 3187 3927 exitu,
3213 3878 3331 3915 non
3362 3860 3676 3933 percipiant.

2356 3955 2434 4007 Vl.
2488 3953 2590 4017 Qui
2639 3953 2938 4025 pomitenti
2989 3953 3197 4024 viduae,
3250 3956 3341 4009 vel
3391 3953 3592 4025 virgini
3624 3946 3832 4018 religiose

2278 4050 2539 4118 stuprum
2576 4047 2854 4116 intulerit,
2888 4049 2935 4103 si
2965 4064 3022 4102 se
3062 4048 3132 4102 ab
3162 4065 3229 4102 eo
3260 4054 3606 4121 sequestrare
3631 4037 3831 4100 noluerit,

2276 4141 2491 4211 pariter
2527 4158 2559 4194 a
2596 4142 3002 4197 communione
3031 4142 3490 4198 Christianorum
3529 4146 3581 4196 et
3616 4132 3833 4193 consortio

2278 4240 2630 4306 segregetur.
2665 4236 2724 4290 Si
2744 4252 2873 4289 vero
2897 4236 2991 4289 illa
3017 4253 3144 4307 qua).
3168 4236 3284 4291 vim
3301 4236 3535 4308 pertulit
3558 4233 3622 4288 ad
3644 4230 3832 4285 sanctam

2277 4328 2615 4399 religionem
2641 4328 2892 4398 redierit,
2914 4329 2973 4383 in
2992 4329 3085 4383 illo
3116 4331 3235 4385 solo
3262 4331 3549 4385 sententia
3569 4334 3830 4383 excommu-

2276 4421 2577 4476 nicationis
2631 4424 2894 4476 teneatur
2921 4464 2935 4490 ,
2990 4422 3181 4494 quoad
3233 4440 3417 4497 usque
3466 4421 3671 4495 publice
3703 4410 3830 4488 pumi-

2278 4518 2410 4570 teat.

2351 4610 2462 4664 νυ.
2496 4608 2601 4674 Qui
2645 4614 2998 4666 sacramento
3053 4627 3111 4665 se
3166 4611 3525 4684 obligaverit,
3577 4614 3636 4665 ut
3668 4604 3837 4673 litigii!”

2277 4720 2409 4758 cum
2436 4702 2687 4775 quolibet
2701 4704 2773 4759 ad
2795 4721 2996 4776 pacem
3025 4705 3179 4760 nullo
3210 4707 3386 4762 modo
3412 4704 3622 4771 redeat,
3640 4717 3725 4773 pro
3744 4709 3837 4767 ρετ-

2271 4798 2424 4869 jurio
2454 4814 2568 4853 uno
2597 4814 2751 4853 anno
2777 4816 2809 4852 a
2829 4799 3234 4855 communione
3257 4800 3552 4873 sanguinis
3574 4801 3625 4853 et
3649 4785 3838 4862 corporis

2278 4892 2502 4947 Domini
2532 4897 2882 4964 segregatus,
2906 4896 3126 4947 reatum
3153 4910 3325 4949 suum
3352 4890 3717 4963 eleemosynis,
3738 4878 3839 4938 ﬂeti-

2276 4987 2401 5056 bus,
2429 4991 2483 5042 et
2512 4986 2740 5059 quantis
2770 4987 3024 5058 potuerit
3041 4987 3295 5059 jejuniis,
3324 4989 3605 5055 absolvat;
3628 4982 3689 5037 ad
3703 4972 3835 5034 chari-

2276 5084 2456 5136 tatem
2489 5097 2641 5151 vero,
2676 5097 2804 5151 qua:
2844 5081 3030 5151 operit
3054 5081 3488 5138 multitudinem
3517 5079 3837 5154 peccatorum,

2277 5175 2535 5229 celeriter
2559 5174 2751 5229 venire
2780 5174 3030 5231 festinet.

480 5255 491 5265 ’
540 5270 821 5343 episcopis
874 5269 1297 5339 contingantur.
1351 5267 1406 5322 Si
1445 5271 1637 5323 autem
1689 5285 1758 5322 ex
1811 5267 1966 5322 laicis
2016 5270 2253 5347 quis-D
2347 5270 2479 5324 VIII.
2531 5269 2729 5323 Nullus
2782 5268 3121 5324 clericorum
3162 5286 3394 5325 servum
3431 5273 3529 5326 aut
3563 5258 3838 5334 discipulum

538 5382 712 5438 quam
764 5382 797 5418 a
846 5381 905 5420 se
951 5364 1157 5418 factam
1188 5361 1481 5416 basilicam
1522 5361 1835 5417 consecrari
1864 5361 2169 5419 desiderat.

537 5475 896 5531 nequaquam
946 5473 1076 5513 eam
1121 5455 1225 5511 sub
1270 5455 1599 5510 monasterii
1650 5455 1836 5527 specie
1885 5455 1981 5510 ubi
2032 5474 2167 5511 con-

538 5553 792 5625 gregatio
843 5568 962 5608 non
1020 5550 1340 5622 colligitur,
1395 5549 1481 5605 vel
1536 5549 1736 5621 regula
1788 5549 1858 5603 ab
1908 5550 2169 5623 episcopo

532 5661 649 5701 non
679 5646 1063 5714 constituitur,
1106 5662 1138 5700 a
1188 5644 1510 5701 dimcesana
1550 5644 1679 5716 lege
1722 5644 1931 5701 audeat
1973 5661 2164 5718 segre-

535 5752 692 5806 gare.

603 5832 684 5885 IV.
736 5834 806 5887 De
866 5836 957 5890 his
1005 5835 1103 5907 qui
1156 5853 1213 5892 se
1257 5834 1506 5890 incestus
1556 5832 1869 5907 pollutione
1910 5849 2161 5890 comma-

2282 5380 2446 5418 suum
2474 5363 2546 5417 ad
2571 5363 2863 5418 ecclesiam
2892 5363 3323 5436 confugientem
3352 5364 3636 5419 extrahere
3666 5352 3837 5412 audeat,

2278 5458 2364 5511 vel
2395 5457 2679 5529 tlagellare
2704 5462 3039 5528 prassumat;
3062 5458 3214 5529 quod
3234 5458 3277 5511 si
3300 5458 3515 5523 fecerit,
3534 5456 3696 5510 donec
3712 5446 3839 5514 dig!"3
3910 5502 3911 5507 η

2275 5552 2563 5623 pceniteat,
2617 5568 2651 5606 a
2699 5552 2820 5606 loco
2872 5551 2964 5604 cui
3016 5551 3298 5606 honorem
3342 5567 3461 5607 non
3507 5546 3655 5604 dedit
3691 5549 3837 5609 δεξιτε-
3910 5556 3911 5567 ι

2274 5648 2463 5717 getur.

2344 5741 2432 5796 1X.
2464 5740 2541 5795 De
2568 5740 2657 5795 his
2685 5739 2780 5812 qui
2812 5739 2871 5794 in
2901 5739 3365 5812 prevaricatione
3393 5731 3720 5810 rebaptizati,
3752 5723 3840 5778 sine
3910 5804 3911 5815 χ

2273 5833 2459 5908 aliqua
2488 5820 2821 5897 necessitate
2852 5833 2936 5890 vel
2962 5837 3247 5890 tormento
3271 5832 3492 5907 delapsi
3532 5830 3654 5899 sint,
3678 5816 3837 5898 placuit
3910 5834 3911 5909 ξ
