3964 6178
222 286 305 341 4'29
1432 285 1649 341 Ditlitii
1668 286 1899 340 ULIIIM
1940 286 1994 341 Ο
2012 288 2328 342 ρΞ.Ι.ΞίξῘ’Ξ’ἰΟ.
3457 296 3557 355 .330

217 402 263 447 ut
296 392 429 447 circa
472 408 567 446 eos
606 391 704 446 illa
744 390 988 447 Nicaenae
1032 391 1235 464 synodi
1276 397 1485 448 statuta
1528 400 1902 478 serventurA
1928 399 2121 449 tamen
2169 398 2303 467 quia
2350 399 2473 469 ipsa
2508 400 2745 469 sanctio,
2780 401 2936 472 quod
2968 401 3131 474 pejus
3158 405 3263 474 est,
3294 421 3326 460 a
3364 408 3557 461 muttis

218 505 320 560 quae
348 488 414 541 de
444 487 974 558 prazvaricatoribus
1000 487 1212 543 censita
1246 504 1365 542 esse
1402 494 1734 556 noscuntur,
1763 490 1822 545 id
1924 490 2137 544 clericis
2164 493 2524 561 cognoscitur
2549 494 2765 561 violari,
2787 495 2864 549 ita
2886 498 2947 550 ut
2972 514 3091 552 non
3110 499 3352 568 jubente
3374 517 3557 555 sacer-

218 587 300 651 est,
332 585 390 635 ut
434 585 651 652 septem
691 581 855 635 annis
896 581 1046 636 inter
1085 583 1522 637 catechumenos
1558 587 1739 651 orent,
1769 589 1824 639 et
1923 583 2053 638 dote
2082 589 2449 656 expectorato
2486 586 2709 655 affectu,
2742 592 2967 660 totaque
2997 591 3306 663 disciplina:
3345 597 3553 649 severi-

218 678 340 731 duos
377 676 530 730 inter
577 676 879 730 catholicos
905 719 918 745 ,
971 680 1025 730 et
1082 682 1278 748 postea
1324 677 1718 732 moderatione
1768 684 1823 733 et
1922 681 2038 731 tate
2066 680 2405 750 posthabita,
2437 680 2766 737 immaniter
2797 700 2923 754 quae
2961 685 3021 738 in
3052 685 3219 740 domo
3247 688 3554 758 pontilicali

216 770 497 824 clementia
523 769 771 841 episcopi
790 769 1053 824 ﬁdelibus
1078 771 1138 825 in
1167 771 1448 827 oblatione
1471 772 1821 827 eucharistite
1921 773 2294 843 reperiuntur
2318 774 2595 829 invadunt
2638 782 2693 829 et
2727 776 3009 833 abradunt
3040 797 3052 833 :
3089 779 3218 835 ideo
3248 799 3399 836 nunc
3432 783 3554 838 htec

211 864 640 918 communicent.
1922 867 2093 937 hujus
2121 868 2317 938 placiti
2340 869 2748 939 constitutione
2775 870 2924 925 inter
2941 888 3045 926 nos
3066 876 3313 928 censoria
3337 877 3554 947 placuit

267 959 322 1012 Χ.
360 958 464 1021 Qui
498 958 739 1028 jubente
780 959 1072 1014 sacerdote
1112 976 1215 1031 pro
1256 976 1601 1031 quacunque
1656 962 1822 1032 culpa
1921 962 2210 1028 custodiri,
2245 967 2303 1017 ut
2330 963 2600 1018 defuncto
2642 964 2894 1020 antistite
2932 969 3017 1020 vel
3063 967 3237 1022 etiam
3269 969 3452 1024 adhuc
3494 971 3550 1025 in

207 1051 479 1106 ecclesiam
508 1051 662 1106 exire.
690 1053 1113 1123 contempserit,
1137 1070 1240 1125 pro
1267 1070 1419 1109 noxa
1444 1056 1819 1110 contumacia:
1920 1056 2202 1126 supremis
2228 1060 2456 1128 agente,
2488 1059 2677 1113 nullus
2709 1059 3041 1115 clericorum
3069 1062 3366 1132 cujuslibet
3397 1065 3551 1119 ordi-

204 1146 406 1201 tardius
434 1147 743 1217 accipiatur
769 1147 841 1201 ad
872 1147 1121 1202 veniam.
1920 1150 2026 1216 nis,
2050 1150 2238 1218 ofﬁcii,
2273 1151 2552 1222 gradusve
2584 1152 2673 1223 sit,
2706 1154 3016 1226 quidquam
3048 1155 3116 1210 de
3147 1155 3317 1211 domo
3344 1174 3553 1229 pressu-

264 1241 338 1295 Π.
371 1241 424 1295 Si
458 1240 558 1311 qui
588 1240 778 1295 clerici
804 1241 863 1295 in
892 1246 1152 1297 mutuam
1179 1244 1392 1298 cmdem
1422 1245 1815 1315 proruperint,
1918 1247 2056 1311 mat,
2090 1246 2177 1299 vel
2218 1245 2371 1316 quod
2407 1246 2475 1300 de
2513 1247 2748 1302 utilitate
2792 1248 3153 1304 instrumenti
3185 1251 3388 1306 domus
3428 1268 3549 1307 esse

205 1338 359 1405 prout
389 1334 638 1404 dignitas
669 1334 988 1390 ofﬁciorum
1023 1337 1081 1390 in
1118 1337 1216 1391 tali
1252 1354 1485 1392 excessu
1521 1342 1816 1393 contume-
1917 1338 2258 1408 agnoscitur,
2289 1339 2344 1393 id
2374 1343 2456 1394 est
2486 1341 2713 1396 mobilis
2742 1346 2798 1396 et
2827 1343 3153 1411 immobilis,
3184 1345 3266 1400 rei
3295 1346 3553 1401 ecclesia-

208 1429 323 1483 liam
354 1429 673 1500 protulerit,
704 1448 736 1483 a
773 1431 1039 1500 pontiﬁce
1073 1430 1380 1486 districtius
1408 1433 1742 1487 vindicetur.
1919 1433 2073 1487 sticas
2106 1437 2344 1488 conetur
2376 1434 2669 1502 invadere,
2701 1436 2845 1490 nihil
2874 1437 3047 1505 furto,
3078 1438 3222 1493 nihil
3248 1439 3377 1494 dolo
3416 1457 3549 1512 sup-

270 1524 365 1578 XII.
399 1524 505 1588 Qui
537 1527 732 1578 contra
760 1525 982 1579 decreta
1011 1543 1292 1581 canonum
1319 1526 1619 1582 indiscrete
1649 1529 1815 1581 cleri-
1920 1526 2191 1597 primens,
2221 1528 2484 1582 auferens
2512 1532 2682 1600 atque
2707 1530 3083 1599 abscondens,
3113 1532 3213 1586 sed
3251 1532 3299 1586 is
3331 1533 3421 1588 cui
3447 1534 3549 1588 ἀο-

217 1634 291 1671 cos
322 1635 495 1688 usque
554 1635 706 1672 nunc
752 1618 1189 1685 ordinaverunt,
1239 1622 1321 1675 eis
1366 1622 1641 1675 Dominus
1665 1665 1678 1689 ,
1728 1623 1816 1676 vel
1918 1636 2044 1673 mus
2065 1621 2367 1675 commissa
2391 1625 2475 1675 est
2495 1623 2761 1692 subjectis
2782 1622 2885 1678 sibi
2914 1641 3045 1679 cum
3071 1626 3308 1680 consilio
3330 1643 3446 1680 uno
3461 1628 3551 1681 vel

222 1717 377 1766 sancta
405 1717 460 1765 et
485 1712 856 1767 ecclesiastica
877 1714 1119 1768 charitas
1139 1715 1413 1784 ignoscat.
1439 1717 1657 1771 Amodo
1680 1734 1814 1770 vero
1840 1783 1887 1791 _
1922 1713 2145 1768 duobus
2172 1715 2540 1783 ﬁdelissimis,
2558 1716 2749 1771 omnia
2775 1718 2843 1771 ad
2867 1722 3093 1788 tempus
3114 1720 3393 1791 pontiﬁcis
3414 1723 3548 1775 sub-

221 1807 255 1858 si
276 1806 323 1859 in
352 1807 443 1860 tali
480 1824 585 1860 usu
616 1807 997 1879 proruperint,
1034 1808 1327 1863 decretum
1352 1827 1635 1864 canonum
1665 1812 1818 1881 quod
1840 1783 1896 1853 Β
1921 1807 2196 1863 stituendi
2217 1809 2413 1863 debeat
2434 1811 2996 1880 conservare,velhis
3016 1813 3113 1882 qui
3132 1813 3191 1866 in
3215 1814 3553 1869 domoinvc-

221 1900 341 1954 circa
362 1919 555 1955 eorum
579 1918 848 1971 personas
877 1907 1151 1956 statutum
1180 1908 1282 1972 est,
1304 1904 1361 1958 id
1384 1908 1486 1972 est,
1510 1909 1574 1958 ut
1599 1906 1819 1958 nullum
1922 1901 2159 1956 niuntur
2186 1903 2400 1957 clericis
2421 1908 2751 1957 consuetam
2771 1905 3100 1959 alimoniam
3130 1908 3548 1965 administrare.

222 1995 453 2050 ordinare
472 1996 595 2065 jam
640 1997 889 2051 audeant
920 1997 1273 2065 observetur,
1308 1999 1394 2051 vel
1425 1998 1523 2069 qui
1554 1998 1819 2069 deinceps
1920 1996 2265 2051 Substitutus
2289 2002 2479 2051 autem
2504 1998 2736 2053 antistes
2763 2005 3037 2070 susceptae
3067 2002 3215 2055 sedis
3255 2004 3553 2058 commoda

221 2089 427 2143 ordinati
455 2089 688 2156 fuerint,
721 2091 1109 2160 deponantur;
1140 2091 1199 2144 hi
1228 2108 1360 2147 vero
1393 2093 1490 2163 qui
1514 2094 1651 2147 tales
1680 2094 1814 2147 hac-
1919 2091 2225 2157 ordinabit,
2263 2091 2415 2144 velut
2448 2093 2592 2146 Deus
2624 2093 2923 2164 imperavit
2970 2099 3029 2148 ut
3065 2095 3144 2149 eis
3178 2096 3262 2150 uti
3291 2114 3420 2152 cum
3460 2097 3548 2151 his

224 2187 360 2237 tenus
392 2184 633 2239 ordinati
674 2188 824 2255 sunt,
862 2186 1016 2239 nullo
1062 2190 1319 2256 tempore
1352 2192 1813 2257 promoveantur.
1920 2184 2123 2239 delicat
2152 2202 2291 2255 quos
2323 2187 2659 2255 cognoverit
2687 2187 2997 2258 disciplinas
3034 2193 3089 2242 et
3126 2190 3387 2245 cbaritati
3418 2208 3545 2262 prc-

278 2279 392 2333 Xlll.
430 2279 745 2333 Catholicus
795 2279 890 2350 qui
930 2281 1074 2334 ﬁlios
1114 2297 1247 2335 suos
1286 2280 1343 2334 in
1378 2282 1579 2334 haeresi
1626 2282 1814 2354 bapti-
1918 2278 2226 2333 decessoris
2257 2280 2343 2333 sui
2373 2280 2622 2334 ﬁdeliter
2659 2282 2933 2352 paruisse.
2977 2282 3143 2347 Quod
3173 2283 3217 2338 si
3246 2285 3549 2358 quisquam

223 2371 399 2425 zandos
422 2373 709 2442 obtulerit,
728 2374 937 2429 oblatio
968 2375 1116 2429 illius
1145 2375 1203 2429 in
1232 2375 1465 2430 ecclesia
1495 2376 1816 2431 nullatenus
1918 2376 2041 2443 post
2073 2373 2194 2427 hinc
2225 2374 2529 2444 cujuslibet
2560 2374 2793 2441 ordinis,
2822 2380 2887 2431 ut
2914 2377 3175 2447 superius
3205 2377 3420 2433 dictum
3443 2384 3546 2449 est,

225 2466 509 2536 recipiatur.
1917 2484 2257 2538 quacunque
2279 2468 2513 2522 clericus
2532 2468 2827 2523 occasione
2848 2470 2915 2525 de
2936 2472 3093 2525 omni
3119 2472 3376 2527 facultate
3393 2474 3486 2544 qui
3495 2493 3552 2545 p-

278 2562 389 2615 XIV.
425 2560 947 2634 Cum:rebaptizatis
974 2563 1171 2619 ﬁdeles
1198 2564 1447 2636 religiosi
1476 2580 1579 2619 nec
1600 2563 1660 2619 in
1689 2564 1812 2618 cibo
1916 2560 2069 2631 piam
2099 2561 2371 2631 probatus
2398 2562 2571 2617 fuerit
2595 2562 2890 2619 abstulisse
2916 2565 3003 2619 vel
3030 2560 3264 2620 forsitan
3293 2566 3425 2621 dolo
3453 2568 3551 2621 ali-

221 2655 540 2727 participent.
1284 2666 1299 2673 '
1914 2670 2028 2724 quo
2050 2654 2373 2725 sumpsisse,
2406 2672 2537 2710 reus
2561 2656 2840 2728 sacrilegii
2868 2658 3156 2729 prolixiori
3184 2660 3547 2716 anathemate

274 2750 363 2803 XV.
392 2750 845 2806 Familiaritatem
899 2756 1307 2807 extranearum
1347 2753 1657 2807 mulierum
1684 2753 1815 2808 licet
1914 2747 2347 2816 condemnetur,
2373 2754 2429 2803 et
2449 2749 2539 2803 vix
2566 2766 2792 2821 quoque
2818 2752 3131 2823 peregrina
3147 2752 3198 2807 ei
3218 2754 3549 2809 communio

216 2860 267 2896 ex
286 2847 389 2898 toto
415 2846 588 2899 sancti
609 2847 803 2900 Patres
831 2847 1077 2918 antiquis
1102 2847 1510 2902 monitionibus
1534 2864 1815 2919 praecepe-
1913 2842 2272 2910 concedatur,
2306 2843 2441 2914 quia
2482 2843 2689 2898 durum
2732 2849 2817 2899 est
2858 2850 2917 2900 ut
2954 2846 3013 2900 hi
3050 2863 3191 2917 quos
3235 2852 3458 2903 constat
3487 2849 3545 2904 in

218 2936 309 2990 rint
331 2939 567 2992 ecclesiis
594 2939 939 3008 evitandum,
962 2940 1019 2994 id
1048 2958 1201 2995 nunc
1224 2946 1415 2996 tamen
1446 2941 1607 2995 nobis
1629 2941 1811 2995 visum
1912 2937 2139 2991 serVitiO
2161 2937 2387 2992 Domini
2410 2954 2538 2991 cum
2561 2938 2760 3009 prima?
2783 2939 2928 2993 sedis
2946 2940 3196 2995 antistite
3216 2941 3542 3011 desudassc,

216 3034 300 3095 est,
326 3035 379 3086 ut
404 3034 499 3105 qui
535 3033 661 3087 talis
701 3034 1060 3104 probabitur,
1093 3037 1137 3090 si
1173 3040 1297 3106 post
1326 3035 1574 3107 primam
1621 3039 1677 3088 et
1721 3052 1808 3090 se-
1912 3030 1980 3084 ab
2009 3030 2097 3085 his
2126 3031 2223 3101 qui
2249 3048 2481 3085 suarum
2502 3033 3123 3089 rerumincubitatores
3147 3038 3318 3106 atque
3341 3052 3549 3107 vagan-

215 3127 428 3181 cnndam
465 3128 970 3183 commonitionem
1010 3146 1069 3183 se
1108 3130 1419 3184 emendare
1466 3130 1805 3201 negleXerit,
1832 3155 1884 3229 Ο
1911 3129 1995 3179 tes
2011 3125 2177 3179 fuisse
2201 3132 2626 3195 cognoscuntur
2646 3127 2892 3197 despecti
2910 3128 3276 3199 aliquatenus
3298 3131 3549 3185 crucien-

214 3218 362 3274 donec
383 3221 438 3275 in
463 3222 600 3277 vitio
626 3226 969 3293 perseverat,
1000 3222 1168 3277 officii
1199 3224 1284 3278 sui
1318 3223 1592 3293 dignitate
1622 3223 1806 3295 prive-
1840 3218 1884 3229 “
1912 3223 2023 3273 tur.
2056 3220 2288 3289 Sergius
2329 3220 2387 3273 in
2428 3219 2633 3275 Christi
2674 3221 2905 3275 nomine
2939 3222 3234 3294 episcopus
3265 3224 3366 3277 has
3409 3242 3543 3279 con-

216 3316 306 3377 tur,
338 3316 481 3386 quod
511 3316 557 3369 si
594 3317 706 3370 Deo
738 3316 975 3387 juvante
1010 3318 1339 3384 correxerit,
1381 3322 1572 3372 sancto
1609 3317 1807 3371 minis-
1911 3313 2251 3379 stitutiones,
2274 3314 2587 3368 secundum
2615 3315 2771 3386 quod
2799 3316 2961 3369 nobis
2984 3333 3116 3370 cum
3143 3318 3411 3373 fratribus
3428 3320 3544 3373 Deo

214 3408 332 3461 terio
355 3415 716 3465 restauretur.
1908 3408 2221 3477 inspirante
2242 3408 2604 3479 complacuit,
2630 3409 2803 3478 relegi
2826 3414 2881 3463 et
2906 3410 3211 3480 subscripsi
3234 3428 3250 3479 ;
3272 3413 3463 3466 Justus
3483 3413 3543 3467 in
3579 3442 3585 3447 -

268 3501 380 3556 XVI.
429 3504 583 3557 Licet
621 3504 692 3558 de
744 3522 804 3559 re
850 3505 1181 3574 hujusmodi
1244 3522 1415 3575 quam
1464 3505 1806 3559 constituere
1907 3501 2108 3554 Christi
2137 3501 2981 3572 nominesubscripsi;Joannes
3005 3503 3061 3557 in
3083 3504 3540 3560 Cliristinomine

210 3594 393 3650 salubri
418 3598 772 3652 ordinatione
799 3599 1161 3653 decernimus
1186 3599 1367 3669 prisca
1399 3598 1700 3652 auctoritas
1722 3616 1808 3653 ca-
1909 3595 2203 3664 episcopus
2233 3595 2572 3665 subscripsi;
2608 3597 2807 3649 Petrus
2834 3594 2893 3649 in
2924 3597 3128 3651 Christi
3160 3597 3393 3652 nomine
3419 3599 3539 3669 epi-

210 3705 395 3744 nonum
426 3710 533 3745 non
567 3692 920 3761 si’luerit,sed
946 3694 1196 3747 evidenti
1218 3692 1508 3747 sanctione
1528 3709 1811 3763 praeccpc-
1906 3705 2109 3759 scopus
2153 3689 2487 3759 subscripsi;
2532 3689 2763 3743 Marulio
2808 3690 2863 3743 in
2900 3690 3108 3745 Christi
3145 3693 3379 3747 nomine
3418 3694 3537 3764 epi-

210 3781 269 3833 rit
296 3788 350 3836 ut
374 3786 776 3857 cujuscumque
805 3787 1051 3841 ecclesiae
1093 3786 1359 3857 pontiﬁce
1396 3786 1660 3841 defuncto
1690 3803 1807 3840 non
1907 3798 2112 3852 scopus
2138 3782 2477 3852 subscripsi;
2507 3784 2719 3837 Taurus
2745 3782 2804 3836 in
2834 3783 3039 3838 Christi
3066 3786 3303 3840 nomine
3335 3787 3543 3856 episco-

209 3877 389 3943 passim
418 3895 516 3948 pro
547 3879 711 3933 libitu
743 3897 862 3946 suo,
898 3880 953 3934 in
982 3897 1177 3933 earum
1209 3897 1401 3933 rerum
1431 3879 1807 3950 direptionem
1908 3894 2013 3947 pus
2033 3876 2370 3947 subscripsi;
2408 3876 2709 3931 Febrorius
2739 3877 2794 3930 in
2825 3878 3035 3933 Christi
3065 3879 3297 3933 nomine
3329 3880 3539 3950 episco-

209 3986 329 4037 quas
351 3972 540 4026 obiens
568 3973 867 4044 dereliquit
892 3974 1194 4045 quisquam
1227 3973 1425 4039 irruat,
1452 3973 1807 4044 domumque
1908 3987 2012 4041 pus
2042 3970 2343 4041 subscripsi
2369 3988 2387 4038 ;
2420 3970 2617 4024 Gratus
2650 3971 2707 4024 in
2730 3971 2936 4026 Christi
2967 3972 3198 4027 nomine
3242 3972 3538 4045 episc0pus

208 4063 482 4136 subvertet,
520 4068 621 4121 sed
664 4068 925 4122 sacerdos
963 4068 1059 4138 qui
1107 4068 1507 4138 exsequiarum
1553 4071 1807 4138 tempore
1909 4065 2155 4119 directus
2186 4081 2219 4119 a
2251 4064 2484 4119 domino
2508 4081 2639 4119 meo
2663 4066 2953 4137 Stephano
2981 4067 3248 4139 episcopo
3279 4067 3368 4123 his
3398 4084 3535 4123 con-

208 4160 281 4209 est
304 4176 363 4213 ea
394 4162 585 4216 omnia
614 4178 740 4233 quae
767 4162 834 4215 ad
876 4161 1183 4225 utilitatem
1218 4164 1276 4214 et
1316 4161 1808 4216 conservationem
1906 4158 2297 4213 stitutionibus
2322 4158 2557 4213 interfui
2587 4163 2643 4215 et
2661 4159 2983 4232 subscripsi.

207 4253 461 4318 pertinent
492 4256 699 4310 debeat
727 4255 991 4327 diligenti
1029 4255 1530 4326 circumspectione
1557 4256 1803 4322 munire,

208 4398 3530 4423 —_______________________________________________________

994 4539 1393 4604 INCIPIUNT
1437 4540 1828 4604 CAPITULA
1875 4540 2208 4605 CONCILII
2252 4539 2705 4604 VALENTINI.

264 4692 306 4743 l.
334 4693 790 4765 UtEvangelium
819 4699 945 4765 post
981 4695 1317 4766 Apostolum
1343 4697 1585 4766 legatur.
1822 4708 1881 4779 D
1974 4696 2027 4748 4.
2076 4696 2154 4750 De
2200 4694 2476 4766 exsequiis
2528 4695 2822 4750 morientis
2869 4695 3134 4767 episcopi,
3188 4701 3246 4751 et
3290 4698 3535 4769 qualiter

262 4786 306 4837 2.
330 4787 391 4840 L't
415 4788 679 4842 defuncto
711 4789 981 4859 episcopo
1007 4789 1075 4843 de
1108 4789 1279 4843 rebus
1307 4789 1501 4860 ipsius,
1524 4790 1611 4844 vel
1631 4790 1805 4845 eccle-
1904 4790 2190 4843 humatur.

217 4872 302 4946 Sis,
330 4882 505 4936 nullus
530 4882 844 4953 quidquam
875 4887 1182 4953 prtesumat
1210 4882 1495 4937 invadere.
2058 4884 2132 4936 De
2158 4882 2317 4953 vagis
2339 4885 2393 4935 et
2424 4882 2878 4937 inobedientibus
2897 4884 3134 4939 clericis.

264 4975 307 5025 3.
333 4974 396 5028 Ut
424 4975 733 5047 propinqui
764 4976 1060 5031 morientis
1092 4976 1337 5048 episc0pi
1380 4976 1447 5029 de
1479 4976 1649 5030 rebus
1676 4977 1800 5047 ejus
1975 4982 2025 5030 6.
2071 4978 2140 5030 Ut
2184 4975 2453 5030 clericum
2493 4976 2747 5030 alienum
2794 4978 2985 5032 nullus
3032 4979 3279 5049 ordinet,
3322 4998 3426 5035 nec
3459 4982 3532 5035 sit

218 5062 323 5119 nihil
354 5074 622 5141 usurpent
649 5069 769 5124 sine
800 5070 1221 5143 metropolitani
1254 5074 1312 5125 et
1339 5069 1795 5140 comprovincia-
1900 5069 2133 5125 clericus
2177 5070 2276 5141 qui
2322 5086 2437 5123 non
2485 5069 2758 5142 spondeat
2804 5071 2989 5127 locum
3042 5073 3137 5129 ubi
3185 5074 3257 5129 sit
3298 5075 3526 5147 delega-

215 5150 317 5215 ηοω
339 5165 697 5221 conscientia.
1898 5169 2006 5219 tus.

881 5433 1298 5531 INCIPIT
1376 5434 1983 5527 CONCILIUM
2053 5437 2813 5531 VALENTINUM.

751 5597 890 5661 Sea:
917 5599 1389 5681 episcoporum,
1424 5618 1671 5662 nxxxm
1704 5599 2001 5663 habitum
2032 5618 2204 5663 anno
2238 5606 2313 5664 15
2349 5601 2731 5664 Theoderici
2754 5601 2945 5682 regis.

254 5753 365 5812 Cu.
398 5760 440 5813 Ι.
464 5761 634 5813 Anno
664 5757 864 5830 quinto
898 5758 1116 5815 decimo
1145 5759 1482 5815 Theoderici
1518 5759 1670 5831 regis
1694 5761 1796 5814 sub
1896 5761 2081 5815 nostri
2095 5762 2439 5816 JesuChristi
2460 5758 2997 5817 Valentinoconcilio
3012 5760 3525 5831 congregato,dum

194 5842 267 5903 die
307 5852 552 5909 secundo
586 5853 778 5911 Nonas
821 5853 1163 5922 Decembris,
1204 5854 1261 5909 in
1303 5853 1535 5909 nomine
1576 5853 1799 5913 Domini
1901 5855 2307 5911 ecclesiasticas
2338 5856 2566 5925 regulas
2588 5858 2962 5911 tractaremus
2986 5852 3250 5927 antiquos
3280 5871 3524 5919 canones
