3964 6178
529 227 622 284 431

1419 224 1699 278 .tl’l’l'llVD.
1740 226 1828 278 AD
1866 225 2025 279 SrEC.
2071 225 2155 278 IX.
2187 253 2254 264 -—
2294 222 2542 278 lSlDORl
2580 223 3004 280 MEHCATORIS

3697 247 3775 303 432

530 335 874 405 relegentes,
900 333 1051 388 inter
1085 335 1289 387 caetera
1319 333 1427 388 hoc
1457 350 1579 387 esse
1611 334 1935 390 censuimus
1966 335 2155 389 obser-
2182 343 2240 418 Α
2261 333 2432 388 sortio
2458 333 2715 404 privetur
2738 333 3028 401 Ecclesiae,
3050 334 3182 407 quia
3211 335 3405 394 durum
3424 345 3499 398 est
3518 349 3570 399 ut
3585 348 3646 402 ad
3663 350 3781 410 illam

528 429 798 496 vandum,
826 431 890 483 ut
935 433 1282 484 sacrosancta
1332 428 1635 499 Evangelia
1678 432 1809 484 ante
1857 446 2161 484 munerum

529 523 844 579 illationem
899 523 958 579 in
1007 523 1176 580 missa
1222 524 1771 579 catechumenorum
1847 523 1906 578 in
1957 523 2157 579 ordine

530 618 838 673 lectionum
855 622 982 691 post
1001 619 1280 688 legantur,
1295 621 1578 689 quatenus
1591 617 1857 672 salutaria
1869 623 2159 689 praecepta

527 712 753 769 Domini
778 712 957 768 nostri
984 715 1115 769 Jcsu
1142 713 1369 783 Christi,
1407 715 1489 767 vel
1529 730 1823 767 sermones
1849 713 2158 767 sacerdotis

523 823 640 864 non
674 807 858 863 solum
890 807 1103 875 ﬁdeles,
1133 808 1227 862 sed
1253 807 1429 862 etiam
1454 807 1848 862 catechumcni
1877 825 1942 862 ac
1973 807 2154 878 pinni-

526 905 732 970 tentes,
757 907 812 958 et
849 919 1048 957 omnes
1088 901 1185 975 qui
1214 919 1244 956 e
1273 901 1492 956 diverso
1525 908 1674 968 sunt,
1705 902 1900 956 audire
1934 901 2156 958 licitum

523 996 797 1065 habeant,
845 996 925 1052 sic
965 997 1115 1052 enim
1155 997 1492 1068 pontiﬁcum
1525 996 1928 1067 praedicatione
1965 996 2156 1052 audita

524 1091 826 1146 nonnullos
853 1095 1122 1146 attractos
1149 1091 1221 1146 ad
1243 1090 1415 1146 ﬁdem
1442 1091 1731 1146 evidenter
1758 1091 1988 1146 scimus.

594 1186 658 1242 ll.
688 1187 798 1240 Iloc
826 1186 996 1240 etiam
1023 1185 1252 1256 placuit,
1279 1190 1339 1240 ut
1355 1186 1618 1257 episcopo
1640 1202 1672 1238 ει
1699 1186 1902 1240 saeculo
1917 1185 2152 1256 jubente

523 1280 768 1335 Domino
795 1280 1084 1348 accersito,
1116 1279 1302 1335 clerici
1347 1281 1418 1334 ab
1447 1280 1606 1335 omni
1635 1280 1868 1334 omnino
1907 1281 2150 1352 supelle-

525 1374 663 1444 ctili,
693 1376 781 1430 vel
805 1391 1160 1446 quascunque
1199 1378 1329 1429 sunt
1354 1373 1413 1428 in
1444 1375 1612 1429 domo
1637 1375 1905 1444 ecclesiae,
1936 1375 2023 1428 vel
2043 1375 2154 1446 epi-

525 1470 680 1540 scopi
723 1469 784 1523 in
833 1469 1022 1539 libris,
1065 1469 1390 1540 speciebus,
1433 1467 1850 1534 utensibilibus,
1896 1469 2150 1538 vasculis,

521 1564 802 1635 frugibus,
831 1563 1121 1635 gregibus,
1147 1563 1506 1631 animalibus,
1536 1565 1622 1617 vel
1653 1561 1806 1617 omni
1835 1563 2070 1617 omnino
2091 1580 2154 1618 re

522 1675 758 1731 rapaces
789 1642 1364 1728 manus‘abstineant,
1395 1663 1452 1713 et
1495 1657 1634 1711 nihil
1663 1658 1951 1712 latronum
1992 1674 2152 1713 more

525 1725 816 1826 diripiant.
855 1752 959 1816 Qui
997 1751 1041 1806 si
1071 1725 1360 1806 canonum
1379 1751 1724 1810 auctoritate
1751 1751 2026 1822 prohibiti
2052 1751 2152 1805 ali-
2172 1725 2230 1799 Β

522 1865 637 1920 qua
663 1845 1468 1920 pervaserintmetropolitani,
1488 1845 1573 1900 vel
1603 1847 1864 1900 omnium
1889 1863 2153 1918 compro-

522 1942 828 1997 vincialum
849 1941 1206 1995 sacerdotum
1219 1939 1566 1995 districtione
1583 1940 1762 1994 coacti
1779 1939 1836 1994 in
1853 1940 2156 2011 pristinum

520 2039 732 2092 statum
755 2034 951 2092 omnia
989 2035 1381 2106 redintegrare
1409 2038 1708 2103 cogantur,
1731 2039 1795 2088 ut
1834 2033 1975 2088 nihil
2004 2035 2151 2089 anti-

522 2132 639 2186 stiti
670 2130 758 2184 vel
795 2128 1174 2200 dispensatori
1203 2128 1399 2183 futuro
1439 2127 1883 2184 necessariorum
1909 2129 2012 2183 sub
2047 2129 2154 2184 hac

513 2226 670 2296 justa
689 2223 1092 2278 constitutione
1127 2222 1420 2292 depereat.
1455 2222 1619 2286 Quod
1665 2225 1730 2276 ut
1777 2223 2153 2277 conﬁdentius

511 2318 735 2389 justitia
745 2321 1012 2372 manente
1031 2317 1307 2384 servetur,
1327 2315 1638 2370 secundum
1655 2315 1944 2387 Regiensis
1955 2317 2154 2388 synodi

520 2411 844 2481 constituta,
889 2410 1155 2482 episcopo
1195 2427 1224 2465 e
1271 2426 1506 2481 corpore
1551 2411 1872 2478 recedente,
1918 2410 2154 2465 vicinior

519 2507 600 2562 illi
647 2505 876 2562 accedat
921 2504 1236 2576 episcopus,
1270 2503 1368 2575 qui
1401 2521 1466 2558 ex
1499 2520 1658 2558 more
1691 2505 1972 2576 exsequiis
1997 2507 2149 2560 cele~

518 2601 712 2670 bratis,
755 2599 945 2654 statim
980 2598 1230 2654 ecclesiae
1271 2597 1448 2670 ipsius
1491 2615 1686 2652 curam
1737 2584 2151 2655 districtissime

520 2699 681 2769 gerat
724 2711 796 2751 ne
841 2693 980 2766 quid
1029 2697 1161 2748 ante
1197 2692 1618 2747 ordinationem
1656 2693 1835 2748 futuri
1873 2693 2152 2764 pontiﬁcis

519 2788 944 2845 remanentium
971 2787 1306 2842 clericorum
1331 2786 1684 2842 subversioni
1711 2789 1800 2842 vel
1845 2787 2150 2860 direptioni

511 2885 636 2954 jam
662 2882 847 2950 liceat,
877 2881 954 2935 ita
978 2884 1060 2948 ut,
1076 2882 1390 2952 perspectis
1413 2881 1695 2951 omnibus,
1718 2881 1994 2952 inspectio
2026 2898 2147 2936 cer-

517 2978 649 3046 tior,
665 2974 967 3046 descriptio
991 2975 1318 3030 ﬁdelissima
1343 2975 1390 3048 1
1407 2973 1555 3048 04,
1571 2975 1616 3030 si
1635 2975 1758 3030 fieri
1778 2981 1983 3047 potest,
2003 2975 2151 3030 intra

519 3075 742 3128 octavas
781 3069 1035 3125 defuncti
1079 3069 1182 3123 sub
1227 3069 1521 3140 diligentia
1561 3070 1858 3141 praesentis
1896 3071 2149 3142 episcopi

517 3168 844 3237 peragatur.
869 3163 1084 3218 Dehinc
1110 3163 1180 3218 ad
1212 3163 1632 3235 metrOpolitani
1656 3163 1924 3218 notitiam
1951 3165 2148 3220 habita

518 3259 774 3315 ordinate
806 3257 1079 3312 districtio
1121 3256 1434 3326 deferatur,
1469 3262 1533 3312 ut
1568 3258 1689 3328 ejus
1720 3259 1996 3313 electione
2021 3259 2148 3314 talis

513 3370 752 3428 persona
779 3351 1116 3408 ordinanda:
1143 3351 1343 3406 domus
1370 3353 1764 3407 ecclesiasticae
1790 3357 2145 3424 procuretur,

512 3467 640 3522 quae
692 3449 780 3503 vel
819 3449 1088 3502 consueta
1127 3445 1345 3500 clericis
1391 3446 1672 3517 stipendia
1723 3447 2040 3518 dispenset,
2091 3455 2148 3503 et

513 3545 862 3601 creditarum
903 3541 1010 3596 sibi
1050 3557 1265 3609 rerum,
1297 3541 1342 3596 si
1380 3541 1616 3596 forsitan
1654 3541 1886 3596 tarditas
1926 3542 1984 3596 in
2024 3542 2144 3614 epi-

511 3655 680 3709 scopo
697 3635 1018 3691 ordinando
1045 3634 1394 3702 successerit,
1415 3634 1858 3706 metropolitano
1879 3636 2146 3706 congruis

511 3730 864 3804 temporibus
895 3729 1131 3785 reddere
1160 3729 1334 3802 possit
1363 3728 1669 3800 rationem,
1704 3733 1766 3784 ut
1793 3729 1896 3784 sub
1925 3730 2032 3784 hac
2053 3747 2143 3784 sa-

510 3827 659 3884 lubri
706 3823 1110 3882 constitutione
1160 3823 1344 3880 clerici
1391 3823 1692 3896 stipendiis
1749 3824 1864 3878 suis
1909 3824 2144 3879 omnino

511 3921 763 3977 contenti
803 3920 1027 3976 labores
1064 3936 1181 3974 non
1211 3918 1482 3990 diripiant
1519 3918 1768 3989 episcopi
1799 3918 2142 3986 decedentis,

513 4020 569 4072 et
596 4017 652 4072 in
680 4031 912 4070 vacuam
940 4013 1188 4068 ecclesiae
1221 4013 1460 4068 domum
1488 4013 1713 4067 futurus
1739 4012 1994 4084 pontifex
2026 4029 2144 4066 non

511 4116 634 4169 sine
660 4115 856 4169 dolore
889 4112 1169 4178 succedat,
1195 4111 1295 4166 sed
1318 4110 1502 4180 magis
1523 4111 1591 4165 de
1608 4109 2038 4180 praedecessoris
2059 4109 2145 4164 sui

513 4207 745 4262 dimisso
785 4205 966 4277 possit
1005 4210 1059 4260 et
1089 4204 1206 4275 ipse
1237 4205 1504 4275 gaudere,
1543 4209 1599 4258 et
1635 4203 1758 4258 aliis
1799 4203 2142 4258 ministrare.

579 4303 669 4356 lll.
701 4299 886 4356 Simili
913 4314 1141 4370 quoque
1173 4297 1345 4352 modo
1373 4296 1706 4368 parentibus
1732 4302 1786 4352 et
1811 4297 2146 4368 propinquis

511 4393 833 4450 decedentis
873 4391 1141 4464 episcopi,
1174 4391 1218 4445 si
1256 4391 1556 4446 intestatus
1593 4390 1798 4446 obicrit
1837 4391 2141 4447 denuntie-

503 4495 617 4558 tur,
675 4493 738 4545 ut
789 4489 908 4544 sine
953 4485 1382 4558 metropolitani
1425 4485 1511 4540 vel
1570 4479 2220 4557 comprovincialiumD

507 4585 863 4640 sacerdotum
916 4581 1296 4648 conscientia,
1349 4579 1492 4635 nihil
1545 4580 1615 4636 de
1664 4581 1831 4636 rebus
1887 4581 2142 4637 defuncti

507 4697 784 4751 occupare
806 4679 1154 4751 pertentent,
1169 4692 1242 4731 ne
1264 4675 1409 4730 forte
1427 4691 1558 4730 cum
1577 4675 1954 4731 haereditariis
1970 4677 2140 4732 rebus

505 4774 677 4830 etiam
716 4774 900 4846 aliqua
940 4772 1011 4827 ad
1057 4769 1351 4826 ecclesiam
1381 4769 1726 4842 pertinentia
1753 4771 1838 4824 vel
1869 4770 2141 4842 permista

505 4871 802 4939 usurpent,
835 4866 934 4921 sed
963 4881 1141 4937 usque
1179 4864 1249 4918 ad
1279 4863 1697 4918 ordinationem
1737 4864 1915 4918 futuri
1938 4880 2136 4935 exspe-

503 4965 658 5017 ctent
687 4953 976 5030 antistitis,
1013 4963 1111 5014 aut
1136 4961 1306 5028 certe,
1339 4957 1385 5012 si
1416 4958 1658 5030 longum
1683 4957 1874 5026 fuerit,
1902 4957 1976 5011 ad
2011 4974 2135 5012 me-

503 5055 854 5128 tropolitani,
884 5059 946 5109 ut
976 5053 1191 5108 dictum
1225 5057 1328 5120 est,
1361 5051 1792 5107 ordinationem
1819 5055 2134 5107 recurrant.

503 5151 557 5208 Si
589 5151 716 5224 quis
739 5154 930 5204 autem
961 5151 1322 5220 contemptor
1347 5145 1523 5202 divini
1549 5145 1771 5200 timoris
1797 5150 1994 5200 contra
2013 5145 2136 5200 haec

503 5250 692 5302 sancta
738 5243 1011 5316 synodica
1052 5242 1289 5298 clericus
1319 5241 1561 5314 quisque
1594 5239 1680 5295 vel
1733 5239 1911 5294 laicus
1943 5239 2136 5294 venire

500 5339 768 5412 improba
792 5341 981 5394 mente
1011 5336 1334 5405 tentaverit,
1365 5340 1422 5391 et
1460 5333 1886 5402 communione,
1915 5335 1971 5388 et
1994 5349 2132 5388 con-

2261 427 2558 483 conveniat
2601 443 2774 498 quam
2824 427 3138 500 exspoliare
3182 447 3295 486 non
3323 435 3518 507 metuit,
3557 439 3645 495 nisi
3674 444 3780 502 forte

2260 521 2462 594 spiritu
2529 521 2764 578 meliore
2815 527 3110 596 correptus
3164 524 3298 580 dum
3352 545 3383 582 a
3423 537 3786 606 praesumptione

2259 615 2585 687 cessaverit,
2615 622 2922 700 recuperat
2950 617 3375 691 indulgentiam.
3403 622 3454 678 Si
3476 630 3640 682 autem
3656 631 3781 686 ratio-

2257 711 2522 766 nabiliter
2549 711 2921 784 modesteque
2950 713 3330 786 unusquisque
3358 719 3539 788 repetit
3559 722 3688 792 quod
3709 725 3787 780 sibi

2248 806 2380 877 jure
2433 806 2690 873 debetur,
2743 805 2795 862 ei
2839 805 3050 878 absque
3091 807 3278 879 aliqua
3318 810 3733 872 animadversione
3763 836 3788 874 a

2255 901 2695 972 metropolitano
2723 901 2809 956 vel
2840 901 2930 956 cui
2969 901 3296 972 injunxerit,
3326 908 3418 958 aut
3454 921 3549 973 res,
3572 912 3654 962 aut
3680 911 3788 966 ratio

2257 1012 2370 1050 non
2416 998 2680 1065 negetur.
2705 996 2817 1051 Hos
2859 999 3051 1050 autem
3090 1013 3290 1052 omnes
3332 1001 3698 1073 constringunt,
3720 1004 3792 1074 qui

2255 1094 2374 1144 tam
2401 1089 2460 1144 in
2487 1089 2842 1161 praeteritum
2865 1107 3037 1162 quam
3056 1090 3116 1144 in
3140 1091 3390 1147 futurum
3407 1109 3489 1149 res
3511 1095 3716 1152 ecclesiis
3729 1098 3792 1153 vel

2254 1183 2501 1255 episcopi
2531 1187 2871 1256 usurpantes
2896 1183 3262 1256 diripuerint.

2326 1279 2409 1332 IV.
2437 1277 2579 1333 Illud
2619 1276 2792 1332 etiam
2837 1279 3076 1349 provido
3120 1280 3350 1336 consilio
3395 1282 3732 1350 decernentes,
3750 1290 3796 1339 ut

2256 1371 2390 1442 quia
2409 1388 2559 1442 saepe
2579 1375 2907 1427 sanctorum
2933 1373 3252 1429 antistitum
3279 1392 3378 1446 per
3393 1375 3673 1430 absentiam
3686 1393 3796 1431 com-

2255 1465 2610 1520 mendatoris
2655 1466 2906 1538 episcopi
2955 1469 3238 1540 exsequias
3291 1469 3632 1538 differuntur,
3667 1472 3728 1526 ita
3755 1477 3800 1525 ut

2255 1560 2578 1615 veneranda
2606 1561 2893 1632 pontiﬁcis
2923 1562 3185 1617 membra
3211 1563 3344 1618 dum
3372 1563 3570 1619 tardius
3591 1563 3800 1619 funerari.

2255 1657 2348 1708 tur
2372 1654 2598 1725 injuria:
2645 1655 2882 1710 omnino
2926 1656 3277 1727 subjaceant,
3309 1657 3584 1729 cpiscopus
3607 1659 3689 1730 qui
3711 1663 3802 1729 post

2253 1751 2503 1804 mortem
2538 1748 2729 1803 fratris
2761 1749 2831 1803 ad
2858 1749 3248 1821 sepeliendum
3288 1767 3416 1807 eum
3442 1751 3569 1808 solet
3589 1752 3800 1806 invitatus

2255 1858 2572 1910 occurrere,
2599 1842 2894 1898 inﬁrmum
2920 1845 3103 1916 magis
3135 1851 3193 1900 et
3221 1845 3399 1900 adhuc
3431 1845 3486 1900 in
3511 1861 3711 1918 corpore
3725 1861 3802 1916 po-

2255 1935 2427 1991 situm
2471 1937 2797 1992 admonitus
2843 1938 3072 1993 visitare
3111 1955 3231 1994 non
3271 1939 3506 2008 differat,
3542 1945 3600 1994 ut
3639 1942 3720 1994 aut
3754 1938 3802 1993 de

2254 2030 2598 2086 revelatione
2644 2031 2946 2087 sacerdotis
2992 2033 3240 2104 amplius
3285 2033 3537 2105 gaudeat,
3577 2037 3660 2088 aut
3691 2036 3804 2087 certe

2254 2125 2323 2178 de
2351 2124 2705 2181 ordinatione
2731 2127 2936 2182 domus
2961 2144 3074 2182 suae
3116 2127 3348 2183 fratrem
3373 2128 3669 2194 admoneat,
3692 2126 3803 2195 ejus-

2253 2236 2366 2290 que
2390 2219 2745 2290 probabilem
2769 2223 3123 2277 voluntatem
3151 2223 3212 2276 in
3245 2222 3503 2278 effectum
3525 2219 3808 2276 transmittat

2252 2329 2316 2368 ac
2341 2313 2702 2368 recedentem
2721 2331 2754 2368 a
2777 2315 3007 2385 saeculo,
3027 2315 3283 2372 oblatum
3303 2316 3362 2372 in
3382 2317 3499 2389 ejus
3516 2313 3808 2371 comenda-

2255 2407 2409 2461 tione
2441 2405 2774 2462 sacriﬁcium
2795 2409 2911 2464 Deo
2935 2409 3196 2476 offerens,
3212 2427 3348 2466 mox
3367 2409 3654 2482 sepultura:
3671 2407 3810 2463 tradat

2253 2499 2689 2572 diligentissime
2719 2505 2776 2557 et
2813 2503 3075 2574 superius
3109 2505 3420 2560 constituta
3457 2503 3696 2560 canonice
3726 2516 3809 2555 non

2253 2595 2481 2650 differat
2508 2596 2842 2668 adimplere.
2873 2597 2927 2653 Si
2959 2601 3174 2667 autem,
3207 2603 3276 2654 ut
3299 2599 3422 2655 ﬁeri
3457 2599 3604 2667 solet,
3632 2595 3812 2652 antistes

2251 2689 2550 2760 repentino
2578 2689 2733 2746 obitu
2761 2691 3151 2763 decesserit,et
3169 2693 3536 2749 collimitanei
3552 2689 3812 2747 sacerdotes

2253 2782 2322 2838 de
2369 2783 2684 2856 longinquo
2725 2785 2962 2841 minime
3008 2787 3202 2843 adesse
3248 2787 3570 2860 potuerint,
3613 2801 3711 2840 uno
3746 2781 3812 2837 die

2250 2880 2473 2932 tantum
2515 2895 2646 2932 cum
2690 2895 2792 2934 sua
2833 2883 2996 2935 nocte
3047 2881 3439 2938 exanimatum
3485 2877 3813 2952 corpusculum

2251 2971 2562 3027 sacerdotis
2586 2977 2836 3041 maneat,
2859 2991 2964 3028 nec
2989 2974 3110 3030 sine
3132 2976 3379 3031 fratrum
3401 2992 3464 3030 ac
3483 2973 3815 3044 religiosomm

2249 3065 2591 3138 frequentia,
2619 3067 2704 3122 vel
2729 3067 3092 3139 psallentium
3123 3071 3494 3127 excubatione
3520 3071 3815 3131 servatum,a

2249 3159 2595 3232 presbyteris
2631 3177 2763 3216 cum
2805 3161 2963 3216 omni
2995 3163 3298 3236 diligentia
3333 3165 3394 3220 in
3431 3165 3547 3220 loco
3581 3159 3818 3218 conditum

2249 3271 2504 3308 seorsum
2530 3270 2644 3309 non
2680 3254 2874 3310 statim
2911 3257 3198 3327 humatur,
3228 3259 3334 3314 sed
3368 3257 3660 3314 honoriﬁce
3695 3268 3816 3308 com-

2247 3349 2577 3418 mendetur,
2623 3350 2803 3405 donec
2846 3351 2966 3406 sine
3008 3369 3166 3407 mora
3224 3354 3466 3410 invitato
3502 3351 3818 3419 undecunque

2247 3443 2536 3514 pontiﬁce,
2554 3444 2623 3498 ab
2643 3444 2784 3515 ipso,
2800 3448 2865 3498 ut
2880 3446 3175 3514 condecet,
3196 3449 3530 3504 solemniter
3543 3443 3818 3506 tumuletur,

2248 3543 2310 3593 ut
2345 3540 2401 3592 et
2440 3537 2665 3609 injuria:
2706 3539 2936 3594 tollatur
2977 3541 3210 3610 occasio,
3241 3547 3304 3598 et
3346 3560 3469 3598 mos
3513 3540 3750 3612 antiquus
3779 3534 3821 3589 in

2247 3631 2590 3703 sepeliendis
2619 3633 3005 3689 sacerdotibus
3035 3635 3389 3693 observetur.

2317 3727 2380 3780 V.
2420 3727 2534 3780 Hoc
2573 3725 2744 3780 etiam
2788 3727 3018 3798 placuit,
3055 3735 3120 3784 ut
3161 3747 3344 3802 vagus
3389 3735 3556 3803 atque
3597 3723 3824 3784 instabilis

2246 3819 2502 3886 clericus,
2539 3819 2651 3876 sive
2693 3821 2864 3876 etiam
2906 3822 2964 3877 in
2995 3823 3219 3879 diaconi
3267 3823 3584 3881 ministerio
3617 3822 3692 3876 vel
3725 3833 3820 3892 pre-

2246 3913 2346 3983 sby
2355 3913 2457 3968 teri
2479 3913 2664 3969 ofﬁcio
2687 3915 3044 3986 constitutus,
3065 3918 3113 3972 si
3131 3919 3387 3993 episcopi
3401 3938 3435 3975 a
3455 3936 3564 3992 quo
3583 3916 3825 3973 ordinatus

2247 4015 2332 4062 est
2359 4007 2660 4078 princeptis
2701 4025 2814 4064 non
2862 4010 3157 4082 obedierit,
3194 4019 3256 4069 ut
3287 4015 3349 4070 in
3377 4015 3631 4086 delegata
3653 4008 3741 4064 sibi
3763 4022 3826 4060 ec-

2245 4100 2415 4155 clesia
2445 4102 2694 4157 ofﬁcium
2716 4104 3002 4176 dependat
3029 4107 3328 4165 assiduum
3353 4124 3642 4182 quousque
3659 4106 3710 4159 in
3726 4100 3826 4156 vitio

2243 4196 2644 4266 permanserit,
2669 4201 2723 4252 et
2763 4200 3162 4258 communione
3189 4207 3246 4257 et
3278 4204 3504 4260 honore
3532 4202 3771 4276 privetur.

2260 4327 2267 4338 .
2314 4290 2396 4344 VI.
2425 4291 2495 4344 Ut
2519 4291 2707 4346 nullus
2733 4291 2983 4349 alienum
3009 4296 3278 4352 clericum
3307 4298 3619 4354 secundum
3650 4292 3828 4350 decreta

2243 4401 2529 4439 canonum
2552 4385 2672 4442 sine
2693 4403 2968 4443 consensu
2986 4390 3235 4462 episc0pi
3253 4393 3342 4447 sui
3362 4393 3574 4448 audeat
3589 4389 3824 4449 ordinare,

2242 4480 2340 4534 scd
2366 4495 2468 4534 nec
2509 4479 2689 4536 ullum
2715 4485 3042 4538 sanctorum
3077 4486 3444 4543 sacerdotum
3469 4485 3730 4560 quispiam
3756 4495 3826 4533 0r-

2244 4573 2420 4642 dinet,
2437 4573 2534 4646 qui
2560 4575 2801 4631 localem
2817 4594 2876 4632 se
2905 4577 3162 4634 futurum
3191 4581 3466 4652 primitus
3485 4597 3598 4636 non
3621 4588 3824 4650 spopon~

2243 4667 2410 4735 derit,
2461 4673 2524 4722 ut
2562 4685 2665 4740 per
2710 4669 2833 4725 hazc
2882 4672 3070 4727 nullus
3116 4691 3150 4728 a
3197 4677 3403 4747 regula
3449 4675 3538 4730 vel
3580 4668 3828 4742 disciplina

2239 4761 2614 4818 ecclesiastica
2660 4763 2888 4820 deviare
2933 4766 3302 4838 permittatur
3344 4769 3601 4842 impune.
3629 4763 3826 4821 Celsivus

2237 4858 2298 4912 in
2342 4855 2544 4912 Christi
2590 4858 2824 4914 nomine
2887 4859 3185 4933 episcopus
3235 4863 3566 4935 subscripsi.
3615 4855 3828 4916 Setabius

2240 4953 2536 5026 episcopus
2561 4954 2886 5025 subscripsi.
2913 4955 3193 5028 Benagius
3215 4957 3523 5030 episcopus
3551 4948 3829 5022 subscripsi.

2237 5048 2528 5119 Ampelius
2559 5049 2852 5120 episcopus
2903 5049 3227 5122 subscripsi.
3260 5052 3568 5108 Sallustius
3594 5045 3830 5106 archidia-

2237 5159 2411 5196 conus
2453 5142 2696 5199 vicarius
2737 5143 2957 5199 domini
2995 5144 3108 5200 mei
3149 5145 3397 5203 Marcelli
3436 5143 3697 5220 episcopi,
3724 5137 3829 5195 sub-

2237 5237 2455 5309 scripsi.

1208 5577 1609 5644 lNCIPIUNT
1653 5578 2044 5644 CAPITULA
2087 5577 2420 5646 CONCILII
2463 5578 2856 5646 TOLETANI
2902 5580 3144 5646 PRlMl.

570 5720 616 5771 l.
644 5718 723 5772 De
756 5717 1095 5790 presbyteris
1133 5721 1189 5774 et
1213 5716 1541 5773 diaconibus
1575 5716 1619 5772 si
1650 5720 1780 5790 post
1805 5716 2120 5774 ordinatio-

493 5823 622 5862 nem
657 5810 804 5864 ﬁlios
833 5812 1155 5882 genuerint.

2297 5720 2348 5773 2.
2404 5718 2472 5773 Ut
2515 5719 2818 5789 paenitens,
2865 5719 2911 5777 si
2960 5719 3261 5778 necessitas
3306 5724 3502 5796 cogat,
3551 5720 3720 5776 lector
3755 5713 3836 5769 aut

2225 5811 2486 5869 ostiarius
2510 5811 2625 5870 ﬁat.
