3964 6178
256 295 324 348 433
1453 296 1924 353 DECRETALIUM
1962 300 2352 356 CULI.ECTIO.

3474 310 3574 366 434

303 405 338 457 3.
363 402 440 455 De
471 399 559 455 his
593 399 692 471 qui
719 399 915 455 viduas
958 401 1298 473 acceperint,
1329 419 1399 458 ne
1446 403 1669 460 diaconi
1712 405 1834 462 efﬁ-
1857 418 1915 492 Α
2014 411 2096 462 12.
2127 409 2197 463 Ut
2226 409 2414 464 nullus
2441 410 2676 466 clericus
2727 413 2796 468 ab
2839 411 3101 485 episcOpo
3153 416 3384 471 recedat
3424 420 3482 471 et
3503 419 3573 474 ad

255 497 450 551 alantur.

301 592 336 644 4.
361 592 430 646 Ut
456 589 837 645 subdiaconus
869 589 912 644 si
940 590 1208 646 defuncta
1233 608 1406 647 uxore
1445 592 1614 648 aliam
1656 593 1832 649 duxe-

249 685 312 754 rit,
336 685 592 739 ostiarius
619 684 733 738 fiat.

359 781 423 834 Ut
454 779 503 833 si
529 779 835 850 cujuslibet
861 779 1074 835 ordinis
1105 779 1346 836 clericus
1390 781 1606 838 tardius
1639 782 1711 838 ad
1742 797 1832 838 ec-

241 874 436 928 clesiam
464 873 706 940 venerit,
739 873 1077 945 deponatur.

291 971 328 1022 6.
355 969 418 1022 Ut
460 967 734 1038 religiosa
762 968 957 1040 puella
986 968 1237 1024 virorum
1284 968 1735 1026 familiaritatem
1775 971 1834 1027 in

234 1062 372 1118 domo
404 1079 523 1116 non
551 1061 773 1116 habeat.

289 1162 327 1212 7.
356 1158 422 1211 Ut
443 1156 681 1211 clericus
710 1155 868 1227 cujus
896 1173 1040 1211 uxor
1067 1157 1383 1228 peccaverit
1406 1162 1614 1229 praeter
1635 1175 1834 1216 necem

226 1253 534 1322 potestatem
591 1251 799 1305 habeat
854 1250 1233 1323 distringendi
1289 1269 1432 1320 eam,
1474 1258 1530 1309 et
1581 1270 1711 1309 cum
1765 1271 1833 1310 ea

227 1346 387 1398 cibum
423 1362 538 1399 non
570 1350 777 1399 sumat.

281 1443 324 1493 8.
353 1441 430 1493 De
479 1455 546 1493 eo
583 1439 681 1510 qui
730 1442 854 1510 post
892 1439 1241 1510 baptismum
1290 1440 1639 1513 militaverit,
1669 1445 1732 1497 ut
1761 1444 1834 1499 ad

227 1533 569 1588 diaconatum
596 1550 712 1588 non
741 1533 1130 1604 permittatur.

283 1631 326 1681 tl.
348 1630 412 1683 L't
432 1628 590 1682 nulla
610 1628 867 1699 professa
881 1629 968 1682 vel
989 1627 1177 1697 vidua,
1194 1629 1425 1684 absente
1445 1631 1758 1701 sacerdote,
1775 1633 1834 1688 in

230 1721 371 1776 domo
392 1739 494 1776 sua
515 1722 859 1777 sacerdotale
881 1722 1131 1778 ofﬁcium
1159 1723 1243 1778 vel
1268 1723 1550 1779 lucernale
1574 1725 1828 1797 impleat.

1936 501 2111 556 alium
2137 520 2196 557 se
2224 506 2546 560 transferat.

2011 599 2093 651 13.
2126 597 2201 651 De
2232 597 2318 652 his
2350 598 2449 669 qui
2493 599 2552 653 in
2579 600 2876 656 ecclesiam
2906 601 3145 673 intrant,
3175 607 3233 659 et
3255 620 3374 659 non
3410 621 3568 661 com-
3616 595 3622 600 ’

1935 689 2255 760 municant,
2289 697 2349 746 ut
2376 694 2962 750 excommunicenter.

2013 785 2094 839 14.
2148 786 2225 840 De
2273 802 2340 841 eo
2389 787 2487 858 qui
2536 789 2816 859 acceperit
2871 790 3288 859 eucharistiam,
3341 797 3399 848 et
3455 812 3573 851 non

1934 879 2256 950 sumpserit,
2291 883 2351 934 ut
2377 881 2689 953 sacrilegus
2718 883 3050 953 repellatur.

2010 978 2094 1028 15.
2125 976 2201 1030 De
2233 975 2319 1029 his
2347 975 2445 1047 qui
2495 977 3060 1033 excommunicantur
3087 996 3121 1033 a
3161 982 3566 1051 sacerdotibus,

1936 1070 1998 1122 ut
2024 1069 2210 1123 nullus
2233 1070 2302 1124 ad
2333 1086 2428 1124 eos
2455 1071 2711 1126 accedat.

2009 1166 2094 1217 16.
2135 1164 2205 1217 Ut
2248 1164 2449 1219 devota
2494 1165 2539 1219 si
2577 1166 2893 1222 adulterata
2934 1167 3107 1222 fuerit
3147 1168 3347 1224 decem
3393 1187 3572 1226 annos

1933 1257 2228 1328 pasniteat;
2255 1258 2302 1311 si
2329 1259 2598 1313 maritum
2629 1260 2869 1330 duxerit,
2899 1277 3015 1315 non
3035 1262 3477 1332 permittendam
3500 1265 3571 1320 ad

1935 1351 2347 1422 paenitentiam,
2381 1352 2488 1407 nisi
2517 1353 2758 1409 maritus
2787 1355 3112 1410 decesserit.

2013 1451 2092 1500 17.
2129 1447 2204 1500 De
2241 1462 2310 1502 eo
2339 1447 2436 1518 qui
2467 1464 2708 1502 uxorem
2741 1447 2933 1520 habet,
2965 1448 3011 1503 si
3052 1450 3429 1506 concubinam
3468 1453 3570 1507 ha-

1933 1539 2140 1607 buerit,
2172 1557 2292 1595 non
2338 1542 2738 1597 communicet.

2009 1636 2092 1688 18.
2144 1633 2202 1688 Si
2247 1634 2417 1690 vidua
2474 1635 2745 1708 episcopi,
2791 1637 3130 1709 presbyteri,
3171 1639 3260 1694 vel
3319 1639 3566 1710 diaconi,

1933 1727 2204 1783 maritum
2243 1729 2540 1800 acceperit.

291 1820 358 1870 10.
381 1818 450 1870 Ut
476 1815 662 1869 nullus
689 1815 1008 1886 obligatum
1029 1817 1298 1888 cuiquam
1318 1817 1528 1889 absque
1549 1835 1828 1876 consensu
1851 1797 1907 1869 B
2005 1825 2090 1876 l9.
2124 1821 2183 1878 Si
2208 1797 2538 1891 sacerdotis,
2569 1825 2654 1878 vel
2681 1823 2923 1894 diaconi,
2956 1825 3072 1880 filia
3118 1826 3389 1898 religiosa
3427 1845 3562 1900 pec-

242 1911 410 1964 domini
431 1910 516 1965 vel
547 1910 774 1981 patroni
800 1910 1070 1965 clericum
1097 1911 1287 1966 faciat.

298 2009 361 2058 ll.
385 2006 452 2058 Ut
481 2005 526 2058 si
555 2005 680 2076 quis
700 2007 1002 2076 potentum
1024 2006 1420 2082 erspoliaverit
1439 2008 1751 2078 quemlibet
1771 2013 1828 2064 et

241 2099 532 2154 admonente
545 2099 809 2172 episcopo
819 2116 934 2154 non
945 2099 1824 2172 reddiderit,excommunicetur.

1928 1916 2157 1984 caverit,
2191 1916 2249 1970 in
2282 1917 2394 1971 fine
2424 1921 2646 1972 tantum
2675 1919 3081 1976 communicet.

2000 2013 2086 2064 20.
2112 2011 2180 2065 Ut
2200 2010 2387 2065 nullus
2408 2016 2618 2082 praeter
2639 2012 2970 2084 episcopum
2999 2014 3248 2070 chrisma
3274 2016 3558 2072 conﬁciat.

2002 2108 2088 2159 21.
2121 2105 2196 2159 De
2223 2105 2437 2176 regulis
2461 2105 2595 2162 ﬁdei
2620 2107 2915 2162 catholicas
2944 2111 3146 2165 contra
3164 2110 3561 2168 Priscillianos.

661 2428 1074 2521 INCIPIT
1161 2427 1779 2524 CONCILIUM
1873 2430 2319 2524 PRIMUM
2407 2429 3100 2524 TOLETANUM

357 2600 587 2663 Decem
619 2605 680 2660 et
708 2606 846 2660 octo
875 2599 1348 2681 episcoporum,
1385 2606 1670 2683 tempore
1696 2600 1981 2664 Honorii
2007 2608 2070 2662 et
2096 2599 2390 2676 Arcadii,
2426 2599 2738 2664 Stz’lz'cone
2768 2599 3046 2676 consule,
3080 2598 3397 2662 habitum.

273 2770 742 2826 Convenientibus
791 2772 1066 2842 episcopis
1113 2772 1174 2826 in
1223 2772 1456 2828 ecclesia
1507 2774 1723 2840 Toleto,
1765 2774 1822 2828 id
1925 2773 2092 2843 gerit,
2125 2774 2275 2828 inter
2301 2772 2563 2828 ostiarios
2589 2773 2959 2844 deputentur,
2988 2773 3075 2826 vel
3104 2772 3252 2827 inter
3295 2771 3562 2841 lectores,

210 2867 300 2929 est,
343 2867 606 2934 Patrono,
653 2865 930 2933 Marcello,
979 2866 1242 2934 Alitiano,
1293 2867 1657 2937 Aphrodisio,
1725 2869 1820 2922 Jo—

206 2959 404 3027 cundo,
432 2959 695 3031 Olympo,
719 2961 940 3027 Severo,
963 2959 1204 3029 Astutio,
1234 2959 1464 3029 Hilario,
1488 2959 1819 3031 Lampadio,

202 3051 512 3123 Eustochio,
580 3055 977 3124 Exuperantio,
1036 3055 1265 3121 Sereno,
1326 3055 1506 3122 Floro,
1557 3055 1818 3126 Leporio,

1923 2866 2001 2920 ita
2031 2869 2096 2921 ut
2120 2867 2440 2937 Evangelia,
2471 2869 2570 2921 aut
2597 2867 2934 2938 Apostolum
2963 2882 3077 2920 non
3110 2865 3322 2937 legant.
3366 2865 3426 2921 Si
3462 2865 3560 2937 qui

1921 2965 2114 3014 autem
2134 2964 2267 3016 ante
2287 2960 2534 3016 ordinati
2551 2965 2687 3015 sunt
2706 2959 2998 3027 diacones,
3016 2960 3167 3015 inter
3189 2959 3564 3014 subdiacones
3627 2979 3642 2990 ι

1923 3054 2257 3124 habeantur,
2286 3055 2365 3110 ita
2392 3058 2459 3109 ut
2484 3071 2724 3109 manum
2765 3071 2879 3109 non
2918 3054 3237 3126 imponant,
3267 3069 3371 3108 nec
3402 3069 3564 3108 sacra

198 3148 867 3218 Aureliano,Lampiode,
886 3148 1080 3217 Gallia,
1096 3148 1386 3203 Lucentio.
1407 3149 1822 3204 Hisconventus
1843 3188 1898 3262 C
1923 3148 2273 3219 contingant.
2308 3150 2387 3202 Ex
2417 3165 2484 3203 eo
2515 3165 2648 3203 vero
2678 3149 2991 3219 pmnitente
3023 3148 3262 3202 dicimus
3306 3147 3404 3218 qui
3434 3152 3564 3218 post

199 3242 508 3262 _-___:-Y,.!2-
554 3242 765 3262 (η..ι---ξ-
814 3245 965 3262 _-1-__
1020 3245 1094 3262 --Α
1153 3242 1237 3262 2-ιὲ
1278 3248 1403 3262 ---ῆι
1458 3242 1542 3262 ...22
1586 3244 1633 3262 2.-
1702 3243 1788 3262 -¹Ι¹⁶
1922 3244 1937 3262 1
2018 3243 2075 3262 .ιὲ
2116 3259 2264 3262 -__,,,A-
2333 3248 2421 3262 ---ι
2454 3259 2549 3262 im-
2587 3243 2796 3262 L__A-!_3
2815 3242 2892 3262 .124
2961 3247 3050 3262 -__A
3076 3259 3168 3262 __.-
3214 3241 3435 3262 212---..-2-
3466 3240 3535 3262 -..Ζ

196 3242 512 3314 municipiis
553 3242 768 3296 Celenis
809 3245 967 3296 actus
1012 3245 1115 3311 est,
1151 3242 1240 3296 isti
1273 3248 1407 3297 sunt
1450 3242 1547 3314 qui
1584 3244 1644 3297 in
1696 3243 1823 3298 aliis

192 3338 366 3403 gestis
405 3337 671 3391 adversus
713 3335 1043 3390 Priscilliani
1087 3339 1412 3403 sectatores,
1455 3343 1512 3392 et
1553 3337 1820 3392 hazresim

188 3443 363 3497 quam
383 3434 697 3485 astruxerat
714 3429 1026 3484 libellarem
1054 3429 1265 3484 dedere
1287 3431 1644 3485 sententiam.
1669 3432 1819 3486 Con-

196 3522 505 3579 sidentibus
559 3523 922 3595 presbyteris,
981 3523 1295 3578 astantibus
1351 3524 1702 3592 diaconibus,
1767 3528 1824 3579 et

196 3619 404 3673 trieteris
424 3619 520 3690 qui
547 3618 864 3673 intererant
888 3617 1126 3672 concilio
1145 3617 1526 3689 congregatis,
1550 3620 1822 3672 Patronus

193 3713 483 3784 episcopus
511 3713 690 3767 dixit:
714 3712 995 3776 Quoniam
1024 3711 1233 3782 singuli
1265 3712 1534 3783 cmpimus
1554 3712 1614 3766 in
1639 3713 1818 3767 eccle-

191 3804 274 3859 siis
323 3808 530 3860 nostris
580 3807 764 3860 facere
803 3803 1041 3873 diversa,
1074 3809 1130 3861 et
1168 3805 1307 3860 inde
1349 3811 1511 3861 tanta
1559 3807 1822 3861 scandala

189 3906 333 3962 sunt,
369 3918 493 3972 qua:
520 3917 702 3972 usque
738 3900 812 3954 ad
840 3900 1084 3955 schisma
1124 3899 1488 3971 perveniunt,
1520 3902 1567 3954 si
1609 3901 1815 3971 placet,

189 3996 481 4049 communi
536 3994 771 4048 concilio
825 3994 1194 4049 decernamus
1247 3993 1382 4064 quid
1434 3993 1504 4047 ab
1551 3995 1817 4049 omnibus

189 4090 464 4162 episcopis
488 4090 548 4143 in
575 4088 902 4143 ordinandis
930 4087 1147 4142 clericis
1173 4087 1246 4142 sit
1283 4088 1656 4159 sequendum.
1687 4088 1818 4142 Mihi

192 4187 384 4237 autem
422 4183 606 4254 placet
651 4182 1022 4237 constitutum
1061 4181 1325 4253 primitus
1355 4181 1564 4236 Niceeni
1596 4180 1818 4236 concilii

191 4281 468 4346 perpetuo
496 4293 612 4332 esse
637 4276 1000 4343 servandum,
1033 4292 1139 4329 nec
1163 4275 1233 4329 ab
1258 4275 1365 4330 hoc
1393 4291 1514 4328 esse
1545 4275 1819 4329 receden-

189 4364 345 4424 dum.
377 4371 624 4426 Universi
653 4368 902 4440 episcopi
931 4369 1197 4424 dixerunt
1232 4385 1244 4422 :
1278 4370 1391 4423 Hoc
1423 4368 1584 4422 nobis
1616 4369 1818 4438 placet,

189 4457 262 4515 ita
289 4470 358 4519 ut
384 4466 424 4518 si
469 4465 594 4535 quis
631 4463 874 4533 cognitis
916 4463 1090 4533 gestis
1132 4462 1345 4517 Niczeni
1395 4461 1617 4515 concilii
1667 4461 1822 4514 aliud

1920 3243 2296 3316 baptismum,
2327 3248 2426 3297 aut
2454 3259 2558 3313 pro
2587 3242 2921 3310 homicidio,
2956 3247 3056 3296 aut
3075 3259 3177 3314 pro
3206 3241 3438 3296 diversis
3461 3240 3563 3295 cri-

1924 3338 2176 3392 minibus
2202 3336 2660 3408 gravissimisque
2688 3337 2930 3408 peccatis
2953 3336 3248 3407 publicam
3278 3335 3561 3406 poeniten-

1921 3433 2061 3487 tiam
2087 3447 2294 3503 gerens
2321 3430 2424 3485 sub
2452 3430 2688 3485 consilio
2713 3430 2903 3485 divino
2945 3429 3118 3485 fuerit
3159 3428 3559 3484 reconciliatus

1923 3526 2144 3581 altario.

1994 3621 2082 3675 III.
2108 3622 2251 3675 Item
2277 3618 2570 3674 constituit
2591 3623 2780 3672 sancta
2808 3617 3078 3689 synodus,
3103 3621 3165 3672 ut
3182 3617 3360 3672 lector
3379 3616 3562 3671 ﬁdelis

1923 3715 1967 3769 si
1997 3714 2224 3769 viduam
2250 3713 2481 3768 alterius
2518 3729 2757 3767 uxorem
2797 3712 3099 3783 acceperit,
3129 3712 3375 3782 amplius
3416 3710 3560 3765 nihil

1923 3809 2012 3875 sit,
2042 3809 2141 3863 sed
2189 3823 2418 3878 semper
2460 3808 2633 3862 lector
2676 3806 2970 3874 habeatur,
3003 3808 3102 3860 aut
3141 3805 3286 3860 forte
3337 3804 3561 3860 subdia-

1922 3919 2118 3957 COIlllS.

1991 3998 2074 4051 IV.
2105 3995 2492 4051 Subdiaconus
2517 3999 2708 4050 autem
2741 3995 3006 4049 defuncta
3035 4009 3211 4048 uxore
3240 3993 3287 4047 si
3319 4008 3558 4047 uxorem

1921 4090 2090 4144 aliam
2123 4089 2375 4155 duxerit,
2408 4089 2478 4142 ab
2524 4088 2709 4143 ofﬁcio
2763 4088 2820 4142 in
2865 4105 2977 4159 quo
3021 4088 3317 4142 ordinatus
3369 4087 3560 4142 fuerat

1921 4187 2297 4251 removeatur,
2332 4188 2387 4238 et
2413 4183 2689 4238 habeatur
2717 4182 2870 4237 inter
2894 4182 3152 4237 ostiarios
3173 4181 3264 4236 vel
3293 4182 3554 4247 lectores,

1919 4277 2001 4332 ita
2017 4281 2080 4332 ut
2099 4276 2466 4348 Evangelium
2496 4280 2552 4330 et
2571 4277 2902 4347 Apostolum
2920 4293 3035 4331 non
3062 4277 3235 4346 legat,
3253 4279 3560 4346 propterea

1920 4387 1992 4426 ne
2035 4371 2130 4441 qui
2161 4371 2413 4424 ecclesia:
2445 4369 2703 4425 servierit
2731 4369 2974 4440 publicis
3007 4369 3209 4424 ofﬁciis
3235 4368 3445 4423 servire
3473 4368 3556 4421 vi-

1924 4463 2160 4530 deatur;
2193 4464 2291 4536 qui
2319 4481 2453 4518 vero
2503 4463 2752 4531 tertiam,
2784 4463 2936 4534 quod
2979 4480 3081 4518 nec
3113 4463 3418 4518 dicendum
3450 4465 3555 4526 est,

188 4567 365 4622 (piam
390 4562 664 4612 statutum
700 4559 782 4611 est
823 4557 1012 4610 facere
1054 4555 1504 4627 praesumpserit,
1535 4559 1592 4608 et
1617 4572 1735 4609 non
1761 4555 2220 4638 inDacceperit,
2291 4558 2582 4612 abstentus
2637 4557 2868 4612 biennio
2919 4561 3120 4627 postea
3174 4555 3322 4610 inter
3382 4555 3559 4609 laicos

186 4660 254 4701 (‘0
287 4651 774 4722 perseverandum
810 4649 1109 4722 putaverit,
1139 4655 1273 4704 tunc
1303 4648 1825 4703 excommunicatus

185 4737 484 4810 habeatur,
517 4746 624 4800 nisi
650 4762 753 4816 per
778 4744 1192 4815 correptionem
1223 4743 1462 4798 fratrum
1495 4742 1827 4798 emendave-

181 4836 266 4890 rit
306 4856 579 4895 errorem.

264 4934 394 4989 CAP.
435 4937 473 4988 Ι.
521 4932 761 5000 Placuit,
809 4936 871 4986 ut
915 4931 1182 4986 diacones
1227 4930 1274 4984 si
1317 4931 1402 4984 vel
1460 4929 1688 4999 integri,
1736 4931 1822 4984 vel

174 5028 338 5082 Fasti
377 5029 501 5096 sint,
530 5034 587 5082 et
642 5025 989 5081 continentis
1033 5025 1180 5089 vitae,
1214 5024 1383 5079 etiam
1412 5023 1457 5076 si
1489 5040 1697 5078 uxores
1727 5025 1824 5078 ha-

159 5109 386 5191 beant,
409 5124 461 5176 in
506 5120 822 5176 ministerio
867 5118 1305 5188 constituantur,
1339 5119 1415 5172 ita
1445 5121 1641 5172 tamen
1686 5121 1747 5172 ut
1779 5118 1825 5171 si

149 5222 188 5274 ‘I
237 5216 288 5268 ui
320 5217 486 5272 etiam
513 5221 646 5271 ante
682 5213 1047 5269 interdictum
1079 5213 1232 5284 quod
1281 5228 1384 5282 per
1433 5212 1651 5282 priores
1692 5215 1824 5267 ante

142 5315 175 5350 [ι
237 5326 300 5360 os
346 5313 627 5383 episcopos
672 5308 1044 5363 constitutum
1093 5311 1178 5360 est
1219 5307 1644 5360 incontinenter
1691 5323 1822 5360 cum

173 5411 214 5445 \\
247 5405 459 5460 xor-ibus
484 5403 750 5469 vixerint,
778 5401 1098 5473 presbyteri
1127 5401 1348 5455 honore
1382 5417 1497 5455 non
1524 5400 1819 5455 cumulen-

209 5493 321 5562 \ur;
348 5501 390 5554 si
433 5499 561 5572 quis
603 5513 734 5553 vero
781 5513 848 5551 ex
888 5493 1235 5566 presbyteris
1276 5497 1410 5549 ante
1455 5493 1823 5549 interdictum

210 5582 333 5644 filios
357 5612 488 5649 suos
513 5590 851 5664 susceperit,
885 5589 953 5645 de
993 5588 1324 5660 presbytero
1369 5588 1443 5643 ad
1487 5588 1822 5660 episcopum

207 5690 310 5736 Ποιι
335 5687 697 5744 admittatur.

269 5773 316 5831 Π-
344 5786 484 5840 Item
504 5779 737 5854 placuit,
757 5782 819 5834 ut
837 5777 1179 5850 poenitentes
1202 5792 1320 5831 non
1347 5775 1730 5830 admittantur
1750 5776 1822 5831 ad

193 5865 413 5952 derum,
448 5877 556 5934 nisi
611 5877 855 5943 tantum,
899 5872 943 5928 si
990 5870 1314 5943 necessitas,
1359 5874 1457 5926 aut
1497 5885 1634 5926 usus
1685 5886 1814 5927 exe-

1924 4651 2317 4706 reconciliatus
2348 4669 2449 4722 per
2475 4651 2875 4722 paenitentiam
2903 4650 3301 4704 communicet.

1995 4747 2058 4800 V.
2091 4745 2410 4816 Presbyter,
2449 4747 2539 4799 vel
2590 4745 2859 4799 diaconus
2910 4744 2997 4798 vel
3048 4744 3440 4812 subdiaconus,
3470 4745 3558 4798 vel

1926 4838 2163 4910 quilibet
2193 4838 2440 4892 ecclesia:
2471 4838 2776 4908 deputatus
2805 4837 3063 4906 clericus,
3091 4838 3135 4890 si
3176 4837 3327 4892 intra
3365 4838 3556 4892 civita-

1926 4937 2045 4987 tem
2072 4949 2187 4987 non
2216 4931 2408 4998 fuerit,
2441 4933 2528 4985 vel
2559 4932 2617 4985 in
2648 4931 2769 4985 loco
2808 4931 2866 4985 in
2903 4948 3015 5002 quo
3067 4932 3302 4986 ecclesia
3331 4937 3431 4999 est,
3461 4936 3561 4986 aut

1927 5027 2178 5094 castella,
2207 5029 2304 5080 aut
2349 5025 2455 5079 vici
2502 5030 2656 5092 sunt,
2699 5028 2800 5080 aut
2838 5025 3004 5094 villae,
3037 5025 3081 5080 si
3121 5027 3195 5080 ad
3235 5027 3555 5094 ecclesiam,

1926 5126 2025 5175 aut
2044 5121 2113 5175 ad
2139 5120 2475 5175 sacriﬁcium
2497 5119 2901 5191 quotidianum
2923 5136 3036 5174 non
3060 5120 3298 5187 venerit,
3323 5119 3558 5176 clericus

1924 5231 2043 5269 non
2074 5214 2370 5283 habeatur,
2403 5215 2448 5268 si
2495 5214 2800 5285 castigatus
2842 5230 2946 5285 per
2991 5213 3424 5270 satisfactionem
3462 5229 3556 5268 ve-

1926 5309 2079 5363 niam
2105 5308 2176 5363 ab
2205 5307 2470 5380 episcopo
2495 5308 2672 5362 voluit
2700 5308 3041 5379 promereri.

1994 5404 2083 5458 Vl.
2116 5404 2368 5474 Itemque
2395 5403 2582 5473 puella
2617 5402 2714 5457 Dei
2742 5418 2845 5458 nec
2875 5402 3314 5457 familiaritatem
3344 5400 3552 5455 habeat

1923 5513 2054 5552 cum
2105 5497 2445 5566 confessore,
2475 5501 2572 5551 aut
2612 5513 2742 5551 cum
2788 5497 3044 5568 quolibet
3084 5495 3222 5550 laico
3265 5493 3558 5564 sanguinis

1923 5590 2114 5657 alieni,
2143 5593 2240 5644 aut
2265 5589 2582 5645 convivium
2609 5590 2730 5646 sola
2756 5591 2945 5657 adeat,
2977 5587 3085 5644 nisi
3111 5587 3209 5642 ubi
3237 5585 3552 5657 seniorum,

1922 5689 2020 5739 aut
2045 5685 2436 5752 honestorum,
2466 5688 2565 5739 aut
2589 5683 2890 5739 viduarum
2918 5683 3405 5752 honestarumque
3435 5681 3551 5736 fre-

1921 5778 2174 5850 quentia,
2212 5778 2307 5832 ubi
2353 5779 2594 5834 honeste
2620 5778 2911 5833 confessor
2941 5775 3177 5847 quilibet
3213 5791 3341 5829 cum
3372 5776 3551 5847 pluri-

1919 5888 2150 5929 morum
2173 5872 2497 5931 testimonio
2525 5872 2752 5930 testium
2779 5868 3034 5927 convivio
3052 5868 3324 5928 interesse
3352 5871 3550 5944 possit,
