3964 6178
498 273 597 327 4ἰῖΣὶ
1397 273 1678 328 .‘ll’l’iiNL‘.
1717 274 1807 330 AI)
1846 274 2006 330 SJZC.
2050 273 2136 328 1X.
2167 303 2232 312 -~
2277 273 2515 328 lSlDURI
2554 273 2975 330 .‘illiiLCA'l‘UltIS

3703 281 3774 332 3716

495 399 627 438 cum
661 379 958 438 lectoribus
983 383 1175 436 autem
1211 381 1270 436 in
1301 382 1555 453 ipsorum
1588 383 1854 438 domibus
1885 400 2001 438 non
2028 383 2130 437 ad—
2154 385 2490 470 Anionem,
2517 386 2850 457 priusquam
2895 388 3086 438 autem
3112 383 3172 438 in
3201 383 3475 440 ecclesiam
3511 385 3781 444 admittatur

497 477 808 530 mittendas
835 477 1064 548 penitus
1109 492 1212 530 nec
1239 476 1530 546 videndas,
1558 477 1665 533 nisi
1701 478 1844 533 forte
1890 495 2132 534 consan-

500 571 712 644 guinea
741 587 902 624 soror
926 569 998 624 sit
1021 571 1106 626 vel
1136 570 1388 628 nterina.

568 665 678 719 VII.
710 664 928 719 Placuit
954 669 1016 720 ut
1041 665 1086 719 si
1121 681 1594 738 quorumcunque
1627 665 1961 721 clericorum
1992 683 2132 722 uxo-

497 777 589 815 res
625 759 1000 830 peccaverint,
1044 776 1115 814 ne
1161 761 1309 816 forte
1353 760 1640 816 licentiam
1685 761 1964 832 peccandi
2005 763 2134 832 plus

494 853 764 921 habeant,
795 834 1078 925 accipiant
1105 854 1299 909 mariti
1337 871 1540 912 earum
1589 855 1738 910 hanc
1792 858 2136 927 potestatem

494 953 702 1018 praeter
729 964 928 1002 necem
959 936 1336 1017 custodiendi,
1370 949 1587 1020 ligandi
1626 949 1686 1004 in
1714 949 1883 1004 domo
1910 967 2030 1018 sua,
2061 950 2135 1004 ad

491 1041 568 1112 jej
579 1041 712 1096 unia
737 1033 1028 1110 salutaria,
1051 1059 1165 1098 non
1191 1043 1508 1114 mortifera,
1527 1060 1621 1098 eas
1656 1047 1944 1114 cogentes,
1965 1044 2045 1099 ita
2071 1049 2136 1099 ut

495 1135 740 1191 invicem
784 1135 890 1190 sibi
941 1137 1127 1192 clerici
1174 1155 1456 1209 pauperes
1497 1137 1772 1194 auxilium
1821 1139 2030 1208 ferant,
2086 1139 2133 1192 si

499 1230 723 1284 servitia
746 1246 864 1284 non
887 1230 1163 1298 habeant;
1187 1249 1316 1286 cum
1337 1233 1614 1287 uxoribus
1634 1235 1827 1287 autem
1850 1233 1985 1304 ipsis
2005 1249 2134 1304 que

497 1323 877 1396 peccaverint,
898 1341 1001 1379 nec
1030 1325 1182 1380 cibos
1208 1330 1453 1394 sumant,
1471 1325 1581 1382 nisi
1599 1327 1746 1382 forte
1772 1327 1844 1382 ad
1869 1326 2135 1383 timorem

501 1417 600 1476 Dei
629 1423 755 1473 acta
785 1420 1115 1490 penitentia
1143 1425 1524 1477 revertantur.

567 1513 700 1568 VIII.
755 1512 814 1568 Si
867 1514 994 1584 quis
1050 1519 1177 1585 post
1229 1514 1581 1586 baptismum
1654 1515 2017 1586 militaverit,
2079 1521 2138 1572 et

501 1606 856 1678 chlamydem
900 1608 1232 1679 sumpserit,
1259 1613 1360 1664 aut
1401 1609 1696 1681 cingulum
1740 1611 1810 1666 ad
1856 1611 2136 1666 necandos

502 1699 719 1770 ﬁdeles,
749 1701 926 1756 etiam
959 1701 1004 1756 si
1036 1703 1230 1772 gravia
1259 1720 1371 1758 non
1399 1703 1712 1772 admiserit,
1744 1705 1792 1758 si
1821 1705 1888 1760 ad
1917 1706 2132 1760 clerum

501 1794 776 1849 admissus
800 1796 972 1850 fuerit
1003 1796 1228 1851 diaconi
1258 1814 1373 1852 non
1407 1798 1651 1868 accipiat
1677 1798 2041 1870 dignitatem.

575 1890 658 1944 IX.
688 1889 848 1944 Nulla
875 1891 1130 1961 professa
1157 1893 1245 1946 vel
1276 1892 1446 1946 vidua
1473 1892 1708 1948 absente
1752 1894 2015 1964 episcopo
2047 1895 2132 1948 vel

501 1983 834 2054 presbytero
856 1985 916 2038 in
938 1985 1108 2040 domo
1132 2003 1232 2040 sua
1256 1986 1594 2058 antiphonas
1621 1985 1669 2059 1
1689 1985 1818 2059 05
1849 2003 1978 2042 cum
2003 2004 2135 2042 con-

500 2077 709 2132 fessore
737 2079 826 2132 vel
853 2096 1014 2133 servo
1043 2096 1144 2133 suo
1192 2079 1381 2145 faciat;
1414 2080 1805 2138 lucet-narium
1845 2097 1980 2136 vero
2025 2081 2135 2136 nisi

500 2169 560 2224 in
588 2172 826 2224 ecclesia
855 2188 972 2225 non
1003 2173 1248 2242 legatur,
1281 2178 1377 2226 aut
1407 2173 1451 2226 si
1478 2173 1702 2241 legatur
1728 2174 1785 2226 in
1818 2175 1951 2228 villa
1977 2192 2132 2246 prte-

501 2267 662 2318 sente
691 2264 955 2334 episcopo
981 2266 1066 2318 vel
1094 2265 1422 2336 presbytero
1449 2267 1533 2320 vel
1555 2266 1789 2321 diacono
1819 2269 2061 2339 legatur.

573 2358 634 2411 Χ.
665 2358 924 2426 Clericos,
958 2357 1238 2429 siquidem
1285 2359 1515 2430 obligati
1545 2359 1657 2414 sint
1683 2361 1769 2414 vel
1804 2378 1906 2432 pro
1937 2379 2130 2432 equa-

505 2451 680 2518 tione,
697 2451 782 2505 vel
804 2451 872 2506 de
901 2467 1110 2523 genere
1137 2452 1373 2524 alicujus
1394 2453 1619 2521 domus,
1639 2471 1756 2509 non
1783 2455 2135 2510 ordinandos

502 2545 608 2598 nisi
637 2546 889 2616 probate
918 2545 1048 2602 vite
1075 2547 1312 2615 fuerint,
1345 2551 1402 2601 et
1441 2547 1666 2619 patroni
1710 2564 2014 2604 consensus
2040 2567 2134 2604 ac-

504 2640 754 2694 cesserit.

571 2734 657 2788 XI.
685 2733 741 2789 Si
770 2734 896 2804 quis
931 2734 1001 2789 de
1040 2734 1362 2806 potentibus
1389 2735 1660 2791 clericum
1698 2740 1795 2790 aut
1823 2737 2138 2808 quemlibet

503 2827 921 2898 pauperiorem,
955 2835 1054 2883 aut
1089 2828 1418 2900 religiosum
1445 2830 1862 2902 exspoliaverit,
1893 2837 1949 2887 et
1975 2849 2134 2887 man-

505 2920 724 2975 daverit
751 2937 883 2976 eum
914 2922 985 2977 ad
1014 2939 1072 2977 se
1104 2923 1296 2977 venire
1345 2923 1640 2995 episcopus
1683 2929 1746 2978 ut
1791 2925 2055 2981 audiatur
2082 2930 2138 2982 et

504 3015 934 3086 contempserit,
963 3015 1206 3070 invicem
1237 3033 1368 3071 mox
1414 3017 1621 3090 scripta
1661 3023 1996 3090 percurrant
2033 3037 2138 3090 per

503 3125 704 3163 omnes
746 3109 1048 3180 provincie
1092 3112 1400 3183 episcopos,
1435 3117 1492 3166 et
1529 3129 1900 3185 quoscunque
1937 3113 2136 3168 audire

504 3203 813 3273 potuerint,
841 3207 906 3258 ut
933 3205 1454 3260 excommunicatus
1507 3207 1785 3262 habeatur
1808 3207 1929 3279 ipse
1957 3209 2138 3264 donec

505 3295 736 3353 obediat
771 3301 831 3352 ut
864 3297 1068 3353 reddat
1092 3298 1294 3354 aliena.

572 3393 686 3446 XII.
714 3393 858 3446 Item
884 3395 946 3446 ut
973 3393 1217 3447 liberum
1243 3393 1385 3448 nulli
1413 3394 1618 3448 clerico
1649 3395 1722 3450 sit
1753 3395 2046 3452 discedere
2069 3397 2138 3452 ab

503 3486 763 3557 episcopo
780 3503 899 3552 suo,
917 3489 972 3542 et
992 3487 1155 3542 alteri
1173 3488 1436 3559 episeopo
1457 3489 1898 3558 communicare,
1914 3491 1971 3545 ni
1991 3491 2138 3546 forte

505 3576 557 3630 ei
585 3592 755 3646 quem
787 3575 1086 3648 episcopus
1110 3576 1256 3630 alius
1300 3577 1543 3633 libenter
1579 3579 1786 3634 habeat
1813 3580 1880 3634 de
1907 3581 2134 3635 hereti-

502 3686 703 3724 corum
740 3669 1038 3726 schismate
1068 3671 1480 3742 discedentem,
1514 3678 1572 3728 et
1598 3673 1668 3728 ad
1695 3673 1871 3728 ﬁdem
1896 3673 2135 3728 catholi-

503 3781 625 3818 cam
655 3769 1054 3820 revertentem.
1085 3766 1138 3821 Si
1167 3766 1264 3838 qui
1290 3772 1484 3821 autem
1517 3767 1583 3822 de
1611 3767 1903 3822 catholicis
1932 3768 2137 3822 disces-

502 3858 680 3914 serint
707 3864 763 3914 et
791 3861 1191 3916 communione
1217 3877 1434 3931 eorum,
1455 3862 1542 3916 vel
1570 3862 1787 3934 palam,
1810 3862 1897 3916 vel
1919 3863 2138 3916 occulte

501 3970 630 4007 cum
663 3953 743 4008 eis
769 3954 865 4026 qui
896 3954 980 4008 vel
1007 3955 1480 4010 excommunicati
1505 3962 1655 4024 sunt,
1681 3957 1766 4011 vel
1793 3973 1896 4028 per
1916 3961 2140 4011 senten-

503 4047 640 4102 tiam
664 4047 790 4118 jam
825 4048 1005 4102 notati
1029 4048 1246 4104 fuerint
1274 4049 1514 4118 inventi,
1543 4050 1796 4104 habeant
1822 4050 2044 4104 illorum
2068 4050 2139 4104 ad

444 4132 457 4146 “
502 4157 642 4213 quos
663 4141 744 4195 ire
763 4141 1058 4209 voluerint,
1085 4142 1258 4197 etiam
1275 4142 1336 4198 in
1357 4143 1744 4210 damnatione,
1761 4144 2136 4198 consortium.

571 4236 704 4289 XIII.
732 4235 805 4288 De
835 4234 921 4288 his
947 4234 1044 4306 qui
1073 4235 1294 4290 intrant
1321 4236 1382 4291 in
1411 4237 1728 4304 ecclesiam,
1749 4240 1807 4292 et
1823 4239 2140 4308 apprehen-

502 4328 715 4383 duntur
743 4345 1039 4400 nunquam
1071 4329 1495 4384 communicare
1523 4331 2138 4396 admoneantur.Quod

504 4421 552 4476 si
580 4438 697 4477 non
728 4423 1174 4490 communicant,
1205 4424 1278 4478 ad
1319 4423 1721 4496 penitentiam
1761 4425 2057 4493 accedant;
2092 4426 2137 4480 si

2233 479 2302 532 ad
2332 479 2648 533 orationem
2683 479 2755 532 ad
2786 478 2994 532 nullius
3027 477 3341 532 convivium
3364 478 3659 533 Christiana:
3681 498 3780 536 mu-

2233 573 2386 628 lieris
2425 573 2674 641 accedat,
2705 573 2854 644 quod
2907 572 2954 626 si
2997 571 3240 627 admissa
3285 572 3465 640 fuerit,
3507 572 3652 626 etiam
3691 575 3782 630 haec

2235 684 2363 738 quae
2394 685 2522 722 eam
2549 666 2828 738 receperit
2855 667 3131 721 habeatur
3157 665 3214 720 in
3257 666 3514 734 absentia,
3544 676 3782 744 corrupto-

2234 777 2355 816 rem
2383 761 2553 816 etiam
2580 777 2684 833 par
2721 777 2889 832 pena
2927 760 3304 830 constringat.
3333 762 3458 824 Quae
3486 767 3654 818 autem
3692 783 3785 820 ma-

2234 856 2407 910 ritum
2430 856 2712 926 acceperit
2731 863 2848 909 nan
2871 844 3208 909 admittatur
3226 854 3292 909 ad
3316 855 3688 925 penitentiam,
3705 859 3788 914 nisi

2233 950 2419 1004 adhuc
2444 950 2566 1020 ipso
2592 949 2810 1004 vivente
2836 949 3042 1003 marito
3085 952 3236 1003 caste
3262 949 3442 1003 vivere
3475 951 3692 1022 coeperit,
3717 959 3792 1008 aut

2235 1049 2537 1116 postquam
2568 1044 2689 1114 ipse
2711 1042 3030 1099 decesserit.

2304 1139 2459 1194 XVII.
2489 1137 2543 1193 Si
2573 1137 2700 1210 quis
2744 1137 2960 1192 habens
3009 1153 3237 1192 uxorem
3279 1136 3470 1207 ﬁdelis,
3497 1138 3538 1192 si
3579 1138 3790 1193 concubi-

2237 1249 2368 1286 nam
2394 1231 2599 1287 habeat
2627 1248 2745 1286 non
2775 1231 3176 1286 communicet.
3222 1231 3490 1286 Caeterum
3533 1232 3574 1285 is
3599 1233 3683 1304 qui
3705 1249 3795 1287 non

2236 1326 2408 1380 habet
2428 1342 2670 1380 uxorem
2690 1330 2746 1379 et
2768 1341 2870 1396 pro
2885 1340 3064 1380 uxore
3085 1323 3456 1380 concubinam
3477 1324 3797 1379 habetacomo

2235 1420 2506 1476 munione
2535 1436 2652 1474 non
2683 1418 3017 1491 repellatur,
3042 1422 3236 1472 tamen
3271 1423 3335 1472 ut
3383 1418 3538 1473 unius
3575 1419 3794 1484 mulieris,

2237 1519 2336 1570 aut
2375 1513 2583 1582 uxoris,
2612 1518 2710 1568 aut
2753 1512 3105 1579 concubine,
3137 1515 3202 1566 ut
3229 1512 3280 1566 ei
3322 1512 3580 1583 placuerit
3614 1512 3674 1566 sit
3694 1528 3796 1565 con-

2227 1609 2526 1680 junctione
2553 1610 2874 1674 contentus,
2900 1607 3035 1662 alias
3055 1622 3188 1661 vero
3216 1606 3406 1660 vivens
3429 1605 3796 1677 abjiciatur,do~

2236 1721 2338 1758 nec
2367 1703 2591 1757 desinat
2619 1704 2676 1755 et
2700 1701 2770 1756 ad
2807 1700 3198 1772 penitentiam
3225 1703 3548 1755 revertatur.

2153 1777 2210 1848 Β
2305 1798 2486 1853 XVIII.
2516 1795 2570 1852 Si
2614 1811 2726 1866 qua
2767 1795 2931 1850 vidua
2969 1794 3218 1866 episcopi
3264 1799 3359 1848 aut
3396 1791 3702 1864 presbyteri,
3728 1794 3798 1845 aut

2235 1891 2460 1946 diaconi
2516 1889 2788 1944 maritum
2834 1888 3132 1960 acceperit,
3174 1887 3361 1942 nullus
3412 1887 3645 1954 clericus,
3681 1886 3799 1939 nulla

2233 1985 2498 2056 religiosa
2523 2001 2654 2039 cum
2689 2000 2755 2038 ea
2784 1983 3102 2038 convivium
3130 1987 3339 2048 sumat,
3373 1997 3646 2052 nunquam
3671 1995 3792 2034 com-

2233 2079 2505 2146 municet,
2519 2077 2786 2132 morienti
2800 2080 3024 2132 tantum
3038 2077 3090 2130 ei
3107 2079 3524 2130 sacramentum
3538 2072 3797 2127 subveniat.

2305 2174 2426 2227 XIX.
2456 2171 2717 2243 Episcopi
2758 2171 2845 2225 vel
2875 2169 3191 2241 presbyteri
3237 2171 3351 2224 sive
3393 2167 3596 2223 diaconi
3634 2167 3746 2230 tilia,
3768 2165 3800 2217 si

2237 2267 2439 2322 devota
2465 2266 2634 2320 fuerit
2659 2269 2714 2319 et
2752 2264 3086 2335 peccaverit,
3123 2271 3177 2318 et
3223 2263 3490 2318 maritum
3537 2261 3746 2326 duxerit,
3770 2258 3801 2311 si

2157 3155 2212 3228 Ο

2236 2378 2364 2415 eam
2389 2365 2552 2431 pater
2575 2360 2663 2413 vel
2690 2363 2877 2414 mater
2909 2359 2965 2411 in
2995 2358 3260 2412 affectum
3289 2356 3612 2428 receperint,
3630 2373 3658 2409 a
3682 2369 3800 2407 com-

2236 2454 2508 2508 munione
2529 2452 2848 2507 habeantur
2875 2451 3067 2518 alieni,
3089 2453 3250 2522 pater
3279 2467 3410 2506 vero
3438 2466 3622 2505 causas
3641 2449 3803 2502 incon-

2237 2549 2364 2603 cilio
2395 2547 2617 2602 noverit
2638 2563 2697 2601 se
2727 2549 3152 2617 praestaturum.
3180 2545 3382 2600 Mulier
3407 2547 3590 2599 autem
3615 2557 3713 2596 non
3735 2538 3802 2593 ad-

2237 2642 2498 2697 mittatur
2540 2641 2613 2695 ad
2656 2639 3146 2706 communionem,
3192 2639 3300 2692 nisi
3348 2637 3540 2693 marito
3581 2635 3798 2690 defuncto

2237 2736 2424 2808 egerit
2457 2734 2868 2806 penitentiam,
2899 2733 2943 2786 si
2975 2737 3169 2787 autem
3202 2733 3423 2788 vivente
3465 2748 3528 2786 eo
3569 2725 3806 2784 secesserit

2237 2836 2292 2886 et
2315 2829 2660 2902 penituerit,
2689 2828 2845 2883 nullo
2878 2827 3048 2882 modo
3090 2826 3202 2880 nisi
3245 2827 3375 2882 vite
3417 2824 3660 2882 deﬁciens
3693 2819 3804 2876 acci-

2236 2924 2353 2996 piat
2380 2922 2868 2979 communionem.

2307 3019 2410 3074 XX.
2441 3016 2710 3082 Quamvis
2735 3032 2880 3088 pene
2922 3015 3130 3086 ubique
3161 3014 3526 3081 custodiatur,
3553 3018 3611 3067 ut
3636 3011 3804 3080 absque

2237 3112 2500 3184 episcopo
2529 3111 2776 3166 chrisma
2806 3126 2975 3164 nemo
3005 3109 3288 3176 conﬁciat,
3316 3114 3505 3164 tamen
3531 3106 3653 3178 quia
3671 3104 3716 3158 in
3735 3101 3808 3156 ali-

2238 3206 2439 3278 quibus
2463 3205 2598 3260 locis
2625 3206 2711 3259 vel
2739 3204 3040 3275 provinciis
3073 3203 3390 3274 presbyteri
3415 3203 3663 3256 dicuntur
3683 3195 3800 3252 chri-

2239 3315 2362 3354 sma
2386 3298 2700 3366 conﬁcere;
2720 3298 2933 3370 placuit
2957 3314 3021 3352 ex
3050 3297 3156 3352 hac
3186 3297 3282 3351 die
3308 3296 3525 3351 nullum
3547 3293 3702 3347 alium
3726 3287 3807 3343 nisi

2238 3393 2568 3465 episcopum
2595 3391 2844 3446 chrisma
2870 3391 3164 3458 conﬁcere,
3197 3394 3254 3444 et
3300 3406 3402 3462 per
3447 3386 3702 3442 diecesim
3737 3381 3809 3435 de-

2239 3487 2465 3553 stinare,
2493 3487 2572 3541 ita
2592 3490 2653 3540 ut
2679 3485 2747 3542 de
2770 3485 3006 3556 singulis
3027 3484 3280 3539 ecclesiis
3299 3484 3369 3538 ad
3393 3482 3694 3555 episcopum
3713 3478 3809 3530 ante

2239 3582 2393 3636 diem
2440 3581 2668 3635 Paschae
2713 3580 2936 3635 diaconi
2984 3578 3369 3645 destinentur,
3411 3580 3506 3632 aut
3539 3566 3810 3630 subdiaconi

2239 3675 2338 3746 qui
2369 3675 2691 3728 confectum
2735 3673 2986 3728 chrisma
3015 3673 3086 3727 ab
3117 3673 3387 3746 episcopo
3424 3669 3734 3726 destinatum
3758 3659 3808 3715 ad

2239 3770 2391 3824 diem
2417 3768 2644 3823 Pasche
2675 3767 2891 3839 possint
2917 3767 2988 3822 ad
3024 3772 3254 3838 tempus
3303 3767 3541 3822 deferre.
3590 3761 3808 3833 Episcopo

2239 3879 2372 3916 sane
2411 3867 2630 3916 certum
2660 3864 2741 3915 est
2783 3860 2936 3932 quod
2963 3860 3120 3914 omni
3148 3865 3414 3932 tempore
3457 3859 3578 3912 licet
3615 3852 3811 3908 chrisma

2238 3955 2534 4022 conﬁcere,
2567 3955 2685 4008 sine
2713 3953 3055 4009 conscientia
3084 3956 3276 4006 autem
3308 3951 3550 4024 episcopi
3574 3947 3698 4003 nihil
3735 3958 3807 4013 pe-

2241 4049 2390 4103 nitus
2417 4048 2734 4120 presbyteri
2773 4063 2940 4119 agere
2987 4051 3364 4119 presumant.
3412 4047 3674 4102 Statutum
3710 4049 3810 4090 vero

2240 4145 2326 4197 est
2365 4142 2673 4197 diaconum
2701 4159 2818 4198 non
2845 4141 3180 4207 chrismare,
3211 4142 3310 4196 sed
3354 4140 3719 4212 presbyterum
3738 4129 3808 4183 ab-

2239 4240 2397 4292 sente
2424 4235 2710 4307 episcopo,
2736 4239 3012 4307 presente
3039 4251 3170 4290 vero
3196 4251 3334 4303 non,
3367 4232 3475 4288 nisi
3505 4231 3570 4286 ab
3598 4230 3702 4300 ipso
3719 4225 3809 4279 fue-

2238 4331 2314 4386 rit
2337 4332 2712 4402 preceptum.
2741 4328 3076 4400 Hujusmodi
3104 4328 3566 4384 constitutionem
3595 4319 3811 4378 memine-

2236 4424 2313 4478 rit
2331 4440 2562 4495 semper
2578 4421 3004 4478 archidiaconus
3017 4423 3102 4478 vel
3121 4423 3502 4494 presentibus
3519 4417 3600 4474 vel
3618 4407 3814 4470 absenti-

502 4518 946 4588 communicant,
981 4535 1098 4573 non
1130 4535 1358 4590 semper
1381 4517 1722 4590 abstineant,
1751 4519 1796 4575 si
1824 4536 1942 4575 non
1985 4519 2344 4604 fece-Dbus
2398 4517 2672 4590 episcopis
2733 4517 3174 4588 suggerendam,
3225 4520 3289 4571 ut
3333 4533 3458 4572 eam
3503 4519 3556 4569 et
3616 4509 3812 4581 ερίεοορι

500 4611 635 4677 rint,
670 4611 1085 4668 abstineantur.
1930 4677 1946 4688 ,

570 4706 696 4760 XIV.
731 4705 787 4760 Si
817 4705 944 4777 quis
970 4709 1161 4761 autem
1193 4709 1486 4779 acceptam
1519 4724 1552 4761 a
1595 4708 1880 4763 sacerdote
1927 4708 2136 4762 eucha-

501 4797 721 4853 ristiam
753 4817 865 4854 non
892 4801 1220 4872 sumpserit,
1244 4801 1400 4856 velut
1431 4801 1737 4873 sacrilegus
1764 4803 2134 4874 propellatur.

572 4895 684 4948 XV.
718 4893 775 4948 Si
821 4895 947 4966 quis
992 4895 1166 4950 laicus
1213 4895 1547 4966 abstinetur,
1589 4897 1658 4952 ad
1710 4897 1944 4952 domum
1994 4898 2136 4967 ejus,

497 4986 585 5041 vel
615 4987 978 5057 clericorum,
1011 4990 1099 5044 vel
1125 4989 1549 5060 religiosorum,
1582 4991 1770 5045 nullus
1793 4991 2040 5058 accedat,
2072 4991 2140 5044 si-

501 5079 712 5136 militer
745 5087 802 5136 et
831 5082 1086 5151 clericus,
1115 5083 1161 5137 si
1207 5083 1542 5153 abstinetur,
1580 5101 1614 5138 a
1657 5085 1874 5138 clericis
1923 5084 2134 5139 devite-

497 5179 620 5242 tur;
654 5175 700 5230 si
729 5175 856 5248 quis
901 5193 1031 5231 cum
1060 5176 1153 5232 illo
1196 5177 1468 5249 colloqui,
1500 5180 1599 5231 aut
1637 5177 1925 5232 convivari
1967 5177 2140 5233 fuerit

500 5269 912 5341 deprehensus,
942 5271 1112 5325 etiam
1138 5270 1258 5342 ipse
1293 5270 1670 5338 abstineatur,
1698 5271 1794 5325 sed
1823 5271 1932 5326 hoc
1957 5272 2136 5343 perti-

496 5368 626 5420 neat
667 5364 742 5418 ad
770 5381 866 5420 eos
896 5363 1129 5419 clericos
1171 5365 1270 5437 qui
1318 5365 1440 5436 ejus
1487 5369 1620 5419 sunt
1667 5364 1940 5436 episcopi,
1969 5367 2026 5420 et
2065 5365 2139 5420 ad

499 5475 700 5514 omnes
725 5458 824 5532 qui
852 5457 1186 5514 commoniti
1209 5458 1424 5513 fuerint
1453 5458 1522 5514 de
1565 5475 1632 5514 eo
1660 5458 1759 5531 qui
1797 5458 2133 5531 abstinetur,

495 5551 608 5608 sive
635 5553 776 5609 laico
805 5553 1061 5625 quolibet
1088 5551 1201 5607 sive
1231 5551 1452 5607 clerico.

567 5646 698 5702 XVI.
751 5648 1028 5703 Devotam
1091 5651 1426 5720 peccantem
1474 5663 1593 5702 non
1645 5646 2034 5718 recipiendam
2078 5647 2139 5704 in

499 5739 796 5794 ecclesiam
823 5741 931 5796 nisi
959 5758 1194 5814 peccare
1235 5740 1486 5810 desierit,
1515 5743 1572 5795 et
1613 5741 1658 5796 si
1701 5741 1964 5798 desinens
2001 5758 2136 5816 ege-

504 5828 580 5885 rit
597 5836 793 5901 aptam
821 5835 1214 5904 penitentiam
1241 5835 1438 5892 decem
1455 5835 1619 5892 annis
1633 5835 1870 5910 recipiat
1887 5853 2142 5894 commu-

2238 4611 2576 4679 custodiant,
2609 4616 2667 4667 et
2691 4612 3004 4684 presbyteri
3052 4628 3171 4666 non
3207 4611 3551 4683 relinquant.
3592 4606 3813 4660 Patronus

2241 4707 2536 4779 episcopus
2551 4706 2854 4778 subscripsi
2873 4724 2889 4775 ;
2910 4706 3203 4761 Marcellus
3225 4705 3518 4777 episcopus
3535 4689 3812 4764 subscripsi;

2237 4800 2556 4857 Afrodisius
2579 4801 2876 4873 episcopus
2903 4798 3234 4870 subscripsi;
3263 4799 3548 4853 Alieianus
3570 4791 3812 4865 episcopus

2239 4895 2576 4967 subscripsi;
2609 4894 2886 4966 Olimpius
2917 4893 3216 4965 episcopus
3252 4889 3581 4962 subscripsi;
3612 4879 3810 4978 Asteries

2239 4991 2542 5063 episcopus
2570 4987 2898 5060 subscripsi;
2933 4987 3277 5059 Lampadius
3308 4987 3598 5058 episcOpus
3621 4976 3812 5032 subscri-

2241 5085 2362 5156 psi;
2415 5085 2656 5140 Serenus
2699 5082 2994 5154 episcopus
3039 5080 3378 5151 subscripsi;
3417 5074 3682 5134 Jocundus
3719 5064 3810 5165 epi-

2239 5195 2444 5250 scopus
2491 5175 2827 5248 subscripsi;
2884 5176 3125 5232 Severus
3181 5175 3479 5246 episcOpus
3531 5161 3811 5250 subscripsi;

2239 5273 2456 5328 Leonas
2483 5271 2783 5344 episcopus
2810 5268 3143 5340 subscripsi;
3172 5267 3411 5322 Hilarius
3429 5264 3702 5336 episcopus
3717 5249 3815 5351 sul)-

2239 5366 2468 5439 scripsi;
2499 5366 2696 5420 Florus
2727 5364 3026 5436 episcopus
3073 5360 3408 5433 subscripsi;
3441 5353 3813 5446 LeporiusAcpl'

2240 5477 2440 5532 scopus
2468 5458 2797 5531 subscripsi;
2827 5457 3161 5513 Aurelianus
3203 5456 3496 5528 episcopus
3526 5441 3810 5512 subscripSI;

2239 5554 2574 5610 Eustochius
2606 5552 2902 5625 episcopus
2932 5549 3270 5622 subscripsi;
3300 5542 3630 5618 Lampadius
3649 5533 3814 5631 Opi-“’9'

2238 5666 2345 5722 pus
2384 5647 2718 5720 subscripsi;
2749 5644 3164 5718 Exuperantius
3207 5643 3497 5716 episcopus
3535 5628 3810 5697 subscripsi-

2310 5743 2436 5798 XXI.
2477 5743 2696 5814 Regula
2738 5741 2876 5796 ﬁdei
2922 5742 3122 5796 contra
3163 5753 3358 5793 omnes
3398 5734 3632 5789 hereses
3670 5730 3810 5794 quam

2241 5836 2490 5895 maxime
2520 5842 2714 5895 contra
2741 5832 3187 5892 Priscillianistas
3208 5828 3448 5906 episcopi
3473 5827 3809 5881 Tarraconen-
