3964 6178
240 290 329 347 illi
1427 264 1899 351 necnm'xut'n
1938 297 2321 353 CULLECTIO.

3487 304 3588 359 .338

236 401 321 465 sis,
353 400 835 473 Carthaginensis,
882 402 1135 458 Lusitani
1185 408 1242 457 et
1284 405 1456 458 Betici
1494 405 1753 459 fecerunt
1795 421 1858 458 ex
1882 417 1938 489 Α
1961 405 2013 459 Si
2045 406 2170 475 quis
2195 410 2383 461 autem
2415 407 2634 475 dixerit,
2670 412 2768 463 aut
2795 408 3101 465 crediderit
3126 428 3158 465 a
3188 411 3302 465 Deo
3330 412 3590 482 omnipo-

234 502 513 567 proecepto
540 513 699 568 papa:
727 496 951 567 Leonis,
980 500 1038 551 et
1067 498 1149 552 ad'
1168 500 1494 553 Balconium
1527 499 1858 570 episcopum

233 589 452 645 Galicize
500 590 958 645 transmiserunt.
989 591 1096 663 Ipsi
1149 594 1319 647 etiam
1362 600 1417 648 et
1484 594 1860 663 suprascripta

233 684 431 755 viginti
462 702 745 740 canonum
775 685 1018 757 capitula
1047 689 1366 742 statuerunt
1390 687 1448 742 in
1478 687 1713 742 concilio
1750 688 1856 742 To-

224 779 428 836 letano.

584 862 826 916 Assertio
849 861 980 930 ﬁdei
1003 862 1244 932 ejusdem
1264 863 1497 917 concilii.

290 969 595 1024 Credimus
626 970 685 1024 in
715 987 895 1024 unum
921 987 1118 1025 verum
1147 971 1326 1025 Deum
1352 972 1575 1026 Patrem
1602 971 1860 1042 omnipo-

217 1068 466 1132 tentem,
506 1066 560 1118 et
589 1064 810 1131 Filium,
845 1069 901 1120 et
936 1063 1205 1136 Spiritum
1245 1070 1521 1134 sanctum,
1551 1066 1855 1120 visibilium

210 1158 522 1225 factorem,
550 1176 654 1230 per
684 1176 855 1230 quem
885 1159 1080 1214 omnia
1122 1159 1272 1214 facta
1303 1164 1433 1214 sunt
1460 1160 1519 1213 in
1546 1160 1684 1214 coelo
1713 1163 1771 1214 et
1802 1159 1861 1215 in

210 1256 396 1319 terra,
432 1270 615 1307 unum
646 1254 844 1321 Deum,
877 1257 935 1307 et
962 1270 1133 1308 unam
1155 1271 1276 1308 esse
1303 1253 1505 1308 divinae
1533 1254 1859 1309 substantiae

209 1347 585 1402 Trinitatem.
617 1350 839 1404 Patrem
873 1352 1068 1404 autem
1093 1364 1211 1403 non
1244 1364 1363 1403 esse
1410 1348 1615 1403 Filium
1645 1348 1856 1420 ipsum,

208 1441 313 1495 sed
346 1440 570 1496 habere
613 1443 815 1497 Filium
859 1443 957 1515 qui
1000 1444 1166 1498 Pater
1207 1458 1325 1497 non
1366 1442 1477 1509 sit;
1511 1442 1716 1498 Filium
1742 1459 1860 1497 non

209 1552 343 1590 esse
372 1537 626 1605 Patrem,
665 1537 763 1592 sed
802 1536 1007 1592 Filium
1036 1537 1137 1591 Dei
1163 1537 1231 1592 de
1261 1537 1439 1591 Patris
1470 1554 1592 1591 esse
1624 1539 1856 1603 natura;

209 1630 502 1701 Spiritum
529 1647 755 1703 quoque
790 1648 911 1687 esse
939 1632 1320 1698 Paracletum,
1360 1631 1458 1703 qui
1478 1648 1583 1686 nec
1604 1633 1771 1685 Pater
1789 1630 1862 1685 sit

210 1725 381 1796 ipse,
440 1741 547 1780 nec
588 1726 775 1795 Filius,
817 1725 915 1780 sed
957 1742 991 1779 a
1021 1727 1182 1779 Patre
1222 1725 1477 1795 Filioque
1516 1725 1856 1796 procedens.

1958 503 2115 553 tente
2144 502 2423 556 mundum
2448 503 2596 556 hunc
2628 503 2838 557 factum
2866 521 2981 561 non
3004 504 3194 573 fuisse,
3212 510 3380 576 atque
3397 508 3589 561 omnia

1960 593 2081 663 ejus
2113 593 2510 661 instrumenta,
2544 598 2846 651 anathema
2874 599 2960 652 sit.
3008 599 3063 653 Si
3108 599 3234 671 quis
3266 599 3473 654 dixerit
3500 601 3588 655 vel

1960 688 2259 742 crediderit
2282 688 2479 743 Filium
2509 691 2774 744 eumdem
2797 708 2915 746 esse
2947 694 3191 759 Patrem,
3221 694 3307 747 vel
3334 694 3589 747 Paracle-

1958 787 2103 847 tum,
2136 783 2444 837 anathema
2472 784 2562 837 sit.
2588 784 2644 839 Si
2687 784 2812 855 quis
2841 785 3045 840 dixerit
3084 790 3253 858 atque
3284 787 3590 842 crediderit

1959 877 2135 930 Deum
2182 877 2407 931 Patrem
2446 877 2719 932 eumdem
2762 895 2882 931 esse
2920 879 3123 934 Filium
3152 922 3167 947 ,
3208 881 3295 934 vel
3332 881 3586 935 Paracie-

1960 974 2102 1037 tum,
2143 970 2450 1025 anathema
2485 971 2576 1026 sit.
2621 971 2679 1027 Si
2732 972 2857 1044 quis
2900 972 3104 1027 dixerit
3152 974 3237 1028 vel
3280 974 3589 1031 crediderit

1958 1064 2313 1119 Paracletum
2342 1082 2484 1132 esse,
2514 1066 2602 1121 vel
2632 1068 2877 1135 Patrem,
2910 1067 2998 1121 vel
3030 1067 3250 1136 Filium,
3280 1068 3588 1123 anathema

1961 1157 2049 1211 sit.
2080 1158 2135 1213 Si
2165 1158 2291 1229 quis
2316 1158 2623 1214 crediderit
2642 1160 2728 1214 vel
2752 1160 2956 1215 dixerit
2974 1177 3207 1216 carnem
3227 1164 3448 1215 tantum
3469 1161 3587 1216 sine

1961 1252 2155 1306 anima
2183 1269 2215 1306 a
2243 1252 2382 1307 Filio
2429 1253 2524 1307 Dei
2572 1254 2745 1308 fuisse
2793 1258 3133 1326 susceptam,
3161 1255 3468 1309 anathema
3495 1255 3586 1310 sit.

1960 1347 2013 1401 Si
2061 1346 2187 1418 quis
2225 1346 2426 1402 dixerit
2467 1348 2555 1401 vel
2600 1348 2908 1403 crediderit
2952 1349 3238 1404 Christum
3281 1348 3589 1404 innascibi-

1960 1440 2077 1494 lein
2108 1458 2249 1510 esse,
2278 1442 2584 1496 anathema
2613 1442 2705 1497 sit.
2734 1441 2793 1497 Si
2818 1442 2944 1514 quis
2988 1443 3192 1498 dixerit
3216 1444 3304 1498 vel
3332 1443 3587 1498 credide-
3657 1498 3667 1513 ,

1960 1534 2033 1589 rit
2063 1535 2332 1590 deitatem
2365 1536 2691 1592 naseibilem
2717 1554 2859 1606 esse,
2891 1538 3193 1593 anathema
3236 1538 3327 1592 sit.
3374 1538 3433 1593 Si
3462 1537 3591 1609 quis

1961 1628 2170 1683 dixerit
2197 1630 2279 1684 vel
2307 1630 2617 1685 crediderit
2635 1630 2904 1685 deitatem
2929 1632 3136 1686 Christi
3161 1631 3591 1686 convertibilem

1960 1723 2149 1791 fuisse,
2172 1725 2259 1777 vel
2290 1724 2637 1796 passibilem,
2663 1726 2968 1780 anathema
2996 1727 3087 1781 sit.
3135 1726 3189 1781 Si
3224 1726 3351 1798 quis
3380 1724 3592 1779 dixerit

212 1819 311 1873 Est
341 1835 486 1889 ergo
502 1819 793 1889 ingenitus
809 1821 998 1886 Pater,
1028 1820 1256 1890 genitus
1282 1818 1469 1886 Filius,
1492 1835 1608 1873 non
1635 1818 1859 1889 genitus
1880 1812 1935 1883 Β
1961 1817 2043 1871 vel
2069 1817 2371 1873 crediderit
2396 1819 2640 1872 alterum
2671 1820 2850 1873 Deum
2880 1836 3002 1873 esse
3027 1820 3227 1890 priscae
3256 1819 3421 1888 legis,
3454 1820 3591 1873 alte-

218 1913 549 1967 Paracletus
574 1913 668 1967 sed
693 1931 723 1967 a
752 1915 909 1968 Patre
938 1906 1197 1984 Filioque
1230 1913 1564 1983 procedens.
1593 1914 1755 1967 Pater
1777 1917 1861 1967 est

223 2008 386 2076 cujus
418 2024 522 2061 vox
564 1999 684 2061 huic
730 2008 924 2062 audita
951 2012 1033 2061 est
1059 2007 1127 2061 de
1154 2007 1306 2060 ccelis
1341 2025 1353 2060 :
1390 2026 1417 2057 «
1452 2006 1547 2061 Hic
1574 2010 1661 2061 est
1690 2006 1860 2060 Filius

230 2118 389 2155 meus
417 2101 674 2171 dilectus,
705 2101 763 2155 in
791 2118 903 2172 quo
934 2101 1077 2155 mihi
1106 2102 1253 2155 bene
1283 2100 1620 2171 complacui,
1673 2100 1861 2171 ipsum

234 2195 420 2249 audite
447 2195 666 2266 (Matth.
692 2212 822 2261 xvn,
852 2197 924 2263 ὅ).
960 2216 987 2242 ››
1016 2196 1187 2249 Filius
1218 2198 1302 2248 est
1339 2195 1436 2265 qui
1464 2195 1543 2247 ait
1570 2210 1583 2248 :
1619 2215 1647 2243 ‹‹
1679 2195 1796 2264 Ego
1828 2212 1861 2248 a

230 2290 391 2343 Patre
420 2288 586 2358 exivi,
620 2293 676 2343 et
706 2307 738 2343 a
773 2291 882 2344 Deo
922 2289 1051 2344 veni
1094 2289 1151 2343 in
1193 2290 1345 2343 hunc
1374 2289 1655 2343 mundum
1681 2290 1859 2359 (Joan.

233 2400 340 2449 xw,
368 2384 475 2449 28).
512 2405 539 2433 »
575 2383 893 2437 Paracletus
922 2386 1007 2438 est
1034 2383 1275 2453 Spiritus
1303 2382 1372 2436 de
1400 2400 1512 2453 quo
1534 2382 1704 2436 Filius
1732 2383 1814 2436 ait
1844 2400 1857 2436 :

240 2500 263 2523 «ι
295 2477 406 2530 Nisi
431 2494 537 2547 ego
572 2477 763 2531 abiero
795 2477 867 2531 ad
898 2479 1138 2543 Patrem,
1174 2476 1497 2530 Paracletus
1523 2493 1635 2530 non
1677 2476 1864 2531 veniet

241 2572 409 2641 (Joan.
438 2589 543 2640 xvr,
570 2574 640 2641 7).
678 2594 704 2621 »
734 2573 887 2626 Hanc
912 2571 1241 2625 Trinitatem
1262 2570 1521 2641 personis
1542 2570 1863 2625 distinctam

236 2665 537 2719 substantia
550 2665 742 2732 unica,
757 2664 964 2719 virtute
979 2669 1033 2719 et
1044 2668 1325 2735 potestate
1339 2668 1397 2718 et
1409 2664 1704 2734 majestate
1719 2663 1862 2718 indi-

233 2759 526 2825 visibilem,
559 2758 1004 2827 indifferentem,
1034 2761 1243 2830 praeter
1263 2758 1410 2812 hanc
1439 2758 1657 2811 nullam
1680 2758 1860 2812 credi-

232 2869 357 2906 mus
380 2852 625 2906 divinam
645 2869 764 2907 esse
784 2856 1070 2919 naturam,
1086 2853 1171 2906 vel
1189 2851 1396 2922 angeli,
1414 2852 1500 2905 vel
1514 2850 1763 2922 spiritus,
1778 2851 1864 2905 vel

229 2946 446 3000 virtutis
470 2948 708 3017 alicujus
751 2964 878 3017 quas
917 2947 1061 3001 Deus
1088 2945 1374 3000 credatur.
1409 2946 1565 2999 Hunc
1601 2962 1737 3016 ergo
1768 2945 1860 2999 Fi-

228 3039 370 3093 lium
394 3041 487 3095 Dei
519 3042 701 3095 Deum
730 3044 929 3094 natum
956 3058 989 3093 a
1019 3041 1204 3108 Patre,
1232 3043 1362 3093 ante
1414 3055 1585 3093 omne
1627 3038 1862 3093 omnino

230 3135 570 3207 principium
599 3134 972 3189 sanctiﬁcasse
1007 3136 1236 3187 uterum
1263 3132 1501 3203 virginis
1540 3131 1748 3202 Mariaz,
1783 3138 1862 3187 at-

1962 1928 2089 1965 rum
2118 1912 2574 1983 Evangeliorum,
2602 1914 2903 1967 anathema
2929 1913 3018 1967 sit.
3048 1914 3104 1967 Si
3132 1913 3259 1983 quis
3282 1912 3483 1967 dixerit
3500 1913 3590 1967 vel

1961 2005 2262 2059 crediderit
2286 2005 2357 2059 ab
2383 2006 2559 2060 altero
2590 2007 2705 2061 Deo
2746 2006 3025 2061 mundum
3061 2007 3272 2061 factum
3303 2007 3499 2072 fuisse,
3531 2010 3590 2060 ct

1960 2116 2074 2154 non
2105 2099 2175 2153 ab
2206 2116 2273 2153 eo
2305 2099 2374 2153 de
2412 2117 2525 2171 quo
2562 2100 2837 2171 scriptum
2880 2107 2965 2155 est
2997 2117 3009 2155 :
3045 2103 3103 2154 In
3145 2100 3425 2172 principio
3458 2100 3591 2155 fecit

1962 2195 2110 2247 Deus
2130 2194 2335 2248 coelum
2361 2197 2419 2249 et
2445 2199 2676 2262 terram,
2708 2195 3014 2249 anathema
3046 2196 3133 2249 sit.
3180 2195 3231 2250 Si
3273 2195 3398 2267 quis
3424 2194 3589 2249 dixe-

1962 2287 2037 2341 rit
2083 2288 2170 2341 vel
2208 2288 2519 2342 crediderit
2549 2305 2790 2359 corpora
2831 2289 3083 2343 humana
3130 2305 3245 2343 non
3288 2305 3590 2360 resurgere

1963 2384 2091 2452 post
2117 2386 2381 2448 mortem,
2414 2383 2724 2437 anathema
2750 2383 2838 2437 sit.
2863 2383 2919 2437 Si
2949 2383 3076 2455 quis
3104 2382 3313 2438 dixerit
3339 2384 3424 2438 vel
3465 2399 3589 2437 cre-

1962 2476 2168 2530 diderit
2191 2476 2442 2530 animam
2488 2476 2804 2530 humanam
2851 2478 2949 2532 Dei
2984 2478 3335 2549 portionem,
3364 2477 3453 2532 vel
3494 2476 3593 2531 Dei

1962 2586 2082 2623 esse
2112 2569 2504 2637 substantiam,
2538 2571 2847 2625 anathema
2888 2571 2977 2626 sit.
3021 2571 3080 2626 Si
3113 2572 3241 2642 quis
3267 2571 3478 2626 dixerit
3506 2572 3591 2624 vel

1962 2662 2269 2717 crediderit
2318 2664 2453 2717 alias
2502 2664 2808 2735 scripturas
2872 2668 3082 2736 printer
3145 2682 3283 2736 quas
3348 2664 3595 2719 Ecclesia

1963 2756 2238 2811 catholica
2266 2757 2466 2828 recipit
2496 2756 2553 2811 in
2583 2757 2919 2813 auctoritate
2945 2759 3237 2814 habendas
3256 2759 3344 2813 vel
3360 2775 3481 2812 esse
3500 2775 3593 2813 ve—

1964 2850 2266 2918 nerandas,
2299 2850 2607 2905 anathema
2643 2851 2733 2907 sit.
2774 2852 2829 2907 Si
2874 2853 2999 2923 quis
3048 2853 3252 2908 dixerit
3280 2853 3371 2907 vel
3411 2852 3589 2907 credi~

1962 2944 2112 2998 derit
2136 2944 2355 2999 deitatis
2377 2951 2435 3000 et
2454 2944 2635 2999 carnis
2652 2962 2828 3000 unam
2851 2946 2910 2999 in
2930 2946 3149 3001 Christo
3167 2963 3284 3001 esse
3304 2950 3590 3013 naturam,

1961 3039 2269 3093 anathema
2312 3039 2404 3094 sit.
2455 3039 2509 3095 Si
2553 3040 2677 3111 quis
2718 3040 2927 3094 dixerit
2995 3042 3079 3095 vel
3128 3040 3433 3095 crediderit
3471 3056 3592 3094 esse

1963 3132 2177 3203 aliquid
2238 3133 2394 3203 quod
2449 3150 2507 3186 se
2557 3138 2719 3187 extra
2757 3133 3011 3188 divinam
3049 3134 3381 3190 Trinitatem
3418 3135 3595 3205 possit

232 3244 341 3297 que
370 3246 433 3283 ex
461 3246 526 3282 ea
550 3246 747 3283 verum
770 3228 1063 3283 hominem
1093 3227 1213 3280 sine
1240 3225 1383 3280 virili
1413 3231 1748 3297 generatum
1768 3244 1858 3280 se-
1882 3213 1936 3286 C
1964 3227 2285 3293 ostendere,
2342 3226 2651 3281 anathema
2700 3227 2790 3281 sit.
2848 3228 2903 3284 Si
2954 3229 3080 3300 quis
3124 3229 3451 3299 astrologiae
3506 3229 3592 3281 vel

232 3323 383 3377 mine
401 3322 731 3395 suscepisse,
768 3322 986 3376 duabus
1007 3321 1277 3376 duntaxat
1297 3321 1537 3389 naturis,
1563 3320 1620 3375 id
1638 3324 1723 3375 est
1740 3321 1860 3376 dei-

236 3416 361 3469 tatis
407 3422 460 3470 et
506 3416 713 3484 carnis,
771 3416 831 3469 in
887 3432 1065 3468 unam
1115 3413 1581 3468 convenientibus
1622 3414 1858 3469 omnino

232 3525 552 3579 personam,
571 3510 628 3563 id
644 3513 727 3563 est
741 3508 1046 3563 Dominum
1061 3511 1321 3562 nostrum
1339 3508 1364 3561 J
1370 3524 1530 3561 esum
1551 3508 1856 3563 Christum.

233 3602 339 3657 Nec
364 3603 765 3675 imaginarium
792 3620 1015 3673 corpus,
1046 3606 1143 3657 aut
1171 3601 1588 3673 phantasmatis
1620 3601 1860 3672 alicujus

232 3695 285 3749 in
321 3714 387 3751 eo
410 3698 599 3766 fuisse,
632 3698 731 3751 sed
758 3696 1003 3752 solidum
1034 3701 1207 3767 atque
1237 3712 1433 3750 verum
1462 3695 1614 3749 hunc
1644 3698 1701 3749 et
1730 3712 1857 3749 esu-

228 3790 389 3859 risse,
419 3797 472 3846 et
497 3792 704 3858 sitisse,
760 3795 818 3845 et
862 3791 1131 3858 doluisse,
1179 3793 1235 3844 et
1266 3790 1505 3856 ﬂevisse,
1557 3792 1611 3843 et
1658 3805 1860 3843 omnes

230 3886 478 3955 corporis
508 3886 744 3957 injurias
776 3885 1096 3956 pertulisse.
1129 3885 1424 3938 Postremo
1455 3901 1487 3937 a
1511 3883 1719 3938 Iudaeis
1739 3900 1860 3938 cru-

232 3977 475 4047 ciﬁxum,
506 3984 561 4034 et
586 3979 893 4050 sepultum,
924 3982 980 4032 et
1001 3977 1165 4032 tertia
1188 3977 1277 4032 die
1312 3976 1707 4045 resurrexisse,
1731 3994 1861 4032 eon-

235 4077 515 4128 versatum
556 4073 918 4145 postmodum
949 4088 1076 4126 cum
1110 4070 1398 4141 discipulis
1439 4071 1572 4139 suis,
1617 4074 1675 4125 et
1714 4088 1857 4143 qua-

238 4164 544 4237 dragesima
577 4170 704 4239 post
730 4166 1207 4221 resurrectionem
1230 4164 1319 4218 die
1346 4164 1418 4218 ad
1444 4165 1649 4219 coelum
1672 4181 1862 4220 ascen-

243 4257 402 4313 disse.
449 4262 605 4314 Hunc
656 4260 837 4314 filium
878 4259 1127 4314 hominis
1180 4258 1351 4312 etiam
1398 4258 1600 4312 Filium
1649 4258 1768 4326 Dei,
1807 4263 1863 4313 et

244 4349 433 4407 Filium
468 4354 564 4407 Dei
591 4358 650 4407 et
680 4353 930 4408 hominis
961 4354 1140 4406 ﬁlium
1166 4352 1538 4423 appellamus.
1582 4352 1859 4406 Resurre-

249 4446 474 4501 etionem
532 4464 663 4502 vero
719 4448 969 4501 futuram
1010 4447 1279 4500 humanae
1318 4445 1603 4500 credimus
1642 4445 1857 4515 carnis,

253 4540 485 4595 animam
505 4546 698 4596 autem
723 4540 973 4595 hominis
988 4556 1103 4594 non
1137 4539 1340 4595 divinae
1359 4556 1478 4593 esse
1509 4538 1858 4605 substantias,

1960 3320 2204 3374 mathesi
2234 3320 2512 3374 existimat
2540 3338 2660 3375 esse
2694 3322 3064 3390 credendum,
3091 3324 3396 3377 anathema
3413 3321 3501 3376 sit.
3534 3321 3594 3377 Si

1959 3414 2085 3485 quis
2112 3414 2319 3468 dixerit
2365 3416 2450 3469 vel
2501 3415 2803 3469 crediderit
2832 3416 3099 3486 conjugia
3128 3415 3430 3470 hominum
3463 3430 3592 3485 qua:

1961 3508 2272 3561 secundum
2308 3508 2494 3578 legem
2537 3508 2791 3562 divinam
2820 3510 2954 3564 licet
2982 3509 3197 3563 habere
3226 3508 3593 3563 exsecrabilia

1962 3618 2103 3667 esse,
2148 3601 2451 3655 anathema
2496 3602 2587 3656 sit.
2639 3602 2692 3656 Si
2736 3603 2859 3673 quis
2905 3603 3105 3657 dixerit
3162 3604 3251 3657 vel
3288 3602 3594 3657 crediderit

1960 3712 2163 3749 carnes
2182 3695 2370 3750 avium
2398 3713 2498 3750 seu
2524 3696 2811 3767 pecudum
2832 3713 2959 3767 quas
2985 3697 3055 3750 ad
3082 3713 3271 3751 escam
3298 3697 3440 3751 datae
3460 3698 3593 3751 sunt

1960 3806 2073 3843 non
2092 3792 2317 3843 tantum
2344 3807 2446 3861 pro
2475 3790 2851 3861 castigatione
2880 3790 3184 3845 hominum
3208 3790 3588 3858 abstinendas,

1961 3899 2059 3937 seu
2090 3883 2455 3937 exsecrandas
2482 3900 2622 3951 esse,
2657 3884 2963 3939 anathema
2993 3884 3082 3938 sit.
3103 3883 3160 3939 Si
3180 3883 3305 3954 quis
3322 3884 3379 3937 in
3399 3900 3591 3937 errore

1960 3977 2291 4031 Priscilliani
2325 3982 2536 4032 sectam
2570 3978 2845 4049 sequitur,
2876 3978 2964 4032 vel
3003 3978 3321 4049 proﬁtetur,
3354 3980 3415 4030 ut
3439 3977 3592 4032 aliud

1961 4071 2019 4124 in
2047 4070 2255 4125 salubri
2280 4071 2567 4142 baptismo
2595 4077 2791 4125 contra
2819 4072 3013 4126 sedem
3032 4071 3211 4126 sancti
3234 4070 3377 4125 Petri
3400 4071 3590 4139 faciat,

1959 4165 2267 4219 anathema
2296 4165 2385 4219 sit.

2034 4258 2273 4330 Explicit
2319 4258 2514 4330 regula
2559 4258 2692 4315 ﬁdei
2735 4259 3023 4314 catholica:
3064 4260 3331 4315 adversus
3370 4260 3591 4314 Priscil-

1961 4352 2232 4408 lianistas.
2275 4354 2555 4407 Patronus
2595 4353 2895 4425 episcopus
2935 4353 3266 4424 subscripsi;
3297 4354 3596 4409 Marcellia-

1964 4464 2071 4499 nus
2118 4446 2413 4518 episcopus
2462 4447 2799 4519 subscripsi;
2839 4446 3089 4501 Afridius
3129 4447 3423 4518 episcopus
3459 4448 3592 4501 sub-

1964 4540 2200 4610 scripsi;
2260 4540 2441 4594 sancti
2492 4543 2548 4595 et
2605 4540 2702 4594 alii
2754 4540 3005 4612 episcopi
3061 4540 3160 4612 qui
3214 4540 3596 4605 interfuerunt

255 4637 339 4685 aut
364 4635 450 4689 Dei
476 4634 675 4705 Patris,
690 4634 789 4689 sed
816 4640 1137 4689 creaturam
1163 4633 1260 4687 Dei
1277 4632 1566 4688 voluntate
1586 4636 1857 4688 creatam.
1880 4614 1940 4687 D
1965 4632 2221 4687 concilio.

886 4946 1282 5011 INCIPIUNT
1325 4946 1719 5010 CAPITULA
1765 4945 2099 5012 CONCILII
2144 4946 2475 5011 SECUNDI
2519 4946 2934 5011 TOLETANI.

328 5112 366 5162 l.
395 5110 463 5166 De
496 5111 583 5165 his
627 5127 768 5182 quos
814 5115 1076 5182 parentes
1110 5110 1180 5165 ab
1211 5109 1450 5165 infantia
1482 5108 1539 5163 in
1571 5108 1865 5164 clericatus

272 5200 424 5257 ofﬁcio
446 5205 931 5276 mancipaverunt,
956 5205 998 5258 si
1026 5209 1221 5276 postea
1238 5204 1592 5259 voluntatem
1618 5203 1866 5258 habeant

275 5295 510 5354 nubendi.

328 5489 371 5543 2.
397 5492 467 5545 De
492 5492 694 5546 clerico
716 5492 813 5564 qui
836 5491 905 5546 ad
924 5492 1096 5547 aliam
1123 5490 1326 5547 transit
1356 5490 1667 5557 ecclesiam,
1692 5493 1747 5544 et
1767 5490 1864 5561 qui

278 5595 378 5636 eum
405 5586 701 5660 receperit.

1617 5766 2013 5777 “wn-“7*-

2035 5114 2087 5165 3.
2127 5111 2196 5164 Ut
2219 5110 2412 5164 nullus
2442 5128 2476 5164 a
2513 5108 2922 5165 subdiaconatu
2962 5114 3018 5164 et
3055 5126 3229 5182 supra
3268 5112 3593 5165 extraneam

1964 5204 2175 5258 habeat
2192 5204 2512 5259 mulierem.

2036 5299 2088 5352 4.
2119 5299 2189 5353 Ut
2217 5297 2492 5369 quidquid
2525 5297 2594 5353 de
2613 5298 2744 5369 jure
2772 5297 3019 5354 ecclesize
3052 5295 3241 5352 clerici
3263 5299 3590 5359 tenuerunt,

1964 5395 2094 5463 post
2128 5391 2355 5446 obitum
2374 5408 2575 5447 eorum
2599 5392 2669 5447 ad
2697 5391 2994 5447 ecclesiam
3020 5392 3354 5444 revertatur.

2038 5491 2089 5541 '5.
2124 5487 2199 5540 De
2226 5486 2315 5539 his
2340 5485 2438 5557 qui
2468 5502 2526 5539 se
2556 5485 2832 5557 proximis
2856 5485 2970 5539 suis
2988 5482 3271 5557 copulant,
3302 5483 3420 5537 uta
3444 5495 3593 5533 com-

1966 5580 2236 5637 munione
2265 5579 2472 5635 Christi
2497 5582 2855 5651 separentur.

2018 5765 2230 5776 —c-—-————-‘
