  <div class='ocr_page' id='page_1' title='image "/cluster/home/n/w/nwhite01/storage/ocr_20150623/130/hvd.32044054759915/249.png"; bbox 0 0 3964 6178; ppageno 0'>
   <div class='ocr_carea' id='block_1_1' title="bbox 482 286 583 347">
    <p class='ocr_par' dir='ltr' id='par_1_1' title="bbox 482 286 583 347">
     <span class='ocr_line' id='line_1_1' title="bbox 482 286 583 347; baseline -0.03 -1"><span class='ocrx_word' id='word_1_1' title='bbox 482 286 583 347; x_wconf 75' lang='grc'>439</span> 
     </span>
    </p>
   </div>
   <div class='ocr_carea' id='block_1_2' title="bbox 1367 287 2106 353">
    <p class='ocr_par' dir='ltr' id='par_1_2' title="bbox 1367 289 2101 347">
     <span class='ocr_line' id='line_1_2' title="bbox 1367 289 2101 347; baseline -0.003 -1"><span class='ocrx_word' id='word_1_2' title='bbox 1367 291 1648 347; x_wconf 78' lang='grc' dir='ltr'>ΛΡΡΕΝΙ).</span> <span class='ocrx_word' id='word_1_3' title='bbox 1688 291 1776 344; x_wconf 86' lang='lat' dir='ltr'>AD</span> <span class='ocrx_word' id='word_1_4' title='bbox 1815 290 1973 344; x_wconf 69' lang='lat' dir='ltr'>S.~&#39;EC.</span> <span class='ocrx_word' id='word_1_5' title='bbox 2018 289 2101 344; x_wconf 82' lang='lat' dir='ltr'>IX.</span> 
     </span>
    </p>
   </div>
   <div class='ocr_carea' id='block_1_3' title="bbox 2209 287 3779 353">
    <p class='ocr_par' dir='ltr' id='par_1_3' title="bbox 2243 287 3779 353">
     <span class='ocr_line' id='line_1_3' title="bbox 2243 287 3779 353; baseline -0.005 -7"><span class='ocrx_word' id='word_1_6' title='bbox 2243 287 2492 346; x_wconf 79' lang='lat' dir='ltr'>lSlDOItI</span> <span class='ocrx_word' id='word_1_7' title='bbox 2530 289 2955 347; x_wconf 76' lang='lat' dir='ltr'>MEBCATORIS</span> <span class='ocrx_word' id='word_1_8' title='bbox 3701 297 3779 353; x_wconf 50' lang='grc' dir='ltr'>ξιτ)</span> 
     </span>
    </p>
   </div>
   <div class='ocr_carea' id='block_1_4' title="bbox 925 454 3470 559">
    <p class='ocr_par' dir='ltr' id='par_1_4' title="bbox 925 454 3470 559">
     <span class='ocr_line' id='line_1_4' title="bbox 925 454 3470 559; baseline 0 -4"><span class='ocrx_word' id='word_1_9' title='bbox 925 461 1342 556; x_wconf 86' lang='lat' dir='ltr'>INCIPIT</span> <span class='ocrx_word' id='word_1_10' title='bbox 1414 462 2035 557; x_wconf 85' lang='lat' dir='ltr'>CONCILIUM</span> <span class='ocrx_word' id='word_1_11' title='bbox 2102 454 2797 558; x_wconf 89' lang='lat' dir='ltr'>TOLETANUM</span> <span class='ocrx_word' id='word_1_12' title='bbox 2867 461 3470 559; x_wconf 86' lang='lat' dir='ltr'>SECUNDUM</span> 
     </span>
    </p>
   </div>
   <div class='ocr_carea' id='block_1_5' title="bbox 1288 622 3047 706">
    <p class='ocr_par' dir='ltr' id='par_1_5' title="bbox 1288 622 3047 706">
     <span class='ocr_line' id='line_1_5' title="bbox 1288 622 3047 706; baseline -0.002 -18"><span class='ocrx_word' id='word_1_13' title='bbox 1288 622 1609 688; x_wconf 74' lang='lat' dir='ltr'>Habitum</span> <span class='ocrx_word' id='word_1_14' title='bbox 1636 641 1772 690; x_wconf 70' lang='lat' dir='ltr'>aera</span> <span class='ocrx_word' id='word_1_15' title='bbox 1801 641 1992 701; x_wconf 81' lang='lat' dir='ltr'>DLXV,</span> <span class='ocrx_word' id='word_1_16' title='bbox 2025 640 2198 685; x_wconf 82' lang='lat' dir='ltr'>anno</span> <span class='ocrx_word' id='word_1_17' title='bbox 2242 623 2469 706; x_wconf 75' lang='lat' dir='ltr'>quinto</span> <span class='ocrx_word' id='word_1_18' title='bbox 2499 622 2827 688; x_wconf 79' lang='lat' dir='ltr'>Amalrz&#39;cz&#39;</span> <span class='ocrx_word' id='word_1_19' title='bbox 2853 624 3047 704; x_wconf 72' lang='lat' dir='ltr'>regis.</span> 
     </span>
    </p>
   </div>
   <div class='ocr_carea' id='block_1_6' title="bbox 551 775 3786 861">
    <p class='ocr_par' dir='ltr' id='par_1_6' title="bbox 551 775 3786 861">
     <span class='ocr_line' id='line_1_6' title="bbox 551 775 3786 861; baseline 0.002 -30"><span class='ocrx_word' id='word_1_20' title='bbox 551 775 691 831; x_wconf 90' lang='lat' dir='ltr'>Cum</span> <span class='ocrx_word' id='word_1_21' title='bbox 715 775 775 830; x_wconf 91' lang='lat' dir='ltr'>in</span> <span class='ocrx_word' id='word_1_22' title='bbox 800 776 1094 831; x_wconf 82' lang='lat' dir='ltr'>voluntate</span> <span class='ocrx_word' id='word_1_23' title='bbox 1123 775 1349 831; x_wconf 82' lang='lat' dir='ltr'>Domini</span> <span class='ocrx_word' id='word_1_24' title='bbox 1379 776 1531 848; x_wconf 89' lang='lat' dir='ltr'>apud</span> <span class='ocrx_word' id='word_1_25' title='bbox 1559 777 1889 831; x_wconf 86' lang='lat' dir='ltr'>Toletanam</span> <span class='ocrx_word' id='word_1_26' title='bbox 1911 775 2114 831; x_wconf 83' lang='lat' dir='ltr'>urbem</span> <span class='ocrx_word' id='word_1_27' title='bbox 2136 787 2196 861; x_wconf 78' lang='grc' dir='ltr'><strong>Α</strong></span> <span class='ocrx_word' id='word_1_28' title='bbox 2215 775 2422 830; x_wconf 88' lang='lat' dir='ltr'>habeat</span> <span class='ocrx_word' id='word_1_29' title='bbox 2449 775 2749 833; x_wconf 84' lang='lat' dir='ltr'>mulierem</span> <span class='ocrx_word' id='word_1_30' title='bbox 2801 775 2888 831; x_wconf 87' lang='lat' dir='ltr'>vel</span> <span class='ocrx_word' id='word_1_31' title='bbox 2926 776 3262 846; x_wconf 88' lang='lat' dir='ltr'>ingenuam,</span> <span class='ocrx_word' id='word_1_32' title='bbox 3308 776 3394 832; x_wconf 87' lang='lat' dir='ltr'>vel</span> <span class='ocrx_word' id='word_1_33' title='bbox 3435 776 3689 848; x_wconf 74' lang='lat' dir='ltr'>libertam,</span> <span class='ocrx_word' id='word_1_34' title='bbox 3718 781 3786 836; x_wconf 86' lang='lat' dir='ltr'>vel</span> 
     </span>
    </p>
   </div>
   <div class='ocr_carea' id='block_1_7' title="bbox 478 870 2120 942">
    <p class='ocr_par' dir='ltr' id='par_1_7' title="bbox 478 870 2120 942">
     <span class='ocr_line' id='line_1_7' title="bbox 478 870 2120 942; baseline 0 -17"><span class='ocrx_word' id='word_1_35' title='bbox 478 875 809 925; x_wconf 87' lang='lat' dir='ltr'>sanctorum</span> <span class='ocrx_word' id='word_1_36' title='bbox 863 870 1264 942; x_wconf 88' lang='lat' dir='ltr'>episcoporum</span> <span class='ocrx_word' id='word_1_37' title='bbox 1305 870 1609 941; x_wconf 88' lang='lat' dir='ltr'>praesentia</span> <span class='ocrx_word' id='word_1_38' title='bbox 1645 871 2021 938; x_wconf 81' lang='lat' dir='ltr'>convenisset,</span> <span class='ocrx_word' id='word_1_39' title='bbox 2062 875 2120 926; x_wconf 92' lang='lat' dir='ltr'>et</span> 
     </span>
    </p>
   </div>
   <div class='ocr_carea' id='block_1_8' title="bbox 477 964 2116 1037">
    <p class='ocr_par' dir='ltr' id='par_1_8' title="bbox 477 964 2116 1037">
     <span class='ocr_line' id='line_1_8' title="bbox 477 964 2116 1037; baseline 0.001 -18"><span class='ocrx_word' id='word_1_40' title='bbox 477 965 546 1019; x_wconf 92' lang='lat' dir='ltr'>de</span> <span class='ocrx_word' id='word_1_41' title='bbox 577 964 848 1019; x_wconf 81' lang='lat' dir='ltr'>institutis</span> <span class='ocrx_word' id='word_1_42' title='bbox 879 969 1204 1019; x_wconf 89' lang='lat' dir='ltr'>sanctorum</span> <span class='ocrx_word' id='word_1_43' title='bbox 1227 966 1461 1019; x_wconf 79' lang='lat' dir='ltr'>Patrum</span> <span class='ocrx_word' id='word_1_44' title='bbox 1488 982 1890 1037; x_wconf 87' lang='lat' dir='ltr'>canonumque</span> <span class='ocrx_word' id='word_1_45' title='bbox 1919 966 2116 1020; x_wconf 86' lang='lat' dir='ltr'>decre-</span> 
     </span>
    </p>
   </div>
   <div class='ocr_carea' id='block_1_9' title="bbox 481 1058 2121 1132">
    <p class='ocr_par' dir='ltr' id='par_1_9' title="bbox 481 1058 2121 1132">
     <span class='ocr_line' id='line_1_9' title="bbox 481 1058 2121 1132; baseline 0.001 -20"><span class='ocrx_word' id='word_1_46' title='bbox 481 1059 554 1112; x_wconf 89' lang='lat' dir='ltr'>tis</span> <span class='ocrx_word' id='word_1_47' title='bbox 582 1059 1049 1113; x_wconf 80' lang='lat' dir='ltr'>commemoratio</span> <span class='ocrx_word' id='word_1_48' title='bbox 1090 1058 1414 1128; x_wconf 74' lang='lat' dir='ltr'>haberetur,</span> <span class='ocrx_word' id='word_1_49' title='bbox 1456 1060 1618 1113; x_wconf 90' lang='lat' dir='ltr'>nobis</span> <span class='ocrx_word' id='word_1_50' title='bbox 1655 1060 1715 1113; x_wconf 90' lang='lat' dir='ltr'>in</span> <span class='ocrx_word' id='word_1_51' title='bbox 1757 1077 1934 1114; x_wconf 91' lang='lat' dir='ltr'>unum</span> <span class='ocrx_word' id='word_1_52' title='bbox 1973 1060 2121 1132; x_wconf 88' lang='lat' dir='ltr'>posi-</span> 
     </span>
    </p>
   </div>
   <div class='ocr_carea' id='block_1_10' title="bbox 475 1152 2117 1224">
    <p class='ocr_par' dir='ltr' id='par_1_10' title="bbox 475 1152 2117 1224">
     <span class='ocr_line' id='line_1_10' title="bbox 475 1152 2117 1224; baseline 0.001 -18"><span class='ocrx_word' id='word_1_53' title='bbox 475 1152 548 1207; x_wconf 89' lang='lat' dir='ltr'>tis</span> <span class='ocrx_word' id='word_1_54' title='bbox 586 1153 820 1223; x_wconf 83' lang='lat' dir='ltr'>placuit,</span> <span class='ocrx_word' id='word_1_55' title='bbox 852 1157 914 1207; x_wconf 92' lang='lat' dir='ltr'>ut</span> <span class='ocrx_word' id='word_1_56' title='bbox 953 1153 1000 1207; x_wconf 91' lang='lat' dir='ltr'>si</span> <span class='ocrx_word' id='word_1_57' title='bbox 1028 1170 1141 1224; x_wconf 92' lang='lat' dir='ltr'>qua</span> <span class='ocrx_word' id='word_1_58' title='bbox 1168 1153 1227 1207; x_wconf 89' lang='lat' dir='ltr'>in</span> <span class='ocrx_word' id='word_1_59' title='bbox 1260 1153 1508 1224; x_wconf 84' lang='lat' dir='ltr'>antiquis</span> <span class='ocrx_word' id='word_1_60' title='bbox 1540 1154 1850 1209; x_wconf 87' lang='lat' dir='ltr'>canonibus</span> <span class='ocrx_word' id='word_1_61' title='bbox 1878 1154 2117 1209; x_wconf 89' lang='lat' dir='ltr'>minime</span> 
     </span>
    </p>
   </div>
   <div class='ocr_carea' id='block_1_11' title="bbox 481 1248 2118 1320">
    <p class='ocr_par' dir='ltr' id='par_1_11' title="bbox 481 1248 2118 1320">
     <span class='ocr_line' id='line_1_11' title="bbox 481 1248 2118 1320; baseline 0.001 -20"><span class='ocrx_word' id='word_1_62' title='bbox 481 1250 929 1302; x_wconf 87' lang='lat' dir='ltr'>commemorata</span> <span class='ocrx_word' id='word_1_63' title='bbox 958 1251 1089 1302; x_wconf 90' lang='lat' dir='ltr'>sunt</span> <span class='ocrx_word' id='word_1_64' title='bbox 1118 1248 1331 1302; x_wconf 85' lang='lat' dir='ltr'>salubri</span> <span class='ocrx_word' id='word_1_65' title='bbox 1352 1251 1596 1303; x_wconf 88' lang='lat' dir='ltr'>tractatu</span> <span class='ocrx_word' id='word_1_66' title='bbox 1621 1265 1684 1303; x_wconf 89' lang='lat' dir='ltr'>ac</span> <span class='ocrx_word' id='word_1_67' title='bbox 1712 1249 1969 1320; x_wconf 84' lang='lat' dir='ltr'>diligenti</span> <span class='ocrx_word' id='word_1_68' title='bbox 1989 1265 2118 1303; x_wconf 88' lang='lat' dir='ltr'>con-</span> 
     </span>
    </p>
   </div>
   <div class='ocr_carea' id='block_1_12' title="bbox 479 1339 2115 1412">
    <p class='ocr_par' dir='ltr' id='par_1_12' title="bbox 479 1339 2115 1412">
     <span class='ocr_line' id='line_1_12' title="bbox 479 1339 2115 1412; baseline 0.002 -18"><span class='ocrx_word' id='word_1_69' title='bbox 479 1340 815 1396; x_wconf 88' lang='lat' dir='ltr'>sideratione</span> <span class='ocrx_word' id='word_1_70' title='bbox 842 1341 1236 1397; x_wconf 85' lang='lat' dir='ltr'>instituantur.</span> <span class='ocrx_word' id='word_1_71' title='bbox 1264 1342 1322 1397; x_wconf 92' lang='lat' dir='ltr'>Si</span> <span class='ocrx_word' id='word_1_72' title='bbox 1345 1359 1456 1412; x_wconf 89' lang='lat' dir='ltr'>qua</span> <span class='ocrx_word' id='word_1_73' title='bbox 1485 1359 1619 1397; x_wconf 90' lang='lat' dir='ltr'>vero</span> <span class='ocrx_word' id='word_1_74' title='bbox 1650 1343 1709 1396; x_wconf 90' lang='lat' dir='ltr'>in</span> <span class='ocrx_word' id='word_1_75' title='bbox 1740 1339 2115 1398; x_wconf 38' lang='lat' dir='ltr'>anterioribu-s</span> 
     </span>
    </p>
   </div>
   <div class='ocr_carea' id='block_1_13' title="bbox 484 1433 2117 1508">
    <p class='ocr_par' dir='ltr' id='par_1_13' title="bbox 484 1433 2117 1508">
     <span class='ocr_line' id='line_1_13' title="bbox 484 1433 2117 1508; baseline 0.002 -20"><span class='ocrx_word' id='word_1_76' title='bbox 484 1434 533 1506; x_wconf 77' lang='grc'><strong>1</strong></span> <span class='ocrx_word' id='word_1_77' title='bbox 551 1433 1421 1508; x_wconf 84' lang='lat' dir='ltr'>06suntneglecta,redivivam</span> <span class='ocrx_word' id='word_1_78' title='bbox 1434 1435 1806 1490; x_wconf 85' lang='lat' dir='ltr'>ordinationis</span> <span class='ocrx_word' id='word_1_79' title='bbox 1818 1452 2117 1492; x_wconf 88' lang='lat' dir='ltr'>censuram</span> 
     </span>
    </p>
   </div>
   <div class='ocr_carea' id='block_1_14' title="bbox 477 1529 2117 1602">
    <p class='ocr_par' dir='ltr' id='par_1_14' title="bbox 477 1529 2117 1602">
     <span class='ocr_line' id='line_1_14' title="bbox 477 1529 2117 1602; baseline 0.002 -20"><span class='ocrx_word' id='word_1_80' title='bbox 477 1529 792 1596; x_wconf 86' lang='lat' dir='ltr'>obtineant,</span> <span class='ocrx_word' id='word_1_81' title='bbox 820 1532 1102 1601; x_wconf 88' lang='lat' dir='ltr'>quatenus</span> <span class='ocrx_word' id='word_1_82' title='bbox 1134 1531 1271 1584; x_wconf 92' lang='lat' dir='ltr'>dum</span> <span class='ocrx_word' id='word_1_83' title='bbox 1299 1531 1388 1585; x_wconf 90' lang='lat' dir='ltr'>his</span> <span class='ocrx_word' id='word_1_84' title='bbox 1431 1547 1560 1602; x_wconf 84' lang='lat' dir='ltr'>quae</span> <span class='ocrx_word' id='word_1_85' title='bbox 1606 1531 1664 1584; x_wconf 92' lang='lat' dir='ltr'>in</span> <span class='ocrx_word' id='word_1_86' title='bbox 1705 1530 1954 1585; x_wconf 88' lang='lat' dir='ltr'>conciliis</span> <span class='ocrx_word' id='word_1_87' title='bbox 1985 1535 2117 1586; x_wconf 89' lang='lat' dir='ltr'>sunt</span> 
     </span>
    </p>
   </div>
   <div class='ocr_carea' id='block_1_15' title="bbox 479 1623 2117 1697">
    <p class='ocr_par' dir='ltr' id='par_1_15' title="bbox 479 1623 2117 1697">
     <span class='ocr_line' id='line_1_15' title="bbox 479 1623 2117 1697; baseline 0.001 -20"><span class='ocrx_word' id='word_1_88' title='bbox 479 1623 726 1693; x_wconf 83' lang='lat' dir='ltr'>decreta,</span> <span class='ocrx_word' id='word_1_89' title='bbox 744 1625 845 1678; x_wconf 89' lang='lat' dir='ltr'>sed</span> <span class='ocrx_word' id='word_1_90' title='bbox 860 1623 1135 1678; x_wconf 87' lang='lat' dir='ltr'>abusione</span> <span class='ocrx_word' id='word_1_91' title='bbox 1153 1627 1481 1697; x_wconf 87' lang='lat' dir='ltr'>temporum</span> <span class='ocrx_word' id='word_1_92' title='bbox 1499 1625 1773 1679; x_wconf 88' lang='lat' dir='ltr'>hactenus</span> <span class='ocrx_word' id='word_1_93' title='bbox 1790 1624 2038 1694; x_wconf 89' lang='lat' dir='ltr'>dimissa,</span> <span class='ocrx_word' id='word_1_94' title='bbox 2060 1630 2117 1681; x_wconf 92' lang='lat' dir='ltr'>et</span> 
     </span>
    </p>
   </div>
   <div class='ocr_carea' id='block_1_16' title="bbox 457 1717 2116 1790">
    <p class='ocr_par' dir='ltr' id='par_1_16' title="bbox 457 1717 2116 1790">
     <span class='ocr_line' id='line_1_16' title="bbox 457 1717 2116 1790; baseline 0.004 -23"><span class='ocrx_word' id='word_1_95' title='bbox 457 1717 546 1770; x_wconf 84' lang='lat' dir='ltr'>.ad</span> <span class='ocrx_word' id='word_1_96' title='bbox 581 1719 799 1772; x_wconf 88' lang='lat' dir='ltr'>cultum</span> <span class='ocrx_word' id='word_1_97' title='bbox 823 1717 958 1772; x_wconf 89' lang='lat' dir='ltr'>ﬁdei</span> <span class='ocrx_word' id='word_1_98' title='bbox 980 1718 1289 1789; x_wconf 85' lang='lat' dir='ltr'>pertinent,</span> <span class='ocrx_word' id='word_1_99' title='bbox 1309 1719 1562 1774; x_wconf 89' lang='lat' dir='ltr'>studium</span> <span class='ocrx_word' id='word_1_100' title='bbox 1593 1718 1872 1789; x_wconf 82' lang='lat' dir='ltr'>religiosae</span> <span class='ocrx_word' id='word_1_101' title='bbox 1898 1719 2116 1790; x_wconf 85' lang='lat' dir='ltr'>impen-</span> 
     </span>
    </p>
   </div>
   <div class='ocr_carea' id='block_1_17' title="bbox 481 1811 2113 1881">
    <p class='ocr_par' dir='ltr' id='par_1_17' title="bbox 481 1811 2113 1881">
     <span class='ocr_line' id='line_1_17' title="bbox 481 1811 2113 1881; baseline 0.001 -15"><span class='ocrx_word' id='word_1_102' title='bbox 481 1813 668 1866; x_wconf 89' lang='lat' dir='ltr'>dimus</span> <span class='ocrx_word' id='word_1_103' title='bbox 697 1811 1124 1881; x_wconf 87' lang='lat' dir='ltr'>observationis,</span> <span class='ocrx_word' id='word_1_104' title='bbox 1155 1813 1253 1868; x_wconf 91' lang='lat' dir='ltr'>Dei</span> <span class='ocrx_word' id='word_1_105' title='bbox 1278 1812 1731 1868; x_wconf 90' lang='lat' dir='ltr'>misericordiam</span> <span class='ocrx_word' id='word_1_106' title='bbox 1759 1813 1976 1867; x_wconf 90' lang='lat' dir='ltr'>facilius</span> <span class='ocrx_word' id='word_1_107' title='bbox 2001 1813 2113 1868; x_wconf 90' lang='lat' dir='ltr'>im-</span> 
     </span>
    </p>
   </div>
   <div class='ocr_carea' id='block_1_18' title="bbox 479 1909 795 1980">
    <p class='ocr_par' dir='ltr' id='par_1_18' title="bbox 479 1909 795 1980">
     <span class='ocr_line' id='line_1_18' title="bbox 479 1909 795 1980; baseline 0.009 -21"><span class='ocrx_word' id='word_1_108' title='bbox 479 1909 795 1980; x_wconf 89' lang='lat' dir='ltr'>petremus.</span> 
     </span>
    </p>
   </div>
   <div class='ocr_carea' id='block_1_19' title="bbox 545 2001 2116 2073">
    <p class='ocr_par' dir='ltr' id='par_1_19' title="bbox 545 2001 2116 2073">
     <span class='ocr_line' id='line_1_19' title="bbox 545 2001 2116 2073; baseline -0.002 -15"><span class='ocrx_word' id='word_1_109' title='bbox 545 2004 674 2058; x_wconf 70' lang='lat' dir='ltr'>Car.</span> <span class='ocrx_word' id='word_1_110' title='bbox 707 2003 746 2056; x_wconf 85' lang='lat' dir='ltr'><strong>I.</strong></span> <span class='ocrx_word' id='word_1_111' title='bbox 779 2001 857 2056; x_wconf 93' lang='lat' dir='ltr'>De</span> <span class='ocrx_word' id='word_1_112' title='bbox 874 2001 963 2055; x_wconf 90' lang='lat' dir='ltr'>his</span> <span class='ocrx_word' id='word_1_113' title='bbox 981 2017 1125 2073; x_wconf 90' lang='lat' dir='ltr'>quos</span> <span class='ocrx_word' id='word_1_114' title='bbox 1155 2002 1416 2057; x_wconf 87' lang='lat' dir='ltr'>voluntas</span> <span class='ocrx_word' id='word_1_115' title='bbox 1440 2005 1746 2073; x_wconf 90' lang='lat' dir='ltr'>parentum</span> <span class='ocrx_word' id='word_1_116' title='bbox 1764 2018 1796 2056; x_wconf 91' lang='lat' dir='ltr'>a</span> <span class='ocrx_word' id='word_1_117' title='bbox 1812 2001 2013 2073; x_wconf 90' lang='lat' dir='ltr'>primis</span> <span class='ocrx_word' id='word_1_118' title='bbox 2033 2002 2116 2056; x_wconf 88' lang='lat' dir='ltr'>in-</span> 
     </span>
    </p>
   </div>
   <div class='ocr_carea' id='block_1_20' title="bbox 472 2094 2115 2167">
    <p class='ocr_par' dir='ltr' id='par_1_20' title="bbox 472 2094 2115 2167">
     <span class='ocr_line' id='line_1_20' title="bbox 472 2094 2115 2167; baseline 0.001 -17"><span class='ocrx_word' id='word_1_119' title='bbox 472 2095 668 2150; x_wconf 88' lang='lat' dir='ltr'>fantiae</span> <span class='ocrx_word' id='word_1_120' title='bbox 682 2094 847 2150; x_wconf 90' lang='lat' dir='ltr'>annis</span> <span class='ocrx_word' id='word_1_121' title='bbox 866 2095 924 2150; x_wconf 91' lang='lat' dir='ltr'>in</span> <span class='ocrx_word' id='word_1_122' title='bbox 941 2096 1241 2150; x_wconf 87' lang='lat' dir='ltr'>clericatus</span> <span class='ocrx_word' id='word_1_123' title='bbox 1264 2096 1452 2151; x_wconf 88' lang='lat' dir='ltr'>ofﬁcio</span> <span class='ocrx_word' id='word_1_124' title='bbox 1474 2096 1560 2151; x_wconf 89' lang='lat' dir='ltr'>vel</span> <span class='ocrx_word' id='word_1_125' title='bbox 1585 2096 1910 2150; x_wconf 87' lang='lat' dir='ltr'>monachali</span> <span class='ocrx_word' id='word_1_126' title='bbox 1924 2096 2115 2167; x_wconf 90' lang='lat' dir='ltr'>posuit</span> 
     </span>
    </p>
   </div>
   <div class='ocr_carea' id='block_1_21' title="bbox 2219 869 3787 944">
    <p class='ocr_par' dir='ltr' id='par_1_21' title="bbox 2219 869 3787 944">
     <span class='ocr_line' id='line_1_21' title="bbox 2219 869 3787 944; baseline 0.004 -21"><span class='ocrx_word' id='word_1_127' title='bbox 2219 869 2501 932; x_wconf 86' lang='lat' dir='ltr'>ancillam,</span> <span class='ocrx_word' id='word_1_128' title='bbox 2535 870 2633 924; x_wconf 90' lang='lat' dir='ltr'>sed</span> <span class='ocrx_word' id='word_1_129' title='bbox 2664 869 2709 924; x_wconf 88' lang='lat' dir='ltr'>si</span> <span class='ocrx_word' id='word_1_130' title='bbox 2739 875 2873 925; x_wconf 90' lang='lat' dir='ltr'>sunt</span> <span class='ocrx_word' id='word_1_131' title='bbox 2902 869 2955 925; x_wconf 91' lang='lat' dir='ltr'>ei</span> <span class='ocrx_word' id='word_1_132' title='bbox 2981 869 3312 941; x_wconf 85' lang='lat' dir='ltr'>hujusmodi</span> <span class='ocrx_word' id='word_1_133' title='bbox 3365 871 3592 939; x_wconf 88' lang='lat' dir='ltr'>servitia,</span> <span class='ocrx_word' id='word_1_134' title='bbox 3634 876 3787 944; x_wconf 84' lang='lat' dir='ltr'>matri,</span> 
     </span>
    </p>
   </div>
   <div class='ocr_carea' id='block_1_22' title="bbox 2216 963 3790 1038">
    <p class='ocr_par' dir='ltr' id='par_1_22' title="bbox 2216 963 3790 1038">
     <span class='ocr_line' id='line_1_22' title="bbox 2216 963 3790 1038; baseline 0.004 -21"><span class='ocrx_word' id='word_1_135' title='bbox 2216 965 2302 1018; x_wconf 93' lang='lat' dir='ltr'>vel</span> <span class='ocrx_word' id='word_1_136' title='bbox 2330 963 2529 1030; x_wconf 89' lang='lat' dir='ltr'>sorori,</span> <span class='ocrx_word' id='word_1_137' title='bbox 2555 963 2643 1018; x_wconf 87' lang='lat' dir='ltr'>vel</span> <span class='ocrx_word' id='word_1_138' title='bbox 2671 963 2763 1018; x_wconf 91' lang='lat' dir='ltr'>alii</span> <span class='ocrx_word' id='word_1_139' title='bbox 2791 964 3128 1036; x_wconf 73' lang='lat' dir='ltr'>propinquae</span> <span class='ocrx_word' id='word_1_140' title='bbox 3149 965 3459 1032; x_wconf 90' lang='lat' dir='ltr'>contradat,</span> <span class='ocrx_word' id='word_1_141' title='bbox 3482 968 3535 1020; x_wconf 90' lang='lat' dir='ltr'>et</span> <span class='ocrx_word' id='word_1_142' title='bbox 3559 966 3790 1038; x_wconf 85' lang='lat' dir='ltr'>quidquid</span> 
     </span>
    </p>
   </div>
   <div class='ocr_carea' id='block_1_23' title="bbox 2217 1057 3789 1130">
    <p class='ocr_par' dir='ltr' id='par_1_23' title="bbox 2217 1057 3789 1130">
     <span class='ocr_line' id='line_1_23' title="bbox 2217 1057 3789 1130; baseline 0.004 -19"><span class='ocrx_word' id='word_1_143' title='bbox 2217 1058 2332 1112; x_wconf 87' lang='lat' dir='ltr'>suis</span> <span class='ocrx_word' id='word_1_144' title='bbox 2359 1057 2622 1112; x_wconf 89' lang='lat' dir='ltr'>manibus</span> <span class='ocrx_word' id='word_1_145' title='bbox 2652 1058 2975 1130; x_wconf 88' lang='lat' dir='ltr'>perfecerit,</span> <span class='ocrx_word' id='word_1_146' title='bbox 3007 1058 3241 1130; x_wconf 89' lang='lat' dir='ltr'>proprio</span> <span class='ocrx_word' id='word_1_147' title='bbox 3269 1059 3495 1114; x_wconf 90' lang='lat' dir='ltr'>domino</span> <span class='ocrx_word' id='word_1_148' title='bbox 3533 1059 3789 1118; x_wconf 83' lang='lat' dir='ltr'>deferatur.</span> 
     </span>
    </p>
   </div>
   <div class='ocr_carea' id='block_1_24' title="bbox 2216 1151 3791 1223">
    <p class='ocr_par' dir='ltr' id='par_1_24' title="bbox 2216 1151 3791 1223">
     <span class='ocr_line' id='line_1_24' title="bbox 2216 1151 3791 1223; baseline 0.003 -18"><span class='ocrx_word' id='word_1_149' title='bbox 2216 1154 2327 1206; x_wconf 82' lang='lat' dir='ltr'>Aut</span> <span class='ocrx_word' id='word_1_150' title='bbox 2351 1151 2397 1205; x_wconf 90' lang='lat' dir='ltr'>si</span> <span class='ocrx_word' id='word_1_151' title='bbox 2417 1151 2864 1223; x_wconf 89' lang='lat' dir='ltr'>propinquitatis</span> <span class='ocrx_word' id='word_1_152' title='bbox 2892 1152 3172 1206; x_wconf 90' lang='lat' dir='ltr'>memoria</span> <span class='ocrx_word' id='word_1_153' title='bbox 3197 1152 3371 1222; x_wconf 90' lang='lat' dir='ltr'>deest,</span> <span class='ocrx_word' id='word_1_154' title='bbox 3394 1152 3609 1207; x_wconf 85' lang='lat' dir='ltr'>alterius</span> <span class='ocrx_word' id='word_1_155' title='bbox 3627 1154 3791 1209; x_wconf 89' lang='lat' dir='ltr'>domus</span> 
     </span>
    </p>
   </div>
   <div class='ocr_carea' id='block_1_25' title="bbox 2216 1245 3791 1318">
    <p class='ocr_par' dir='ltr' id='par_1_25' title="bbox 2216 1245 3791 1318">
     <span class='ocr_line' id='line_1_25' title="bbox 2216 1245 3791 1318; baseline 0.003 -18"><span class='ocrx_word' id='word_1_156' title='bbox 2216 1246 2558 1300; x_wconf 85' lang='lat' dir='ltr'>adhaerentis</span> <span class='ocrx_word' id='word_1_157' title='bbox 2611 1245 2999 1300; x_wconf 85' lang='lat' dir='ltr'>habitaculum</span> <span class='ocrx_word' id='word_1_158' title='bbox 3051 1245 3410 1318; x_wconf 86' lang='lat' dir='ltr'>requiratur,</span> <span class='ocrx_word' id='word_1_159' title='bbox 3459 1247 3586 1301; x_wconf 90' lang='lat' dir='ltr'>dum</span> <span class='ocrx_word' id='word_1_160' title='bbox 3619 1248 3669 1303; x_wconf 92' lang='lat' dir='ltr'>in</span> <span class='ocrx_word' id='word_1_161' title='bbox 3699 1254 3791 1304; x_wconf 90' lang='lat' dir='ltr'>toto</span> 
     </span>
    </p>
   </div>
   <div class='ocr_carea' id='block_1_26' title="bbox 2216 1339 3791 1397">
    <p class='ocr_par' dir='ltr' id='par_1_26' title="bbox 2216 1339 3791 1397">
     <span class='ocr_line' id='line_1_26' title="bbox 2216 1339 3791 1397; baseline 0.001 -3"><span class='ocrx_word' id='word_1_162' title='bbox 2216 1339 2388 1394; x_wconf 91' lang='lat' dir='ltr'>modo</span> <span class='ocrx_word' id='word_1_163' title='bbox 2418 1340 2574 1394; x_wconf 90' lang='lat' dir='ltr'>nulla</span> <span class='ocrx_word' id='word_1_164' title='bbox 2605 1339 2824 1394; x_wconf 91' lang='lat' dir='ltr'>occasio</span> <span class='ocrx_word' id='word_1_165' title='bbox 2853 1339 3183 1395; x_wconf 90' lang='lat' dir='ltr'>introeundi</span> <span class='ocrx_word' id='word_1_166' title='bbox 3211 1340 3444 1395; x_wconf 89' lang='lat' dir='ltr'>domum</span> <span class='ocrx_word' id='word_1_167' title='bbox 3469 1341 3641 1396; x_wconf 87' lang='lat' dir='ltr'>clerici</span> <span class='ocrx_word' id='word_1_168' title='bbox 3660 1342 3791 1397; x_wconf 85' lang='lat' dir='ltr'>femi-</span> 
     </span>
    </p>
   </div>
   <div class='ocr_carea' id='block_1_27' title="bbox 2214 1434 3792 1507">
    <p class='ocr_par' dir='ltr' id='par_1_27' title="bbox 2214 1434 3792 1507">
     <span class='ocr_line' id='line_1_27' title="bbox 2214 1434 3792 1507; baseline 0.002 -20"><span class='ocrx_word' id='word_1_169' title='bbox 2214 1451 2304 1488; x_wconf 82' lang='lat' dir='ltr'>nae</span> <span class='ocrx_word' id='word_1_170' title='bbox 2321 1434 2705 1505; x_wconf 89' lang='lat' dir='ltr'>permittatur,</span> <span class='ocrx_word' id='word_1_171' title='bbox 2723 1434 2878 1489; x_wconf 92' lang='lat' dir='ltr'>unde</span> <span class='ocrx_word' id='word_1_172' title='bbox 2901 1434 3090 1507; x_wconf 89' lang='lat' dir='ltr'>aliqua</span> <span class='ocrx_word' id='word_1_173' title='bbox 3109 1435 3288 1506; x_wconf 89' lang='lat' dir='ltr'>possit</span> <span class='ocrx_word' id='word_1_174' title='bbox 3306 1435 3587 1489; x_wconf 86' lang='lat' dir='ltr'>incurrere</span> <span class='ocrx_word' id='word_1_175' title='bbox 3602 1436 3792 1490; x_wconf 83' lang='lat' dir='ltr'>noxialis</span> 
     </span>
    </p>
   </div>
   <div class='ocr_carea' id='block_1_28' title="bbox 2214 1528 3794 1603">
    <p class='ocr_par' dir='ltr' id='par_1_28' title="bbox 2214 1528 3794 1603">
     <span class='ocr_line' id='line_1_28' title="bbox 2214 1528 3794 1603; baseline 0.001 -21"><span class='ocrx_word' id='word_1_176' title='bbox 2214 1528 2382 1583; x_wconf 87' lang='lat' dir='ltr'>famae</span> <span class='ocrx_word' id='word_1_177' title='bbox 2423 1529 2743 1583; x_wconf 89' lang='lat' dir='ltr'>innocentis</span> <span class='ocrx_word' id='word_1_178' title='bbox 2769 1534 2964 1600; x_wconf 90' lang='lat' dir='ltr'>portas</span> <span class='ocrx_word' id='word_1_179' title='bbox 2988 1528 3218 1601; x_wconf 88' lang='lat' dir='ltr'>injuria.</span> <span class='ocrx_word' id='word_1_180' title='bbox 3249 1529 3396 1584; x_wconf 89' lang='lat' dir='ltr'>Sane</span> <span class='ocrx_word' id='word_1_181' title='bbox 3425 1528 3667 1601; x_wconf 90' lang='lat' dir='ltr'>deinceps</span> <span class='ocrx_word' id='word_1_182' title='bbox 3691 1538 3794 1603; x_wconf 84' lang='lat' dir='ltr'>post</span> 
     </span>
    </p>
   </div>
   <div class='ocr_carea' id='block_1_29' title="bbox 2216 1623 3791 1695">
    <p class='ocr_par' dir='ltr' id='par_1_29' title="bbox 2216 1623 3791 1695">
     <span class='ocr_line' id='line_1_29' title="bbox 2216 1623 3791 1695; baseline 0.002 -19"><span class='ocrx_word' id='word_1_183' title='bbox 2216 1623 2408 1677; x_wconf 89' lang='lat' dir='ltr'>datam</span> <span class='ocrx_word' id='word_1_184' title='bbox 2429 1623 2574 1678; x_wconf 89' lang='lat' dir='ltr'>hanc</span> <span class='ocrx_word' id='word_1_185' title='bbox 2600 1623 3052 1678; x_wconf 88' lang='lat' dir='ltr'>admonitionem</span> <span class='ocrx_word' id='word_1_186' title='bbox 3081 1623 3325 1695; x_wconf 89' lang='lat' dir='ltr'>quisque</span> <span class='ocrx_word' id='word_1_187' title='bbox 3348 1639 3539 1678; x_wconf 89' lang='lat' dir='ltr'>earum</span> <span class='ocrx_word' id='word_1_188' title='bbox 3559 1624 3791 1679; x_wconf 86' lang='lat' dir='ltr'>consortio</span> 
     </span>
    </p>
   </div>
   <div class='ocr_carea' id='block_1_30' title="bbox 2216 1716 3791 1788">
    <p class='ocr_par' dir='ltr' id='par_1_30' title="bbox 2216 1716 3791 1788">
     <span class='ocr_line' id='line_1_30' title="bbox 2216 1716 3791 1788; baseline 0.001 -18"><span class='ocrx_word' id='word_1_189' title='bbox 2216 1716 2327 1770; x_wconf 88' lang='lat' dir='ltr'>frui</span> <span class='ocrx_word' id='word_1_190' title='bbox 2383 1717 2662 1788; x_wconf 89' lang='lat' dir='ltr'>voluerit,</span> <span class='ocrx_word' id='word_1_191' title='bbox 2720 1717 2947 1773; x_wconf 89' lang='lat' dir='ltr'>noverit</span> <span class='ocrx_word' id='word_1_192' title='bbox 2999 1735 3057 1771; x_wconf 91' lang='lat' dir='ltr'>se</span> <span class='ocrx_word' id='word_1_193' title='bbox 3106 1734 3226 1772; x_wconf 91' lang='lat' dir='ltr'>non</span> <span class='ocrx_word' id='word_1_194' title='bbox 3264 1717 3445 1772; x_wconf 90' lang='lat' dir='ltr'>solum</span> <span class='ocrx_word' id='word_1_195' title='bbox 3481 1735 3512 1771; x_wconf 90' lang='lat' dir='ltr'>a</span> <span class='ocrx_word' id='word_1_196' title='bbox 3548 1717 3791 1771; x_wconf 86' lang='lat' dir='ltr'>clericatus</span> 
     </span>
    </p>
   </div>
   <div class='ocr_carea' id='block_1_31' title="bbox 2217 1809 3791 1883">
    <p class='ocr_par' dir='ltr' id='par_1_31' title="bbox 2217 1809 3791 1883">
     <span class='ocr_line' id='line_1_31' title="bbox 2217 1809 3791 1883; baseline 0.001 -19"><span class='ocrx_word' id='word_1_197' title='bbox 2217 1809 2402 1865; x_wconf 87' lang='lat' dir='ltr'>ofﬁcio</span> <span class='ocrx_word' id='word_1_198' title='bbox 2427 1812 2645 1866; x_wconf 87' lang='lat' dir='ltr'>retrahi</span> <span class='ocrx_word' id='word_1_199' title='bbox 2670 1812 2757 1866; x_wconf 91' lang='lat' dir='ltr'>vel</span> <span class='ocrx_word' id='word_1_200' title='bbox 2784 1810 3033 1867; x_wconf 77' lang='lat' dir='ltr'>ecclesiae</span> <span class='ocrx_word' id='word_1_201' title='bbox 3051 1811 3272 1866; x_wconf 90' lang='lat' dir='ltr'>foribus</span> <span class='ocrx_word' id='word_1_202' title='bbox 3293 1811 3514 1883; x_wconf 80' lang='lat' dir='ltr'>expelli,</span> <span class='ocrx_word' id='word_1_203' title='bbox 3537 1811 3627 1865; x_wconf 91' lang='lat' dir='ltr'>sed</span> <span class='ocrx_word' id='word_1_204' title='bbox 3654 1812 3791 1867; x_wconf 85' lang='lat' dir='ltr'>etiam</span> 
     </span>
    </p>
   </div>
   <div class='ocr_carea' id='block_1_32' title="bbox 2215 1905 3792 1961">
    <p class='ocr_par' dir='ltr' id='par_1_32' title="bbox 2215 1905 3792 1961">
     <span class='ocr_line' id='line_1_32' title="bbox 2215 1905 3792 1961; baseline 0.001 -3"><span class='ocrx_word' id='word_1_205' title='bbox 2215 1905 2471 1959; x_wconf 90' lang='lat' dir='ltr'>omnium</span> <span class='ocrx_word' id='word_1_206' title='bbox 2535 1906 2945 1961; x_wconf 89' lang='lat' dir='ltr'>catholicorum</span> <span class='ocrx_word' id='word_1_207' title='bbox 3020 1905 3356 1961; x_wconf 91' lang='lat' dir='ltr'>clericorum</span> <span class='ocrx_word' id='word_1_208' title='bbox 3427 1905 3511 1960; x_wconf 78' lang='lat' dir='ltr'>vel</span> <span class='ocrx_word' id='word_1_209' title='bbox 3568 1905 3792 1959; x_wconf 87' lang='lat' dir='ltr'>laicorum</span> 
     </span>
    </p>
   </div>
   <div class='ocr_carea' id='block_1_33' title="bbox 2215 1999 3793 2072">
    <p class='ocr_par' dir='ltr' id='par_1_33' title="bbox 2215 1999 3793 2072">
     <span class='ocr_line' id='line_1_33' title="bbox 2215 1999 3793 2072; baseline 0 -20"><span class='ocrx_word' id='word_1_210' title='bbox 2215 1999 2623 2054; x_wconf 90' lang='lat' dir='ltr'>communione</span> <span class='ocrx_word' id='word_1_211' title='bbox 2680 2000 2911 2072; x_wconf 91' lang='lat' dir='ltr'>privari,</span> <span class='ocrx_word' id='word_1_212' title='bbox 2970 2000 3126 2054; x_wconf 88' lang='lat' dir='ltr'>nulla</span> <span class='ocrx_word' id='word_1_213' title='bbox 3165 2016 3395 2071; x_wconf 88' lang='lat' dir='ltr'>prorsus</span> <span class='ocrx_word' id='word_1_214' title='bbox 3445 2000 3528 2054; x_wconf 86' lang='lat' dir='ltr'>vel</span> <span class='ocrx_word' id='word_1_215' title='bbox 3574 1999 3793 2070; x_wconf 88' lang='lat' dir='ltr'>colloquii</span> 
     </span>
    </p>
   </div>
   <div class='ocr_carea' id='block_1_34' title="bbox 2215 2092 3791 2164">
    <p class='ocr_par' dir='ltr' id='par_1_34' title="bbox 2215 2092 3791 2164">
     <span class='ocr_line' id='line_1_34' title="bbox 2215 2092 3791 2164; baseline -0.003 -16"><span class='ocrx_word' id='word_1_216' title='bbox 2215 2094 2603 2148; x_wconf 87' lang='lat' dir='ltr'>consolatione</span> <span class='ocrx_word' id='word_1_217' title='bbox 2639 2094 2834 2149; x_wconf 89' lang='lat' dir='ltr'>relicta</span> <span class='ocrx_word' id='word_1_218' title='bbox 2875 2098 3153 2164; x_wconf 90' lang='lat' dir='ltr'>quatenus</span> <span class='ocrx_word' id='word_1_219' title='bbox 3207 2094 3374 2148; x_wconf 69' lang='lat' dir='ltr'>malas</span> <span class='ocrx_word' id='word_1_220' title='bbox 3425 2092 3791 2149; x_wconf 84' lang='lat' dir='ltr'>consuetudinis</span> 
     </span>
    </p>
   </div>
   <div class='ocr_carea' id='block_1_35' title="bbox 472 2169 3790 2260">
    <p class='ocr_par' dir='ltr' id='par_1_35' title="bbox 472 2169 3790 2260">
     <span class='ocr_line' id='line_1_35' title="bbox 472 2169 3790 2260; baseline -0.001 -18"><span class='ocrx_word' id='word_1_221' title='bbox 472 2188 691 2259; x_wconf 89' lang='lat' dir='ltr'>pariter</span> <span class='ocrx_word' id='word_1_222' title='bbox 717 2189 1024 2243; x_wconf 89' lang='lat' dir='ltr'>statuimus</span> <span class='ocrx_word' id='word_1_223' title='bbox 1047 2189 1486 2258; x_wconf 87' lang='lat' dir='ltr'>observandum,</span> <span class='ocrx_word' id='word_1_224' title='bbox 1510 2192 1573 2244; x_wconf 93' lang='lat' dir='ltr'>ut</span> <span class='ocrx_word' id='word_1_225' title='bbox 1591 2206 1724 2244; x_wconf 78' lang='lat' dir='ltr'>mox</span> <span class='ocrx_word' id='word_1_226' title='bbox 1741 2206 1871 2243; x_wconf 89' lang='lat' dir='ltr'>cum</span> <span class='ocrx_word' id='word_1_227' title='bbox 1892 2189 2114 2245; x_wconf 90' lang='lat' dir='ltr'>detonsi</span> <span class='ocrx_word' id='word_1_228' title='bbox 2133 2169 2189 2241; x_wconf 85' lang='lat' dir='ltr'>B</span> <span class='ocrx_word' id='word_1_229' title='bbox 2213 2188 2411 2242; x_wconf 87' lang='lat' dir='ltr'>abrasa</span> <span class='ocrx_word' id='word_1_230' title='bbox 2447 2188 2651 2259; x_wconf 85' lang='lat' dir='ltr'>rubigo</span> <span class='ocrx_word' id='word_1_231' title='bbox 2690 2187 2748 2242; x_wconf 90' lang='lat' dir='ltr'>in</span> <span class='ocrx_word' id='word_1_232' title='bbox 2787 2187 3023 2260; x_wconf 88' lang='lat' dir='ltr'>posteris</span> <span class='ocrx_word' id='word_1_233' title='bbox 3059 2187 3270 2243; x_wconf 88' lang='lat' dir='ltr'>radicis</span> <span class='ocrx_word' id='word_1_234' title='bbox 3309 2205 3425 2244; x_wconf 78' lang='lat' dir='ltr'>suae</span> <span class='ocrx_word' id='word_1_235' title='bbox 3469 2204 3668 2244; x_wconf 90' lang='lat' dir='ltr'>veneno</span> <span class='ocrx_word' id='word_1_236' title='bbox 3699 2203 3790 2241; x_wconf 83' lang='lat' dir='ltr'>scr-</span> 
     </span>
    </p>
   </div>
   <div class='ocr_carea' id='block_1_36' title="bbox 471 2282 2111 2350">
    <p class='ocr_par' dir='ltr' id='par_1_36' title="bbox 471 2282 2111 2350">
     <span class='ocr_line' id='line_1_36' title="bbox 471 2282 2111 2350; baseline 0.002 -16"><span class='ocrx_word' id='word_1_237' title='bbox 471 2283 561 2335; x_wconf 87' lang='lat' dir='ltr'>vel</span> <span class='ocrx_word' id='word_1_238' title='bbox 593 2282 911 2336; x_wconf 89' lang='lat' dir='ltr'>ministerio</span> <span class='ocrx_word' id='word_1_239' title='bbox 941 2283 1250 2337; x_wconf 90' lang='lat' dir='ltr'>electorum</span> <span class='ocrx_word' id='word_1_240' title='bbox 1277 2282 1579 2338; x_wconf 86' lang='lat' dir='ltr'>contraditi</span> <span class='ocrx_word' id='word_1_241' title='bbox 1607 2283 1840 2350; x_wconf 87' lang='lat' dir='ltr'>fuerint,</span> <span class='ocrx_word' id='word_1_242' title='bbox 1858 2283 1918 2338; x_wconf 91' lang='lat' dir='ltr'>in</span> <span class='ocrx_word' id='word_1_243' title='bbox 1939 2284 2111 2339; x_wconf 90' lang='lat' dir='ltr'>domo</span> 
     </span>
    </p>
   </div>
   <div class='ocr_carea' id='block_1_37' title="bbox 472 2374 2112 2448">
    <p class='ocr_par' dir='ltr' id='par_1_37' title="bbox 472 2374 2112 2448">
     <span class='ocr_line' id='line_1_37' title="bbox 472 2374 2112 2448; baseline 0.002 -20"><span class='ocrx_word' id='word_1_244' title='bbox 472 2374 726 2429; x_wconf 65' lang='lat' dir='ltr'>ecclesiae</span> <span class='ocrx_word' id='word_1_245' title='bbox 757 2375 861 2429; x_wconf 90' lang='lat' dir='ltr'>sub</span> <span class='ocrx_word' id='word_1_246' title='bbox 889 2375 1194 2446; x_wconf 89' lang='lat' dir='ltr'>episcopali</span> <span class='ocrx_word' id='word_1_247' title='bbox 1225 2375 1529 2447; x_wconf 88' lang='lat' dir='ltr'>praesentia</span> <span class='ocrx_word' id='word_1_248' title='bbox 1573 2393 1606 2430; x_wconf 90' lang='lat' dir='ltr'>a</span> <span class='ocrx_word' id='word_1_249' title='bbox 1647 2377 1956 2448; x_wconf 78' lang='lat' dir='ltr'>praeposito</span> <span class='ocrx_word' id='word_1_250' title='bbox 2006 2377 2112 2431; x_wconf 84' lang='lat' dir='ltr'>sibi</span> 
     </span>
    </p>
   </div>
   <div class='ocr_carea' id='block_1_38' title="bbox 474 2467 2111 2544">
    <p class='ocr_par' dir='ltr' id='par_1_38' title="bbox 474 2467 2111 2544">
     <span class='ocr_line' id='line_1_38' title="bbox 474 2467 2111 2544; baseline 0.002 -23"><span class='ocrx_word' id='word_1_251' title='bbox 474 2467 720 2523; x_wconf 88' lang='lat' dir='ltr'>debeant</span> <span class='ocrx_word' id='word_1_252' title='bbox 763 2469 996 2525; x_wconf 90' lang='lat' dir='ltr'>erudiri.</span> <span class='ocrx_word' id='word_1_253' title='bbox 1041 2472 1112 2524; x_wconf 85' lang='lat' dir='ltr'>At</span> <span class='ocrx_word' id='word_1_254' title='bbox 1155 2470 1250 2524; x_wconf 90' lang='lat' dir='ltr'>ubi</span> <span class='ocrx_word' id='word_1_255' title='bbox 1289 2473 1550 2544; x_wconf 62' lang='lat' dir='ltr'>optavum</span> <span class='ocrx_word' id='word_1_256' title='bbox 1596 2471 1883 2526; x_wconf 88' lang='lat' dir='ltr'>decimum</span> <span class='ocrx_word' id='word_1_257' title='bbox 1931 2471 2111 2526; x_wconf 81' lang='lat' dir='ltr'>aetatis</span> 
     </span>
    </p>
   </div>
   <div class='ocr_carea' id='block_1_39' title="bbox 471 2562 2113 2636">
    <p class='ocr_par' dir='ltr' id='par_1_39' title="bbox 471 2562 2113 2636">
     <span class='ocr_line' id='line_1_39' title="bbox 471 2562 2113 2636; baseline 0.003 -21"><span class='ocrx_word' id='word_1_258' title='bbox 471 2579 589 2616; x_wconf 74' lang='lat' dir='ltr'>suae</span> <span class='ocrx_word' id='word_1_259' title='bbox 617 2562 1029 2634; x_wconf 87' lang='lat' dir='ltr'>compleverint</span> <span class='ocrx_word' id='word_1_260' title='bbox 1059 2580 1298 2635; x_wconf 89' lang='lat' dir='ltr'>annum,</span> <span class='ocrx_word' id='word_1_261' title='bbox 1324 2581 1520 2620; x_wconf 90' lang='lat' dir='ltr'>coram</span> <span class='ocrx_word' id='word_1_262' title='bbox 1550 2565 1726 2620; x_wconf 89' lang='lat' dir='ltr'>totius</span> <span class='ocrx_word' id='word_1_263' title='bbox 1752 2565 1888 2620; x_wconf 89' lang='lat' dir='ltr'>cleri</span> <span class='ocrx_word' id='word_1_264' title='bbox 1909 2565 2113 2636; x_wconf 89' lang='lat' dir='ltr'>plebis-</span> 
     </span>
    </p>
   </div>
   <div class='ocr_carea' id='block_1_40' title="bbox 470 2657 2108 2731">
    <p class='ocr_par' dir='ltr' id='par_1_40' title="bbox 470 2657 2108 2731">
     <span class='ocr_line' id='line_1_40' title="bbox 470 2657 2108 2731; baseline 0.003 -21"><span class='ocrx_word' id='word_1_265' title='bbox 470 2673 582 2727; x_wconf 87' lang='lat' dir='ltr'>que</span> <span class='ocrx_word' id='word_1_266' title='bbox 612 2662 912 2729; x_wconf 89' lang='lat' dir='ltr'>conspectu</span> <span class='ocrx_word' id='word_1_267' title='bbox 955 2657 1218 2713; x_wconf 89' lang='lat' dir='ltr'>voluntas</span> <span class='ocrx_word' id='word_1_268' title='bbox 1259 2675 1462 2714; x_wconf 91' lang='lat' dir='ltr'>eorum</span> <span class='ocrx_word' id='word_1_269' title='bbox 1507 2659 1578 2714; x_wconf 91' lang='lat' dir='ltr'>de</span> <span class='ocrx_word' id='word_1_270' title='bbox 1629 2659 1945 2731; x_wconf 84' lang='lat' dir='ltr'>expetendo</span> <span class='ocrx_word' id='word_1_271' title='bbox 1976 2677 2108 2715; x_wconf 92' lang='lat' dir='ltr'>eon-</span> 
     </span>
    </p>
   </div>
   <div class='ocr_carea' id='block_1_41' title="bbox 463 2751 2112 2824">
    <p class='ocr_par' dir='ltr' id='par_1_41' title="bbox 463 2751 2112 2824">
     <span class='ocr_line' id='line_1_41' title="bbox 463 2751 2112 2824; baseline 0.002 -20"><span class='ocrx_word' id='word_1_272' title='bbox 463 2751 629 2821; x_wconf 84' lang='lat' dir='ltr'>jugio</span> <span class='ocrx_word' id='word_1_273' title='bbox 685 2752 756 2805; x_wconf 88' lang='lat' dir='ltr'>ab</span> <span class='ocrx_word' id='word_1_274' title='bbox 814 2751 1077 2823; x_wconf 88' lang='lat' dir='ltr'>episcopo</span> <span class='ocrx_word' id='word_1_275' title='bbox 1129 2756 1556 2822; x_wconf 82' lang='lat' dir='ltr'>perscrutatur;</span> <span class='ocrx_word' id='word_1_276' title='bbox 1600 2753 1805 2824; x_wconf 89' lang='lat' dir='ltr'>quibus</span> <span class='ocrx_word' id='word_1_277' title='bbox 1844 2753 1890 2806; x_wconf 92' lang='lat' dir='ltr'>si</span> <span class='ocrx_word' id='word_1_278' title='bbox 1930 2754 2112 2824; x_wconf 87' lang='lat' dir='ltr'>gratia</span> 
     </span>
    </p>
   </div>
   <div class='ocr_carea' id='block_1_42' title="bbox 469 2843 2111 2918">
    <p class='ocr_par' dir='ltr' id='par_1_42' title="bbox 469 2843 2111 2918">
     <span class='ocr_line' id='line_1_42' title="bbox 469 2843 2111 2918; baseline 0.003 -21"><span class='ocrx_word' id='word_1_279' title='bbox 469 2843 744 2899; x_wconf 87' lang='lat' dir='ltr'>castitatis</span> <span class='ocrx_word' id='word_1_280' title='bbox 771 2845 888 2900; x_wconf 94' lang='lat' dir='ltr'>Deo</span> <span class='ocrx_word' id='word_1_281' title='bbox 916 2845 1231 2916; x_wconf 89' lang='lat' dir='ltr'>inspirante</span> <span class='ocrx_word' id='word_1_282' title='bbox 1260 2845 1558 2917; x_wconf 89' lang='lat' dir='ltr'>placuerit,</span> <span class='ocrx_word' id='word_1_283' title='bbox 1589 2850 1645 2901; x_wconf 91' lang='lat' dir='ltr'>et</span> <span class='ocrx_word' id='word_1_284' title='bbox 1672 2846 2111 2918; x_wconf 89' lang='lat' dir='ltr'>promissionem</span> 
     </span>
    </p>
   </div>
   <div class='ocr_carea' id='block_1_43' title="bbox 469 2937 2107 3010">
    <p class='ocr_par' dir='ltr' id='par_1_43' title="bbox 469 2937 2107 3010">
     <span class='ocr_line' id='line_1_43' title="bbox 469 2937 2107 3010; baseline 0.002 -18"><span class='ocrx_word' id='word_1_285' title='bbox 469 2937 822 2993; x_wconf 73' lang='lat' dir='ltr'>castimoniae</span> <span class='ocrx_word' id='word_1_286' title='bbox 875 2954 991 2993; x_wconf 65' lang='lat' dir='ltr'>suae</span> <span class='ocrx_word' id='word_1_287' title='bbox 1044 2939 1256 3010; x_wconf 85' lang='lat' dir='ltr'>absque</span> <span class='ocrx_word' id='word_1_288' title='bbox 1307 2939 1598 3010; x_wconf 87' lang='lat' dir='ltr'>conjugali</span> <span class='ocrx_word' id='word_1_289' title='bbox 1644 2939 1973 2996; x_wconf 89' lang='lat' dir='ltr'>necessitate</span> <span class='ocrx_word' id='word_1_290' title='bbox 2017 2957 2107 2995; x_wconf 89' lang='lat' dir='ltr'>re-</span> 
     </span>
    </p>
   </div>
   <div class='ocr_carea' id='block_1_44' title="bbox 471 3031 2111 3105">
    <p class='ocr_par' dir='ltr' id='par_1_44' title="bbox 471 3031 2111 3105">
     <span class='ocr_line' id='line_1_44' title="bbox 471 3031 2111 3105; baseline 0.002 -19"><span class='ocrx_word' id='word_1_291' title='bbox 471 3031 810 3104; x_wconf 89' lang='lat' dir='ltr'>sponderint</span> <span class='ocrx_word' id='word_1_292' title='bbox 848 3035 1190 3100; x_wconf 89' lang='lat' dir='ltr'>servaturos,</span> <span class='ocrx_word' id='word_1_293' title='bbox 1239 3033 1299 3087; x_wconf 90' lang='lat' dir='ltr'>hi</span> <span class='ocrx_word' id='word_1_294' title='bbox 1340 3036 1615 3105; x_wconf 89' lang='lat' dir='ltr'>tanquam</span> <span class='ocrx_word' id='word_1_295' title='bbox 1642 3034 1990 3105; x_wconf 88' lang='lat' dir='ltr'>appetitores</span> <span class='ocrx_word' id='word_1_296' title='bbox 2027 3052 2111 3089; x_wconf 89' lang='lat' dir='ltr'>ar-</span> 
     </span>
    </p>
   </div>
   <div class='ocr_carea' id='block_1_45' title="bbox 468 3125 2110 3198">
    <p class='ocr_par' dir='ltr' id='par_1_45' title="bbox 468 3125 2110 3198">
     <span class='ocr_line' id='line_1_45' title="bbox 468 3125 2110 3198; baseline 0.002 -19"><span class='ocrx_word' id='word_1_297' title='bbox 468 3125 734 3180; x_wconf 84' lang='lat' dir='ltr'>ctissimae</span> <span class='ocrx_word' id='word_1_298' title='bbox 765 3126 872 3180; x_wconf 82' lang='lat' dir='ltr'>viae</span> <span class='ocrx_word' id='word_1_299' title='bbox 909 3125 1203 3181; x_wconf 90' lang='lat' dir='ltr'>lenissimo</span> <span class='ocrx_word' id='word_1_300' title='bbox 1232 3127 1456 3181; x_wconf 91' lang='lat' dir='ltr'>Domini</span> <span class='ocrx_word' id='word_1_301' title='bbox 1489 3127 1633 3198; x_wconf 87' lang='lat' dir='ltr'>jugo</span> <span class='ocrx_word' id='word_1_302' title='bbox 1673 3127 2011 3196; x_wconf 90' lang='lat' dir='ltr'>subdantur,</span> <span class='ocrx_word' id='word_1_303' title='bbox 2044 3145 2110 3182; x_wconf 90' lang='lat' dir='ltr'>ac</span> 
     </span>
    </p>
   </div>
   <div class='ocr_carea' id='block_1_46' title="bbox 468 3219 2110 3292">
    <p class='ocr_par' dir='ltr' id='par_1_46' title="bbox 468 3219 2110 3292">
     <span class='ocr_line' id='line_1_46' title="bbox 468 3219 2110 3292; baseline 0.002 -20"><span class='ocrx_word' id='word_1_304' title='bbox 468 3219 659 3290; x_wconf 90' lang='lat' dir='ltr'>primo</span> <span class='ocrx_word' id='word_1_305' title='bbox 680 3219 1120 3275; x_wconf 89' lang='lat' dir='ltr'>subdiaconatus</span> <span class='ocrx_word' id='word_1_306' title='bbox 1144 3220 1528 3276; x_wconf 86' lang='lat' dir='ltr'>ministerium</span> <span class='ocrx_word' id='word_1_307' title='bbox 1551 3221 1884 3292; x_wconf 88' lang='lat' dir='ltr'>probatione</span> <span class='ocrx_word' id='word_1_308' title='bbox 1911 3222 2110 3277; x_wconf 87' lang='lat' dir='ltr'>habita</span> 
     </span>
    </p>
   </div>
   <div class='ocr_carea' id='block_1_47' title="bbox 467 3313 2109 3386">
    <p class='ocr_par' dir='ltr' id='par_1_47' title="bbox 467 3313 2109 3386">
     <span class='ocr_line' id='line_1_47' title="bbox 467 3313 2109 3386; baseline 0.002 -20"><span class='ocrx_word' id='word_1_309' title='bbox 467 3313 839 3383; x_wconf 90' lang='lat' dir='ltr'>professionis</span> <span class='ocrx_word' id='word_1_310' title='bbox 868 3330 984 3369; x_wconf 85' lang='lat' dir='ltr'>suae</span> <span class='ocrx_word' id='word_1_311' title='bbox 1014 3332 1049 3368; x_wconf 91' lang='lat' dir='ltr'>a</span> <span class='ocrx_word' id='word_1_312' title='bbox 1077 3314 1345 3370; x_wconf 90' lang='lat' dir='ltr'>vicesimo</span> <span class='ocrx_word' id='word_1_313' title='bbox 1391 3331 1543 3370; x_wconf 90' lang='lat' dir='ltr'>anno</span> <span class='ocrx_word' id='word_1_314' title='bbox 1589 3315 1916 3386; x_wconf 88' lang='lat' dir='ltr'>suscipiant.</span> <span class='ocrx_word' id='word_1_315' title='bbox 1949 3317 2109 3380; x_wconf 90' lang='lat' dir='ltr'>Quod</span> 
     </span>
    </p>
   </div>
   <div class='ocr_carea' id='block_1_48' title="bbox 468 3406 2107 3481">
    <p class='ocr_par' dir='ltr' id='par_1_48' title="bbox 468 3406 2107 3481">
     <span class='ocr_line' id='line_1_48' title="bbox 468 3406 2107 3481; baseline 0.002 -20"><span class='ocrx_word' id='word_1_316' title='bbox 468 3406 515 3462; x_wconf 91' lang='lat' dir='ltr'>si</span> <span class='ocrx_word' id='word_1_317' title='bbox 540 3406 968 3478; x_wconf 89' lang='lat' dir='ltr'>inculpabiliter</span> <span class='ocrx_word' id='word_1_318' title='bbox 990 3425 1054 3463; x_wconf 91' lang='lat' dir='ltr'>ac</span> <span class='ocrx_word' id='word_1_319' title='bbox 1082 3409 1372 3464; x_wconf 81' lang='lat' dir='ltr'>inoffensae</span> <span class='ocrx_word' id='word_1_320' title='bbox 1393 3409 1727 3464; x_wconf 90' lang='lat' dir='ltr'>vicesimum</span> <span class='ocrx_word' id='word_1_321' title='bbox 1760 3412 1818 3464; x_wconf 90' lang='lat' dir='ltr'>et</span> <span class='ocrx_word' id='word_1_322' title='bbox 1842 3410 2107 3481; x_wconf 91' lang='lat' dir='ltr'>quintum</span> 
     </span>
    </p>
   </div>
   <div class='ocr_carea' id='block_1_49' title="bbox 465 3502 2107 3575">
    <p class='ocr_par' dir='ltr' id='par_1_49' title="bbox 465 3502 2107 3575">
     <span class='ocr_line' id='line_1_49' title="bbox 465 3502 2107 3575; baseline 0.001 -21"><span class='ocrx_word' id='word_1_323' title='bbox 465 3517 684 3555; x_wconf 90' lang='lat' dir='ltr'>annum</span> <span class='ocrx_word' id='word_1_324' title='bbox 713 3502 895 3556; x_wconf 88' lang='lat' dir='ltr'>aetatis</span> <span class='ocrx_word' id='word_1_325' title='bbox 935 3519 1050 3557; x_wconf 72' lang='lat' dir='ltr'>suae</span> <span class='ocrx_word' id='word_1_326' title='bbox 1094 3503 1454 3575; x_wconf 87' lang='lat' dir='ltr'>peregerint,</span> <span class='ocrx_word' id='word_1_327' title='bbox 1498 3503 1572 3557; x_wconf 89' lang='lat' dir='ltr'>ad</span> <span class='ocrx_word' id='word_1_328' title='bbox 1616 3503 1947 3558; x_wconf 89' lang='lat' dir='ltr'>diaconatus</span> <span class='ocrx_word' id='word_1_329' title='bbox 1990 3504 2107 3558; x_wconf 87' lang='lat' dir='ltr'>ofﬁ-</span> 
     </span>
    </p>
   </div>
   <div class='ocr_carea' id='block_1_50' title="bbox 467 3593 2107 3668">
    <p class='ocr_par' dir='ltr' id='par_1_50' title="bbox 467 3593 2107 3668">
     <span class='ocr_line' id='line_1_50' title="bbox 467 3593 2107 3668; baseline 0.002 -20"><span class='ocrx_word' id='word_1_330' title='bbox 467 3593 640 3661; x_wconf 90' lang='lat' dir='ltr'>cium,</span> <span class='ocrx_word' id='word_1_331' title='bbox 686 3595 733 3649; x_wconf 92' lang='lat' dir='ltr'>si</span> <span class='ocrx_word' id='word_1_332' title='bbox 778 3595 1018 3651; x_wconf 89' lang='lat' dir='ltr'>scientes</span> <span class='ocrx_word' id='word_1_333' title='bbox 1045 3596 1286 3668; x_wconf 91' lang='lat' dir='ltr'>implere</span> <span class='ocrx_word' id='word_1_334' title='bbox 1337 3613 1502 3668; x_wconf 89' lang='lat' dir='ltr'>posse</span> <span class='ocrx_word' id='word_1_335' title='bbox 1546 3596 1616 3650; x_wconf 91' lang='lat' dir='ltr'>ab</span> <span class='ocrx_word' id='word_1_336' title='bbox 1667 3597 1931 3668; x_wconf 89' lang='lat' dir='ltr'>episcopo</span> <span class='ocrx_word' id='word_1_337' title='bbox 1961 3614 2107 3652; x_wconf 91' lang='lat' dir='ltr'>com-</span> 
     </span>
    </p>
   </div>
   <div class='ocr_carea' id='block_1_51' title="bbox 464 3689 2105 3761">
    <p class='ocr_par' dir='ltr' id='par_1_51' title="bbox 464 3689 2105 3761">
     <span class='ocr_line' id='line_1_51' title="bbox 464 3689 2105 3761; baseline 0.002 -19"><span class='ocrx_word' id='word_1_338' title='bbox 464 3689 800 3760; x_wconf 88' lang='lat' dir='ltr'>probentur,</span> <span class='ocrx_word' id='word_1_339' title='bbox 865 3692 1191 3761; x_wconf 89' lang='lat' dir='ltr'>promoveri</span> <span class='ocrx_word' id='word_1_340' title='bbox 1247 3691 1498 3759; x_wconf 89' lang='lat' dir='ltr'>debent,</span> <span class='ocrx_word' id='word_1_341' title='bbox 1561 3692 1874 3746; x_wconf 88' lang='lat' dir='ltr'>cavendum</span> <span class='ocrx_word' id='word_1_342' title='bbox 1911 3695 2105 3746; x_wconf 89' lang='lat' dir='ltr'>tamen</span> 
     </span>
    </p>
   </div>
   <div class='ocr_carea' id='block_1_52' title="bbox 465 3782 2129 3860">
    <p class='ocr_par' dir='ltr' id='par_1_52' title="bbox 465 3782 2129 3860">
     <span class='ocr_line' id='line_1_52' title="bbox 465 3782 2129 3860; baseline 0.002 -24"><span class='ocrx_word' id='word_1_343' title='bbox 465 3785 552 3836; x_wconf 87' lang='lat' dir='ltr'>est</span> <span class='ocrx_word' id='word_1_344' title='bbox 587 3782 676 3836; x_wconf 90' lang='lat' dir='ltr'>his</span> <span class='ocrx_word' id='word_1_345' title='bbox 715 3799 788 3838; x_wconf 90' lang='lat' dir='ltr'>ne</span> <span class='ocrx_word' id='word_1_346' title='bbox 828 3783 1059 3855; x_wconf 91' lang='lat' dir='ltr'>quando</span> <span class='ocrx_word' id='word_1_347' title='bbox 1100 3800 1217 3839; x_wconf 81' lang='lat' dir='ltr'>suae</span> <span class='ocrx_word' id='word_1_348' title='bbox 1256 3783 1576 3855; x_wconf 90' lang='lat' dir='ltr'>sponsionis</span> <span class='ocrx_word' id='word_1_349' title='bbox 1631 3784 2000 3840; x_wconf 90' lang='lat' dir='ltr'>immemores</span> <span class='ocrx_word' id='word_1_350' title='bbox 2036 3786 2129 3860; x_wconf 41' lang='lat' dir='ltr'>ad.</span> 
     </span>
    </p>
   </div>
   <div class='ocr_carea' id='block_1_53' title="bbox 464 3877 2107 3948">
    <p class='ocr_par' dir='ltr' id='par_1_53' title="bbox 464 3877 2107 3948">
     <span class='ocr_line' id='line_1_53' title="bbox 464 3877 2107 3948; baseline 0.001 -18"><span class='ocrx_word' id='word_1_351' title='bbox 464 3881 720 3931; x_wconf 88' lang='lat' dir='ltr'>terrenas</span> <span class='ocrx_word' id='word_1_352' title='bbox 776 3877 1002 3948; x_wconf 89' lang='lat' dir='ltr'>nuptias</span> <span class='ocrx_word' id='word_1_353' title='bbox 1059 3883 1157 3932; x_wconf 88' lang='lat' dir='ltr'>aut</span> <span class='ocrx_word' id='word_1_354' title='bbox 1212 3878 1500 3933; x_wconf 84' lang='lat' dir='ltr'>abortivus</span> <span class='ocrx_word' id='word_1_355' title='bbox 1566 3879 1901 3934; x_wconf 90' lang='lat' dir='ltr'>concubitus</span> <span class='ocrx_word' id='word_1_356' title='bbox 1959 3880 2107 3933; x_wconf 89' lang='lat' dir='ltr'>ultra</span> 
     </span>
    </p>
   </div>
   <div class='ocr_carea' id='block_1_54' title="bbox 464 3970 2104 4042">
    <p class='ocr_par' dir='ltr' id='par_1_54' title="bbox 464 3970 2104 4042">
     <span class='ocr_line' id='line_1_54' title="bbox 464 3970 2104 4042; baseline 0.001 -18"><span class='ocrx_word' id='word_1_357' title='bbox 464 3975 782 4026; x_wconf 89' lang='lat' dir='ltr'>recurrant.</span> <span class='ocrx_word' id='word_1_358' title='bbox 823 3971 984 4034; x_wconf 89' lang='lat' dir='ltr'>Quod</span> <span class='ocrx_word' id='word_1_359' title='bbox 1023 3970 1070 4025; x_wconf 91' lang='lat' dir='ltr'>si</span> <span class='ocrx_word' id='word_1_360' title='bbox 1107 3972 1253 4025; x_wconf 91' lang='lat' dir='ltr'>forte</span> <span class='ocrx_word' id='word_1_361' title='bbox 1290 3972 1551 4040; x_wconf 88' lang='lat' dir='ltr'>fecerint,</span> <span class='ocrx_word' id='word_1_362' title='bbox 1595 3975 1657 4026; x_wconf 93' lang='lat' dir='ltr'>ut</span> <span class='ocrx_word' id='word_1_363' title='bbox 1700 3972 1980 4042; x_wconf 82' lang='lat' dir='ltr'>sacrilegii</span> <span class='ocrx_word' id='word_1_364' title='bbox 2017 3972 2104 4025; x_wconf 92' lang='lat' dir='ltr'>rei</span> 
     </span>
    </p>
   </div>
   <div class='ocr_carea' id='block_1_55' title="bbox 467 4063 2104 4135">
    <p class='ocr_par' dir='ltr' id='par_1_55' title="bbox 467 4063 2104 4135">
     <span class='ocr_line' id='line_1_55' title="bbox 467 4063 2104 4135; baseline 0 -17"><span class='ocrx_word' id='word_1_365' title='bbox 467 4064 537 4118; x_wconf 87' lang='lat' dir='ltr'>ab</span> <span class='ocrx_word' id='word_1_366' title='bbox 569 4064 814 4120; x_wconf 89' lang='lat' dir='ltr'>Ecclesia</span> <span class='ocrx_word' id='word_1_367' title='bbox 851 4063 1173 4118; x_wconf 87' lang='lat' dir='ltr'>habeantur</span> <span class='ocrx_word' id='word_1_368' title='bbox 1212 4065 1485 4120; x_wconf 85' lang='lat' dir='ltr'>extranei.</span> <span class='ocrx_word' id='word_1_369' title='bbox 1526 4065 1619 4118; x_wconf 88' lang='lat' dir='ltr'>His</span> <span class='ocrx_word' id='word_1_370' title='bbox 1666 4070 1859 4120; x_wconf 90' lang='lat' dir='ltr'>autem</span> <span class='ocrx_word' id='word_1_371' title='bbox 1899 4065 2104 4135; x_wconf 89' lang='lat' dir='ltr'>quibus</span> 
     </span>
    </p>
   </div>
   <div class='ocr_carea' id='block_1_56' title="bbox 462 4157 2103 4229">
    <p class='ocr_par' dir='ltr' id='par_1_56' title="bbox 462 4157 2103 4229">
     <span class='ocr_line' id='line_1_56' title="bbox 462 4157 2103 4229; baseline 0.001 -20"><span class='ocrx_word' id='word_1_372' title='bbox 462 4157 719 4212; x_wconf 91' lang='lat' dir='ltr'>voluntas</span> <span class='ocrx_word' id='word_1_373' title='bbox 730 4157 961 4228; x_wconf 89' lang='lat' dir='ltr'>propria</span> <span class='ocrx_word' id='word_1_374' title='bbox 975 4158 1441 4228; x_wconf 86' lang='lat' dir='ltr'>interrogationis</span> <span class='ocrx_word' id='word_1_375' title='bbox 1463 4162 1720 4229; x_wconf 89' lang='lat' dir='ltr'>tempore</span> <span class='ocrx_word' id='word_1_376' title='bbox 1751 4157 2103 4213; x_wconf 87' lang='lat' dir='ltr'>desiderium</span> 
     </span>
    </p>
   </div>
   <div class='ocr_carea' id='block_1_57' title="bbox 466 4249 2100 4323">
    <p class='ocr_par' dir='ltr' id='par_1_57' title="bbox 466 4249 2100 4323">
     <span class='ocr_line' id='line_1_57' title="bbox 466 4249 2100 4323; baseline 0.001 -20"><span class='ocrx_word' id='word_1_377' title='bbox 466 4249 724 4304; x_wconf 88' lang='lat' dir='ltr'>nubendi</span> <span class='ocrx_word' id='word_1_378' title='bbox 761 4251 1126 4322; x_wconf 89' lang='lat' dir='ltr'>persuaserit,</span> <span class='ocrx_word' id='word_1_379' title='bbox 1179 4268 1508 4306; x_wconf 90' lang='lat' dir='ltr'>concessam</span> <span class='ocrx_word' id='word_1_380' title='bbox 1549 4251 1619 4306; x_wconf 91' lang='lat' dir='ltr'>ab</span> <span class='ocrx_word' id='word_1_381' title='bbox 1658 4251 1933 4323; x_wconf 89' lang='lat' dir='ltr'>episcopis</span> <span class='ocrx_word' id='word_1_382' title='bbox 1970 4269 2100 4305; x_wconf 88' lang='lat' dir='ltr'>scn-</span> 
     </span>
    </p>
   </div>
   <div class='ocr_carea' id='block_1_58' title="bbox 463 4343 2100 4416">
    <p class='ocr_par' dir='ltr' id='par_1_58' title="bbox 463 4343 2100 4416">
     <span class='ocr_line' id='line_1_58' title="bbox 463 4343 2100 4416; baseline 0.002 -20"><span class='ocrx_word' id='word_1_383' title='bbox 463 4343 702 4399; x_wconf 89' lang='lat' dir='ltr'>tentiam</span> <span class='ocrx_word' id='word_1_384' title='bbox 759 4344 983 4399; x_wconf 85' lang='lat' dir='ltr'>auferre</span> <span class='ocrx_word' id='word_1_385' title='bbox 1024 4361 1140 4398; x_wconf 91' lang='lat' dir='ltr'>non</span> <span class='ocrx_word' id='word_1_386' title='bbox 1180 4361 1482 4415; x_wconf 88' lang='lat' dir='ltr'>possumus</span> <span class='ocrx_word' id='word_1_387' title='bbox 1511 4386 1524 4412; x_wconf 94' lang='lat'>,</span> <span class='ocrx_word' id='word_1_388' title='bbox 1584 4345 1661 4399; x_wconf 79' lang='lat' dir='ltr'>ita</span> <span class='ocrx_word' id='word_1_389' title='bbox 1710 4350 1772 4400; x_wconf 90' lang='lat' dir='ltr'>ut</span> <span class='ocrx_word' id='word_1_390' title='bbox 1817 4349 2100 4416; x_wconf 77' lang='lat' dir='ltr'>provectae</span> 
     </span>
    </p>
   </div>
   <div class='ocr_carea' id='block_1_59' title="bbox 461 4437 2097 4510">
    <p class='ocr_par' dir='ltr' id='par_1_59' title="bbox 461 4437 2097 4510">
     <span class='ocr_line' id='line_1_59' title="bbox 461 4437 2097 4510; baseline 0.001 -18"><span class='ocrx_word' id='word_1_391' title='bbox 461 4437 643 4492; x_wconf 72' lang='lat' dir='ltr'>aetatis</span> <span class='ocrx_word' id='word_1_392' title='bbox 669 4438 729 4493; x_wconf 90' lang='lat' dir='ltr'>in</span> <span class='ocrx_word' id='word_1_393' title='bbox 752 4438 1020 4510; x_wconf 87' lang='lat' dir='ltr'>conjugio</span> <span class='ocrx_word' id='word_1_394' title='bbox 1063 4438 1234 4510; x_wconf 91' lang='lat' dir='ltr'>positi</span> <span class='ocrx_word' id='word_1_395' title='bbox 1270 4439 1700 4493; x_wconf 86' lang='lat' dir='ltr'>renuntiaturus</span> <span class='ocrx_word' id='word_1_396' title='bbox 1725 4456 1783 4493; x_wconf 91' lang='lat' dir='ltr'>se</span> <span class='ocrx_word' id='word_1_397' title='bbox 1811 4439 1933 4510; x_wconf 87' lang='lat' dir='ltr'>pari</span> <span class='ocrx_word' id='word_1_398' title='bbox 1960 4456 2097 4494; x_wconf 90' lang='lat' dir='ltr'>con-</span> 
     </span>
    </p>
   </div>
   <div class='ocr_carea' id='block_1_60' title="bbox 461 4532 2098 4605">
    <p class='ocr_par' dir='ltr' id='par_1_60' title="bbox 461 4532 2098 4605">
     <span class='ocr_line' id='line_1_60' title="bbox 461 4532 2098 4605; baseline 0.001 -20"><span class='ocrx_word' id='word_1_399' title='bbox 461 4549 632 4587; x_wconf 87' lang='lat' dir='ltr'>sensu</span> <span class='ocrx_word' id='word_1_400' title='bbox 687 4533 954 4604; x_wconf 89' lang='lat' dir='ltr'>operibus</span> <span class='ocrx_word' id='word_1_401' title='bbox 1004 4532 1189 4587; x_wconf 90' lang='lat' dir='ltr'>carnis</span> <span class='ocrx_word' id='word_1_402' title='bbox 1243 4532 1677 4605; x_wconf 86' lang='lat' dir='ltr'>spoponderint,</span> <span class='ocrx_word' id='word_1_403' title='bbox 1728 4532 1801 4587; x_wconf 90' lang='lat' dir='ltr'>ad</span> <span class='ocrx_word' id='word_1_404' title='bbox 1850 4537 2098 4589; x_wconf 88' lang='lat' dir='ltr'>sacratos</span> 
     </span>
    </p>
   </div>
   <div class='ocr_carea' id='block_1_61' title="bbox 463 4626 974 4698">
    <p class='ocr_par' dir='ltr' id='par_1_61' title="bbox 463 4626 974 4698">
     <span class='ocr_line' id='line_1_61' title="bbox 463 4626 974 4698; baseline 0.006 -19"><span class='ocrx_word' id='word_1_405' title='bbox 463 4626 675 4695; x_wconf 89' lang='lat' dir='ltr'>gradus</span> <span class='ocrx_word' id='word_1_406' title='bbox 702 4627 974 4698; x_wconf 90' lang='lat' dir='ltr'>aspirent.</span> 
     </span>
    </p>
   </div>
   <div class='ocr_carea' id='block_1_62' title="bbox 533 4720 2098 4793">
    <p class='ocr_par' dir='ltr' id='par_1_62' title="bbox 533 4720 2098 4793">
     <span class='ocr_line' id='line_1_62' title="bbox 533 4720 2098 4793; baseline 0.003 -20"><span class='ocrx_word' id='word_1_407' title='bbox 533 4721 597 4774; x_wconf 88' lang='lat' dir='ltr'>ll.</span> <span class='ocrx_word' id='word_1_408' title='bbox 631 4720 903 4776; x_wconf 90' lang='lat' dir='ltr'>Similiter</span> <span class='ocrx_word' id='word_1_409' title='bbox 953 4721 1163 4792; x_wconf 87' lang='lat' dir='ltr'>placuit</span> <span class='ocrx_word' id='word_1_410' title='bbox 1211 4721 1497 4776; x_wconf 90' lang='lat' dir='ltr'>custodire</span> <span class='ocrx_word' id='word_1_411' title='bbox 1526 4737 1597 4777; x_wconf 92' lang='lat' dir='ltr'>ne</span> <span class='ocrx_word' id='word_1_412' title='bbox 1641 4721 1766 4793; x_wconf 91' lang='lat' dir='ltr'>quis</span> <span class='ocrx_word' id='word_1_413' title='bbox 1795 4739 1863 4777; x_wconf 83' lang='lat' dir='ltr'>ex</span> <span class='ocrx_word' id='word_1_414' title='bbox 1893 4722 1972 4776; x_wconf 91' lang='lat' dir='ltr'>eis</span> <span class='ocrx_word' id='word_1_415' title='bbox 1999 4723 2098 4793; x_wconf 90' lang='lat' dir='ltr'>qui</span> 
     </span>
    </p>
   </div>
   <div class='ocr_carea' id='block_1_63' title="bbox 458 4812 2092 4886">
    <p class='ocr_par' dir='ltr' id='par_1_63' title="bbox 458 4812 2092 4886">
     <span class='ocr_line' id='line_1_63' title="bbox 458 4812 2092 4886; baseline 0.003 -20"><span class='ocrx_word' id='word_1_416' title='bbox 458 4812 557 4867; x_wconf 88' lang='lat' dir='ltr'>tali</span> <span class='ocrx_word' id='word_1_417' title='bbox 613 4813 947 4869; x_wconf 90' lang='lat' dir='ltr'>educatione</span> <span class='ocrx_word' id='word_1_418' title='bbox 988 4815 1330 4870; x_wconf 88' lang='lat' dir='ltr'>imbuuntur</span> <span class='ocrx_word' id='word_1_419' title='bbox 1372 4815 1632 4886; x_wconf 89' lang='lat' dir='ltr'>qualibet</span> <span class='ocrx_word' id='word_1_420' title='bbox 1670 4816 1964 4871; x_wconf 88' lang='lat' dir='ltr'>occasione</span> <span class='ocrx_word' id='word_1_421' title='bbox 2002 4833 2092 4871; x_wconf 92' lang='lat' dir='ltr'>co-</span> 
     </span>
    </p>
   </div>
   <div class='ocr_carea' id='block_1_64' title="bbox 2213 2281 2714 2353">
    <p class='ocr_par' dir='ltr' id='par_1_64' title="bbox 2213 2281 2714 2353">
     <span class='ocr_line' id='line_1_64' title="bbox 2213 2281 2714 2353; baseline -0.002 -17"><span class='ocrx_word' id='word_1_422' title='bbox 2213 2297 2350 2352; x_wconf 90' lang='lat' dir='ltr'>pere</span> <span class='ocrx_word' id='word_1_423' title='bbox 2375 2299 2494 2337; x_wconf 91' lang='lat' dir='ltr'>non</span> <span class='ocrx_word' id='word_1_424' title='bbox 2519 2281 2714 2353; x_wconf 88' lang='lat' dir='ltr'>possit.</span> 
     </span>
    </p>
   </div>
   <div class='ocr_carea' id='block_1_65' title="bbox 2288 2375 3792 2448">
    <p class='ocr_par' dir='ltr' id='par_1_65' title="bbox 2288 2375 3792 2448">
     <span class='ocr_line' id='line_1_65' title="bbox 2288 2375 3792 2448; baseline -0.001 -20"><span class='ocrx_word' id='word_1_425' title='bbox 2288 2376 2370 2428; x_wconf 82' lang='grc' dir='ltr'>ιν.</span> <span class='ocrx_word' id='word_1_426' title='bbox 2402 2375 2461 2430; x_wconf 92' lang='lat' dir='ltr'>Si</span> <span class='ocrx_word' id='word_1_427' title='bbox 2491 2375 2617 2446; x_wconf 92' lang='lat' dir='ltr'>quis</span> <span class='ocrx_word' id='word_1_428' title='bbox 2638 2391 2772 2431; x_wconf 88' lang='lat' dir='ltr'>sane</span> <span class='ocrx_word' id='word_1_429' title='bbox 2798 2375 3139 2431; x_wconf 90' lang='lat' dir='ltr'>clericorum</span> <span class='ocrx_word' id='word_1_430' title='bbox 3184 2375 3420 2448; x_wconf 87' lang='lat' dir='ltr'>agellos,</span> <span class='ocrx_word' id='word_1_431' title='bbox 3467 2376 3550 2430; x_wconf 86' lang='lat' dir='ltr'>vel</span> <span class='ocrx_word' id='word_1_432' title='bbox 3590 2375 3792 2431; x_wconf 83' lang='lat' dir='ltr'>vineolas</span> 
     </span>
    </p>
   </div>
   <div class='ocr_carea' id='block_1_66' title="bbox 2210 2468 3786 2541">
    <p class='ocr_par' dir='ltr' id='par_1_66' title="bbox 2210 2468 3786 2541">
     <span class='ocr_line' id='line_1_66' title="bbox 2210 2468 3786 2541; baseline 0 -19"><span class='ocrx_word' id='word_1_433' title='bbox 2210 2468 2270 2522; x_wconf 91' lang='lat' dir='ltr'>in</span> <span class='ocrx_word' id='word_1_434' title='bbox 2295 2469 2461 2523; x_wconf 89' lang='lat' dir='ltr'>terris</span> <span class='ocrx_word' id='word_1_435' title='bbox 2491 2469 2739 2525; x_wconf 85' lang='lat' dir='ltr'>ecclesiae</span> <span class='ocrx_word' id='word_1_436' title='bbox 2780 2469 2887 2525; x_wconf 90' lang='lat' dir='ltr'>sibi</span> <span class='ocrx_word' id='word_1_437' title='bbox 2928 2470 3122 2525; x_wconf 89' lang='lat' dir='ltr'>fecisse</span> <span class='ocrx_word' id='word_1_438' title='bbox 3151 2471 3430 2541; x_wconf 90' lang='lat' dir='ltr'>probatur</span> <span class='ocrx_word' id='word_1_439' title='bbox 3457 2469 3786 2525; x_wconf 78' lang='lat' dir='ltr'>sustentanda:</span> 
     </span>
    </p>
   </div>
   <div class='ocr_carea' id='block_1_67' title="bbox 2210 2562 3793 2636">
    <p class='ocr_par' dir='ltr' id='par_1_67' title="bbox 2210 2562 3793 2636">
     <span class='ocr_line' id='line_1_67' title="bbox 2210 2562 3793 2636; baseline 0 -20"><span class='ocrx_word' id='word_1_440' title='bbox 2210 2562 2340 2618; x_wconf 82' lang='lat' dir='ltr'>vitae</span> <span class='ocrx_word' id='word_1_441' title='bbox 2367 2579 2553 2634; x_wconf 89' lang='lat' dir='ltr'>causa,</span> <span class='ocrx_word' id='word_1_442' title='bbox 2583 2579 2762 2636; x_wconf 89' lang='lat' dir='ltr'>usque</span> <span class='ocrx_word' id='word_1_443' title='bbox 2792 2564 2860 2619; x_wconf 91' lang='lat' dir='ltr'>ad</span> <span class='ocrx_word' id='word_1_444' title='bbox 2883 2564 3036 2619; x_wconf 89' lang='lat' dir='ltr'>diem</span> <span class='ocrx_word' id='word_1_445' title='bbox 3062 2563 3249 2619; x_wconf 90' lang='lat' dir='ltr'>obitus</span> <span class='ocrx_word' id='word_1_446' title='bbox 3277 2565 3367 2620; x_wconf 91' lang='lat' dir='ltr'>sui</span> <span class='ocrx_word' id='word_1_447' title='bbox 3391 2564 3675 2636; x_wconf 89' lang='lat' dir='ltr'>possideat,</span> <span class='ocrx_word' id='word_1_448' title='bbox 3695 2565 3793 2634; x_wconf 88' lang='lat' dir='ltr'>post</span> 
     </span>
    </p>
   </div>
   <div class='ocr_carea' id='block_1_68' title="bbox 2212 2657 3790 2730">
    <p class='ocr_par' dir='ltr' id='par_1_68' title="bbox 2212 2657 3790 2730">
     <span class='ocr_line' id='line_1_68' title="bbox 2212 2657 3790 2730; baseline 0 -20"><span class='ocrx_word' id='word_1_449' title='bbox 2212 2673 2380 2711; x_wconf 91' lang='lat' dir='ltr'>suum</span> <span class='ocrx_word' id='word_1_450' title='bbox 2410 2673 2542 2712; x_wconf 92' lang='lat' dir='ltr'>vero</span> <span class='ocrx_word' id='word_1_451' title='bbox 2574 2657 2644 2712; x_wconf 91' lang='lat' dir='ltr'>de</span> <span class='ocrx_word' id='word_1_452' title='bbox 2675 2657 2784 2712; x_wconf 89' lang='lat' dir='ltr'>hac</span> <span class='ocrx_word' id='word_1_453' title='bbox 2812 2658 2936 2713; x_wconf 91' lang='lat' dir='ltr'>luce</span> <span class='ocrx_word' id='word_1_454' title='bbox 2964 2659 3254 2713; x_wconf 89' lang='lat' dir='ltr'>decessum</span> <span class='ocrx_word' id='word_1_455' title='bbox 3281 2659 3442 2729; x_wconf 81' lang='lat' dir='ltr'>juxta</span> <span class='ocrx_word' id='word_1_456' title='bbox 3467 2659 3698 2730; x_wconf 89' lang='lat' dir='ltr'>priorum</span> <span class='ocrx_word' id='word_1_457' title='bbox 3722 2673 3790 2710; x_wconf 85' lang='lat' dir='ltr'>ca-</span> 
     </span>
    </p>
   </div>
   <div class='ocr_carea' id='block_1_69' title="bbox 2211 2752 3791 2823">
    <p class='ocr_par' dir='ltr' id='par_1_69' title="bbox 2211 2752 3791 2823">
     <span class='ocr_line' id='line_1_69' title="bbox 2211 2752 3791 2823; baseline -0.001 -18"><span class='ocrx_word' id='word_1_458' title='bbox 2211 2768 2429 2806; x_wconf 90' lang='lat' dir='ltr'>nonum</span> <span class='ocrx_word' id='word_1_459' title='bbox 2480 2752 2913 2807; x_wconf 89' lang='lat' dir='ltr'>constitutiones</span> <span class='ocrx_word' id='word_1_460' title='bbox 2960 2753 3054 2823; x_wconf 87' lang='lat' dir='ltr'>jus</span> <span class='ocrx_word' id='word_1_461' title='bbox 3107 2769 3279 2807; x_wconf 88' lang='lat' dir='ltr'>suum</span> <span class='ocrx_word' id='word_1_462' title='bbox 3337 2753 3575 2808; x_wconf 78' lang='lat' dir='ltr'>ecclesiae</span> <span class='ocrx_word' id='word_1_463' title='bbox 3625 2754 3791 2807; x_wconf 75' lang='lat' dir='ltr'>sancta-</span> 
     </span>
    </p>
   </div>
   <div class='ocr_carea' id='block_1_70' title="bbox 2210 2845 3791 2918">
    <p class='ocr_par' dir='ltr' id='par_1_70' title="bbox 2210 2845 3791 2918">
     <span class='ocr_line' id='line_1_70' title="bbox 2210 2845 3791 2918; baseline -0.001 -19"><span class='ocrx_word' id='word_1_464' title='bbox 2210 2846 2488 2915; x_wconf 88' lang='lat' dir='ltr'>restituat,</span> <span class='ocrx_word' id='word_1_465' title='bbox 2507 2863 2613 2900; x_wconf 90' lang='lat' dir='ltr'>nec</span> <span class='ocrx_word' id='word_1_466' title='bbox 2627 2849 3038 2902; x_wconf 87' lang='lat' dir='ltr'>testamentum</span> <span class='ocrx_word' id='word_1_467' title='bbox 3063 2847 3413 2902; x_wconf 90' lang='lat' dir='ltr'>successorio</span> <span class='ocrx_word' id='word_1_468' title='bbox 3430 2847 3555 2918; x_wconf 89' lang='lat' dir='ltr'>jure</span> <span class='ocrx_word' id='word_1_469' title='bbox 3575 2845 3791 2916; x_wconf 86' lang='lat' dir='ltr'>cuiquam</span> 
     </span>
    </p>
   </div>
   <div class='ocr_carea' id='block_1_71' title="bbox 2210 2938 3791 3014">
    <p class='ocr_par' dir='ltr' id='par_1_71' title="bbox 2210 2938 3791 3014">
     <span class='ocr_line' id='line_1_71' title="bbox 2210 2938 3791 3014; baseline -0.003 -20"><span class='ocrx_word' id='word_1_470' title='bbox 2210 2940 2506 2994; x_wconf 82' lang='lat' dir='ltr'>haeredum</span> <span class='ocrx_word' id='word_1_471' title='bbox 2547 2943 2645 2994; x_wconf 90' lang='lat' dir='ltr'>aut</span> <span class='ocrx_word' id='word_1_472' title='bbox 2672 2940 3077 3012; x_wconf 86' lang='lat' dir='ltr'>prohaeredum</span> <span class='ocrx_word' id='word_1_473' title='bbox 3116 2941 3424 3014; x_wconf 88' lang='lat' dir='ltr'>relinquat,</span> <span class='ocrx_word' id='word_1_474' title='bbox 3467 2940 3571 2994; x_wconf 88' lang='lat' dir='ltr'>nisi</span> <span class='ocrx_word' id='word_1_475' title='bbox 3602 2938 3791 2993; x_wconf 85' lang='lat' dir='ltr'>forsitan</span> 
     </span>
    </p>
   </div>
   <div class='ocr_carea' id='block_1_72' title="bbox 2211 3031 3791 3108">
    <p class='ocr_par' dir='ltr' id='par_1_72' title="bbox 2211 3031 3791 3108">
     <span class='ocr_line' id='line_1_72' title="bbox 2211 3031 3791 3108; baseline -0.003 -20"><span class='ocrx_word' id='word_1_476' title='bbox 2211 3033 2301 3088; x_wconf 90' lang='lat' dir='ltr'>cui</span> <span class='ocrx_word' id='word_1_477' title='bbox 2329 3034 2626 3106; x_wconf 90' lang='lat' dir='ltr'>episcopus</span> <span class='ocrx_word' id='word_1_478' title='bbox 2667 3051 2773 3105; x_wconf 87' lang='lat' dir='ltr'>pro</span> <span class='ocrx_word' id='word_1_479' title='bbox 2825 3033 3063 3089; x_wconf 85' lang='lat' dir='ltr'>servitiis</span> <span class='ocrx_word' id='word_1_480' title='bbox 3107 3051 3173 3089; x_wconf 91' lang='lat' dir='ltr'>ac</span> <span class='ocrx_word' id='word_1_481' title='bbox 3201 3035 3560 3108; x_wconf 79' lang='lat' dir='ltr'>praestatione</span> <span class='ocrx_word' id='word_1_482' title='bbox 3587 3031 3791 3089; x_wconf 74' lang='lat' dir='ltr'>ecclesiae</span> 
     </span>
    </p>
   </div>
   <div class='ocr_carea' id='block_1_73' title="bbox 2209 3127 2694 3199">
    <p class='ocr_par' dir='ltr' id='par_1_73' title="bbox 2209 3127 2694 3199">
     <span class='ocr_line' id='line_1_73' title="bbox 2209 3127 2694 3199; baseline 0 -17"><span class='ocrx_word' id='word_1_483' title='bbox 2209 3127 2404 3199; x_wconf 88' lang='lat' dir='ltr'>largiri</span> <span class='ocrx_word' id='word_1_484' title='bbox 2433 3127 2694 3182; x_wconf 91' lang='lat' dir='ltr'>voluerit.</span> 
     </span>
    </p>
   </div>
   <div class='ocr_carea' id='block_1_74' title="bbox 2280 3221 3788 3293">
    <p class='ocr_par' dir='ltr' id='par_1_74' title="bbox 2280 3221 3788 3293">
     <span class='ocr_line' id='line_1_74' title="bbox 2280 3221 3788 3293; baseline -0.003 -17"><span class='ocrx_word' id='word_1_485' title='bbox 2280 3224 2342 3276; x_wconf 91' lang='lat' dir='ltr'>V.</span> <span class='ocrx_word' id='word_1_486' title='bbox 2376 3224 2516 3277; x_wconf 88' lang='lat' dir='ltr'>Nam</span> <span class='ocrx_word' id='word_1_487' title='bbox 2538 3227 2596 3277; x_wconf 90' lang='lat' dir='ltr'>et</span> <span class='ocrx_word' id='word_1_488' title='bbox 2625 3222 2746 3277; x_wconf 87' lang='lat' dir='ltr'>haec</span> <span class='ocrx_word' id='word_1_489' title='bbox 2774 3223 3148 3293; x_wconf 68' lang='lat' dir='ltr'>praecavenda</span> <span class='ocrx_word' id='word_1_490' title='bbox 3188 3223 3493 3278; x_wconf 88' lang='lat' dir='ltr'>salubriter</span> <span class='ocrx_word' id='word_1_491' title='bbox 3533 3221 3788 3286; x_wconf 86' lang='lat' dir='ltr'>sancimus,</span> 
     </span>
    </p>
   </div>
   <div class='ocr_carea' id='block_1_75' title="bbox 2209 3316 3786 3390">
    <p class='ocr_par' dir='ltr' id='par_1_75' title="bbox 2209 3316 3786 3390">
     <span class='ocr_line' id='line_1_75' title="bbox 2209 3316 3786 3390; baseline -0.003 -20"><span class='ocrx_word' id='word_1_492' title='bbox 2209 3332 2280 3370; x_wconf 91' lang='lat' dir='ltr'>ne</span> <span class='ocrx_word' id='word_1_493' title='bbox 2295 3316 2420 3387; x_wconf 88' lang='lat' dir='ltr'>quis</span> <span class='ocrx_word' id='word_1_494' title='bbox 2440 3316 2693 3371; x_wconf 84' lang='lat' dir='ltr'>ﬁdelium</span> <span class='ocrx_word' id='word_1_495' title='bbox 2713 3317 3098 3390; x_wconf 89' lang='lat' dir='ltr'>propinquam</span> <span class='ocrx_word' id='word_1_496' title='bbox 3119 3317 3415 3389; x_wconf 88' lang='lat' dir='ltr'>sanguinis</span> <span class='ocrx_word' id='word_1_497' title='bbox 3434 3316 3516 3371; x_wconf 91' lang='lat' dir='ltr'>sui</span> <span class='ocrx_word' id='word_1_498' title='bbox 3542 3331 3786 3387; x_wconf 84' lang='lat' dir='ltr'>usquequu</span> 
     </span>
    </p>
   </div>
   <div class='ocr_carea' id='block_1_76' title="bbox 2208 3407 3791 3482">
    <p class='ocr_par' dir='ltr' id='par_1_76' title="bbox 2208 3407 3791 3482">
     <span class='ocr_line' id='line_1_76' title="bbox 2208 3407 3791 3482; baseline -0.003 -18"><span class='ocrx_word' id='word_1_499' title='bbox 2208 3410 2498 3464; x_wconf 84' lang='lat' dir='ltr'>afﬁnitatis</span> <span class='ocrx_word' id='word_1_500' title='bbox 2526 3410 2870 3465; x_wconf 87' lang='lat' dir='ltr'>lineamenta</span> <span class='ocrx_word' id='word_1_501' title='bbox 2899 3412 3126 3482; x_wconf 88' lang='lat' dir='ltr'>generis</span> <span class='ocrx_word' id='word_1_502' title='bbox 3164 3413 3517 3468; x_wconf 87' lang='lat' dir='ltr'>successione</span> <span class='ocrx_word' id='word_1_503' title='bbox 3553 3407 3791 3480; x_wconf 85' lang='lat' dir='ltr'>cognoscit</span> 
     </span>
    </p>
   </div>
   <div class='ocr_carea' id='block_1_77' title="bbox 2210 3500 3792 3576">
    <p class='ocr_par' dir='ltr' id='par_1_77' title="bbox 2210 3500 3792 3576">
     <span class='ocr_line' id='line_1_77' title="bbox 2210 3500 3792 3576; baseline -0.003 -19"><span class='ocrx_word' id='word_1_504' title='bbox 2210 3504 2268 3557; x_wconf 91' lang='lat' dir='ltr'>in</span> <span class='ocrx_word' id='word_1_505' title='bbox 2296 3503 2663 3558; x_wconf 88' lang='lat' dir='ltr'>matrimonio</span> <span class='ocrx_word' id='word_1_506' title='bbox 2694 3503 2800 3558; x_wconf 91' lang='lat' dir='ltr'>sibi</span> <span class='ocrx_word' id='word_1_507' title='bbox 2825 3504 3107 3560; x_wconf 88' lang='lat' dir='ltr'>desideret</span> <span class='ocrx_word' id='word_1_508' title='bbox 3131 3505 3672 3576; x_wconf 88' lang='lat' dir='ltr'>c0pulari,quoniam</span> <span class='ocrx_word' id='word_1_509' title='bbox 3691 3500 3792 3555; x_wconf 83' lang='lat' dir='ltr'>scri—</span> 
     </span>
    </p>
   </div>
   <div class='ocr_carea' id='block_1_78' title="bbox 2207 3593 3789 3670">
    <p class='ocr_par' dir='ltr' id='par_1_78' title="bbox 2207 3593 3789 3670">
     <span class='ocr_line' id='line_1_78' title="bbox 2207 3593 3789 3670; baseline -0.004 -18"><span class='ocrx_word' id='word_1_510' title='bbox 2207 3602 2369 3668; x_wconf 91' lang='lat' dir='ltr'>ptum</span> <span class='ocrx_word' id='word_1_511' title='bbox 2397 3601 2482 3652; x_wconf 90' lang='lat' dir='ltr'>est</span> <span class='ocrx_word' id='word_1_512' title='bbox 2511 3615 2524 3652; x_wconf 90' lang='lat'><strong>:</strong></span> <span class='ocrx_word' id='word_1_513' title='bbox 2562 3598 2756 3653; x_wconf 90' lang='lat' dir='ltr'>Omnis</span> <span class='ocrx_word' id='word_1_514' title='bbox 2781 3599 2951 3653; x_wconf 92' lang='lat' dir='ltr'>homo</span> <span class='ocrx_word' id='word_1_515' title='bbox 2979 3600 3049 3654; x_wconf 91' lang='lat' dir='ltr'>ad</span> <span class='ocrx_word' id='word_1_516' title='bbox 3080 3599 3407 3670; x_wconf 82' lang='lat' dir='ltr'>proximam</span> <span class='ocrx_word' id='word_1_517' title='bbox 3435 3596 3703 3670; x_wconf 87' lang='lat' dir='ltr'>sanguinis</span> <span class='ocrx_word' id='word_1_518' title='bbox 3723 3593 3789 3647; x_wconf 84' lang='lat' dir='ltr'>sui</span> 
     </span>
    </p>
   </div>
   <div class='ocr_carea' id='block_1_79' title="bbox 2207 3688 3788 3764">
    <p class='ocr_par' dir='ltr' id='par_1_79' title="bbox 2207 3688 3788 3764">
     <span class='ocr_line' id='line_1_79' title="bbox 2207 3688 3788 3764; baseline -0.004 -19"><span class='ocrx_word' id='word_1_519' title='bbox 2207 3708 2321 3746; x_wconf 92' lang='lat' dir='ltr'>non</span> <span class='ocrx_word' id='word_1_520' title='bbox 2352 3692 2598 3759; x_wconf 88' lang='lat' dir='ltr'>accedat,</span> <span class='ocrx_word' id='word_1_521' title='bbox 2641 3697 2706 3746; x_wconf 91' lang='lat' dir='ltr'>ut</span> <span class='ocrx_word' id='word_1_522' title='bbox 2739 3694 2952 3748; x_wconf 86' lang='lat' dir='ltr'>revelet</span> <span class='ocrx_word' id='word_1_523' title='bbox 2971 3693 3387 3764; x_wconf 88' lang='lat' dir='ltr'>turpitudinem</span> <span class='ocrx_word' id='word_1_524' title='bbox 3418 3694 3552 3764; x_wconf 84' lang='lat' dir='ltr'>ejus,</span> <span class='ocrx_word' id='word_1_525' title='bbox 3579 3707 3670 3744; x_wconf 87' lang='lat' dir='ltr'>nec</span> <span class='ocrx_word' id='word_1_526' title='bbox 3697 3688 3788 3741; x_wconf 87' lang='lat' dir='ltr'>sine</span> 
     </span>
    </p>
   </div>
   <div class='ocr_carea' id='block_1_80' title="bbox 2207 3782 3788 3858">
    <p class='ocr_par' dir='ltr' id='par_1_80' title="bbox 2207 3782 3788 3858">
     <span class='ocr_line' id='line_1_80' title="bbox 2207 3782 3788 3858; baseline -0.006 -18"><span class='ocrx_word' id='word_1_527' title='bbox 2207 3785 2639 3841; x_wconf 88' lang='lat' dir='ltr'>denuntiatione</span> <span class='ocrx_word' id='word_1_528' title='bbox 2670 3785 2740 3841; x_wconf 90' lang='lat' dir='ltr'>sit</span> <span class='ocrx_word' id='word_1_529' title='bbox 2755 3787 3072 3855; x_wconf 86' lang='lat' dir='ltr'>sententiae,</span> <span class='ocrx_word' id='word_1_530' title='bbox 3094 3804 3232 3841; x_wconf 87' lang='lat' dir='ltr'>nam</span> <span class='ocrx_word' id='word_1_531' title='bbox 3258 3788 3429 3858; x_wconf 85' lang='lat' dir='ltr'>paulo</span> <span class='ocrx_word' id='word_1_532' title='bbox 3452 3791 3570 3858; x_wconf 90' lang='lat' dir='ltr'>post</span> <span class='ocrx_word' id='word_1_533' title='bbox 3589 3784 3731 3838; x_wconf 83' lang='lat' dir='ltr'>infert</span> <span class='ocrx_word' id='word_1_534' title='bbox 3747 3782 3788 3832; x_wconf 83' lang='lat' dir='ltr'>et</span> 
     </span>
    </p>
   </div>
   <div class='ocr_carea' id='block_1_81' title="bbox 2207 3873 3788 3951">
    <p class='ocr_par' dir='ltr' id='par_1_81' title="bbox 2207 3873 3788 3951">
     <span class='ocr_line' id='line_1_81' title="bbox 2207 3873 3788 3951; baseline -0.004 -18"><span class='ocrx_word' id='word_1_535' title='bbox 2207 3879 2341 3933; x_wconf 90' lang='lat' dir='ltr'>dicit</span> <span class='ocrx_word' id='word_1_536' title='bbox 2374 3897 2386 3933; x_wconf 91' lang='lat'><strong>:</strong></span> <span class='ocrx_word' id='word_1_537' title='bbox 2419 3879 2624 3934; x_wconf 80' lang='lat' dir='ltr'>Anima</span> <span class='ocrx_word' id='word_1_538' title='bbox 2656 3897 2784 3951; x_wconf 74' lang='lat' dir='ltr'>quae</span> <span class='ocrx_word' id='word_1_539' title='bbox 2827 3880 3026 3936; x_wconf 89' lang='lat' dir='ltr'>fecerit</span> <span class='ocrx_word' id='word_1_540' title='bbox 3055 3881 3122 3935; x_wconf 89' lang='lat' dir='ltr'>de</span> <span class='ocrx_word' id='word_1_541' title='bbox 3151 3878 3658 3936; x_wconf 85' lang='lat' dir='ltr'>abominationibus</span> <span class='ocrx_word' id='word_1_542' title='bbox 3698 3873 3788 3928; x_wconf 81' lang='lat' dir='ltr'>istis</span> 
     </span>
    </p>
   </div>
   <div class='ocr_carea' id='block_1_82' title="bbox 2205 3971 3786 4046">
    <p class='ocr_par' dir='ltr' id='par_1_82' title="bbox 2205 3971 3786 4046">
     <span class='ocr_line' id='line_1_82' title="bbox 2205 3971 3786 4046; baseline -0.002 -21"><span class='ocrx_word' id='word_1_543' title='bbox 2205 3973 2522 4044; x_wconf 88' lang='lat' dir='ltr'>quidpiam,</span> <span class='ocrx_word' id='word_1_544' title='bbox 2549 3973 2759 4044; x_wconf 88' lang='lat' dir='ltr'>peribit</span> <span class='ocrx_word' id='word_1_545' title='bbox 2789 3973 2858 4030; x_wconf 92' lang='lat' dir='ltr'>de</span> <span class='ocrx_word' id='word_1_546' title='bbox 2887 3975 3074 4029; x_wconf 88' lang='lat' dir='ltr'>medio</span> <span class='ocrx_word' id='word_1_547' title='bbox 3101 3975 3301 4046; x_wconf 91' lang='lat' dir='ltr'>populi</span> <span class='ocrx_word' id='word_1_548' title='bbox 3329 3975 3437 4030; x_wconf 91' lang='lat' dir='ltr'>sui.</span> <span class='ocrx_word' id='word_1_549' title='bbox 3465 3973 3518 4029; x_wconf 92' lang='lat' dir='ltr'>Si</span> <span class='ocrx_word' id='word_1_550' title='bbox 3542 3971 3656 4043; x_wconf 86' lang='lat' dir='ltr'>quis</span> <span class='ocrx_word' id='word_1_551' title='bbox 3679 3982 3786 4038; x_wconf 78' lang='lat' dir='ltr'>ergo</span> 
     </span>
    </p>
   </div>
   <div class='ocr_carea' id='block_1_83' title="bbox 2204 4062 3788 4138">
    <p class='ocr_par' dir='ltr' id='par_1_83' title="bbox 2204 4062 3788 4138">
     <span class='ocr_line' id='line_1_83' title="bbox 2204 4062 3788 4138; baseline 0 -19"><span class='ocrx_word' id='word_1_552' title='bbox 2204 4066 2374 4136; x_wconf 86' lang='lat' dir='ltr'>hujus</span> <span class='ocrx_word' id='word_1_553' title='bbox 2402 4067 2616 4121; x_wconf 91' lang='lat' dir='ltr'>decreti</span> <span class='ocrx_word' id='word_1_554' title='bbox 2647 4071 2958 4123; x_wconf 89' lang='lat' dir='ltr'>temerator</span> <span class='ocrx_word' id='word_1_555' title='bbox 2991 4068 3288 4138; x_wconf 83' lang='lat' dir='ltr'>exstiterit,</span> <span class='ocrx_word' id='word_1_556' title='bbox 3337 4086 3401 4123; x_wconf 93' lang='lat' dir='ltr'>ac</span> <span class='ocrx_word' id='word_1_557' title='bbox 3440 4067 3660 4122; x_wconf 87' lang='lat' dir='ltr'>vetitum</span> <span class='ocrx_word' id='word_1_558' title='bbox 3694 4062 3788 4114; x_wconf 78' lang='lat' dir='ltr'>vio-</span> 
     </span>
    </p>
   </div>
   <div class='ocr_carea' id='block_1_84' title="bbox 2201 4157 3789 4234">
    <p class='ocr_par' dir='ltr' id='par_1_84' title="bbox 2201 4157 3789 4234">
     <span class='ocr_line' id='line_1_84' title="bbox 2201 4157 3789 4234; baseline -0.003 -21"><span class='ocrx_word' id='word_1_559' title='bbox 2201 4159 2317 4214; x_wconf 91' lang='lat' dir='ltr'>lare</span> <span class='ocrx_word' id='word_1_560' title='bbox 2342 4162 2797 4232; x_wconf 79' lang='lat' dir='ltr'>praesumpserit,</span> <span class='ocrx_word' id='word_1_561' title='bbox 2827 4165 2985 4216; x_wconf 91' lang='lat' dir='ltr'>tanto</span> <span class='ocrx_word' id='word_1_562' title='bbox 3009 4162 3258 4234; x_wconf 88' lang='lat' dir='ltr'>graviori</span> <span class='ocrx_word' id='word_1_563' title='bbox 3294 4161 3570 4217; x_wconf 83' lang='lat' dir='ltr'>sententia</span> <span class='ocrx_word' id='word_1_564' title='bbox 3593 4157 3789 4214; x_wconf 86' lang='lat' dir='ltr'>multan-</span> 
     </span>
    </p>
   </div>
   <div class='ocr_carea' id='block_1_85' title="bbox 2204 4246 3786 4328">
    <p class='ocr_par' dir='ltr' id='par_1_85' title="bbox 2204 4246 3786 4328">
     <span class='ocr_line' id='line_1_85' title="bbox 2204 4246 3786 4328; baseline 0 -23"><span class='ocrx_word' id='word_1_565' title='bbox 2204 4253 2340 4306; x_wconf 91' lang='lat' dir='ltr'>dum</span> <span class='ocrx_word' id='word_1_566' title='bbox 2370 4270 2426 4308; x_wconf 91' lang='lat' dir='ltr'>se</span> <span class='ocrx_word' id='word_1_567' title='bbox 2454 4260 2843 4326; x_wconf 87' lang='lat' dir='ltr'>recognoscat,</span> <span class='ocrx_word' id='word_1_568' title='bbox 2874 4262 3086 4327; x_wconf 86' lang='lat' dir='ltr'>quanto</span> <span class='ocrx_word' id='word_1_569' title='bbox 3103 4272 3230 4310; x_wconf 90' lang='lat' dir='ltr'>eam</span> <span class='ocrx_word' id='word_1_570' title='bbox 3250 4256 3703 4328; x_wconf 85' lang='lat' dir='ltr'>prepinquiorem</span> <span class='ocrx_word' id='word_1_571' title='bbox 3718 4246 3786 4302; x_wconf 85' lang='lat' dir='ltr'>cui</span> 
     </span>
    </p>
   </div>
   <div class='ocr_carea' id='block_1_86' title="bbox 2201 4343 3784 4420">
    <p class='ocr_par' dir='ltr' id='par_1_86' title="bbox 2201 4343 3784 4420">
     <span class='ocr_line' id='line_1_86' title="bbox 2201 4343 3784 4420; baseline 0.002 -19"><span class='ocrx_word' id='word_1_572' title='bbox 2201 4348 2453 4418; x_wconf 89' lang='lat' dir='ltr'>copulari</span> <span class='ocrx_word' id='word_1_573' title='bbox 2481 4365 2538 4403; x_wconf 93' lang='lat' dir='ltr'>se</span> <span class='ocrx_word' id='word_1_574' title='bbox 2565 4349 2771 4404; x_wconf 88' lang='lat' dir='ltr'>maluit</span> <span class='ocrx_word' id='word_1_575' title='bbox 2817 4351 2964 4404; x_wconf 89' lang='lat' dir='ltr'>serie</span> <span class='ocrx_word' id='word_1_576' title='bbox 3008 4350 3246 4420; x_wconf 88' lang='lat' dir='ltr'>originis</span> <span class='ocrx_word' id='word_1_577' title='bbox 3273 4367 3396 4406; x_wconf 89' lang='lat' dir='ltr'>esse</span> <span class='ocrx_word' id='word_1_578' title='bbox 3427 4368 3539 4405; x_wconf 91' lang='lat' dir='ltr'>non</span> <span class='ocrx_word' id='word_1_579' title='bbox 3572 4343 3784 4412; x_wconf 53' lang='lat' dir='ltr'>ambis“,</span> 
     </span>
    </p>
   </div>
   <div class='ocr_carea' id='block_1_87' title="bbox 2199 4443 3787 4527">
    <p class='ocr_par' dir='ltr' id='par_1_87' title="bbox 2199 4443 3787 4527">
     <span class='ocr_line' id='line_1_87' title="bbox 2199 4443 3787 4527; baseline -0.002 -31"><span class='ocrx_word' id='word_1_580' title='bbox 2199 4447 2467 4513; x_wconf 90' lang='lat' dir='ltr'>tantoque</span> <span class='ocrx_word' id='word_1_581' title='bbox 2519 4443 2830 4498; x_wconf 89' lang='lat' dir='ltr'>annosioris</span> <span class='ocrx_word' id='word_1_582' title='bbox 2869 4445 3478 4502; x_wconf 85' lang='lat' dir='ltr'>exeommunicationis</span> <span class='ocrx_word' id='word_1_583' title='bbox 3514 4449 3739 4527; x_wconf 61' lang='lat' dir='ltr'>tempore</span> <span class='ocrx_word' id='word_1_584' title='bbox 3763 4450 3787 4485; x_wconf 66' lang='grc' dir='ltr'>ἃ</span> 
     </span>
    </p>
   </div>
   <div class='ocr_carea' id='block_1_88' title="bbox 2199 4535 3786 4608">
    <p class='ocr_par' dir='ltr' id='par_1_88' title="bbox 2199 4535 3786 4608">
     <span class='ocr_line' id='line_1_88' title="bbox 2199 4535 3786 4608; baseline -0.003 -19"><span class='ocrx_word' id='word_1_585' title='bbox 2199 4535 2402 4590; x_wconf 83' lang='lat' dir='ltr'>Christi</span> <span class='ocrx_word' id='word_1_586' title='bbox 2441 4553 2677 4608; x_wconf 90' lang='lat' dir='ltr'>corpore</span> <span class='ocrx_word' id='word_1_587' title='bbox 2707 4541 2763 4591; x_wconf 91' lang='lat' dir='ltr'>et</span> <span class='ocrx_word' id='word_1_588' title='bbox 2797 4537 3166 4593; x_wconf 88' lang='lat' dir='ltr'>fraternitatis</span> <span class='ocrx_word' id='word_1_589' title='bbox 3205 4539 3490 4594; x_wconf 89' lang='lat' dir='ltr'>consortio</span> <span class='ocrx_word' id='word_1_590' title='bbox 3527 4535 3786 4606; x_wconf 81' lang='lat' dir='ltr'>sequestre-</span> 
     </span>
    </p>
   </div>
   <div class='ocr_carea' id='block_1_89' title="bbox 2196 4627 3783 4705">
    <p class='ocr_par' dir='ltr' id='par_1_89' title="bbox 2196 4627 3783 4705">
     <span class='ocr_line' id='line_1_89' title="bbox 2196 4627 3783 4705; baseline -0.003 -22"><span class='ocrx_word' id='word_1_591' title='bbox 2196 4634 2311 4699; x_wconf 90' lang='lat' dir='ltr'>tur,</span> <span class='ocrx_word' id='word_1_592' title='bbox 2354 4636 2567 4701; x_wconf 90' lang='lat' dir='ltr'>quanto</span> <span class='ocrx_word' id='word_1_593' title='bbox 2603 4631 2776 4687; x_wconf 88' lang='lat' dir='ltr'>fuerit</span> <span class='ocrx_word' id='word_1_594' title='bbox 2835 4632 3254 4704; x_wconf 89' lang='lat' dir='ltr'>propinquioris</span> <span class='ocrx_word' id='word_1_595' title='bbox 3303 4631 3592 4705; x_wconf 88' lang='lat' dir='ltr'>sanguinis</span> <span class='ocrx_word' id='word_1_596' title='bbox 3627 4627 3783 4682; x_wconf 78' lang='lat' dir='ltr'>conla-</span> 
     </span>
    </p>
   </div>
   <div class='ocr_carea' id='block_1_90' title="bbox 2200 4715 3787 4798">
    <p class='ocr_par' dir='ltr' id='par_1_90' title="bbox 2200 4715 3787 4798">
     <span class='ocr_line' id='line_1_90' title="bbox 2200 4715 3787 4798; baseline -0.007 -20"><span class='ocrx_word' id='word_1_597' title='bbox 2200 4724 2366 4795; x_wconf 92' lang='lat' dir='ltr'>gione</span> <span class='ocrx_word' id='word_1_598' title='bbox 2397 4725 2668 4794; x_wconf 91' lang='lat' dir='ltr'>pollutus.</span> <span class='ocrx_word' id='word_1_599' title='bbox 2698 4726 2873 4797; x_wconf 86' lang='lat' dir='ltr'>Hujus</span> <span class='ocrx_word' id='word_1_600' title='bbox 2900 4727 3271 4782; x_wconf 88' lang='lat' dir='ltr'>institutionis</span> <span class='ocrx_word' id='word_1_601' title='bbox 3299 4727 3556 4798; x_wconf 87' lang='lat' dir='ltr'>regulam</span> <span class='ocrx_word' id='word_1_602' title='bbox 3577 4722 3664 4794; x_wconf 90' lang='lat' dir='ltr'>qui</span> <span class='ocrx_word' id='word_1_603' title='bbox 3686 4715 3787 4772; x_wconf 84' lang='lat' dir='ltr'>sub-</span> 
     </span>
    </p>
   </div>
   <div class='ocr_carea' id='block_1_91' title="bbox 2199 4816 3782 4891">
    <p class='ocr_par' dir='ltr' id='par_1_91' title="bbox 2199 4816 3782 4891">
     <span class='ocr_line' id='line_1_91' title="bbox 2199 4816 3782 4891; baseline -0.004 -19"><span class='ocrx_word' id='word_1_604' title='bbox 2199 4818 2523 4889; x_wconf 90' lang='lat' dir='ltr'>scripsimus</span> <span class='ocrx_word' id='word_1_605' title='bbox 2561 4818 2938 4891; x_wconf 78' lang='lat' dir='ltr'>irrefregabili</span> <span class='ocrx_word' id='word_1_606' title='bbox 2962 4820 3303 4876; x_wconf 85' lang='lat' dir='ltr'>auctoritate</span> <span class='ocrx_word' id='word_1_607' title='bbox 3346 4837 3448 4876; x_wconf 89' lang='lat' dir='ltr'>nos</span> <span class='ocrx_word' id='word_1_608' title='bbox 3485 4816 3782 4890; x_wconf 69' lang='lat' dir='ltr'>spondemus</span> 
     </span>
    </p>
   </div>
   <div class='ocr_carea' id='block_1_92' title="bbox 458 4908 3782 4988">
    <p class='ocr_par' dir='ltr' id='par_1_92' title="bbox 458 4908 3782 4988">
     <span class='ocr_line' id='line_1_92' title="bbox 458 4908 3782 4988; baseline 0.001 -27"><span class='ocrx_word' id='word_1_609' title='bbox 458 4910 632 4978; x_wconf 89' lang='lat' dir='ltr'>gente</span> <span class='ocrx_word' id='word_1_610' title='bbox 673 4908 961 4980; x_wconf 90' lang='lat' dir='ltr'>propriam</span> <span class='ocrx_word' id='word_1_611' title='bbox 1000 4909 1388 4980; x_wconf 89' lang='lat' dir='ltr'>relinquentes</span> <span class='ocrx_word' id='word_1_612' title='bbox 1427 4909 1761 4978; x_wconf 89' lang='lat' dir='ltr'>ecclesiam,</span> <span class='ocrx_word' id='word_1_613' title='bbox 1816 4911 1888 4964; x_wconf 89' lang='lat' dir='ltr'>ad</span> <span class='ocrx_word' id='word_1_614' title='bbox 1927 4910 2174 4988; x_wconf 84' lang='lat' dir='ltr'>aliamD</span> <span class='ocrx_word' id='word_1_615' title='bbox 2199 4915 2538 4967; x_wconf 85' lang='lat' dir='ltr'>servaturos.</span> <span class='ocrx_word' id='word_1_616' title='bbox 2572 4913 2627 4968; x_wconf 92' lang='lat' dir='ltr'>Si</span> <span class='ocrx_word' id='word_1_617' title='bbox 2654 4913 2780 4984; x_wconf 90' lang='lat' dir='ltr'>quis</span> <span class='ocrx_word' id='word_1_618' title='bbox 2822 4917 3016 4968; x_wconf 88' lang='lat' dir='ltr'>autem</span> <span class='ocrx_word' id='word_1_619' title='bbox 3061 4917 3179 4969; x_wconf 89' lang='lat' dir='ltr'>tam</span> <span class='ocrx_word' id='word_1_620' title='bbox 3228 4920 3484 4970; x_wconf 88' lang='lat' dir='ltr'>nostram</span> <span class='ocrx_word' id='word_1_621' title='bbox 3514 4911 3590 4966; x_wconf 90' lang='lat' dir='ltr'>vel</span> <span class='ocrx_word' id='word_1_622' title='bbox 3621 4917 3782 4961; x_wconf 78' lang='lat' dir='ltr'>eorum</span> 
     </span>
    </p>
   </div>
   <div class='ocr_carea' id='block_1_93' title="bbox 455 5001 2092 5074">
    <p class='ocr_par' dir='ltr' id='par_1_93' title="bbox 455 5001 2092 5074">
     <span class='ocr_line' id='line_1_93' title="bbox 455 5001 2092 5074; baseline 0.003 -19"><span class='ocrx_word' id='word_1_623' title='bbox 455 5001 699 5056; x_wconf 90' lang='lat' dir='ltr'>transire</span> <span class='ocrx_word' id='word_1_624' title='bbox 729 5005 1097 5073; x_wconf 74' lang='lat' dir='ltr'>praesumant,</span> <span class='ocrx_word' id='word_1_625' title='bbox 1131 5003 1424 5074; x_wconf 87' lang='lat' dir='ltr'>episcopus</span> <span class='ocrx_word' id='word_1_626' title='bbox 1445 5019 1577 5058; x_wconf 90' lang='lat' dir='ltr'>vero</span> <span class='ocrx_word' id='word_1_627' title='bbox 1618 5003 1717 5074; x_wconf 89' lang='lat' dir='ltr'>qui</span> <span class='ocrx_word' id='word_1_628' title='bbox 1756 5020 1886 5058; x_wconf 89' lang='lat' dir='ltr'>eum</span> <span class='ocrx_word' id='word_1_629' title='bbox 1915 5005 2092 5060; x_wconf 91' lang='lat' dir='ltr'>susci-</span> 
     </span>
    </p>
   </div>
   <div class='ocr_carea' id='block_1_94' title="bbox 458 5095 2094 5168">
    <p class='ocr_par' dir='ltr' id='par_1_94' title="bbox 458 5095 2094 5168">
     <span class='ocr_line' id='line_1_94' title="bbox 458 5095 2094 5168; baseline 0.002 -18"><span class='ocrx_word' id='word_1_630' title='bbox 458 5111 593 5167; x_wconf 90' lang='lat' dir='ltr'>pere</span> <span class='ocrx_word' id='word_1_631' title='bbox 620 5095 833 5168; x_wconf 88' lang='lat' dir='ltr'>absque</span> <span class='ocrx_word' id='word_1_632' title='bbox 873 5095 1219 5151; x_wconf 91' lang='lat' dir='ltr'>conscientia</span> <span class='ocrx_word' id='word_1_633' title='bbox 1247 5097 1463 5167; x_wconf 90' lang='lat' dir='ltr'>proprii</span> <span class='ocrx_word' id='word_1_634' title='bbox 1503 5097 1812 5152; x_wconf 85' lang='lat' dir='ltr'>saeerdotis</span> <span class='ocrx_word' id='word_1_635' title='bbox 1855 5098 2094 5153; x_wconf 87' lang='lat' dir='ltr'>fortasse</span> 
     </span>
    </p>
   </div>
   <div class='ocr_carea' id='block_1_95' title="bbox 455 5190 2100 5262">
    <p class='ocr_par' dir='ltr' id='par_1_95' title="bbox 455 5190 2100 5262">
     <span class='ocr_line' id='line_1_95' title="bbox 455 5190 2100 5262; baseline 0.002 -19"><span class='ocrx_word' id='word_1_636' title='bbox 455 5190 906 5262; x_wconf 76' lang='lat' dir='ltr'>praesumpserit,</span> <span class='ocrx_word' id='word_1_637' title='bbox 951 5190 1122 5245; x_wconf 89' lang='lat' dir='ltr'>totius</span> <span class='ocrx_word' id='word_1_638' title='bbox 1169 5190 1541 5246; x_wconf 81' lang='lat' dir='ltr'>fraternitatis</span> <span class='ocrx_word' id='word_1_639' title='bbox 1565 5208 1624 5246; x_wconf 91' lang='lat' dir='ltr'>se</span> <span class='ocrx_word' id='word_1_640' title='bbox 1656 5208 1820 5246; x_wconf 91' lang='lat' dir='ltr'>reum</span> <span class='ocrx_word' id='word_1_641' title='bbox 1849 5209 1970 5247; x_wconf 88' lang='lat' dir='ltr'>esse</span> <span class='ocrx_word' id='word_1_642' title='bbox 1998 5210 2100 5247; x_wconf 92' lang='lat' dir='ltr'>no-</span> 
     </span>
    </p>
   </div>
   <div class='ocr_carea' id='block_1_96' title="bbox 454 5284 2097 5356">
    <p class='ocr_par' dir='ltr' id='par_1_96' title="bbox 454 5284 2097 5356">
     <span class='ocr_line' id='line_1_96' title="bbox 454 5284 2097 5356; baseline 0.001 -19"><span class='ocrx_word' id='word_1_643' title='bbox 454 5284 630 5352; x_wconf 90' lang='lat' dir='ltr'>verit,</span> <span class='ocrx_word' id='word_1_644' title='bbox 697 5284 829 5356; x_wconf 90' lang='lat' dir='ltr'>quia</span> <span class='ocrx_word' id='word_1_645' title='bbox 884 5284 1093 5339; x_wconf 88' lang='lat' dir='ltr'>durum</span> <span class='ocrx_word' id='word_1_646' title='bbox 1133 5287 1218 5338; x_wconf 91' lang='lat' dir='ltr'>est</span> <span class='ocrx_word' id='word_1_647' title='bbox 1255 5289 1315 5339; x_wconf 92' lang='lat' dir='ltr'>ut</span> <span class='ocrx_word' id='word_1_648' title='bbox 1356 5301 1491 5340; x_wconf 91' lang='lat' dir='ltr'>eum</span> <span class='ocrx_word' id='word_1_649' title='bbox 1532 5301 1704 5356; x_wconf 90' lang='lat' dir='ltr'>quem</span> <span class='ocrx_word' id='word_1_650' title='bbox 1744 5286 1885 5340; x_wconf 89' lang='lat' dir='ltr'>alius</span> <span class='ocrx_word' id='word_1_651' title='bbox 1922 5285 2097 5340; x_wconf 86' lang='lat' dir='ltr'>rurali</span> 
     </span>
    </p>
   </div>
   <div class='ocr_carea' id='block_1_97' title="bbox 456 5377 2096 5450">
    <p class='ocr_par' dir='ltr' id='par_1_97' title="bbox 456 5377 2096 5450">
     <span class='ocr_line' id='line_1_97' title="bbox 456 5377 2096 5450; baseline 0.001 -17"><span class='ocrx_word' id='word_1_652' title='bbox 456 5395 627 5433; x_wconf 88' lang='lat' dir='ltr'>sensu</span> <span class='ocrx_word' id='word_1_653' title='bbox 673 5395 738 5433; x_wconf 92' lang='lat' dir='ltr'>ac</span> <span class='ocrx_word' id='word_1_654' title='bbox 785 5379 1004 5434; x_wconf 90' lang='lat' dir='ltr'>scelere</span> <span class='ocrx_word' id='word_1_655' title='bbox 1034 5377 1289 5433; x_wconf 64' lang='lat' dir='ltr'>infantia:</span> <span class='ocrx_word' id='word_1_656' title='bbox 1318 5379 1497 5449; x_wconf 82' lang='lat' dir='ltr'>exuit,</span> <span class='ocrx_word' id='word_1_657' title='bbox 1529 5378 1673 5433; x_wconf 90' lang='lat' dir='ltr'>alius</span> <span class='ocrx_word' id='word_1_658' title='bbox 1719 5378 2001 5450; x_wconf 88' lang='lat' dir='ltr'>suscipere</span> <span class='ocrx_word' id='word_1_659' title='bbox 2031 5394 2096 5434; x_wconf 90' lang='lat' dir='ltr'>ac</span> 
     </span>
    </p>
   </div>
   <div class='ocr_carea' id='block_1_98' title="bbox 453 5472 1102 5544">
    <p class='ocr_par' dir='ltr' id='par_1_98' title="bbox 453 5472 1102 5544">
     <span class='ocr_line' id='line_1_98' title="bbox 453 5472 1102 5544; baseline 0.005 -19"><span class='ocrx_word' id='word_1_660' title='bbox 453 5472 743 5528; x_wconf 90' lang='lat' dir='ltr'>vindicare</span> <span class='ocrx_word' id='word_1_661' title='bbox 769 5477 1102 5544; x_wconf 70' lang='lat' dir='ltr'>prmsumat.</span> 
     </span>
    </p>
   </div>
   <div class='ocr_carea' id='block_1_99' title="bbox 524 5565 2098 5638">
    <p class='ocr_par' dir='ltr' id='par_1_99' title="bbox 524 5565 2098 5638">
     <span class='ocr_line' id='line_1_99' title="bbox 524 5565 2098 5638; baseline 0.001 -17"><span class='ocrx_word' id='word_1_662' title='bbox 524 5568 612 5621; x_wconf 89' lang='lat' dir='ltr'><strong>IlI.</strong></span> <span class='ocrx_word' id='word_1_663' title='bbox 660 5567 803 5622; x_wconf 90' lang='lat' dir='ltr'>Illud</span> <span class='ocrx_word' id='word_1_664' title='bbox 851 5583 984 5622; x_wconf 91' lang='lat' dir='ltr'>vero</span> <span class='ocrx_word' id='word_1_665' title='bbox 1028 5571 1304 5638; x_wconf 65' lang='lat' dir='ltr'>praeterea</span> <span class='ocrx_word' id='word_1_666' title='bbox 1355 5565 1582 5638; x_wconf 88' lang='lat' dir='ltr'>speciali</span> <span class='ocrx_word' id='word_1_667' title='bbox 1611 5565 1966 5622; x_wconf 89' lang='lat' dir='ltr'>ordinatione</span> <span class='ocrx_word' id='word_1_668' title='bbox 2004 5567 2098 5622; x_wconf 90' lang='lat' dir='ltr'>de-</span> 
     </span>
    </p>
   </div>
   <div class='ocr_carea' id='block_1_100' title="bbox 454 5658 2095 5731">
    <p class='ocr_par' dir='ltr' id='par_1_100' title="bbox 454 5658 2095 5731">
     <span class='ocr_line' id='line_1_100' title="bbox 454 5658 2095 5731; baseline 0.004 -21"><span class='ocrx_word' id='word_1_669' title='bbox 454 5658 755 5726; x_wconf 89' lang='lat' dir='ltr'>crevimus,</span> <span class='ocrx_word' id='word_1_670' title='bbox 798 5661 952 5730; x_wconf 89' lang='lat' dir='ltr'>quod</span> <span class='ocrx_word' id='word_1_671' title='bbox 999 5677 1103 5716; x_wconf 91' lang='lat' dir='ltr'>nec</span> <span class='ocrx_word' id='word_1_672' title='bbox 1147 5661 1384 5731; x_wconf 88' lang='lat' dir='ltr'>antiqua</span> <span class='ocrx_word' id='word_1_673' title='bbox 1424 5659 1658 5715; x_wconf 89' lang='lat' dir='ltr'>concilia</span> <span class='ocrx_word' id='word_1_674' title='bbox 1703 5660 1763 5714; x_wconf 92' lang='lat' dir='ltr'>in</span> <span class='ocrx_word' id='word_1_675' title='bbox 1816 5659 2095 5716; x_wconf 88' lang='lat' dir='ltr'>universis</span> 
     </span>
    </p>
   </div>
   <div class='ocr_carea' id='block_1_101' title="bbox 458 5751 2094 5826">
    <p class='ocr_par' dir='ltr' id='par_1_101' title="bbox 458 5751 2094 5826">
     <span class='ocr_line' id='line_1_101' title="bbox 458 5751 2094 5826; baseline 0.006 -26"><span class='ocrx_word' id='word_1_676' title='bbox 458 5751 772 5803; x_wconf 89' lang='lat' dir='ltr'>canonibus</span> <span class='ocrx_word' id='word_1_677' title='bbox 824 5753 1121 5822; x_wconf 90' lang='lat' dir='ltr'>siluerunt,</span> <span class='ocrx_word' id='word_1_678' title='bbox 1153 5757 1220 5808; x_wconf 87' lang='lat' dir='ltr'>ut</span> <span class='ocrx_word' id='word_1_679' title='bbox 1247 5754 1437 5808; x_wconf 91' lang='lat' dir='ltr'>nullus</span> <span class='ocrx_word' id='word_1_680' title='bbox 1481 5753 1815 5808; x_wconf 90' lang='lat' dir='ltr'>clericorum</span> <span class='ocrx_word' id='word_1_681' title='bbox 1849 5771 1882 5809; x_wconf 90' lang='lat' dir='ltr'>a</span> <span class='ocrx_word' id='word_1_682' title='bbox 1913 5755 2094 5826; x_wconf 84' lang='lat' dir='ltr'>gradu</span> 
     </span>
    </p>
   </div>
   <div class='ocr_carea' id='block_1_102' title="bbox 459 5839 2095 5919">
    <p class='ocr_par' dir='ltr' id='par_1_102' title="bbox 459 5839 2095 5919">
     <span class='ocr_line' id='line_1_102' title="bbox 459 5839 2095 5919; baseline 0.007 -26"><span class='ocrx_word' id='word_1_683' title='bbox 459 5839 900 5899; x_wconf 87' lang='lat' dir='ltr'>subdiaconatus</span> <span class='ocrx_word' id='word_1_684' title='bbox 939 5851 996 5900; x_wconf 89' lang='lat' dir='ltr'>et</span> <span class='ocrx_word' id='word_1_685' title='bbox 1034 5863 1205 5919; x_wconf 88' lang='lat' dir='ltr'>supra</span> <span class='ocrx_word' id='word_1_686' title='bbox 1261 5846 1320 5902; x_wconf 90' lang='lat' dir='ltr'>in</span> <span class='ocrx_word' id='word_1_687' title='bbox 1371 5846 1657 5903; x_wconf 87' lang='lat' dir='ltr'>consortio</span> <span class='ocrx_word' id='word_1_688' title='bbox 1696 5848 2095 5906; x_wconf 80' lang='lat' dir='ltr'>familiaritatis</span> 
     </span>
    </p>
   </div>
   <div class='ocr_carea' id='block_1_103' title="bbox 2195 4995 3777 5074">
    <p class='ocr_par' dir='ltr' id='par_1_103' title="bbox 2195 4995 3777 5074">
     <span class='ocr_line' id='line_1_103' title="bbox 2195 4995 3777 5074; baseline -0.005 -20"><span class='ocrx_word' id='word_1_689' title='bbox 2195 5002 2294 5072; x_wconf 90' lang='lat' dir='ltr'>qui</span> <span class='ocrx_word' id='word_1_690' title='bbox 2320 5018 2471 5055; x_wconf 92' lang='lat' dir='ltr'>nunc</span> <span class='ocrx_word' id='word_1_691' title='bbox 2502 5005 2708 5056; x_wconf 67' lang='lat' dir='ltr'>sanetae</span> <span class='ocrx_word' id='word_1_692' title='bbox 2737 5003 2954 5073; x_wconf 82' lang='lat' dir='ltr'>synodo</span> <span class='ocrx_word' id='word_1_693' title='bbox 2971 5019 3039 5057; x_wconf 83' lang='lat' dir='ltr'>ex</span> <span class='ocrx_word' id='word_1_694' title='bbox 3053 5003 3157 5059; x_wconf 89' lang='lat' dir='ltr'>hac</span> <span class='ocrx_word' id='word_1_695' title='bbox 3187 5003 3482 5074; x_wconf 89' lang='lat' dir='ltr'>provincia</span> <span class='ocrx_word' id='word_1_696' title='bbox 3501 4995 3777 5055; x_wconf 83' lang='lat' dir='ltr'>defuerunt,</span> 
     </span>
    </p>
   </div>
   <div class='ocr_carea' id='block_1_104' title="bbox 2194 5084 3778 5169">
    <p class='ocr_par' dir='ltr' id='par_1_104' title="bbox 2194 5084 3778 5169">
     <span class='ocr_line' id='line_1_104' title="bbox 2194 5084 3778 5169; baseline -0.001 -20"><span class='ocrx_word' id='word_1_697' title='bbox 2194 5095 2328 5150; x_wconf 88' lang='lat' dir='ltr'>huic</span> <span class='ocrx_word' id='word_1_698' title='bbox 2358 5100 2474 5150; x_wconf 87' lang='lat' dir='ltr'>tam</span> <span class='ocrx_word' id='word_1_699' title='bbox 2499 5096 2714 5150; x_wconf 90' lang='lat' dir='ltr'>salubri</span> <span class='ocrx_word' id='word_1_700' title='bbox 2740 5096 3086 5152; x_wconf 88' lang='lat' dir='ltr'>ordinationi</span> <span class='ocrx_word' id='word_1_701' title='bbox 3115 5098 3342 5152; x_wconf 89' lang='lat' dir='ltr'>obviare</span> <span class='ocrx_word' id='word_1_702' title='bbox 3381 5084 3778 5169; x_wconf 59' lang='lat' dir='ltr'>praesumpserit:</span> 
     </span>
    </p>
   </div>
   <div class='ocr_carea' id='block_1_105' title="bbox 2195 5178 3780 5263">
    <p class='ocr_par' dir='ltr' id='par_1_105' title="bbox 2195 5178 3780 5263">
     <span class='ocr_line' id='line_1_105' title="bbox 2195 5178 3780 5263; baseline -0.004 -20"><span class='ocrx_word' id='word_1_703' title='bbox 2195 5189 2285 5243; x_wconf 87' lang='lat' dir='ltr'>vel</span> <span class='ocrx_word' id='word_1_704' title='bbox 2335 5190 2567 5245; x_wconf 87' lang='lat' dir='ltr'>solerter</span> <span class='ocrx_word' id='word_1_705' title='bbox 2605 5190 2919 5262; x_wconf 89' lang='lat' dir='ltr'>adimplere</span> <span class='ocrx_word' id='word_1_706' title='bbox 2957 5192 3292 5263; x_wconf 84' lang='lat' dir='ltr'>neglexerit,</span> <span class='ocrx_word' id='word_1_707' title='bbox 3335 5189 3610 5246; x_wconf 88' lang='lat' dir='ltr'>convictus</span> <span class='ocrx_word' id='word_1_708' title='bbox 3645 5178 3780 5237; x_wconf 75' lang='lat' dir='ltr'>totius</span> 
     </span>
    </p>
   </div>
   <div class='ocr_carea' id='block_1_106' title="bbox 2193 5283 3777 5357">
    <p class='ocr_par' dir='ltr' id='par_1_106' title="bbox 2193 5283 3777 5357">
     <span class='ocr_line' id='line_1_106' title="bbox 2193 5283 3777 5357; baseline -0.007 -20"><span class='ocrx_word' id='word_1_709' title='bbox 2193 5283 2459 5338; x_wconf 76' lang='lat' dir='ltr'>fraternae</span> <span class='ocrx_word' id='word_1_710' title='bbox 2501 5284 2794 5338; x_wconf 89' lang='lat' dir='ltr'>charitatis</span> <span class='ocrx_word' id='word_1_711' title='bbox 2830 5283 3160 5357; x_wconf 89' lang='lat' dir='ltr'>aliquandiu</span> <span class='ocrx_word' id='word_1_712' title='bbox 3196 5285 3469 5340; x_wconf 87' lang='lat' dir='ltr'>habeatur</span> <span class='ocrx_word' id='word_1_713' title='bbox 3503 5284 3777 5336; x_wconf 80' lang='lat' dir='ltr'>extraneus.</span> 
     </span>
    </p>
   </div>
   <div class='ocr_carea' id='block_1_107' title="bbox 2196 5362 3780 5449">
    <p class='ocr_par' dir='ltr' id='par_1_107' title="bbox 2196 5362 3780 5449">
     <span class='ocr_line' id='line_1_107' title="bbox 2196 5362 3780 5449; baseline -0.003 -17"><span class='ocrx_word' id='word_1_714' title='bbox 2196 5377 2344 5432; x_wconf 90' lang='lat' dir='ltr'>Sane</span> <span class='ocrx_word' id='word_1_715' title='bbox 2355 5377 2377 5448; x_wconf 86' lang='lat' dir='ltr'>j</span> <span class='ocrx_word' id='word_1_716' title='bbox 2389 5381 2522 5433; x_wconf 80' lang='lat' dir='ltr'>uxta</span> <span class='ocrx_word' id='word_1_717' title='bbox 2543 5378 2802 5449; x_wconf 90' lang='lat' dir='ltr'>priorum</span> <span class='ocrx_word' id='word_1_718' title='bbox 2816 5395 3102 5434; x_wconf 90' lang='lat' dir='ltr'>canonum</span> <span class='ocrx_word' id='word_1_719' title='bbox 3119 5379 3342 5435; x_wconf 88' lang='lat' dir='ltr'>decreta</span> <span class='ocrx_word' id='word_1_720' title='bbox 3359 5375 3642 5434; x_wconf 90' lang='lat' dir='ltr'>concilium</span> <span class='ocrx_word' id='word_1_721' title='bbox 3658 5362 3780 5438; x_wconf 79' lang='lat' dir='ltr'>apud</span> 
     </span>
    </p>
   </div>
   <div class='ocr_carea' id='block_1_108' title="bbox 2193 5461 3780 5545">
    <p class='ocr_par' dir='ltr' id='par_1_108' title="bbox 2193 5461 3780 5545">
     <span class='ocr_line' id='line_1_108' title="bbox 2193 5461 3780 5545; baseline -0.009 -19"><span class='ocrx_word' id='word_1_722' title='bbox 2193 5471 2427 5526; x_wconf 87' lang='lat' dir='ltr'>fratrem</span> <span class='ocrx_word' id='word_1_723' title='bbox 2471 5475 2733 5527; x_wconf 91' lang='lat' dir='ltr'>nostrum</span> <span class='ocrx_word' id='word_1_724' title='bbox 2763 5474 3095 5528; x_wconf 88' lang='lat' dir='ltr'>Montanum</span> <span class='ocrx_word' id='word_1_725' title='bbox 3131 5474 3456 5545; x_wconf 88' lang='lat' dir='ltr'>episcopum</span> <span class='ocrx_word' id='word_1_726' title='bbox 3483 5469 3527 5524; x_wconf 90' lang='lat' dir='ltr'>si</span> <span class='ocrx_word' id='word_1_727' title='bbox 3551 5461 3780 5521; x_wconf 88' lang='lat' dir='ltr'>Dominus</span> 
     </span>
    </p>
   </div>
   <div class='ocr_carea' id='block_1_109' title="bbox 2193 5557 3777 5639">
    <p class='ocr_par' dir='ltr' id='par_1_109' title="bbox 2193 5557 3777 5639">
     <span class='ocr_line' id='line_1_109' title="bbox 2193 5557 3777 5639; baseline -0.002 -20"><span class='ocrx_word' id='word_1_728' title='bbox 2193 5565 2438 5620; x_wconf 89' lang='lat' dir='ltr'>voluerit</span> <span class='ocrx_word' id='word_1_729' title='bbox 2478 5566 2737 5622; x_wconf 89' lang='lat' dir='ltr'>futurum</span> <span class='ocrx_word' id='word_1_730' title='bbox 2785 5567 3245 5639; x_wconf 90' lang='lat' dir='ltr'>pronuntiamus.</span> <span class='ocrx_word' id='word_1_731' title='bbox 3275 5569 3464 5639; x_wconf 89' lang='lat' dir='ltr'>Itaque</span> <span class='ocrx_word' id='word_1_732' title='bbox 3502 5557 3777 5618; x_wconf 62' lang='lat' dir='ltr'>statuimus:</span> 
     </span>
    </p>
   </div>
   <div class='ocr_carea' id='block_1_110' title="bbox 2192 5643 3776 5744">
    <p class='ocr_par' dir='ltr' id='par_1_110' title="bbox 2192 5643 3776 5744">
     <span class='ocr_line' id='line_1_110' title="bbox 2192 5643 3776 5744; baseline -0.007 -30"><span class='ocrx_word' id='word_1_733' title='bbox 2192 5662 2260 5714; x_wconf 91' lang='lat' dir='ltr'>ut</span> <span class='ocrx_word' id='word_1_734' title='bbox 2313 5660 2487 5714; x_wconf 85' lang='lat' dir='ltr'>frater</span> <span class='ocrx_word' id='word_1_735' title='bbox 2537 5665 2593 5715; x_wconf 91' lang='lat' dir='ltr'>et</span> <span class='ocrx_word' id='word_1_736' title='bbox 2643 5661 3014 5733; x_wconf 91' lang='lat' dir='ltr'>coepiscopus</span> <span class='ocrx_word' id='word_1_737' title='bbox 3065 5666 3257 5717; x_wconf 90' lang='lat' dir='ltr'>noster</span> <span class='ocrx_word' id='word_1_738' title='bbox 3293 5663 3573 5718; x_wconf 78' lang='lat' dir='ltr'>Montanus</span> <span class='ocrx_word' id='word_1_739' title='bbox 3605 5643 3776 5744; x_wconf 92' lang='lat' dir='ltr'>qui</span> 
     </span>
    </p>
   </div>
   <div class='ocr_carea' id='block_1_111' title="bbox 2193 5737 3774 5827">
    <p class='ocr_par' dir='ltr' id='par_1_111' title="bbox 2193 5737 3774 5827">
     <span class='ocr_line' id='line_1_111' title="bbox 2193 5737 3774 5827; baseline -0.009 -19"><span class='ocrx_word' id='word_1_740' title='bbox 2193 5753 2496 5825; x_wconf 89' lang='lat' dir='ltr'>metropoli</span> <span class='ocrx_word' id='word_1_741' title='bbox 2534 5757 2620 5808; x_wconf 91' lang='lat' dir='ltr'>est</span> <span class='ocrx_word' id='word_1_742' title='bbox 2669 5755 2741 5809; x_wconf 90' lang='lat' dir='ltr'>ad</span> <span class='ocrx_word' id='word_1_743' title='bbox 2789 5755 3292 5827; x_wconf 88' lang='lat' dir='ltr'>comprovinciales</span> <span class='ocrx_word' id='word_1_744' title='bbox 3330 5755 3540 5808; x_wconf 89' lang='lat' dir='ltr'>nostros</span> <span class='ocrx_word' id='word_1_745' title='bbox 3588 5737 3774 5800; x_wconf 86' lang='lat' dir='ltr'>Domini</span> 
     </span>
    </p>
   </div>
   <div class='ocr_carea' id='block_1_112' title="bbox 2195 5833 3770 5923">
    <p class='ocr_par' dir='ltr' id='par_1_112' title="bbox 2195 5833 3770 5923">
     <span class='ocr_line' id='line_1_112' title="bbox 2195 5833 3770 5923; baseline -0.012 -20"><span class='ocrx_word' id='word_1_746' title='bbox 2195 5848 2513 5904; x_wconf 84' lang='lat' dir='ltr'>sacerdotes</span> <span class='ocrx_word' id='word_1_747' title='bbox 2561 5848 2775 5904; x_wconf 87' lang='lat' dir='ltr'>litteras</span> <span class='ocrx_word' id='word_1_748' title='bbox 2826 5849 2897 5904; x_wconf 89' lang='lat' dir='ltr'>de</span> <span class='ocrx_word' id='word_1_749' title='bbox 2945 5850 3345 5923; x_wconf 87' lang='lat' dir='ltr'>congreganda</span> <span class='ocrx_word' id='word_1_750' title='bbox 3395 5842 3597 5919; x_wconf 79' lang='lat' dir='ltr'>synodo</span> <span class='ocrx_word' id='word_1_751' title='bbox 3633 5833 3770 5890; x_wconf 74' lang='lat' dir='ltr'>adve-</span> 
     </span>
    </p>
   </div>
  </div>
