3964 6178
176 262 244 315 tit

1334 246 1804 306 DECRETALIUM
1844 249 2225 306 COLLECTIO.

3353 254 3456 313 442

173 370 321 421 uicute
347 367 571 431 tempore
598 358 805 414 debeat
835 359 1144 415 destinare.
1181 360 1338 413 Nunc
1368 376 1504 431 ergo
1530 361 1589 415 in
1618 376 1725 416 no-
1747 359 1993 452 Anibus
2034 358 2315 431 acquievi,
2350 362 2408 415 et
2451 359 2649 432 relegi,
2697 364 2754 415 et
2802 359 3130 433 subscripsi.
3168 363 3462 419 Canonius

172 461 291 515 mima
313 454 503 510 Domini
521 452 692 508 ﬁnitis
718 453 808 508 his
829 470 957 526 qua
980 454 1041 508 in
1063 454 1542 509 consultationem
1560 470 1726 510 vene-

166 556 284 621 runt,
342 549 526 622 gratias
589 547 815 619 agimus
865 548 1249 620 omnipotenti
1306 549 1451 619 Deo,
1519 548 1723 604 deinde

166 645 351 701 Domino
378 647 554 697 nostro
582 642 828 713 glorioso
852 643 1135 698 Amalrico
1176 642 1300 715 regi
1331 642 1585 698 divinam
1611 642 1721 698 cle-

164 739 383 795 mentiam
396 736 757 809 postulantes,
772 740 839 792 ut
854 737 1175 793 innumeris
1190 736 1357 808 regni
1372 738 1493 808 ejus
1513 753 1579 791 ea
1595 753 1725 808 qua

164 833 218 887 ad
232 833 410 887 cultum
426 829 548 885 ﬁdei
564 830 907 902 perveninnt
922 829 1234 903 peragendi
1248 830 1413 885 nobis
1430 829 1722 885 licentiam

161 928 357 998 prastet.
379 923 658 980 Montanus
690 924 747 979 in
790 924 999 981 Christi
1040 924 1273 981 nomine
1314 924 1609 996 episcopus
1635 924 1724 978 his

162 1017 589 1074 constitutionibus
619 1019 895 1091 acquievi,
926 1019 1108 1092 relegi
1136 1022 1194 1075 et
1222 1018 1532 1091 subscripsi
1552 1018 1644 1073 die
1667 1021 1725 1073 et

157 1130 271 1169 anno
289 1130 385 1185 quo
407 1130 587 1185 supra.
611 1113 921 1170 Pancarius
940 1113 1236 1187 episcopus
1262 1113 1353 1168 his
1374 1112 1725 1169 constitutio-

1828 453 2122 525 episcopus
2169 452 2492 527 subscripsi.
2536 455 2742 511 Paulus
2792 455 3090 527 episcopus
3133 457 3458 529 subscripsi.

1825 546 2184 602 Domitianus
2238 547 2535 620 episcopus
2574 546 2897 621 subscripsi.
2948 550 3293 605 Marrucinus
3335 552 3460 623 epi-

1825 658 2032 713 SCOpus
2083 641 2405 713 subscripsi.
2457 641 2740 697 Nibridius
2789 643 3085 716 episcopus
3126 644 3458 717 subscripsi.

1822 737 2012 791 Justus
2042 735 2102 790 in
2132 735 2340 792 Christi
2359 734 2599 790 nomine
2625 736 2887 792 Ecclesia
2907 737 3202 793 catholica
3222 740 3463 811 Urgelli-

1823 831 1973 884 tana
1994 829 2310 901 episcopus,
2325 830 2475 884 hanc
2496 828 2965 885 constitutionem
2985 832 3459 888 consacerdotum
3532 902 3539 915 ‘

1822 940 2091 979 meorum
2121 923 2181 979 in
2219 924 2486 979 Toletana
2538 923 2680 978 urbe
2714 922 2987 993 habitam,
3010 941 3140 980 cum
3184 930 3315 997 post
3353 928 3458 981 ali-

1824 1022 2109 1089 quantum
2156 1018 2437 1089 temporis
2479 1016 2868 1087 advenissem,
2917 1018 3074 1073 salva
3118 1021 3458 1076 auctoritate

1822 1113 2142 1186 priscorum
2186 1128 2476 1167 canonum
2504 1111 2708 1183 relegi,
2737 1111 2981 1183 probavi
3026 1116 3083 1167 et
3127 1113 3454 1185 subscripsi.

545 1442 962 1537 INCIPIT
1030 1442 1652 1539 CONCILIUM
1721 1442 2418 1539 TOLETANUM
2484 1442 2991 1538 TERTIUM

912 1609 995 1673 In
1022 1628 1152 1692 quo
1182 1611 1336 1674 Arii
1369 1610 1632 1674 haresz's
1661 1611 1732 1674 z'n
1769 1609 2098 1692 Hispania
2129 1610 2620 1674 condemnatur.

201 1768 247 1822 In
270 1768 477 1823 nomine
508 1767 746 1823 Domini
777 1768 960 1824 nostri
983 1770 1117 1826 Jesu
1143 1770 1349 1826 Christi
1376 1787 1528 1826 anno
1554 1771 1608 1842 4,
1630 1788 1717 1826 re—
1735 1758 1792 1830 Β
1815 1774 1950 1839 tres,
1982 1770 2057 1826 ad
2092 1771 2242 1827 hanc
2284 1788 2383 1827 vos
2409 1770 2805 1843 peragendam
2846 1769 3328 1843 congregavimus
3364 1788 3457 1844 sy-

148 1865 308 1931 gnante
334 1862 736 1934 gloriosissimo
766 1867 938 1935 atque
966 1863 1244 1936 piissimo,
1273 1868 1329 1920 et
1356 1866 1470 1920 Deo
1502 1864 1716 1921 ﬁdelis-

148 1955 254 2010 simo
268 1955 476 2011 domino
496 1957 786 2012 Bichardo
807 1973 962 2029 rege,
979 1958 1071 2013 die
1086 1976 1186 2015 vni
1203 1959 1406 2015 Iduum
1424 1959 1716 2029 Maiarum,

145 2065 229 2104 mra
250 2066 502 2107 o.c.xxvn.
534 2052 670 2107 Hac
696 2056 892 2107 sancta
922 2053 1171 2125 synodus
1202 2054 1393 2109 habita
1430 2054 1490 2108 in
1527 2059 1720 2109 sancta

144 2142 315 2199 civitate
336 2145 490 2217 regia
516 2144 789 2202 Toletana
812 2146 884 2201 ab
912 2147 1190 2220 episcopis
1218 2148 1392 2204 totius
1413 2147 1715 2220 Hispania,

140 2236 205 2290 vel
224 2238 441 2294 Gallicia
468 2239 567 2312 qui
595 2239 749 2295 infra
775 2240 970 2313 scripti
996 2244 1149 2297 sunt.

192 2330 299 2386 CAP.
325 2333 360 2387 Ι.
387 2334 525 2389 Cum
554 2350 666 2406 pro
696 2333 832 2390 ﬁdei
853 2352 971 2390 sua
991 2334 1310 2391 sinceritate
1332 2335 1489 2392 idem
1513 2335 1720 2408 glorio-

136 2421 335 2480 sissimus
361 2426 625 2500 princeps
658 2444 858 2484 omnes
882 2429 1181 2501 regiminis
1214 2430 1300 2485 sui
1332 2431 1628 2503 pontiﬁces
1655 2430 1717 2485 in

135 2532 277 2573 unum
303 2521 597 2578 convenire
623 2523 969 2591 mandasset,
1001 2526 1065 2579 ut
1093 2526 1211 2580 tam
1238 2524 1308 2580 de
1334 2525 1459 2597 ejus
1487 2541 1720 2581 conver-

133 2610 254 2667 sione
292 2630 452 2685 quam
498 2615 572 2670 de
631 2615 819 2688 gentis
861 2616 1180 2673 Gothorum
1238 2617 1607 2674 innovatione
1657 2619 1719 2673 in

134 2703 321 2761 Domino
343 2710 708 2778 exsultarent,
742 2714 798 2766 et
828 2709 1031 2767 divina
1067 2711 1385 2783 dignationi
1420 2730 1523 2785 pro
1554 2716 1716 2768 tanto

130 2812 319 2857 munere
364 2802 574 2875 gratias
611 2806 898 2876 agerent,
943 2810 1293 2861 memoratus
1330 2806 1719 2862 sanctissimus

132 2891 344 2967 princeps
366 2897 441 2953 sic
469 2898 877 2955 venerandum
920 2900 1228 2956 concilium
1267 2900 1597 2974 alloquitur,
1628 2902 1716 2957 di-

128 3000 260 3043 cens:
285 2989 397 3046 Non
424 2990 793 3065 incognitum
817 3009 951 3050 reor
978 3010 1101 3050 esse
1147 2994 1327 3063 vobis,
1359 2994 1716 3051 reverendis-

129 3079 226 3135 simi
247 3083 575 3155 sacerdotes,
619 3086 779 3159 quod
808 3092 1046 3160 propter
1072 3088 1507 3145 instaurandam
1546 3089 1714 3144 disci-

278 3136 575 3155 “”*“““”*“”’⁷
624 3136 779 3159 Ὶ““”’
808 3136 1037 3160 r"1'""
1072 3136 1507 3145 m'“mm-m
1550 3136 1684 3144 "vv-

126 3173 257 3244 plina
282 3179 675 3237 ecclesiastica
713 3182 982 3251 formam,
1010 3183 1082 3238 ad
1126 3188 1338 3239 nostra
1372 3200 1471 3239 vos
1500 3183 1715 3240 sereni-
1738 3136 1792 3212 C

128 3268 228 3323 tatis
250 3274 605 3341 prasentiam
639 3276 1013 3347 evocaverim,
1041 3279 1100 3332 et
1130 3278 1266 3348 quia
1294 3277 1538 3349 recursis
1564 3281 1718 3333 retro

127 3365 427 3435 temporibus
453 3369 694 3426 haresis
731 3370 1047 3426 imminens
1094 3372 1155 3427 in
1189 3374 1307 3427 tota
1351 3372 1597 3427 Ecclesia
1622 3390 1716 3427 ca—

126 3452 294 3514 tholica
315 3479 481 3535 agere
508 3464 793 3537 synodica
819 3464 1054 3537 negotia
1079 3465 1421 3539 denegabat,
1445 3467 1612 3535 Deus,
1630 3466 1720 3521 cui

123 3548 289 3619 placuit
309 3573 410 3627 per
436 3576 544 3614 nos
574 3559 842 3631 ejusdem
872 3558 1109 3614 haresis
1144 3559 1364 3615 obicem
1408 3560 1716 3631 depellere,

124 3644 377 3705 admonuit
406 3648 477 3708 de
518 3670 691 3710 more
734 3653 1110 3709 ecclesiastico
1137 3671 1426 3726 reparare.
1459 3655 1608 3726 Ergo
1650 3654 1722 3708 sit

119 3738 238 3794 vobis
280 3743 661 3817 jucunditati,
710 3747 755 3801 si
793 3747 1004 3819 gaudio
1050 3748 1204 3820 quod
1244 3766 1371 3804 mos
1413 3748 1720 3803 canonicus

118 3843 377 3908 Prospectu
422 3841 526 3899 Dei
572 3860 687 3916 per
727 3847 983 3899 nostram
1031 3844 1275 3917 gloriam
1333 3845 1404 3900 ad
1451 3847 1721 3916 paternos

116 3929 371 3990 reducetur
416 3938 731 3993 terminos.
776 3938 936 3993 Prius
968 3944 1162 3995 tamen
1199 3939 1482 3994 admoneo
1508 3939 1723 4011 pariter

118 4028 158 4075 et
176 4027 418 4086 exhortor
436 4032 692 4104 jejuniis
716 4048 817 4088 vos
855 4037 914 4088 et
935 4033 1147 4106 vigiliis
1173 4037 1346 4105 atque
1370 4033 1721 4089 orationibus

116 4131 302 4187 Operam
332 4124 468 4182 dare
497 4132 569 4182 ut
602 4124 750 4182 ordo
780 4126 1085 4183 canonicus
1122 4144 1297 4199 quem
1328 4145 1363 4183 a
1393 4126 1718 4183 sacerdota-

116 4207 229 4266 libus
253 4216 504 4275 sensibus
531 4221 868 4277 detraxerat
892 4222 1066 4294 longa
1092 4238 1156 4277 ac
1188 4221 1458 4277 diuturna
1488 4220 1718 4291 oblivio,

115 4319 245 4373 quam
284 4319 413 4369 atas
462 4319 679 4371 nostra
722 4332 780 4371 se
826 4316 1048 4371 nescire
1082 4316 1315 4384 fatetur,
1351 4315 1542 4371 divino
1572 4314 1721 4370 dono

116 4397 235 4455 vobis
266 4421 456 4464 rursus
501 4409 771 4481 pateﬁat.
818 4406 902 4465 Ad
950 4411 1073 4466 hac
1121 4412 1316 4465 autem
1346 4410 1559 4481 gratias
1606 4411 1721 4464 Deo

1818 1864 2137 1936 nodum,fut
2161 1865 2232 1920 de
2259 1864 2525 1920 omnibus
2540 1881 2727 1936 nuper
2745 1864 3180 1921 advenientibus
3209 1867 3281 1921 ad
3305 1866 3461 1922 Chri-

1819 1964 1971 2014 stum
2004 1959 2108 2031 ipsi
2147 1964 2387 2015 aternas
2426 1959 2666 2014 Domino
2696 1958 2908 2030 gratias
2958 1958 3241 2015 deferetis.
3277 1960 3455 2024 Quid«

1819 2053 1956 2125 quid
1981 2069 2113 2108 vero
2154 2052 2341 2108 verbis
2372 2053 2524 2124 apud
2571 2053 2957 2108 sacerdotium
2994 2056 3246 2108 vestrum
3290 2054 3460 2109 nobis

1821 2147 2105 2219 agendum
2129 2150 2255 2202 erat
2274 2148 2343 2202 de
2368 2147 2480 2202 ﬁde
2495 2151 2668 2218 atque
2689 2163 2789 2218 spe
2806 2152 2990 2202 vestra
3008 2163 3185 2219 quam
3206 2147 3460 2219 gerimus

1816 2242 1879 2296 in
1908 2241 2020 2297 hoc
2038 2244 2197 2297 tomo
2218 2241 2560 2313 conscripta,
2578 2244 2751 2313 atque
2769 2241 3016 2313 allegata
3039 2247 3177 2297 nota
3198 2242 3456 2308 facimus,

1818 2335 2106 2407 relegatur
2150 2336 2305 2391 enim
2354 2336 2417 2391 in
2445 2335 2635 2391 medio
2675 2335 2870 2404 vestri,
2912 2338 2970 2390 et
3012 2335 3073 2390 in
3108 2335 3327 2407 judicio
3365 2353 3456 2408 sy-

1817 2429 2010 2485 nodali
2037 2430 2360 2486 examinata
2374 2446 2481 2503 per
2499 2446 2671 2485 omne
2704 2429 3325 2501 successivum§tempus
3341 2431 3462 2501 glo-

1817 2525 1968 2579 riosa
1996 2527 2195 2580 nostra
2224 2524 2481 2597 ejusdem
2506 2524 2643 2579 ﬁdei
2672 2523 3006 2580 testimonio
3034 2523 3319 2579 declarata
3348 2524 3460 2579 cla-

1817 2620 2018 2674 rescat.
2051 2619 2356 2691 Susceptus
2383 2623 2470 2674 est
2512 2622 2707 2674 autem
2752 2618 2824 2673 ab
2855 2617 3119 2673 omnibus
3138 2618 3243 2673 Dei
3267 2634 3458 2673 sacer-

1819 2712 2051 2770 dotibus
2081 2714 2361 2769 oﬁ‘erente
2412 2729 2549 2786 rege
2593 2717 2963 2769 sacrosancta
3000 2711 3136 2769 ﬁdei
3166 2716 3376 2781 tomus,
3404 2719 3461 2768 et

1818 2808 2227 2879 pronuntiante
2254 2808 2480 2877 notario
2512 2808 2667 2863 clara
2696 2823 2833 2863 voce
2862 2807 3180 2862 recensitus
3207 2811 3313 2862 est.

1890 2903 1954 2957 ll.
1986 2902 2252 2967 Quamvis
2280 2904 2430 2958 Deus
2457 2902 2827 2974 omnipotens
2855 2918 2960 2973 pro
2992 2900 3329 2957 utilitatibus
3353 2918 3456 2974 ρος

1817 2996 2087 3067 pulorum
2129 2996 2298 3068 regni
2346 2996 2510 3052 nobis
2555 2996 2772 3052 cultum
2819 2995 3009 3051 subire
3061 2995 3349 3066 tribuerit,
3405 2999 3464 3050 et

1817 3091 2194 3147 moderamen
2225 3091 2486 3162 gentium
2517 3106 2636 3146 non
2679 3107 2995 3163 paucarum
3043 3090 3220 3162 regia
3248 3093 3461 3146 nostra

1819 3202 1970 3240 cura
1990 3185 2364 3253 commiserit,
2379 3185 2752 3241 meminimus
2776 3191 2974 3241 tamen
3000 3201 3107 3240 nos
3130 3185 3460 3240 mortalium

1822 3279 2150 3335 conditione
2176 3279 2510 3351 perstringi,
2552 3296 2656 3335 nec
2682 3296 2852 3351 posse
2879 3278 3212 3334 felicitatem
3253 3280 3464 3334 futurae

1818 3372 2185 3428 beatitudinis
2226 3373 2392 3428 aliter
2419 3373 2761 3444 promereri,
2808 3372 2917 3426 nisi
2964 3389 3071 3427 nos
3114 3372 3270 3427 cultu
3313 3388 3462 3427 vera

1819 3465 1956 3521 ﬁdei
1983 3469 2340 3538 reputemus,
2369 3471 2426 3521 et
2453 3466 2749 3522 Conditori
2774 3471 2968 3521 nostro
2999 3465 3195 3520 salutis
3234 3466 3459 3521 confes-

1820 3561 1982 3615 sione
2009 3576 2120 3633 qua
2166 3560 2376 3631 dignus
2419 3564 2506 3615 est
2549 3560 2670 3632 ipse
2715 3561 3064 3632 placeamus.
3096 3560 3202 3615 Pro
3241 3576 3357 3632 qua
3402 3578 3464 3615 re

1819 3658 2030 3726 quanto
2074 3653 2438 3709 subditorum
2481 3653 2664 3726 gloria
2710 3654 2891 3726 regali
2928 3653 3271 3722 extollimur,
3303 3658 3461 3710 tanto

1818 3747 2045 3821 providi
2094 3764 2215 3804 esse
2270 3747 2547 3804 debemus
2576 3748 2635 3803 in
2686 3748 2777 3804 his
2807 3764 2936 3820 qua
2981 3765 3015 3803 a
3043 3750 3157 3805 Deo
3194 3753 3345 3818 sunt,
3376 3748 3467 3803 vel

1819 3847 2077 3898 nostram
2121 3859 2284 3914 spem
2322 3859 2536 3915 augere
2560 3883 2575 3912 ,
2623 3842 2709 3898 vel
2751 3842 3019 3914 gentibus
3061 3842 3229 3898 nobis
3268 3860 3302 3898 a
3345 3845 3461 3898 Deo

1820 3936 2052 3992 creditis
2095 3937 2412 3992 consulere.
2442 3937 2724 3993 Caterum
2766 3936 2904 4009 quid
2956 3953 3060 4008 pro
3088 3937 3261 3992 tantis
3285 3936 3463 3993 bene-

1820 4031 2080 4101 liciorum
2111 4030 2505 4087 collationibus
2527 4031 2961 4103 omnipotentia
2988 4028 3195 4087 divina
3209 4029 3463 4089 valemus

1821 4124 2097 4195 tribuere,
2148 4126 2379 4198 quando
2423 4125 2619 4181 omnia
2661 4125 2839 4197 ipsius
2889 4128 3040 4196 sunt,
3078 4130 3135 4182 et
3174 4125 3465 4182 bonorum

1823 4224 2153 4276 nostrorum
2180 4220 2323 4275 nihil
2352 4226 2539 4292 egeat,
2562 4220 2763 4275 nisiut
2788 4219 2847 4275 in
2878 4236 3010 4275 eum
3041 4220 3121 4276 sic
3148 4224 3272 4277 tota
3290 4222 3466 4278 devo-

1820 4314 1977 4370 tione
2039 4314 2367 4383 credamus,
2423 4314 2918 4387 quemadmodum
2966 4331 3070 4387 per
3144 4315 3465 4389 Scripturas

1823 4424 2008 4463 sacras
2037 4425 2097 4463 se
2129 4408 2253 4481 ipse
2282 4407 2525 4481 intelligi
2572 4408 2768 4479 voluit,
2801 4411 2859 4464 et
2896 4409 3047 4465 credi
3074 4410 3365 4481 pracepit,
3407 4409 3468 4466 id

117 4500 327 4569 agentes,
354 4507 411 4558 et
440 4503 886 4577 religiosissimo
909 4503 1154 4577 principi
1185 4502 1447 4559 universo
1482 4502 1807 4590 concilioD
1830 4505 1935 4572 est,
1972 4505 2035 4556 ut
2079 4502 2457 4557 confiteamur
2503 4519 2624 4558 esse
2666 4504 2897 4558 Patrem
2942 4503 3043 4575 qui
3086 4504 3354 4574 genuerit
3396 4521 3468 4560 ex

119 4584 161 4639 in
184 4588 423 4651 laudibus
450 4599 846 4669 acclamante,
874 4598 1208 4655 triduanum
1243 4604 1326 4654 est
1357 4595 1560 4654 exinde
1589 4615 1729 4670 pra-

116 4678 321 4744 dicatum
339 4692 668 4763 jejunium.
696 4691 801 4748 Sed
828 4709 964 4748 cum
992 4692 1083 4748 die
1114 4698 1308 4749 octava
1334 4691 1540 4748 Iduum
1566 4693 1731 4749 Maia-

119 4788 218 4832 rum
255 4780 310 4838 in
346 4803 536 4842 unum
582 4791 797 4842 castum
849 4784 949 4843 Dei
994 4788 1313 4844 sacerdotes
1357 4788 1640 4857 adessent,
1673 4791 1732 4842 et

117 4874 333 4933 Oratione
353 4881 685 4952 pramissa,
706 4881 1100 4955 unusquisque
1120 4879 1484 4937 sacerdotum
1500 4897 1731 4953 compe-

118 4963 227 5022 tenti
253 4971 372 5029 loco
409 4972 756 5045 resedisset,
790 4992 918 5032 ecce
955 4976 1016 5030 in
1059 4976 1253 5032 medio
1308 4991 1506 5031 eorum
1547 4971 1733 5030 adfuit

118 5065 472 5125 sel‘euissimus
502 5070 787 5142 princeps
814 5087 988 5143 seque
1031 5087 1161 5127 cum
1199 5070 1298 5126 Dei
1343 5068 1731 5124 sacerdotibus

119 5154 322 5215 orationi
347 5162 815 5234 communicans,
850 5160 1042 5221 divino
1068 5165 1305 5220 ﬂamine
1333 5164 1537 5236 plenus
1559 5163 1637 5218 sic
1659 5162 1731 5217 ad

116 5244 427 5321 loquendum
484 5274 731 5316 exorsus
778 5263 881 5328 est,
946 5257 1139 5315 dicens
1197 5276 1211 5312 :
1266 5260 1392 5314 Non
1449 5257 1732 5313 credimus

117 5348 319 5405 "stram
362 5353 554 5408 latere
599 5353 965 5409 sanctitatem
1017 5359 1230 5426 quanto
1260 5355 1524 5425 tempore
1552 5350 1611 5406 in
1641 5367 1729 5406 er-

116 5450 214 5493 rore
236 5445 581 5503 Arianorum
635 5445 949 5503 laborasset
981 5447 1263 5520 Hispania,
1296 5450 1355 5502 et
1378 5464 1492 5503 non
1522 5445 1735 5501 multos

117 5538 216 5600 Ροεῐ
258 5535 559 5598 decessum
610 5541 888 5615 genitoris
934 5543 1115 5598 nostri
1169 5542 1327 5610 dies,
1374 5539 1581 5613 quibus
1630 5556 1735 5594 nos

117 5632 267 5687 Vestra
310 5633 620 5693 beatitudo
679 5636 811 5693 fidei
874 5641 1082 5692 sancta
1131 5636 1419 5693 catholica
1465 5634 1737 5707 cognovit

116 5733 211 5777 esse
254 5729 517 5787 sociatos.
576 5729 884 5788 Credimus
941 5732 1285 5804 generaliter
1330 5746 1633 5802 magnum,
1679 5730 1739 5783 et

118 5818 360 5879 ﬂii/eruum
390 5822 685 5900 gaudium
713 5822 997 5896 habuisse,
1028 5831 1085 5883 et
1104 5823 1252 5901 ideo,
1274 5821 1585 5882 venerandi
1634 5839 1734 5896 pa-

1829 4595 2140 4652 substantia
2173 4613 2274 4652 sua
2303 4595 2509 4650 Filium
2539 4596 2645 4650 sibi
2675 4600 2734 4651 et
2762 4598 3113 4668 coaqualem
3139 4603 3198 4653 et
3226 4603 3464 4655 coaeter-

1827 4707 1990 4745 num.
2019 4691 2141 4745 Non
2170 4692 2364 4745 tamen
2405 4692 2472 4745 ut
2500 4690 2653 4744 idem
2697 4689 2817 4761 ipse
2850 4690 2924 4745 sit
2949 4696 3114 4747 natus
3152 4693 3464 4765 ingenitus,

1829 4784 1931 4839 sed
1960 4800 2207 4857 persona
2236 4782 2381 4838 alius
2409 4784 2482 4839 sit
2505 4785 2673 4839 Pater
2711 4783 2810 4855 qui
2844 4786 3062 4856 genuit,
3097 4788 3243 4842 alius
3269 4789 3341 4845 sit
3379 4790 3467 4844 Fi—

1830 4879 1940 4933 lius
1966 4877 2067 4950 qui
2091 4877 2265 4933 fuerit
2294 4881 2620 4949 generatus,
2652 4877 2820 4933 unius
2845 4883 3037 4935 tamen
3065 4886 3306 4955 utraque
3336 4884 3467 4940 sub-

1830 4972 2050 5027 stantia
2072 4972 2131 5026 in
2148 4971 2439 5027 divinitate
2466 4971 2751 5039 subsistat,
2768 4973 2937 5028 Pater
2957 4991 3029 5030 ex
3047 4991 3159 5047 quo
3181 4977 3253 5034 sit
3272 4978 3464 5047 Filius,

1829 5066 1948 5139 ipse
1975 5083 2106 5122 vero
2132 5083 2199 5120 ex
2230 5066 2386 5120 nullo
2417 5064 2488 5121 sit
2516 5066 2649 5121 alio.
2679 5066 2849 5122 Filius
2868 5068 2965 5140 qui
2993 5069 3200 5126 habeat
3223 5074 3464 5143 Patrem,

1832 5161 1930 5216 sed
1947 5159 2068 5217 sine
2081 5159 2245 5216 initio
2258 5165 2314 5216 et
2327 5158 2711 5216 diminutione
2726 5161 2788 5216 in
2801 5177 2868 5217 ea
2879 5179 2992 5235 qua
3003 5165 3157 5220 Patri
3171 5169 3470 5239 coaqualis

1804 5288 1807 5291 λ
1832 5258 1888 5310 et
1913 5260 2232 5311 coaternus
2253 5248 2339 5309 est
2368 5253 2660 5310 divinitate
2681 5254 2969 5313 subsistat.
2985 5258 3227 5330 Spiritus
3245 5278 3468 5332 quoque

1834 5356 2059 5406 sanctus
2085 5349 2441 5405 conﬁtendus
2467 5366 2501 5403 a
2531 5349 2693 5404 nobis
2720 5354 2777 5405 et
2804 5350 3197 5423 pradicandus
3233 5371 3265 5407 a
3302 5356 3467 5408 Patre

1833 5460 1977 5512 esse,
2010 5447 2067 5499 et
2093 5444 2234 5499 Filio
2257 5443 2586 5515 procedere,
2616 5448 2675 5499 et
2702 5460 2835 5499 cum
2860 5446 3023 5500 Patre
3054 5451 3110 5500 et
3140 5446 3276 5501 Filio
3298 5448 3467 5502 unius

1835 5554 1954 5593 esse
1983 5538 2331 5593 substantia.
2383 5536 2632 5592 Tertiam
2673 5554 2807 5592 vero
2838 5536 2898 5591 in
2927 5537 3180 5593 trinitate
3227 5539 3471 5610 Spiritus

1836 5632 2018 5687 sancti
2063 5647 2183 5687 esse
2222 5648 2551 5704 personam,
2602 5630 2701 5702 qui
2763 5634 2954 5685 tamen
3003 5633 3469 5691 communionem

1834 5725 2006 5781 habet
2049 5742 2182 5781 cum
2226 5726 2387 5782 Patre
2427 5730 2484 5781 et
2535 5726 2676 5780 Filio
2714 5723 3021 5780 divinitatis
3046 5728 3310 5783 essentia.
3344 5731 3472 5787 Hac

1838 5819 1993 5877 enim
2068 5822 2264 5877 sancta
2348 5818 2589 5875 Trinitas
2641 5835 2790 5875 unus
2843 5821 2929 5875 est
2980 5820 3146 5893 Deus,
3198 5823 3367 5882 Pater
3416 5829 3479 5889 et
