3964 6178
483 261 581 313 itit
1373 260 1656 312 .‘il’l’l'lNll.
1700 261 1784 313 All
1825 261 1981 313 le-Zti.
2029 261 2112 313 lX.
2149 290 2214 297 -——
2257 261 2499 314 lh'llltlltl
2542 262 2964 314 )Il'thtl\'l't)ltlS
3682 265 3756 316 iii

489 370 656 420 Filius
710 373 766 420 et
811 368 1048 436 Spiritus
1094 370 1336 436 sanctus,
1370 368 1531 436 cujus
1573 367 1820 422 bonitate
1868 368 2294 454 hominisAlio
2342 374 2398 422 et
2451 370 2580 422 ideo
2633 375 2899 440 tanquam
2948 373 3079 421 ante
3129 371 3472 438 conspectum
3512 368 3594 420 Dei
3633 370 3691 422 ita
3723 373 3760 423 in

484 463 615 515 licet
664 460 813 513 bona
864 459 934 512 sit
987 459 1213 514 condita
1269 465 1562 526 creatura,
1616 478 1718 530 per
1764 466 2115 533 assumptam
2218 464 2409 518 medio
2435 464 2602 516 vestri
2637 465 2806 516 tidem
2831 479 3015 516 meam
3041 478 3211 532 quam
3244 461 3436 531 protuli
3459 464 3675 514 conscius
3698 465 3766 516 ad-

486 561 680 608 tamen
711 571 742 607 a
779 554 913 607 Filio
941 553 1177 607 humani
1232 554 1458 607 habitus
1510 555 1756 609 formam
1791 574 1820 608 a
1849 557 2117 610 damnata
2217 558 2449 611 niodum
2486 557 2783 611 sententiae
2818 556 3061 611 dicentis
3098 575 3110 609 :
3145 556 3263 608 Non
3304 555 3466 608 celavi
3504 556 3765 608 misericor-

485 648 755 719 progenie
784 649 1169 701 reformamur
1210 647 1279 700 ad
1333 648 1740 702 beatitudinem
1773 650 2114 719 pristinam;
2220 652 2375 705 diam
2415 657 2570 705 tuam
2614 670 2645 703 a
2692 650 3130 720 congregatione
3163 649 3354 702 multa.
3382 649 3468 702 Vel
3509 649 3768 718 apostolum

487 743 584 796 sed
634 742 776 795 sicut
820 759 963 795 verae
1009 742 1203 795 salutis
1250 741 1522 795 indicium
1574 747 1656 796 est
1707 743 2018 797 trinitatem
2059 744 2115 796 in
2218 747 2454 800 Paulum
2495 746 2789 799 Timotheo
2828 745 3104 815 discipulo
3147 743 3548 814 praecipientem
3585 744 3768 796 audivi:

696 836 912 889 unitate
930 836 1279 890 etunitatem
1301 836 1358 888 in
1377 835 1646 890 Trinitate
1674 838 1992 903 sentire,ita
2013 837 2119 890 erit
2222 862 2247 887 ‹‹
2281 841 2440 893 Certa
2485 839 2696 892 bonum
2745 841 3032 892 certamen
3078 837 3231 902 ﬁdei,
3267 835 3603 907 apprehende
3641 836 3773 889 vitam

486 935 882 984 consummata
912 930 1215 996 sententia,
1247 931 1292 983 si
1325 929 1526 983 eadem
1558 931 1707 983 intra
1741 931 2117 984 universalem
2220 937 2494 986 {eternam
2539 932 2594 984 in
2631 950 2739 1002 qua
2767 935 2993 985 vocatus
3040 948 3118 994 es,
3149 931 3428 984 confessus
3464 930 3647 981 bonam
3671 946 3773 981 con-

487 1025 792 1078 Ecelesiam
851 1029 1166 1090 teneamus,
1217 1027 1272 1077 et
1317 1025 1678 1094 apostolicam
1733 1026 2004 1078 unitatem
2062 1025 2117 1078 in
2221 1027 2524 1080 fessionem
2568 1043 2760 1079 coram
2804 1025 2997 1079 multis
3030 1024 3266 1078 testibus
3313 1025 3349 1090 tl
3408 1027 3616 1088 Tim.v1,
3651 1026 3774 1084 12;."

485 1118 789 1188 apostolico
822 1118 986 1187 positi
1014 1119 1388 1172 fundamento
1430 1136 1735 1172 servemus.
1767 1121 1977 1173 Tamen
2028 1135 2120 1172 vos
2223 1122 2357 1172 Vera
2386 1125 2468 1173 est
2489 1121 2641 1173 enim
2674 1120 3064 1190 Redemptoris
3086 1118 3262 1172 nostri
3297 1136 3359 1170 ex
3387 1117 3660 1186 Evangelia
3689 1134 3779 1168 sen-

488 1213 584 1265 Dei
611 1213 926 1265 sacerdotes
948 1212 1271 1264 meminisse
1295 1219 1534 1282 oportet,
1556 1214 1782 1283 quantis
1803 1214 1914 1266 huc
1937 1230 2053 1282 usqi

2221 1214 2398 1268 tentia
2431 1231 2540 1283 qua
2570 1237 2593 1262 ‹‹
2621 1215 2989 1267 οωίἷίῐίιιιιοιιι
3115 1229 3309 1265 coram
3342 1210 3636 1264 hominibus
3653 1210 3780 1261 conli-

489 1307 729 1360 Ecclesia
761 1306 1027 1359 catholica
1057 1323 1156 1375 per
1203 1306 1496 1376 Hispanias
1536 1324 1742 1359 aversze
1773 1307 1950 1377 partis
1995 1323 2116 1358 mo-
2224 1308 2325 1360 teri
2362 1307 2497 1360 dicit
2542 1325 2728 1360 coram
2762 1309 2944 1371 Patre,
2981 1313 3035 1360 et
3076 1309 3381 1375 negantem
3413 1322 3467 1358 se
3498 1321 3603 1357 esse
3643 1320 3779 1372 nega-

489 1400 664 1452 lestiis
696 1400 1047 1464 laboraverit,
1081 1400 1214 1453 dum
1263 1406 1318 1454 et
1345 1401 1601 1453 catholici
1631 1404 1960 1453 constanter
1991 1400 2120 1453 fidei
2223 1407 2415 1454 turum
2453 1402 2664 1467 (Matth.
2694 1418 2742 1468 v,
2783 1403 2888 1469 33).
2926 1423 2950 1448 »
3002 1401 3240 1470 Expedit
3282 1399 3428 1454 enim
3459 1398 3605 1451 nobis
3642 1397 3685 1449 id
3712 1413 3781 1447 ore

489 1511 604 1546 suae
636 1497 899 1547 tenerent.
929 1511 991 1546 ac
1020 1494 1399 1547 defenderent
1433 1495 1734 1561 unitaten'i,
1769 1500 1826 1547 et
1869 1493 2119 1547 lueretici
2223 1495 2476 1566 profiteri
2518 1495 2668 1565 quod
2714 1493 2996 1547 credimus
3043 1493 3233 1559 corde,
3282 1492 3575 1545 secundum
3615 1491 3784 1543 corleste

489 1587 850 1658 pertinaciori
897 1588 1252 1642 animositate
1306 1588 1549 1658 propriae
1599 1587 1916 1642 niterentur
1954 1589 2120 1658 perﬁ-
2223 1591 2577 1654 mandatum,
2613 1607 2722 1660 quo
2772 1588 3018 1642 dicitur:
3058 1610 3085 1634 ‹‹
3118 1587 3292 1643 Corde
3327 1586 3473 1639 enim
3499 1583 3784 1637 creditural

491 1682 600 1734 dite.
641 1699 868 1751 quoque
912 1685 974 1733 ut
1017 1699 1108 1734 res
1149 1682 1267 1752 ipsa
1312 1683 1586 1752 conspicit
1629 1684 1808 1735 calore
1857 1682 1986 1734 tidci
2030 1699 2118 1734 ac-
2219 1684 2516 1754 justitiam,
2547 1700 2642 1737 ore
2669 1690 2864 1737 autem
2892 1682 3172 1736 confessio
3203 1681 3264 1734 tit
3309 1681 3376 1733 ad
3408 1681 3629 1733 salutem
3656 1682 3785 1740 (item.

490 1792 722 1828 censum
756 1774 810 1827 in
843 1775 949 1828 hoc
980 1775 1256 1828 Dominus
1279 1775 1555 1840 excitavit,
1590 1780 1652 1829 ut
1682 1776 1908 1845 depulsa
1946 1775 2119 1829 obsti-
2144 1761 2199 1831 Β
2225 1796 2275 1843 x,
2318 1779 2422 1847 10).
2476 1801 2501 1825 ››
2556 1777 2796 1831 Proinde
2834 1777 2976 1830 sicut
3017 1775 3437 1829 anathematizo
3482 1773 3656 1826 Arium
3692 1787 3786 1822 cum

490 1869 716 1924 natione
764 1869 1131 1932 infidelitatis,
1163 1873 1220 1921 et
1258 1869 1555 1923 discordia:
1612 1870 1878 1924 submoto
1910 1870 2118 1937 furore,
2226 1872 2493 1926 munibus
2519 1871 2886 1942 dogmatibus
2910 1875 2964 1925 et
2989 1870 3361 1942 complicibus
3387 1867 3616 1937 suis,qui
3640 1865 3789 1934 unige-

490 1965 760 2034 populum
815 1963 913 2034 qui
959 1963 1061 2016 sub
1112 1963 1345 2017 nomine
1405 1964 1698 2033 religionis
1741 1964 2124 2017 famulabatur
2223 1967 2407 2020 nitum
2452 1967 2550 2020 Dei
2593 1967 2793 2019 Filium
2844 1984 2871 2018 a
2925 1970 3158 2036 paterna
3189 1965 3523 2035 degenerem
3563 1959 3789 2026 asserebat

491 2058 768 2126 errori,ad
792 2057 1149 2128 agnitionem
1173 2058 1302 2112 lidei
1323 2061 1377 2110 et
1398 2059 1652 2112 Ecclesiae
1677 2059 1971 2112 catholica:
1995 2075 2126 2111 cou-
2226 2078 2344 2114 esse
2375 2061 2706 2127 substantia,
2740 2078 2840 2113 nec
2871 2077 2902 2113 a
2931 2062 3092 2114 Patre
3121 2058 3402 2128 genitum,
3433 2056 3525 2110 sed
3558 2072 3617 2108 ex
3657 2052 3792 2106 nihile

491 2153 729 2206 sortium
758 2168 1104 2205 revocarem.
1139 2151 1313 2204 Adest
1343 2152 1496 2205 enim
1533 2153 1718 2206 omnis
1748 2170 1890 2222 gens
1917 2153 2120 2207 (letho-
2227 2155 2452 2209 dicebat
2477 2172 2594 2209 esse
2623 2161 2898 2220 creatum,
2925 2153 3010 2208 vel
3040 2153 3235 2206 omnia
3271 2151 3495 2206 consilia
3534 2148 3791 2217 malignan-

492 2262 619 2300 rum
650 2246 859 2315 inclyta
888 2248 943 2298 et
987 2245 1102 2298 fere
1135 2245 1394 2298 omnium
1448 2247 1701 2315 gentium
1756 2246 2021 2300 virilitate
2053 2247 2121 2299 il-
2227 2250 2368 2303 tium
2399 2266 2524 2320 qum
2553 2250 2818 2302 adversus
2849 2253 3102 2302 sanctam
3143 2248 3430 2318 synodum
3463 2245 3711 2298 Niccenam
3733 2242 3792 2293 in-

492 2340 750 2404 lustrata,
771 2355 896 2409 qua:
930 2339 1061 2392 licet
1088 2355 1320 2392 suorum
1353 2339 1627 2409 pravitate
1649 2339 1938 2393 doctorum
1968 2358 1999 2393 a
2020 2340 2126 2393 fide
2229 2345 2553 2412 stituerunt,
2584 2343 2660 2396 ita
2704 2343 2760 2395 in
2794 2343 3068 2396 honorem
3117 2345 3171 2394 et
3205 2341 3259 2394 in
3300 2339 3519 2394 laudem
3557 2336 3640 2391 Dei
3670 2335 3795 2387 tidem

494 2434 768 2487 hactenus
796 2433 878 2485 vel
911 2432 1124 2485 unitate
1152 2433 1320 2486 fuerit
1352 2433 1608 2487 Ecclesim
1637 2433 1922 2487 catholicae
1945 2450 2129 2505 segrc-
2227 2449 2476 2492 sanetam
2519 2437 2725 2490 Nicaini
2755 2437 2987 2491 observo
3029 2435 3271 2500 concilii,
3305 2438 3361 2488 et
3395 2434 3602 2488 honoro
3627 2448 3681 2484 ea
3705 2446 3795 2499 qua

498 2530 649 2594 gata,
695 2531 814 2581 toto
866 2543 1016 2580 nunc
1064 2530 1253 2581 tamen
1292 2527 1464 2582 modo
1510 2544 1739 2582 assensu
1781 2528 2130 2582 concordans
2231 2536 2428 2586 contra
2463 2537 2626 2585 recta:
2660 2532 2788 2585 tidei
2820 2531 3089 2585 eumdem
3120 2533 3337 2601 pestem
3362 2528 3552 2581 Arium
3581 2525 3799 2578 il'CCL‘lllu—

495 2624 614 2692 ejus
634 2620 894 2676 Ecclesiae
921 2621 1308 2676 communioni
1333 2622 1867 2694 participatur,quze
1890 2622 2130 2676 diversa-
2231 2644 2358 2681 rum
2392 2626 2591 2680 decem
2638 2629 2690 2678 et
2736 2630 2860 2680 octo
2891 2629 3086 2679 sancta
3117 2621 3451 2695 episcopalis
3481 2619 3678 2690 scripsit
3699 2634 3798 2687 svn-

495 2735 622 2770 rum
657 2717 918 2787 gentium
946 2715 1374 2770 multitudinem
1402 2721 1664 2770 materno
1692 2717 1748 2770 in
1779 2717 1903 2770 sinu
1954 2717 2125 2770 susei-
2233 2721 2392 2775 odus.
2449 2721 2771 2790 Amplector
2839 2720 3029 2790 itaque
3081 2724 3136 2771 et
3190 2724 3359 2772 teneo
3404 2715 3566 2769 fidem
3623 2718 3798 2766 centum

497 2811 599 2880 pit,
632 2816 687 2862 et
715 2809 1006 2862 charitatis
1038 2809 1307 2863 uberibus
1341 2811 1536 2876 nutrit,
1584 2810 1652 2863 de
1705 2827 1815 2880 qua
1858 2812 2128 2880 propheta
2233 2815 2642 2886 quinquaginta
2675 2813 3069 2884 epiSCOporum
3098 2809 3577 2880 Constantinopoli
3612 2822 3797 2875 congre-

500 2903 1011 2968 caneute,dicitur:
1035 2926 1061 2951 ‹‹
1087 2904 1296 2956 Domus
1318 2921 1441 2957 mea
1459 2905 1661 2957 domus
1681 2904 1950 2957 orationis
1974 2921 2131 2957 voca-
2235 2913 2518 2980 gatorum,
2547 2907 2642 2978 qui
2675 2906 3063 2960 Macedonium
3113 2905 3357 2975 Spiritus
3385 2902 3556 2957 sancti
3597 2899 3802 2953 substan-

499 2998 654 3052 bitur
681 2997 896 3065 (Matth.
926 3014 1038 3063 xxx,
1074 3000 1151 3064 13)
1186 3017 1211 3048 »
1243 2998 1508 3050 omnibus
1531 2998 1818 3067 gentibus.
1848 3000 1958 3052 Nec
1981 2999 2130 3052 enim
2239 3003 2372 3056 tiam
2403 3002 2781 3055 n'iinorantem
2818 3005 2872 3054 et
2916 3018 2948 3054 a
2979 3000 3157 3054 Patris
3185 3004 3240 3053 et
3275 2999 3394 3053 Filii
3422 2997 3624 3051 unitate
3667 2995 3710 3045 et
3743 3007 3803 3041 es-

503 3093 620 3146 Sola
648 3092 960 3146 Gothorum
994 3091 1288 3145 conversio
1317 3092 1386 3145 ad
1426 3093 1714 3145 cumulum
1743 3096 1949 3145 nostra:
1978 3110 2130 3146 mer~
2157 3140 2206 3167 η
2237 3097 2416 3150 sentia
2451 3101 2849 3167 segregantem
2879 3095 3082 3165 jugulo
3115 3093 3370 3147 veritatis
3412 3087 3695 3146 interemit.
3721 3083 3805 3138 l’l‘i-

503 3143 521 3146 ’“
570 3143 616 3145 ίῂ
663 3143 718 3146 ’⁷
764 3143 958 3145 "’VVHH
1005 3143 1043 3144 7'
1152 3143 1160 3144 ί
1236 3143 1273 3145 ““
1341 3143 1385 3145 'V'
1437 3143 1445 3144 ί
1484 3143 1612 3145 ⁷“’““““
1651 3143 1712 3144 ⁷Π⁷
1747 3143 1803 3145 ⁷”⁷
1856 3143 1943 3145 Vin"
1979 3143 2092 3146 “”“””
2185 3143 2206 3164 Ἰ
2237 3143 2416 3150 “’“’“““’““
2451 3143 2849 3167 ““Ο“““’Π“““”⁷“’”“’
2879 3143 3076 3165 δ““Ο“”“”
3127 3143 3365 3147 ’““’““““’““
3412 3143 3519 3146 “““⁷’
3573 3143 3577 3144 ⁷

503 3186 654 3240 cedis
682 3186 913 3254 accedit,
943 3184 1201 3256 quinimo
1245 3189 1299 3238 et
1338 3186 1650 3239 Suevorum
1684 3186 1869 3256 gentis
1914 3186 2134 3239 inﬁnita
2156 3143 2208 3211 (λ
2237 3210 2343 3244 une
2394 3208 2619 3261 quoque
2663 3190 2963 3260 Ephesinze
2992 3188 3192 3260 synodi
3225 3188 3417 3256 ﬁdem,
3448 3203 3568 3256 quae
3593 3183 3806 3236 adversus

503 3279 811 3334 multitudo
839 3322 851 3346 ,
904 3296 1077 3349 quam
1140 3278 1402 3350 praesidio
1451 3280 1660 3333 caelesti
1714 3283 1909 3334 nostro
1959 3297 2134 3349 regno
2236 3284 2553 3339 Nestorium
2586 3285 2824 3354 ejusque
2855 3283 3172 3336 doctrinam
3200 3281 3316 3336 lata
3344 3278 3622 3349 est,credo
3648 3273 3807 3347 pariter

503 3373 845 3443 subjecimns
871 3373 1294 3443 alienojudicio
1323 3374 1379 3426 in
1409 3374 1671 3428 lueresim
1699 3374 2021 3444 deductam,
2042 3391 2136 3428 no-
2237 3383 2293 3433 et
2315 3379 2553 3446 honoro.
2585 3378 2857 3433 Similiter
2877 3382 2932 3430 et
2960 3375 3435 3432 Chalcedonensis
3457 3371 3660 3427 concilii
3679 3367 3808 3421 fidem

504 3475 619 3522 stro
663 3474 852 3522 tamen
900 3468 970 3521 ad
1004 3469 1252 3521 veritatis
1298 3468 1580 3539 originem
1622 3469 1806 3523 studio
1849 3469 2131 3523 revocavi-
2238 3491 2407 3543 quam
2441 3475 2606 3543 plena
2637 3473 2930 3525 sanctitate
2966 3475 3021 3525 et
3070 3469 3393 3524 eruditione
3425 3469 3670 3521 adversus
3693 3459 3808 3515 Euti-

505 3581 652 3617 mus.
703 3562 960 3629 Proinde,
988 3562 1324 3616 sanctissimi
1365 3568 1574 3633 patres,
1610 3563 1706 3616 has
1757 3563 2136 3617 nobilissimas
2237 3585 2360 3620 cem
2392 3573 2447 3622 et
2485 3567 2806 3621 Dioscorum
2844 3565 3100 3637 protulit,
3135 3581 3266 3618 cum
3309 3563 3548 3617 Ecclesia
3594 3555 3811 3611 catholica

507 3661 709 3728 gentes
739 3673 863 3727 qua:
894 3656 1063 3710 lucris
1107 3656 1301 3726 gratia)
1352 3673 1457 3726 per
1485 3674 1586 3710 nos
1628 3657 1938 3721 Dominicis
1964 3658 2136 3728 appli-
2238 3665 2566 3717 reverenter
2593 3661 2858 3732 suscipio.
2890 3660 3158 3714 Omnium
3184 3675 3416 3730 quoque
3439 3654 3811 3710 orthodoxorum

506 3757 640 3805 cata)
687 3756 838 3817 sunt,
866 3751 1024 3822 quasi
1058 3755 1334 3819 sanetum,
1380 3753 1436 3803 et
1481 3750 1752 3821 placabile
1802 3751 2137 3805 sacriﬁcium
2237 3755 2643 3809 venerabilium
2677 3755 3027 3808 sacerdotum
3067 3753 3310 3807 concilia
3343 3769 3467 3823 quae
3493 3749 3559 3803 ab
3597 3745 3710 3818 ipsis
3745 3757 3811 3792 su-

503 3863 607 3916 per
654 3848 862 3898 vestras
908 3861 1110 3898 manus
1147 3847 1362 3900 aeterno
1415 3845 1525 3897 Deo
1577 3843 1772 3898 otl'ero.
1823 3846 1939 3898 Erit
1983 3845 2136 3898 enim
2238 3869 2339 3922 pra
2371 3849 2594 3919 scriptis
2622 3854 2867 3920 quatuor
2885 3847 3115 3919 synodis
3146 3847 3280 3900 Iidei
3306 3845 3546 3917 puritate
3570 3859 3666 3896 non
3687 3836 3814 3892 disse-

506 3939 646 3993 mihi
684 3938 1164 3992 iinmarcessibilis
1200 3954 1405 3992 corona
1444 3939 1528 3990 vel
1577 3937 1851 4008 gaudium
1882 3938 1940 3991 in
1971 3939 2135 3992 retri-
2239 3950 2396 4013 nant,
2427 3943 2550 4014 pari
2585 3943 2945 3997 veneratione
2980 3943 3233 3995 observo.
3271 3943 3540 4011 Properet
3566 3945 3817 4005 ergoreve-

503 4033 741 4087 butione
767 4033 1074 4102 justorum,
1107 4032 1150 4084 si
1183 4032 1242 4086 bi
1272 4031 1468 4103 populi
1500 4032 1597 4101 qui
1623 4035 1816 4085 nostra
1845 4033 1914 4085 ad
1945 4033 2134 4086 unita-
2238 4039 2420 4093 rentia
2448 4041 2632 4091 vestra
2667 4037 2838 4091 fidem
2871 4037 3012 4090 hanc
3058 4039 3314 4091 nostram
3363 4033 3636 4088 canonicis
3678 4022 3814 4096 appli-

508 4129 624 4180 tem
656 4125 921 4180 Ecclesiae
958 4125 1185 4180 solertia
1217 4124 1663 4179 transcurrerint
1692 4125 1908 4178 fundati
1948 4128 2006 4179 in
2039 4143 2134 4180 ea-
2239 4151 2370 4187 care
2415 4131 2786 4187 monimentis
2830 4137 2892 4185 ut
2927 4132 2996 4184 ab
3039 4130 3316 4201 episcopis
3359 4128 3444 4183 vel
3496 4121 3742 4195 religiosis
3778 4118 3815 4167 cl

510 4222 641 4275 dem
686 4224 744 4273 θὶ
804 4219 1031 4273 subii-ui
1093 4225 1488 4290 Permaneam-
1539 4220 1690 4273 Sicut
1735 4219 1887 4272 enim
1946 4219 2137 4274 diVillU
2241 4227 2424 4297 gentis
2457 4231 2660 4281 nostrae
2684 4225 3028 4296 primoribus
3057 4225 3295 4278 solerter
3322 4224 3464 4278 ﬁdes
3489 4235 3644 4293 quam
3684 4215 3728 4269 in
3752 4212 3818 4266 EC-

508 4321 651 4370 nutu
701 4317 908 4368 nostra:
951 4329 1096 4366 curm
1151 4314 1258 4367 fuit
1301 4314 1402 4367 hos
1449 4315 1684 4386 populos
1731 4314 1802 4366 ad
1860 4315 2136 4369 unitatem
2241 4323 2409 4376 clesia
2434 4321 2709 4375 catholica
2737 4320 3102 4373 crediderunt
3132 4319 3390 4388 legatur;
3427 4332 3592 4387 quam
3629 4321 3814 4365 renova-

509 4408 710 4465 Christi
740 4413 795 4462 et
821 4407 1076 4464 Ecclesiae
1114 4408 1466 4478 pertrahere,
1501 4409 1575 4462 ita
1624 4408 1693 4461 sit
1737 4413 1937 4462 vestrae
1983 4409 2135 4463 doci-
2239 4425 2355 4473 1am
2387 4424 2443 4473 et
2473 4419 2725 4490 apicibus
2752 4419 2838 4472 vel
2866 4435 3064 4472 eorum
3098 4415 3604 4487 subscriptionibus
3629 4408 3815 4463 robora-

507 4503 738 4560 bilitatis
790 4521 886 4558 COS
937 4502 1230 4557 catholicis
1275 4503 1637 4573 dogmatibus
1681 4502 1980 4570 instruere,
2026 4521 2138 4575 quo
2159 4515 2217 4587 D
2244 4517 2377 4583 tam,
2410 4513 2615 4567 futuris
2642 4513 2776 4568 olim
2804 4511 3229 4584 temporibusin
3260 4509 3643 4564 testimonium
3663 4499 3814 4555 Πθίδί·

507 4602 564 4655 in
589 4603 706 4654 tota
733 4599 1057 4669 cognitione
1085 4597 1331 4651 veritatis
1352 4597 1907 4661 iustructi,noverint
1934 4616 1997 4651 ex
2021 4605 2138 4653 toto
2242 4625 2352 4678 qne
2381 4608 2643 4662 omnium
2687 4606 2941 4660 fidelium
2984 4621 3296 4673 reservare,
3327 4610 3393 4658 ut.
3428 4607 3618 4676 gentes
3641 4611 3754 4670 quas
3778 4590 3818 4641 in

508 4713 727 4750 errores
753 4693 1097 4765 perniciosos
1125 4708 1413 4762 respuere,
1435 4697 1489 4744 et
1518 4709 1660 4744 verae
1690 4693 1818 4746 fidei
1848 4694 2136 4748 tramitem
2243 4703 2340 4757 Ι)οί
2368 4702 2596 4756 nomine
2630 4702 2782 4773 regia
2812 4703 3083 4772 potestate
3113 4699 3500 4771 percepimus,
3530 4699 3582 4749 ρι
3606 4709 3714 4764 qua»
3753 4701 3815 4738 re-

511 4809 575 4845 ex
621 4789 888 4844 charitate
930 4788 1194 4851 retinere,
1229 4787 1311 4839 vel
1339 4786 1629 4839 catholicze
1680 4788 1935 4842 Ecclesim
1981 4806 2138 4842 com-
2241 4798 2372 4852 lieto
2403 4797 2638 4868 antiquo
2667 4813 2855 4850 errore
2885 4812 2985 4866 per
3012 4793 3339 4849 unctionem
3369 4785 3689 4846 sacrosancti
3714 4775 3821 4835 chri-

511 4886 849 4940 munionem
891 4881 1166 4936 desiderio
1215 4880 1450 4935 avidiori
1491 4882 1808 4954 complecti.
1857 4886 2137 4937 (Zaiterum
2243 4892 2458 4958 smmis,
2493 4891 2577 4944 vel
2628 4907 2829 4944 manus
2866 4888 3288 4960 impositionem
3339 4885 3676 4941 Paracletnm
3714 4877 3819 4930 intra

510 4986 652 5039 sicut
674 4984 831 5038 facile
854 4981 925 5035 ad
943 4981 1506 5052 veniampervenisse
1525 4982 1933 5052 confido,qim.l
1953 4983 2138 5036 nescia
2243 4987 2337 5040 Dei
2373 4985 2675 5038 Ecclesiam
2705 4983 3066 5056 perceperint
3096 4982 3398 5054 Spiritum,
3427 4995 3589 5053 quem
3618 4986 3763 5028 unum
3782 4967 3816 5017 ct

510 5081 619 5135 huc
662 5095 840 5150 usque
887 5080 1000 5130 tam
1037 5077 1344 5130 clarissima
1377 5076 1645 5129 erraverit
1691 5093 1849 5140 gens,
1896 5077 1969 5129 ita
2007 5094 2136 5146 gra—
2243 5080 2516 5151 zeqiialem
2547 5096 2676 5133 cum
2710 5080 2868 5132 Patre
2901 5080 2955 5130 et
2986 5077 3124 5130 Filio
3173 5077 3532 5140 confitentes.
3565 5086 3680 5142 quze
3708 5064 3820 5116 dono

508 5176 629 5230 vius
669 5191 790 5229 esse
841 5190 955 5227 non
1016 5172 1210 5224 dubito
1255 5170 1301 5224 si
1343 5169 1591 5240 agnitum
1635 5170 1926 5224 veritatem
1970 5171 2138 5224 dubio
2243 5175 2336 5228 Dei
2371 5174 2429 5228 in
2461 5174 2586 5226 sinu
2619 5172 2874 5226 Ecclesiae
2903 5176 3111 5226 sanctze
3154 5170 3447 5224 catholicm
3478 5165 3680 5221 collatm
3708 5159 3820 5208 sunt.

509 5271 680 5325 corde
724 5271 939 5333 teneat,
971 5269 1140 5336 atque
1182 5282 1214 5316 a
1250 5263 1461 5334 patenti
1507 5263 1741 5329 lumine,
1775 5264 1929 5334 quod
1973 5265 2134 5333 absit,
2239 5269 2396 5332 Quod
2429 5269 2472 5321 si
2500 5285 2699 5321 eorum
2725 5266 2899 5337 aliqui
2944 5265 3090 5320 hanc
3117 5264 3508 5320 credulitatem
3541 5265 3590 5313 et
3621 5257 3820 5309 sanctam

509 5366 696 5420 oculos
741 5380 870 5417 suos
916 5363 1150 5414 avertat.
1186 5359 1341 5411 Unde
1375 5361 1430 5410 et
1457 5356 1616 5410 valde
1651 5358 2134 5428 pernecessarium
2240 5364 2650 5417 confessionem
2703 5365 2959 5415 nostram
3025 5361 3257 5414 minime
3290 5357 3528 5411 credere
3572 5343 3821 5406 voluerint.

508 5479 629 5514 esse
658 5455 924 5530 perspexi
953 5452 1360 5506 beatitudinem
1385 5454 1624 5506 vestram
1654 5451 1713 5504 in
1742 5469 1917 5505 unum
1940 5470 2140 5506 conve-
2239 5457 2376 5511 iram
2395 5458 2493 5511 Dei
2515 5474 2642 5510 cum
2659 5456 3022 5509 anathemate
3050 5461 3264 5509 aiterno
3283 5447 3670 5522 suscipiant,nt
3691 5440 3747 5494 de
3766 5452 3822 5488 ux-

506 5559 652 5625 nire,
687 5554 906 5608 habens
935 5547 1231 5601 sententiae
1259 5545 1565 5601 Dominicae.
1600 5547 1770 5601 fidem
1810 5564 1918 5619 qua
1953 5547 2086 5601 dicit
2120 5567 2132 5602 :
2239 5551 2410 5606 teritu
2432 5569 2531 5604 suo
2549 5550 2808 5605 fidelibus
2831 5547 3468 5620 gandiuni,infidelil)us
3488 5541 3663 5598 sintin
3678 5546 3826 5591 exem-

507 5650 610 5704 lIbi
656 5647 868 5702 fuerint
912 5643 1024 5698 duo
1065 5642 1149 5696 vel
1190 5647 1306 5696 tres
1342 5641 1557 5696 collecti
1607 5642 1666 5696 in
1713 5641 1942 5696 nomine
1987 5660 2133 5709 meo,
2236 5645 2569 5717 plum.Huic
2598 5663 2727 5699 vero
2761 5643 3096 5699 confessioni
3125 5659 3267 5696 mete
3288 5630 3824 5698 saneLarumScriptu-

504 5746 579 5799 ibi
611 5759 735 5795 sum
757 5743 816 5794 in
844 5739 1030 5795 medio
1050 5755 1270 5794 eorum.
1301 5737 1480 5792 Credo
1503 5737 1658 5791 enim
1679 5737 1901 5791 beatam
1925 5741 2135 5792 saneta:
2235 5757 2430 5795 rarum
2465 5746 2519 5794 et
2559 5739 2931 5794 conciliorum
2974 5735 3466 5792 constitutionibus
3513 5722 3828 5816 consentiens

503 5834 791 5897 Trinitatis
832 5834 1182 5888 divinitatem
1219 5832 1349 5887 huic
1395 5837 1586 5888 sancto
1637 5831 1907 5887 interesse
1948 5832 2132 5887 conci-
2237 5834 2567 5890 testimonio
2589 5834 2780 5890 divino
2811 5837 2924 5889 tota
2955 5832 3135 5887 cordis
3166 5827 3523 5904 simplicitate
3546 5814 3824 5885 subscripél.
