3964 6178
236 315 307 366 iii;
1435 313 1556 366 Μία
1569 315 1602 364 ἴῖ
1616 312 1859 365 ΕΤᾹΙᾸΓ]

1965 311 2046 364 ῘΟΙ
2059 311 2330 364 .l.litj'l'10.

1854 436 1910 506 Α
1932 419 2259 490 prodigiose
2292 419 2602 487 divulgant,
2628 417 2832 470 idcirco
2861 435 3092 474 omnem
3123 420 3392 474 adversus
3415 425 3562 476 veri-

681 446 834 500 Fides
874 447 1078 500 Niczeni
1115 448 1342 500 concilii.

286 569 562 621 credimus
611 568 666 620 in
723 571 901 621 unum
962 570 1144 622 Deum
1197 570 1419 623 Patrem
1475 570 1833 640 omnipoten-

237 667 342 728 tem,
367 662 627 714 omnium
657 661 963 715 visibilium
989 667 1040 715 ct
1065 663 1425 717 invisibilium
1447 664 1798 717 conditorem
1823 681 1834 728 ;

236 765 274 808 et
303 758 346 809 iu
372 774 548 809 nmini
598 756 908 809 Dominum
935 758 1129 810 Jesum
1177 758 1464 811 Christum
1513 759 1712 810 Filium
1743 758 1836 809 Dei

237 852 285 903 de
310 852 462 902 Patre
496 856 695 903 natum
730 850 1108 914 unigenitum,
1141 851 1244 905 hoc
1289 855 1370 904 est
1414 852 1481 904 de
1528 852 1840 904 substantia

237 946 400 1004 Patris,
435 946 610 997 Deum
654 961 718 997 ex
769 947 900 1006 Deo,
937 946 1130 998 lumen
1161 963 1222 998 ex
1253 945 1488 1013 lumine,
1524 947 1697 999 [leum
1743 962 1835 996 ve-

235 1056 334 1091 rum
377 1056 438 1090 ex
492 1039 604 1090 Deo
651 1056 802 1104 vero,
851 1043 1072 1102 natum,
1109 1057 1218 1092 non
1262 1040 1497 1102 factum,
1540 1039 1836 1092 omousion

236 1134 376 1199 Patri,
411 1133 514 1185 hoc
545 1138 627 1186 est
669 1133 925 1201 ejusdem
976 1150 1103 1186 cum
1155 1135 1316 1186 Patre
1363 1133 1710 1200 substantiar,
1743 1150 1842 1202 per

236 1245 373 1298 quem
408 1228 605 1280 omnia
635 1227 783 1279 facta
815 1233 964 1292 sunt,
1000 1231 1056 1279 et
1087 1244 1212 1297 quae
1245 1227 1300 1279 in
1331 1229 1468 1280 C(Blt)
1519 1232 1574 1279 et
1626 1245 1752 1297 qtue
1782 1226 1839 1278 in

237 1328 372 1387 terra,
395 1322 492 1390 qui
525 1326 759 1391 propter
786 1337 886 1373 nos
937 1327 991 1373 et.
1041 1324 1276 1390 propter
1315 1326 1572 1374 nostram
1603 1320 1840 1372 salutem

239 1415 494 1467 (.lcsccndit
522 1420 575 1467 et
605 1415 930 1467 incarnatus
958 1420 1060 1478 est,
1097 1416 1270 1468 homo
1306 1415 1504 1479 factus,
1539 1431 1733 1485 passus
1761 1417 1843 1465 est

238 1509 317 1561 sub
343 1510 534 1562 Pontio
573 1509 768 1573 Pilato,
800 1512 854 1560 et.
903 1510 1156 1577 sepultus
1206 1512 1310 1574 est,
1344 1512 1399 1562 et
1426 1510 1513 1562 die
1558 1509 1726 1562 tertia
1755 1525 1837 1560 re-

240 1605 464 1669 surrexit,
502 1607 557 1654 et
588 1603 843 1655 ascendit
871 1603 926 1654 in
956 1603 1146 1670 oculos,
1180 1603 1312 1656 inde
1340 1606 1613 1656 venturus
1652 1603 1844 1671 estju-

242 1697 393 1750 dio-are
417 1696 571 1750 vivos
595 1702 650 1750 et
672 1701 943 1750 mortuos.
966 1698 1031 1749 Et
1055 1696 1110 1750 in
1133 1697 1403 1766 Spiritum
1431 1701 1709 1750 sanctun‘i.
1736 1698 1843 1749 Eos

239 1799 392 1842 autem
432 1791 528 1862 qui
564 1791 756 1844 dicunt
789 1808 802 1844 :
836 1793 988 1854 Erat,
1023 1791 1252 1860 quando
1281 1809 1394 1845 non
1427 1799 1567 1856 erat,
1603 1794 1658 1843 et
1683 1795 1837 1843 ante-
1863 1811 1919 1881 Β

243 1902 379 1955 quam
426 1888 757 1938 nasceretur
800 1902 913 1937 non
950 1887 1090 1949 erat,
1120 1889 1175 1938 et
1207 1885 1344 1954 quia
1389 1902 1453 1937 ex
1501 1885 1670 1938 nullis
1718 1885 1836 1937 exi-

241 1980 482 2032 stentibus
515 1980 696 2032 factus
722 1984 822 2045 est,
858 1983 953 2032 aut
981 1995 1048 2031 ex
1088 1979 1198 2031 alia
1239 1979 1551 2031 substantia
1583 1980 1665 2031 vel
1711 1978 1840 2030 sub-

242 2073 464 2126 sistantia
523 2073 720 2125 dicunt
778 2072 1111 2126 mutabilem
1158 2090 1275 2125 esse
1317 2077 1372 2125 ct
1418 2073 1844 2126 convertibilem

242 2166 412 2218 Filium
461 2165 578 2233 Dei,
629 2166 1064 2220 anathematizat
1119 2167 1397 2220 catholica
1441 2171 1497 2219 et
1540 2165 1846 2236 apostolica

243 2261 481 2313 Ῑίϋΰὶρςὶἃ.

239 2410 518 2476 Symbolum
544 2415 752 2464 centum
779 2411 1175 2478 quinquaginta.
1201 2411 1427 2463 Patrum
1460 2412 1842 2466 Constantino-

779 2482 1021 2549 politani
1057 2483 1288 2535 concilii.

301 2598 582 2652 Credimus
606 2598 662 2650 in
689 2614 865 2650 unum
891 2599 1091 2658 Deum,
1117 2599 1339 2652 Patrem
1369 2598 1845 2668 omnipotentem,

237 2693 490 2746 factorem
517 2692 642 2745 cmli
672 2696 728 2745 et
756 2698 941 2758 terrze,
965 2693 1269 2746 visibilium
1299 2693 1556 2746 omnium
1583 2699 1637 2746 et
1667 2693 1851 2746 invisi-

237 2786 416 2839 bilium
438 2786 811 2840 cimditorem.
828 2789 892 2841 Et
907 2787 964 2839 in
983 2804 1162 2840 unum
1183 2788 1482 2841 Dominum
1496 2790 1684 2841 Jesum
1701 2787 1854 2841 Chri-

236 2886 369 2934 stum
403 2881 605 2934 Filium
636 2880 731 2934 Dei
765 2880 1148 2951 unigenitum,
1181 2898 1242 2935 ex
1287 2884 1450 2935 Patre
1493 2888 1689 2936 natum
1722 2887 1851 2935 ante

237 2977 411 3028 omnia
430 2977 655 3042 szecula,
679 2977 855 3030 Deum
883 2994 944 3028 ex
969 2977 1099 3042 Deo,
1116 2977 1308 3029 lumen
1330 2994 1392 3029 ex
1416 2977 1651 3042 lumine,
1674 2977 1851 3030 Deum

237 3086 418 3123 verum
457 3087 524 3123 ex
559 3070 668 3123 Deo
703 3087 851 3135 vero,
881 3074 1098 3134 natum,
1133 3088 1244 3124 non
1295 3071 1526 3139 factum,
1560 3072 1855 3124 mnousion

236 3165 391 3222 Patri.
419 3165 523 3217 hoc
573 3167 656 3216 est
687 3164 939 3233 ejusdem
989 3182 1118 3218 cum
1164 3167 1325 3218 Patre
1371 3165 1718 3230 substantim,
1756 3183 1856 3234 per

232 3275 392 3326 quem
424 3259 615 3311 omnia
661 3258 805 3310 facta
835 3261 986 3322 sunt,
1017 3262 1071 3311 et
1103 3276 1228 3329 qum
1269 3259 1326 3312 in
1372 3259 1506 3312 cudo
1538 3265 1592 3312 et
1641 3276 1765 3328 quae
1800 3259 1856 3311 in

231 3359 392 3405 terr-.1.
428 3353 529 3415 Qui
574 3357 808 3422 propter
837 3369 940 3405 nos
968 3356 1022 3406 et
1052 3358 1286 3423 propter
1316 3359 1570 3407 nostram
1618 3355 1855 3406 salutem

229 3445 538 3513 descendit,
573 3451 627 3498 et
677 3446 998 3499 incarnatus
1044 3453 1126 3500 est
1170 3448 1236 3500 de
1287 3447 1498 3517 Spiritu
1547 3454 1740 3502 sancto
1789 3466 1856 3500 ex

227 3537 396 3592 Maria
425 3542 664 3609 virgine,
697 3541 865 3593 homo
912 3542 1110 3598 factus.
1137 3559 1337 3612 passus
1382 3548 1465 3594 est
1509 3543 1612 3594 sub
1661 3544 1858 3595 Pontio

225 3633 422 3700 Pilato,
454 3640 507 3687 et
539 3635 790 3704 sepultus
826 3639 929 3700 est,
967 3640 1021 3687 et
1069 3635 1158 3688 die
1204 3636 1369 3689 tertia
1420 3636 1750 3703 resurrexit,
1780 3654 1861 3688 as-

226 3729 417 3782 cendit
462 3730 518 3782 in
552 3729 920 3786 coelos.sedet
962 3730 1031 3783 ad
1080 3730 1376 3783 dexteram
1423 3730 1619 3795 Patris,
1655 3730 1860 3783 iterum

232 3827 500 3876 venturus
527 3841 657 3877 cum
698 3823 875 3893 gloria
911 3823 1164 3894 judicare
1195 3825 1347 3876 vivos
1376 3828 1429 3877 et
1458 3829 1728 3891 mortuos,
1762 3842 1859 3877 cn-

229 3914 312 3981 jus
359 3917 520 3988 regni
564 3935 676 3970 non
727 3918 834 3971 erit
882 3917 1029 3972 finis.
1073 3921 1139 3973 Et
1185 3918 1240 3971 in
1289 3918 1560 3988 Spiritum
1606 3923 1863 3973 sanctum

237 4009 538 4065 Dominum
573 4017 630 4064 et
664 4011 1063 4066 vivificatorem
1115 4029 1177 4065 ex
1225 4013 1389 4065 Patre
1437 4013 1862 4082 procedentem,

238 4119 360 4158 cum
397 4107 558 4158 Patre
586 4109 642 4159 et
669 4105 808 4159 Filio
830 4106 1182 4160 adorandum
1212 4110 1266 4159 et
1296 4107 1863 4175 eonglorillcandum,

239 4200 330 4268 qui
382 4200 596 4252 locutus
639 4204 718 4252 est
765 4217 868 4270 per
913 4200 1239 4270 prophetas.
1295 4203 1472 4254 l'nam
1528 4201 1867 4254 catlmlicam

241 4297 404 4362 atque
460 4293 826 4364 apostolicam
893 4290 1214 4346 Ecclesiam.
1277 4294 1628 4348 Contitemur
1687 4311 1868 4347 unum

243 4382 518 4455 baptisma
544 4387 602 4440 in
634 4387 1025 4440 remissionem
1053 4393 1440 4457 peccatorum,
1475 4391 1869 4458 exspectamus

248 4488 710 4535 resurrectionem
769 4485 1146 4548 mortuorum,
1197 4482 1371 4534 vitam
1428 4482 1602 4535 futuri
1659 4481 1867 4535 saeculi.

254 4577 446 4630 Amen.

481 4718 631 4779 Item,
663 4720 928 4771 tractatus
961 4716 1400 4774 Chalcedonensis
1429 4718 1661 4772 concilii.

323 4844 625 4901 Suffecerat
640 4848 872 4918 quidem
889 4847 958 4899 ad
982 4846 1370 4918 plenissimam
1394 4847 1618 4917 pietatis
1642 4845 1882 4916 agnitio-

262 4954 388 4994 nem
415 4946 467 4994 et
494 4942 984 4995 confirmationem
1015 4942 1401 4995 cautissimum
1427 4941 1533 4995 hoc
1563 4946 1617 4994 et.
1639 4941 1884 4994 salutare

262 5034 458 5088 divinre
487 5036 684 5105 gratim
727 5035 1065 5104 symbolum.
1100 5037 1172 5087 De
1201 5037 1359 5089 Patre
1389 5035 1539 5088 enim
1573 5039 1630 5087 et
1663 5035 1799 5088 Filio
1833 5037 1886 5087 et

263 5126 465 5196 Spiritu
494 5133 688 5183 sancto
717 5129 1033 5182 doctrinam
1055 5130 1368 5200 perfectam
1391 5128 1609 5194 edocet,
1633 5134 1688 5182 et
1709 5129 1889 5182 incar-

264 5223 545 5278 nationem
575 5224 930 5278 Dominicam
948 5223 1191 5278 fideliter
1207 5224 1640 5293 suscipientibus
1661 5221 1891 5275 manife-

265 5319 390 5371 stat.
407 5319 508 5373 Sed
529 5318 800 5390 quoniam
819 5319 914 5389 qui
932 5318 1394 5388 praedicationem
1414 5317 1663 5372 veritatis
1678 5317 1894 5370 destru-
1920 5387 1922 5389 p

264 5426 354 5463 ere
368 5413 928 5484 nituntur,quasdam
951 5413 1196 5484 propria‘
1212 5413 1489 5466 haereseos
1509 5412 1785 5465 novitates
1802 5429 1895 5481 pa-

263 5504 413 5560 riunt
437 5525 447 5561 :
469 5507 703 5578 quidam
729 5507 881 5560 enim
904 5507 1279 5560 ministerium
1303 5524 1403 5575 pro
1424 5507 1588 5560 nobis
1605 5508 1794 5558 actum
1816 5505 1896 5558 di-

262 5601 405 5654 vinze
421 5602 865 5673 dispensationis
887 5601 1102 5656 audent
1125 5617 1516 5671 corrumpere,
1546 5604 1601 5652 et
1620 5616 1814 5652 vocem
1838 5599 1898 5652 il-

260 5694 369 5750 lam
401 5697 646 5768 virginei
674 5702 868 5766 partus
893 5695 960 5749 ad
993 5696 1272 5764 virginem
1304 5695 1620 5764 denegavit;
1645 5693 1737 5747 alii
1761 5699 1899 5747 tem-

256 5798 663 5862 peramentum
697 5791 1100 5844 confusionum
1135 5789 1485 5853 inducentes,
1511 5795 1563 5841 et
1587 5805 1756 5841 unam
1779 5804 1899 5841 esse

262 5891 524 5941 natuqu
562 5885 750 5939 carnis
783 5885 1123 5955 deitatisque
1158 5883 1440 5937 inseusate
1473 5887 1900 5953 componentes,

279 5981 588 6044 passibilem
613 5979 894 6051 unigeniti
912 5979 1160 6034 divinam
1188 5982 1450 6032 naturam
1469 5976 1560 6030 tali
1577 5975 1902 6031 confusione

3475 317 3565 368 iit;

1938 520 2109 568 tatem
2142 514 2540 584 opponendum
2571 512 2640 565 ab
2669 511 2801 582 ipsis
2842 515 3327 569 machinationem
3371 517 3569 572 volens

1938 609 2235 662 excludere
2259 610 2452 660 sancta
2485 610 2542 659 et
2569 623 2775 676 magna
2801 609 3133 662 universalis
3164 611 3429 680 synodus,
3463 630 3566 666 an-

1941 704 2156 772 tiquam
2189 701 2646 772 pranlicationem
2697 701 3048 756 immobilem
3094 704 3303 757 docens
3350 708 3564 773 statuit,

1939 796 2220 866 pra'cipue
2254 799 2634 848 trecentorum
2667 794 2862 848 decem
2889 802 2943 849 et
2966 801 3091 849 octo
3114 802 3434 853 sanctorum
3463 802 3566 854 Pa-

1939 897 2089 943 trum
2121 890 2290 942 tidem
2325 889 2828 942 incontaminatam
2859 907 3108 944 manere.
3140 894 3206 945 Et.
3227 900 3460 965 propter
3477 913 3571 949 eos

1941 985 2035 1054 qui
2069 983 2300 1054 Spiritui
2350 986 2543 1036 sancto
2589 983 2986 1057 adversantur,
3007 988 3236 1039 centum
3287 989 3566 1060 quinqua-

1944 1080 2097 1149 ginta
2123 1080 2349 1131 Patrum
2374 1077 2540 1147 paulo
2567 1077 2866 1147 posteriori
2897 1083 3155 1148 tempore
3181 1081 3236 1132 in
3266 1082 3404 1135 urbe
3426 1085 3569 1136 (loli-

1941 1172 2447 1240 stantinopolitana
2476 1170 2928 1223 convenientium
2957 1173 3024 1224 de
3053 1173 3364 1228 substantia
3398 1177 3570 1245 Spiri-

1942 1273 2031 1318 tus
2077 1265 2250 1318 sancti
2301 1265 2562 1318 traditam
2623 1265 2944 1318 doctrinam
3005 1267 3350 1332 corroborat,
3402 1286 3572 1340 quam

1945 1360 2119 1412 etiam
2141 1359 2404 1412 omnibus
2432 1358 2512 1411 illi
2541 1358 2998 1428 insinuaverunt,
3031 1378 3141 1414 non
3169 1362 3322 1432 quod
3347 1364 3401 1415 in
3426 1381 3572 1434 prm-

1944 1455 2272 1509 cedentibus
2316 1452 2531 1522 aliquid
2595 1453 2828 1516 deesset,
2871 1453 3200 1523 adjicientes
3246 1457 3314 1509 de
3367 1457 3575 1527 Spiritu

1944 1555 2139 1603 sancto
2172 1548 2508 1601 eorumdem
2537 1547 2889 1600 intellectum
2918 1549 3186 1602 adversus
3213 1569 3311 1604 eos
3333 1553 3430 1622 qui
3460 1553 3572 1606 doi-

1944 1643 2074 1696 tatis
2103 1643 2225 1711 ejus
2258 1642 2706 1695 dominationem
2739 1644 3001 1695 nituntur
3025 1644 3273 1697 adimere
3323 1647 3573 1717 Scriptu-

1945 1755 2133 1790 rarum
2165 1736 2500 1790 testimoniis
2529 1737 2747 1806 plenius
2787 1737 3171 1792 manifestam.
3205 1741 3443 1810 Propter
3480 1754 3600 1795 eos’

1945 1848 2082 1884 sane
2116 1831 2212 1900 qui
2239 1829 2675 1898 dispensationis
2704 1831 3034 1899 mysterium
3065 1835 3289 1885 tentant
3321 1853 3574 1889 corrum-

1945 1942 2101 1996 pere,
2137 1930 2193 1977 et
2218 1941 2424 1995 purum
2457 1923 2752 1976 hominem
2781 1940 2896 1976 esse
2929 1925 3026 1994 qui
3048 1942 3113 1978 ex
3140 1933 3326 1980 sancta
3351 1929 3577 1998 Virgine.

1945 2023 2112 2071 natus
2131 2022 2232 2080 est,
2249 2015 2940 2087 impudenterdivulgant,
2955 2017 3266 2072 beatissimi
3286 2024 3574 2091 quondam

1945 2112 2134 2182 Cyrilli
2181 2111 2576 2165 Alexandrinze
2629 2111 2894 2164 licclesia‘
2927 2113 3239 2167 sacerdotis
3289 2117 3578 2186 syi'iodieas

1948 2205 2234 2276 epistolas,
2263 2207 2377 2258 tam
2418 2205 2487 2257 ad
2531 2204 2848 2257 Nestorium
2891 2222 3065 2274 quam
3109 2208 3180 2260 ad
3212 2214 3446 2262 czeteros
3478 2229 3580 2282 pm

1946 2300 2235 2354 Orientem
2262 2315 2545 2369 congruas
2573 2301 2629 2352 et
2657 2298 2758 2352 sibi
2797 2300 3213 2355 consentientes
3239 2303 3477 2374 scripsit,
3509 2305 3580 2358 ad

1947 2394 2402 2448 confutationem
2435 2393 2664 2464 quidam
2709 2394 3052 2448 Nestoriance
3085 2397 3368 2462 amentize,
3406 2399 3577 2453 inter-

1949 2487 2330 2559 pretationem
2357 2504 2489 2540 vero
2521 2503 2718 2540 eorum
2748 2487 2843 2558 qui
2876 2487 3139 2558 religioso
3171 2492 3284 2544 zelo
3317 2493 3578 2547 salut-iris

1950 2583 2188 2653 symboli
2262 2582 2492 2652 capiunt
2565 2581 2931 2635 intellectum.
2992 2584 3202 2646 Quibus
3261 2591 3316 2639 et
3371 2588 3578 2657 episto-

1950 2677 2061 2730 lam
2090 2676 2264 2729 sancti
2292 2681 2347 2729 et
2385 2674 2696 2730 beatissimi
2743 2675 2944 2745 primze
2991 2677 3136 2730 sedis
3175 2680 3582 2754 archiepiscopi

1952 2770 2154 2824 Leonis
2183 2770 2251 2823 ad
2281 2769 2610 2823 Flavianum
2653 2770 2919 2840 scriptam
2971 2787 3088 2823 esse
3124 2774 3487 2828 recordamur
3516 2781 3582 2830 ad

1953 2865 2176 2937 penitus
2223 2864 2621 2935 perimendam
2668 2863 2935 2917 Euticetis
2979 2866 3416 2936 malignitatem,
3462 2890 3584 2941 ψει-ρ

1954 2955 2164 3030 magni
2193 2959 2342 3012 Petri
2378 2957 2714 3012 confessioni
2763 2960 3094 3026 concordat,
3133 2966 3187 3013 et.
3230 2981 3586 3018 communvm

1955 3053 2263 3124 quamdam
2297 3051 2563 3123 paginam
2600 3052 2934 3106 exis‘tentem
2967 3060 3160 3107 contra
3191 3074 3284 3108 eos
3315 3058 3410 3128 qui
3442 3064 3588 3111 recte.

1956 3165 2070 3202 non
2100 3147 2422 3218 glorificant
2441 3147 2511 3200 ad
2533 3147 3024 3200 conﬁrmationem
3047 3150 3335 3203 catholicae
3372 3154 3593 3218 religio-

1959 3243 2044 3296 nis
2085 3242 2373 3295 evidenter
2417 3240 2728 3310 subjuuxit,
2764 3247 2818 3294 et
2859 3258 2952 3293 eos
2997 3243 3093 3313 qui
3150 3244 3203 3296 in
3256 3245 3395 3299 dlltJS
3446 3249 3590 3301 filios

1959 3335 2396 3407 dispensationis
2449 3335 2756 3388 Dominicte
2796 3336 3130 3404 mysterium
3174 3339 3428 3393 scindere
3471 3329 3590 3395 mo:

1959 3432 2196 3494 liuntur,
2226 3436 2566 3492 exsecratur,
2597 3434 2652 3482 et
2675 3446 2768 3482 eos
2791 3430 2886 3499 qui
2919 3431 2975 3482 in
3009 3431 3148 3483 duas
3180 3439 3408 3487 naturas
3440 3437 3596 3491 Chri—

1963 3526 2027 3578 sti
2051 3524 2659 3594 temperamcntumvel
2683 3523 3068 3576 confusionem
3092 3533 3590 3599 argumentantur,

1961 3624 2268 3682 aversatur,
2299 3623 2354 3670 et
2382 3617 2478 3688 qui
2511 3618 2787 3670 caelestem
2816 3621 2911 3669 aut
2941 3619 3175 3672 alterius
3213 3623 3594 3696 cujuscunque

1964 3711 2290 3766 substantim
2321 3711 2560 3764 existere
2590 3712 2833 3764 formam
2868 3729 3036 3782 quam
3066 3731 3164 3784 pro
3193 3716 3352 3769 nobis
3379 3736 3597 3771 assum-

1964 3808 2073 3878 psit
2107 3805 2439 3859 insaniendo
2489 3812 2764 3870 asserunt,
2795 3806 2992 3875 procul
3039 3807 3250 3876 abjicit,
3286 3816 3340 3864 et
3381 3831 3473 3864 eos
3504 3814 3596 3883 qui

1967 3901 2108 3954 duas
2157 3899 2394 3970 quidem
2441 3905 2570 3952 ante
2619 3898 2939 3952 unitionem
2987 3906 3238 3958 naturas,
3269 3919 3441 3957 unam
3477 3923 3602 3961 vero

1967 3999 2094 4065 post
2119 3993 2434 4046 unitionem
2462 3993 2817 4063 contingunt,
2845 3995 3152 4048 anathema
3179 3998 3330 4050 facit.
3355 3999 3598 4055 Consen-

1968 4089 2175 4142 tientes
2204 4105 2340 4156 ergo
2370 4087 2572 4141 sanctis
2601 4087 2862 4140 Patribus
2896 4106 3071 4142 unum
3099 4092 3480 4164 eumdemque
3516 4097 3602 4150 Fi-

1969 4183 2106 4236 lium
2143 4183 2397 4235 confiteri
2441 4182 2746 4236 Dominum
2794 4189 3048 4237 nostrum
3091 4186 3278 4239 Jcsum
3321 4189 3604 4245 Christum

1971 4295 2221 4332 consona
2265 4293 2395 4329 voce
2449 4279 2663 4347 pariter
2703 4277 3027 4345 edocemur,
3060 4282 3374 4349 perfectum
3409 4302 3604 4340 verum

1972 4374 2146 4426 Deum
2175 4372 2440 4425 eumdem
2469 4372 2524 4423 in
2551 4372 2788 4438 unitate,
2816 4372 2994 4425 Deum
3020 4390 3212 4428 verum
3245 4380 3300 4429 et
3319 4377 3606 4435 hominem

1973 4483 2037 4520 ex
2067 4466 2259 4518 anima
2287 4465 2546 4518 rationali
2576 4469 2630 4518 et
2651 4481 2908 4536 corpore,
2928 4470 3235 4522 secundum
3257 4471 3609 4530 divinitatem

1899 4565 1959 4636 Ι)
1984 4559 2148 4613 unius
2187 4575 2315 4611 cum
2357 4559 2521 4612 Patre
2561 4563 2799 4624 naturae,
2844 4561 3152 4614 secundum
3195 4563 3610 4626 humanitatem

1982 4653 2246 4706 eumdem
2276 4651 2442 4706 unius
2459 4655 2677 4705 naturze
2699 4653 3017 4719 nobiscum,
3035 4672 3139 4724 per
3160 4659 3352 4712 omnia
3368 4661 3611 4721 similem

1981 4748 2145 4803 nobis
2173 4747 2382 4816 absque
2416 4751 2666 4816 peccato,
2699 4750 2827 4799 ante
2861 4749 3062 4801 scecula
3090 4750 3322 4820 quidem
3353 4772 3414 4809 ex
3450 4760 3610 4814 Patre

1985 4848 2179 4896 natum
2203 4840 2516 4894 secundum
2538 4839 2910 4905 divinitatem,
2930 4845 3250 4899 novissimis
3271 4865 3398 4903 vero
3420 4853 3613 4908 diebus

1988 4935 2250 4989 eumdem
2285 4938 2521 5005 propter
2558 4952 2656 4987 nos
2703 4937 2758 4986 et
2809 4941 3038 5007 propter
3078 4944 3328 4997 nostram
3377 4948 3615 5004 salutent

1988 5049 2052 5084 ex
2081 5029 2248 5083 Maria
2272 5028 2483 5097 virgine
2514 5027 2608 5082 Dei
2641 5027 2908 5097 genitrice
2950 5035 3261 5089 secundum
3290 5038 3614 5099 humanita-

1988 5132 2125 5193 tem,
2159 5141 2335 5178 unum
2363 5124 2741 5193 eumdemque
2773 5125 3056 5180 Christum
3081 5129 3282 5185 Filium
3313 5135 3615 5192 Dominum

1993 5220 2349 5288 unigenitum
2372 5218 2427 5271 in
2460 5218 2676 5270 duabus
2709 5219 2920 5272 naturis
2949 5221 3260 5294 inconfuse,
3290 5228 3616 5285 immutabic

1992 5315 2138 5382 liter,
2167 5313 2422 5378 indivise,
2448 5311 2913 5381 inseparabiliter,
2949 5321 3362 5388 cognoscendo,
3385 5324 3438 5375 in
3465 5327 3619 5380 nullo

1993 5412 2324 5461 naturarum
2361 5405 2747 5460 differentiam
2776 5414 3011 5478 propter
3039 5412 3306 5466 unitatem
3341 5418 3623 5484 perimen-

1998 5502 2148 5568 dam,
2180 5500 2362 5570 magis
2393 5506 2582 5553 autem
2611 5501 2761 5554 salva
2789 5503 3082 5573 utriusque
3115 5511 3330 5559 naturm
3363 5515 3619 5581 proprio-

1998 5599 2130 5662 tate,
2161 5599 2215 5648 et
2244 5595 2298 5647 in
2332 5611 2444 5647 una
2476 5600 2713 5648 coeunte
2757 5612 3016 5665 persona,
3053 5613 3162 5649 uno
3202 5616 3426 5670 quoque
3475 5611 3624 5664 statu

2000 5693 2393 5755 concurrente,
2440 5705 2552 5741 non
2603 5688 2657 5741 in
2706 5688 2923 5741 duabus
2963 5691 3218 5760 personis
3264 5697 3624 5763 partiendum

2001 5784 2088 5837 vel
2123 5784 2508 5850 dividendum,
2538 5783 2632 5836 sed
2677 5799 2861 5836 unum
2913 5783 3294 5858 eumdemque
3340 5791 3627 5854 Christum

2004 5878 2207 5934 Filium
2246 5877 2557 5932 Dominum
2585 5875 2947 5947 unigenitum
2975 5894 3171 5933 verum
3224 5882 3397 5942 Deum
3439 5891 3630 5950 Jesum

2007 5973 2319 6042 Christum,
2349 5972 2490 6026 sicut
2519 5970 2589 6023 ab
2621 5970 2849 6023 exordio
2880 5973 3169 6044 propheta:
3214 5977 3281 6032 de
3327 5997 3392 6037 eo
3425 5990 3479 6041 et
3517 5987 3634 6062 ipse
