3964 6178
500 274 599 329 447

1406 273 1690 328 ΑΡΡΕΝΙ).
1734 275 1820 327 Μ)
1858 274 2022 329 SxEC.
2066 276 2142 329 lX.

2242 304 2247 313 ι
2288 270 2526 332 lSlDQRl
2568 275 2991 333 MERCATORIS
3696 238 3776 343 iis

495 401 597 437 nos
641 382 901 451 erudivit,
936 386 992 437 et
1037 381 1272 437 Patrum
1311 381 1474 435 nobis
1522 382 1753 437 tradidit
1802 382 2131 453 symbolum
2154 404 2211 476 Α
2232 383 2591 452 conscientia,
2622 385 2698 440 ita
2725 391 2782 440 et
2832 384 3126 456 proximos
3154 401 3250 441 vos
3273 386 3464 443 Christi
3489 405 3592 445 esse
3615 408 3777 463 corpo-

494 476 589 530 His
613 476 804 547 itaque
830 492 957 530 eum
985 475 1141 531 omni
1169 474 1484 530 subtilitate
1513 478 1571 530 et
1591 476 1891 548 diligentia
1912 493 1945 530 a
1964 476 2129 531 nobis

494 569 783 639 ordinatis,
844 570 1040 625 statuit
1094 572 1293 625 sancta
1347 574 1403 625 et
1459 571 1787 627 universalis
1856 573 2126 643 synodus,

497 664 664 719 aliam
694 663 871 719 ﬁdem
912 663 1055 718 nulli
1090 663 1260 719 licere
1288 664 1568 736 proferre,
1602 669 1700 720 aut
1741 665 2005 735 scribere,
2035 670 2132 721 aut

496 757 749 827 credere,
777 760 877 812 aut
902 774 1188 829 separare,
1221 763 1319 813 aut
1352 759 1556 815 docere
1584 759 1766 815 aliter.
1800 759 1908 825 Qui
1938 765 2129 815 autem

498 852 711 907 audent
739 855 840 906 aut
863 852 1161 923 disponere
1187 852 1361 907 aliam
1388 854 1586 922 ﬁdem,
1615 856 1713 908 aut
1740 853 2018 925 proferre,
2036 856 2134 909 aut

496 945 723 1001 tradere
778 945 931 1000 aliud
989 946 1312 1018 symbolum
1360 948 1685 1003 volentibus
1753 948 2003 1004 converti
2059 948 2132 1003 ad

499 1039 792 1095 scientiam
818 1039 1089 1110 veritatis,
1104 1040 1207 1095 'vel
1244 1056 1309 1095 ex
1354 1042 1638 1113 gentibus,
1666 1042 1752 1097 vel
1782 1041 2011 1113 Judaeis,
2043 1042 2135 1096 vel

497 1132 780 1189 haereticis
810 1133 1263 1206 quibuscumque,
1296 1135 1341 1189 si
1366 1135 1596 1207 quidem
1626 1141 1724 1191 aut
1756 1135 2007 1207 episcopi
2038 1141 2136 1190 aut

500 1227 689 1283 clerici
715 1226 946 1299 fuerint,
965 1227 1182 1284 alienos
1203 1244 1326 1283 esse
1358 1229 1652 1301 episcOpos
1679 1231 1749 1285 ab
1772 1230 2129 1302 episcopatu,

502 1322 561 1377 et
585 1321 816 1377 clericos
842 1338 877 1376 a
905 1322 1055 1378 clero
1077 1321 1126 1394 1
1143 1319 1269 1395 08
1286 1323 1668 1395 praecipimus.
1704 1324 1761 1380 Si
1788 1340 1919 1378 vero
1940 1340 2135 1379 mona-

495 1414 609 1484 chi,
637 1420 735 1472 aut
758 1414 906 1485 laici,
937 1418 1037 1470 aut
1063 1416 1253 1471 clerici
1288 1418 1524 1485 fuerint,
1551 1419 1914 1473 anathemate
1950 1417 2129 1473 feriri.

499 1508 618 1581 Ego
634 1508 991 1565 Reecaredus
1007 1526 1105 1565 rex
1120 1510 1293 1566 ﬁdem
1319 1512 1469 1566 hanc
1484 1516 1740 1567 sanctam
1762 1515 1819 1568 et
1836 1510 2136 1566 confessio-

503 1619 639 1659 nem
657 1620 829 1676 quam
847 1620 967 1659 una
981 1620 1087 1676 per
1102 1606 1289 1659 totum
1318 1605 1517 1660 orbem
1537 1606 1813 1661 catholica
1839 1606 2137 1661 conﬁtetur

503 1696 771 1768 Ecclesia,
794 1699 963 1754 corde
1002 1698 1275 1770 retinens,
1307 1716 1403 1755 ore
1443 1699 1806 1769 conﬁrmans,
1836 1717 1968 1756 mea
1997 1700 2133 1756 dex-

2231 476 2308 531 ris
2352 478 2610 532 membra
2656 478 3008 551 signiﬁcetis,
3054 484 3113 534 et
3161 484 3344 536 nostra
3391 482 3638 555 exiguitas
3670 486 3781 540 nihil

2230 571 2490 642 dubium,
2518 573 2662 627 nihil
2694 572 2935 628 inﬁdum
2964 589 3218 646 unquam
3247 575 3313 630 de
3337 579 3505 632 vestra
3526 579 3784 649 suspicetur

2231 664 2587 721 fraternitate
2607 709 2620 735 ,
2689 666 2826 721 dum
2900 669 3148 739 patuerit
3207 686 3300 723 vos
3358 674 3557 741 pestem
3609 672 3786 727 Ariana:

2231 759 2485 830 perﬁdiae
2514 777 2647 816 cum
2678 761 2942 816 omnibus
2969 762 3353 834 dogmatibus,
3372 765 3584 837 regulis,
3612 766 3786 834 ofﬁciis,

2233 853 2661 924 communione,
2695 853 2980 910 codicibus
3006 855 3407 925 condemnare,
3425 874 3484 913 ac
3509 858 3791 914 detestanda

2232 947 2511 1003 hmreseos
2561 948 2851 1020 exspoliati
2899 949 3255 1021 contagione,
3286 951 3524 1006 innovati
3567 952 3792 1023 quodam-

2233 1041 2400 1096 modo
2446 1041 2597 1097 intra
2644 1042 2945 1098 Ecclesiam
2992 1043 3092 1099 Dei
3137 1044 3428 1115 splendido
3476 1045 3648 1099 habitu
3678 1062 3793 1100 vera:

2232 1133 2364 1190 ﬁdei
2392 1135 2676 1191 claritatis.
2709 1138 2865 1192 Tunc
2892 1137 3143 1209 episcopi
3169 1154 3369 1193 omnes
3396 1155 3502 1194 una
3528 1156 3641 1194 cum
3664 1139 3792 1194 cleri-

2234 1229 2312 1283 cis
2340 1229 2456 1283 suis
2488 1229 2887 1302 primoresque
2931 1231 3118 1302 gentis
3162 1232 3405 1287 Gothicae
3445 1234 3560 1305 pari
3601 1250 3795 1288 consen-

2233 1322 2391 1377 sione
2420 1323 2722 1379 dixerunt:
2748 1324 2899 1380 Licet
2922 1325 3029 1379 hoc
3052 1326 3207 1396 quod
3227 1326 3526 1397 paternitas
3546 1330 3693 1398 atque
3708 1327 3795 1381 fra-

2234 1417 2469 1472 ternitas
2508 1423 2695 1473 vestra
2724 1435 2756 1472 a
2800 1418 2960 1473 nobis
3007 1419 3166 1490 cupit
3202 1419 3414 1488 audire,
3442 1421 3525 1476 vel
3562 1420 3687 1489 ﬁeri,
3704 1420 3798 1491 jam

2236 1511 2374 1566 olim
2399 1512 2788 1567 conversionis
2800 1517 3011 1568 nostra;
3033 1516 3292 1585 tempore
3309 1514 3599 1586 egerimus,
3615 1513 3798 1585 quando

2235 1605 2413 1660 secuti
2442 1605 2910 1678 gloriosissimum
2943 1607 3246 1663 dominum
3287 1612 3554 1676 nostrum,
3580 1609 3798 1662 Reccare-

2236 1698 2372 1754 dum
2398 1715 2618 1770 regem,
2648 1700 2751 1754 hac
2791 1699 2881 1756 die
2929 1684 3003 1755 ad
3053 1700 3355 1757 Ecclesiam
3397 1701 3739 1768 transivimus,
3763 1705 3803 1754 et

503 1797 625 1848 tera
654 1792 771 1848 Deo
801 1796 1135 1866 protegente
1170 1795 1497 1869 subscripsi.
1524 1797 1643 1866 Ego
1670 1794 1869 1850 Badda
1894 1795 2140 1867 gloriosa
2158 1787 2216 1860 Β
2239 1793 2540 1864 perﬁdiam
2579 1794 2851 1848 Arianam
2891 1810 3021 1850 cum
3065 1795 3332 1851 omnibus
3375 1793 3801 1867 superstitionibus

502 1886 706 1960 regina
729 1888 876 1943 hanc
905 1888 1080 1943 ﬁdem
1113 1888 1327 1945 credidi
1359 1892 1417 1943 et
1445 1890 1686 1961 suscepi,
1716 1905 1894 1945 manu
1918 1903 2046 1945 mea
2070 1890 2140 1945 de

502 1984 623 2038 toto
656 1979 828 2037 corde
870 1981 1193 2054 subscripsi.
1233 1984 1387 2039 Tunc
1433 1985 1804 2039 acclamatum
1835 1988 1918 2039 est
1951 1983 2139 2039 laudi-

502 2077 608 2132 bus
639 2074 739 2132 Dei
765 2076 903 2132 etin
934 2076 1125 2132 favore
1156 2076 1432 2149 principis
1457 2077 1528 2131 ab
1562 2078 1827 2133 universo
1858 2077 2098 2133 concilio
2125 2094 2137 2132 :

505 2167 689 2225 Gloria
728 2168 840 2224 Deo
883 2170 1057 2236 Patri,
1094 2172 1153 2224 et
1200 2170 1361 2239 Filio,
1405 2173 1464 2224 et
1511 2171 1740 2242 Spiritui
1794 2175 2004 2239 sancto,
2052 2171 2143 2226 cui

504 2276 638 2318 cura
663 2267 748 2318 est
775 2279 973 2334 pacem
999 2268 1056 2318 et
1076 2264 1360 2319 unitatem
1404 2264 1659 2319 Ecclesia;
1699 2268 1908 2320 sanctae
1946 2265 2139 2319 catho-

504 2356 628 2413 licm
667 2352 1000 2429 providere;
1032 2356 1216 2427 gloria
1242 2357 1486 2412 Domino
1513 2362 1710 2413 nostro
1738 2360 1867 2414 Jesu
1896 2358 2139 2427 Christo,

507 2452 603 2524 qui
641 2451 825 2524 pretio
872 2450 1165 2523 sanguinis
1206 2451 1293 2506 sui
1339 2452 1644 2508 Ecclesiam
1693 2453 2034 2509 catholicam
2076 2470 2141 2507 ex

505 2543 768 2601 omnibus
799 2545 1063 2616 gentibus
1087 2546 1482 2618 congregavit;
1530 2546 1715 2619 gloria
1756 2546 2003 2603 Domino
2030 2563 2138 2602 no-

505 2645 621 2697 stro
644 2642 778 2698 Jesu
804 2639 1026 2696 Christo
1058 2640 1160 2712 qui
1195 2644 1315 2697 tam
1344 2642 1629 2701 illustrem
1657 2643 1890 2714 gentem
1930 2641 2140 2697 unitati

503 2735 638 2791 ﬁdei
679 2749 830 2790 veras
871 2735 1173 2807 copulavit,
1224 2740 1281 2791 et
1318 2752 1503 2791 unum
1565 2752 1803 2809 gregem
1855 2740 1912 2791 et
1957 2751 2139 2790 unum

506 2832 792 2902 pastorem
832 2828 1100 2884 instituit.
1133 2828 1235 2885 Cui
1277 2846 1312 2884 a
1353 2830 1468 2885 Deo
1515 2834 1798 2885 aeternum
1842 2829 2143 2895 meritum,

508 2920 620 2978 nisi
664 2937 799 2977 vero
853 2920 1130 2977 catholico
1196 2922 1514 2978 Reccaredo
1577 2921 1747 2994 regi?
1801 2922 1907 2978 Cui
1949 2939 1984 2977 a
2024 2924 2141 2977 Deo

511 3020 725 3073 aeterna
778 3031 1009 3085 corona,
1068 3014 1177 3070 nisi
1228 3032 1361 3070 vero
1425 3015 1746 3072 orthodoxo
1821 3017 2141 3073 Reccaredo

508 3109 681 3183 regi?
731 3109 832 3166 Cui
884 3125 1140 3181 praesens
1193 3110 1377 3181 gloria
1433 3113 1491 3164 et
1546 3115 1778 3178 aeterna,
1818 3110 1927 3166 nisi
1983 3128 2139 3166 ama-

508 3205 619 3261 tori
658 3204 757 3260 Dei
802 3203 1127 3260 Beccaredo
1170 3203 1341 3276 regi?
1393 3206 1517 3276 lpse
1560 3221 1834 3260 novarum
1890 3205 2143 3277 plebium

507 3300 569 3356 in
625 3296 868 3355 Ecclesia
923 3297 1295 3370 conquisitor,
1340 3299 1463 3371 ipse
1531 3303 1821 3355 mereatur
1876 3299 2147 3356 veraciter

509 3390 880 3468 apostolicum
939 3393 1235 3462 meritum,
1302 3394 1400 3466 qui
1465 3393 1842 3466 apostolicum
1891 3393 2148 3466 implevit

512 3487 783 3559 ofﬁcium,
822 3487 944 3560 ipse
989 3487 1062 3543 sit
1103 3488 1219 3543 Deo
1277 3490 1334 3542 et
1395 3487 1660 3543 omnibus
1714 3486 1995 3559 amabilis,
2047 3487 2147 3559 qui

507 3591 627 3640 tam
672 3581 1013 3638 mirabiliter
1052 3583 1230 3637 Deum
1274 3581 1613 3653 gloriﬁcavit
1658 3582 1719 3637 in
1765 3582 1949 3651 terris,
1998 3597 2144 3654 prae-

510 3683 693 3735 stante
731 3676 978 3733 Domino
1020 3680 1237 3747 nostro,
1266 3677 1367 3749 qui
1414 3694 1545 3733 cum
1587 3679 1750 3733 Patre
1779 3677 1893 3732 Deo
1926 3675 2063 3731 vivit
2090 3680 2149 3732 et

508 3776 715 3847 regnat
737 3771 798 3828 in
819 3769 1034 3828 unitate
1060 3771 1301 3844 Spiritus
1330 3771 1509 3828 sancti
1550 3771 1612 3826 in
1660 3770 1866 3826 saecula
1908 3771 2143 3826 saeculo-

512 3884 663 3926 rum.

512 4049 666 4115 Item,
731 4044 859 4118 ﬁdei
919 4039 1177 4113 confessio
1254 4038 1641 4111 episcoporum,
1686 4036 2145 4110 presbyterorum,

585 4127 670 4188 vel
692 4130 992 4201 primorum
1018 4121 1249 4181 Gothica:
1278 4122 1472 4188 gentis,
1504 4121 1602 4190 qui
1636 4121 1791 4187 infra
1817 4118 2147 4187 subscripse-

588 4214 739 4269 runt.
1424 4259 1458 4291 ο

586 4346 949 4421 Prmeipiente
997 4346 1189 4399 autem
1229 4339 1497 4397 universo
1544 4338 1855 4395 venerabili
1911 4337 2149 4395 concilio

515 4443 965 4523 atquejubente,
996 4453 1147 4496 unus
1180 4435 1582 4510 episcoporum
1626 4433 2035 4490 catholicorum
2077 4434 2152 4489 ad

516 4543 807 4619 episcopos
832 4542 889 4595 et
907 4534 1207 4608 religiosos
1235 4530 1470 4587 clericos
1495 4529 1583 4585 vel
1611 4528 1856 4600 majores
1892 4531 2028 4583 natu
2078 4528 2148 4583 ab

515 4640 735 4696 hmrese
806 4632 1013 4689 Ariana
1084 4642 1380 4684 conversos
1453 4623 1735 4696 ejusmodi
1806 4622 2148 4679 allocutione

519 4747 748 4791 exorsus
777 4731 881 4797 est,
909 4726 1103 4782 dicens
1131 4739 1144 4778 :
1175 4719 1359 4778 Ofﬁcii
1383 4719 1563 4775 nostri
1594 4735 1731 4774 cura
1751 4721 1810 4773 et
1834 4715 2151 4773 ﬁdelissimi

518 4833 577 4885 et
597 4819 985 4901 gloriosissimi
1008 4815 1287 4891 principis
1313 4813 1708 4870 admonitione
1728 4810 2146 4884 compellimur,

518 4917 820 4995 diligenter
866 4933 901 4970 a
928 4918 1114 4969 vestra
1159 4909 1434 4966 charitate
1485 4908 1842 4981 perquirere,
1883 4906 1973 4960 vel
2011 4903 2150 4977 quid

519 5009 797 5075 damnetis
824 5006 883 5065 in
908 5004 1143 5074 haerese,
1172 5007 1273 5059 aut
1300 5003 1436 5075 quid
1475 5003 1631 5058 intra
1677 5005 1927 5057 sanctam
1952 5000 2148 5059 catho-

517 5112 687 5169 licam
715 5102 957 5164 credatis
996 5097 1335 5163 Ecclesiam;
1369 5112 1507 5150 nam
1556 5094 1782 5150 dicente
1829 5093 2149 5163 Psalmista,

521 5205 783 5269 dicimus,
796 5196 1109 5269 incipiente
1130 5190 1366 5246 Domino
1384 5190 1445 5244 in
1466 5189 1837 5245 confessione.
1856 5187 2153 5259 Optimum

519 5304 623 5370 est,
644 5302 702 5355 et
720 5296 923 5352 vestras
941 5287 1109 5345 saluti
1134 5284 1475 5342 conveniens
1500 5284 1692 5355 palam
1719 5282 1976 5337 conﬁteri
1998 5281 2153 5353 quod

521 5390 767 5461 creditis,
800 5392 858 5444 et
880 5385 986 5442 sub
1015 5380 1211 5439 auditu
1235 5379 1635 5435 universorum
1673 5375 2152 5431 anathematizare

520 5488 677 5563 quod
727 5478 1044 5555 respuistis.
1091 5476 1249 5531 Tunc
1320 5488 1551 5545 prorsus
1626 5470 1845 5543 optime
1896 5468 2153 5541 poteritis

522 5579 857 5655 evangelicae
888 5578 947 5631 et
973 5569 1296 5645 apostolicae
1321 5566 1471 5623 sedis
1501 5565 1635 5622 ﬁdei
1671 5564 1975 5637 participes
2004 5563 2150 5632 ﬁeri,

523 5679 569 5734 si
596 5675 854 5733 eamdem
883 5670 1058 5726 ﬁdem
1084 5662 1423 5722 catholicam
1461 5678 1533 5716 ex
1573 5658 1927 5715 confessione
1957 5659 2152 5714 catho-

522 5772 635 5827 lica
668 5764 972 5839 incipiatis,
1011 5761 1100 5818 vel
1149 5757 1375 5832 propria
1427 5753 1841 5827 subscriptione
1891 5752 2150 5825 ﬁrmetis,

527 5867 584 5923 et
610 5859 774 5918 sicuti
797 5860 910 5915 Deo
947 5858 1065 5931 jam
1095 5855 1165 5911 de
1191 5853 1344 5909 bona
1372 5850 1726 5908 confessione
1774 5848 1993 5923 cogniti
2016 5848 2152 5905 estis

2241 1887 2354 1941 suis
2377 1888 2994 1960 anathematizavimus,
3015 1889 3341 1962 pariterque
3360 1890 3447 1961 abj
3456 1889 3665 1944 ecimus.
3685 1888 3803 1942 Nunc

2240 1996 2372 2035 vero
2411 1981 2745 2036 charitatem
2790 1986 2847 2037 et
2891 1981 3250 2038 devotionem
3292 1999 3458 2055 quam
3500 1983 3583 2036 vel
3619 1983 3718 2036 Deo
3740 1979 3804 2034 vel

2242 2074 2501 2130 Ecclesia)
2527 2076 2815 2131 catholicae
2845 2081 3051 2132 sancta:
3076 2078 3446 2133 meminimus
3488 2092 3587 2132 nos
3622 2076 3803 2139 debere,

2241 2185 2360 2224 non
2390 2173 2615 2225 tantum
2646 2170 2768 2225 hazc
2808 2171 3005 2226 eadem
3049 2188 3181 2243 quae
3221 2172 3413 2243 petitis
3451 2168 3806 2243 promptissime

2241 2279 2410 2335 agere
2454 2280 2843 2336 properamus,
2890 2266 2988 2320 sed
3033 2268 3091 2320 et
3131 2266 3175 2320 si
3228 2282 3344 2337 qua
3390 2265 3569 2321 adhuc
3610 2278 3807 2335 congrua

2241 2356 2375 2413 ﬁdei
2404 2374 2527 2413 esse
2554 2358 2890 2430 perspicitis,
2922 2375 2988 2413 ac
3008 2358 3175 2414 nobis
3201 2360 3472 2415 charitate
3496 2356 3806 2431 persuadetis,

2240 2451 2532 2507 faciemus.
2562 2454 2673 2507 Nos
2693 2453 2900 2508 etenim
2925 2454 3104 2508 semel
3126 2458 3299 2510 rectae
3321 2454 3455 2509 ﬁdei
3480 2468 3630 2509 amor
3646 2452 3695 2507 in
3712 2466 3807 2505 eam

2242 2545 2375 2600 ﬁdei
2392 2546 2753 2602 devotionem
2780 2547 3026 2617 advexit,
3050 2548 3307 2604 ut'omne
3326 2549 3477 2621 quod
3503 2547 3653 2603 nobis
3667 2544 3808 2600 verius

2242 2640 2591 2695 fraternitate
2632 2646 2814 2696 vestra
2860 2642 3174 2713 patefacitis
3222 2647 3540 2709 teneamus,
3583 2646 3634 2697 et
3673 2640 3809 2695 libera

2240 2734 2527 2789 fateamur
2573 2735 2945 2792 confessione.
3005 2736 3201 2791 Omnis
3259 2753 3399 2809 ergo
3457 2736 3552 2809 qui
3592 2734 3738 2790 ﬁdem
3773 2736 3812 2785 et

2241 2827 2708 2885 communionem
2748 2829 2819 2885 ab
2844 2830 2977 2885 Ario
3002 2830 3354 2900 venientem,
3384 2834 3442 2887 et
3477 2846 3639 2902 usque
3660 2828 3719 2883 ad
3740 2840 3814 2881 nos

2240 2927 2523 2979 retentam
2551 2924 2737 2979 adhuc
2764 2928 2961 2980 tenere
2986 2925 3293 2995 desiderat,
3323 2930 3382 2981 et
3423 2926 3493 2981 de
3536 2928 3643 2980 tota
3673 2918 3813 2977 cordis

2240 3016 2562 3072 intentione
2605 3034 2722 3087 non
2768 3019 3020 3086 damnat,
3049 3020 3368 3075 anathema
3407 3019 3497 3075 sit.
3519 3018 3812 3086 Quicunque

2245 3110 2449 3166 Filium
2491 3111 2586 3167 Dei
2623 3111 2930 3168 Dominum
2982 3115 3173 3169 Iesum
3220 3114 3521 3187 negaverit
3553 3129 3583 3167 a
3626 3116 3815 3184 paterna

2246 3205 2560 3261 substantia
2617 3206 2737 3262 sine
2781 3206 2946 3263 initio
2995 3207 3283 3279 genitum,
3311 3212 3369 3264 et
3407 3207 3669 3280 aequalem
3706 3200 3813 3258 Patri

2246 3317 2368 3356 esse
2394 3301 2481 3356 vel
2507 3301 3071 3370 consubstantialem,
3098 3303 3413 3359 anathema
3438 3303 3527 3359 sit.
3545 3300 3816 3369 Quicunque

2247 3394 2522 3467 Spiritum
2549 3399 2809 3450 sanctum
2836 3413 2954 3451 non
2981 3396 3162 3452 credit
3185 3401 3289 3452 aut
3310 3414 3426 3454 non
3450 3396 3622 3454 credit
3646 3410 3676 3449 a
3697 3394 3817 3448 Patre

2248 3492 2305 3544 et
2334 3489 2471 3545 Filio
2501 3490 2831 3562 procedere,
2856 3507 3103 3564 eumque
3133 3508 3250 3546 non
3279 3492 3489 3549 dixerit
3531 3492 3819 3546 cozeternum
3930 3528 3931 3563 ξ

2247 3600 2369 3639 esse
2412 3584 2566 3639 Patri
2607 3588 2665 3641 et
2692 3585 2857 3654 Filio,
2889 3591 2947 3642 et
2971 3587 3423 3655 coessentialem,
3452 3585 3732 3642 anathema
3752 3579 3819 3633 sit.
3930 3574 3931 3613 ἓ

2246 3678 2579 3751 Quicunque
2606 3679 2667 3734 in
2692 3681 2857 3736 Patre
2886 3685 2943 3736 et
2968 3681 3108 3736 Filio
3131 3685 3189 3736 et
3212 3680 3431 3753 Spiritu
3456 3682 3641 3736 sancto
3666 3680 3819 3747 etper-

2248 3789 2414 3828 sonas
2440 3790 2554 3828 non
2570 3773 2891 3846 distinguit,
2909 3778 2967 3830 et
2983 3775 3152 3830 unius
3174 3775 3487 3831 divinitatis
3504 3770 3818 3830 substantiam

2248 3884 2367 3924 non
2392 3869 2668 3942 agnoscit,
2698 3869 3002 3925 anathema
3032 3869 3124 3926 sit.
3161 3870 3502 3943 Quicunque
3545 3867 3723 3924 Filium
3751 3859 3823 3919 Dei

2249 3960 2556 4018 Dominum
2578 3967 2837 4019 nostrum
2862 3965 3053 4019 Jesum
3078 3969 3135 4019 et
3162 3964 3442 4036 Spiritum
3472 3965 3707 4020 sanctum
3734 3971 3822 4013 esse

2243 4053 2411 4127 juxta
2436 4055 2703 4113 deitatem
2729 4059 2891 4113 Patre
2919 4057 3203 4114 minorem
3241 4060 3568 4127 asseruerit,
3597 4063 3648 4114 et
3674 4051 3821 4128 gradi-

2248 4150 2354 4205 bus
2405 4151 2769 4223 separaverit,
2811 4158 3248 4226 creaturamque
3307 4171 3431 4211 esse
3475 4152 3685 4221 dixerit,
3717 4163 3821 4203 ana-

2248 4246 2444 4302 thema
2472 4246 2563 4302 sit.
2592 4247 2927 4319 Quicunque
2957 4250 3185 4303 Patrem
3211 4253 3271 4304 et
3290 4250 3499 4305 Filium
3523 4251 3579 4304 et
3602 4243 3824 4318 Spiritum

2250 4346 2509 4398 sanctum
2522 4341 2692 4398 unius
2707 4341 3054 4411 substantiae,
3073 4342 3529 4416 omnipotentiae,
3552 4336 3824 4398 aeternitatis

2251 4448 2373 4487 esse
2392 4449 2509 4487 non
2524 4430 2852 4501 crediderit,
2869 4432 3174 4487 anathema
3192 4433 3284 4489 sit.
3302 4433 3634 4507 Quicunque
3652 4425 3824 4487 nescire

2250 4526 2456 4581 Filium
2485 4525 2634 4597 quod
2665 4525 2813 4581 Deus
2840 4525 3007 4581 Pater
3030 4526 3170 4582 sciat
3192 4527 3425 4597 dixerit,
3454 4528 3737 4584 anathema
3756 4519 3822 4573 sit.

2250 4619 2584 4691 Quicunque
2610 4618 2837 4674 initium
2863 4620 3002 4675 Filio
3027 4620 3123 4675 Dei
3144 4625 3201 4677 et
3224 4622 3467 4694 Spiritui
3486 4624 3665 4679 sancto
3687 4618 3825 4688 depu-

2247 4713 2470 4783 taverit,
2502 4714 2810 4770 anathema
2834 4714 2926 4770 sit.
2954 4715 3288 4788 Quicunque
3316 4710 3525 4774 Filium
3553 4715 3645 4774 Dei
3667 4725 3825 4769 secun-

2249 4809 2389 4865 dum
2435 4806 2789 4865 divinitatem
2841 4825 3003 4865 suam
3055 4809 3337 4867 visibilem
3394 4818 3497 4869 aut
3557 4804 3828 4884 passibilem

2248 4920 2418 4960 ausus
2445 4902 2620 4959 fuerit
2642 4904 2918 4976 proﬁteri,
2936 4904 3246 4961 anathema
3277 4906 3371 4962 sit.
3396 4907 3710 4976 Quicunque
3731 4895 3825 4968 Spi‘

2250 4999 2426 5054 ritum
2452 5002 2709 5054 sanctum
2738 4998 2882 5054 sicut
2903 5000 3134 5056 Patrem
3159 5004 3216 5056 et
3239 5000 3449 5056 Filium
3476 5014 3665 5057 verum
3687 4995 3828 5050 Deum

2252 5092 2706 5165 omnipotentem
2729 5109 2853 5148 esse
2884 5109 3000 5149 non
3035 5093 3233 5163 credit,
3265 5096 3573 5152 anathema
3611 5092 3691 5147 sit.
3723 5083 3829 5151 Qul‘

2252 5203 2476 5259 cunque
2515 5185 2647 5241 alibi
2684 5186 2859 5243 ﬁdem
2913 5190 2971 5243 et
3021 5189 3495 5245 communionem
3548 5181 3830 5244 catholicam

2251 5284 2463 5353 praeter
2489 5281 2550 5336 in
2578 5281 2823 5337 Ecclesia
2847 5298 3023 5355 quam
3050 5283 3259 5339 Nicwni
3286 5289 3344 5339 et
3371 5270 3831 5348 Constantinopolr

2252 5375 2373 5430 iani
2416 5380 2473 5431 et
2501 5375 2672 5448 primi
2713 5376 3001 5447 Ephesini,
3034 5382 3091 5434 et
3132 5377 3610 5435 Chalcedonensis
3649 5362 3832 5429 concilii

2252 5470 2478 5525 decreta
2506 5473 2723 5539 tenent,
2752 5471 2966 5543 pariter
2998 5475 3055 5527 et
3092 5471 3398 5543 honorant,
3435 5471 3725 5527 anathema
3759 5459 3829 5516 sit-

2253 5562 2588 5637 Quicunque
2616 5565 2843 5619 Patrem
2871 5569 2928 5621 et
2954 5564 3157 5622 Filium
3177 5566 3398 5623 honore
3425 5569 3483 5622 et
3500 5562 3673 5637 gloria
3694 5561 3745 5615 et
3764 5553 3830 5610 die

2250 5657 2480 5713 vinitate
2511 5663 2734 5731 separat
2755 5662 2854 5714 aut
2875 5658 3170 5732 disjungit,
3193 5661 3508 5717 anathema
3523 5659 3609 5715 sit.
3633 5653 3832 5720 Quicun'

2251 5769 2363 5826 que
2402 5753 2606 5808 Filium
2646 5754 2747 5810 Dei
2782 5757 2839 5809 et
2882 5753 3159 5826 Spiritum
3214 5760 3472 5812 sanctum
3528 5768 3654 5810 cum
3698 5746 3832 5804 Patre

2250 5864 2367 5905 non
2404 5848 2707 5904 crediderit
2753 5864 2875 5905 esse
2932 5849 3324 5923 gloriﬁcandos
3381 5853 3439 5906 et
3491 5838 3830 5909 honorandOS,
