  <div class='ocr_page' id='page_1' title='image "/cluster/home/n/w/nwhite01/storage/ocr_20150623/130/hvd.32044054759915/254.png"; bbox 0 0 3964 6178; ppageno 0'>
   <div class='ocr_carea' id='block_1_1' title="bbox 107 298 2160 357">
    <p class='ocr_par' dir='ltr' id='par_1_1' title="bbox 107 298 2160 357">
     <span class='ocr_line' id='line_1_1' title="bbox 107 298 2160 357; baseline -0.002 -1"><span class='ocrx_word' id='word_1_1' title='bbox 107 302 187 356; x_wconf 63' lang='grc'>449</span> <span class='ocrx_word' id='word_1_2' title='bbox 1270 301 1736 357; x_wconf 80' lang='lat' dir='ltr'>DECRETALIUM</span> <span class='ocrx_word' id='word_1_3' title='bbox 1775 298 2160 355; x_wconf 83' lang='lat' dir='ltr'>COLLECTIO.</span> 
     </span>
    </p>
   </div>
   <div class='ocr_carea' id='block_1_2' title="bbox 3298 302 3400 354">
    <p class='ocr_par' dir='ltr' id='par_1_2' title="bbox 3298 302 3400 354">
     <span class='ocr_line' id='line_1_2' title="bbox 3298 302 3400 354; baseline 0 -1"><span class='ocrx_word' id='word_1_4' title='bbox 3298 302 3400 354; x_wconf 66' lang='grc'>450</span> 
     </span>
    </p>
   </div>
   <div class='ocr_carea' id='block_1_3' title="bbox 103 408 3402 498">
    <p class='ocr_par' dir='ltr' id='par_1_3' title="bbox 103 408 3402 498">
     <span class='ocr_line' id='line_1_3' title="bbox 103 408 3402 498; baseline -0.001 -32"><span class='ocrx_word' id='word_1_5' title='bbox 103 413 352 466; x_wconf 80' lang='lat' dir='ltr'>anathema</span> <span class='ocrx_word' id='word_1_6' title='bbox 375 408 462 462; x_wconf 92' lang='lat' dir='ltr'>sit.</span> <span class='ocrx_word' id='word_1_7' title='bbox 492 409 821 480; x_wconf 87' lang='lat' dir='ltr'>Quicunque</span> <span class='ocrx_word' id='word_1_8' title='bbox 869 426 984 463; x_wconf 91' lang='lat' dir='ltr'>non</span> <span class='ocrx_word' id='word_1_9' title='bbox 1026 409 1252 479; x_wconf 79' lang='lat' dir='ltr'>dixerit,</span> <span class='ocrx_word' id='word_1_10' title='bbox 1299 412 1478 482; x_wconf 88' lang='lat' dir='ltr'>gloria</span> <span class='ocrx_word' id='word_1_11' title='bbox 1524 412 1667 466; x_wconf 80' lang='lat' dir='ltr'>Patri</span> <span class='ocrx_word' id='word_1_12' title='bbox 1691 426 1870 498; x_wconf 75' lang='lat' dir='ltr'>Aper</span> <span class='ocrx_word' id='word_1_13' title='bbox 1899 428 2130 464; x_wconf 85' lang='lat' dir='ltr'>onmem</span> <span class='ocrx_word' id='word_1_14' title='bbox 2179 410 2458 464; x_wconf 88' lang='lat' dir='ltr'>mundum</span> <span class='ocrx_word' id='word_1_15' title='bbox 2497 409 2862 480; x_wconf 90' lang='lat' dir='ltr'>pacatissime</span> <span class='ocrx_word' id='word_1_16' title='bbox 2893 411 2949 464; x_wconf 89' lang='lat' dir='ltr'>et</span> <span class='ocrx_word' id='word_1_17' title='bbox 2981 409 3233 463; x_wconf 79' lang='lat' dir='ltr'>emineat</span> <span class='ocrx_word' id='word_1_18' title='bbox 3266 409 3402 464; x_wconf 91' lang='lat' dir='ltr'>doc-</span> 
     </span>
    </p>
   </div>
   <div class='ocr_carea' id='block_1_4' title="bbox 105 502 1668 576">
    <p class='ocr_par' dir='ltr' id='par_1_4' title="bbox 105 502 1668 576">
     <span class='ocr_line' id='line_1_4' title="bbox 105 502 1668 576; baseline 0 -16"><span class='ocrx_word' id='word_1_19' title='bbox 105 514 147 560; x_wconf 84' lang='lat' dir='ltr'>et</span> <span class='ocrx_word' id='word_1_20' title='bbox 169 505 284 560; x_wconf 74' lang='lat' dir='ltr'>Filio</span> <span class='ocrx_word' id='word_1_21' title='bbox 309 506 360 556; x_wconf 91' lang='lat' dir='ltr'>et</span> <span class='ocrx_word' id='word_1_22' title='bbox 388 502 608 573; x_wconf 80' lang='lat' dir='ltr'>Spiritui</span> <span class='ocrx_word' id='word_1_23' title='bbox 640 507 860 570; x_wconf 89' lang='lat' dir='ltr'>sancto,</span> <span class='ocrx_word' id='word_1_24' title='bbox 882 505 1192 558; x_wconf 89' lang='lat' dir='ltr'>anathema</span> <span class='ocrx_word' id='word_1_25' title='bbox 1221 504 1311 559; x_wconf 86' lang='lat' dir='ltr'>sit.</span> <span class='ocrx_word' id='word_1_26' title='bbox 1341 505 1668 576; x_wconf 86' lang='lat' dir='ltr'>Quicunque</span> 
     </span>
    </p>
   </div>
   <div class='ocr_carea' id='block_1_5' title="bbox 102 596 1674 668">
    <p class='ocr_par' dir='ltr' id='par_1_5' title="bbox 102 596 1674 668">
     <span class='ocr_line' id='line_1_5' title="bbox 102 596 1674 668; baseline 0 -15"><span class='ocrx_word' id='word_1_27' title='bbox 102 596 426 668; x_wconf 86' lang='lat' dir='ltr'>rebaptizandi</span> <span class='ocrx_word' id='word_1_28' title='bbox 486 596 842 667; x_wconf 84' lang='lat' dir='ltr'>sacrilegium</span> <span class='ocrx_word' id='word_1_29' title='bbox 900 614 1042 668; x_wconf 90' lang='lat' dir='ltr'>opus</span> <span class='ocrx_word' id='word_1_30' title='bbox 1081 613 1201 652; x_wconf 90' lang='lat' dir='ltr'>esse</span> <span class='ocrx_word' id='word_1_31' title='bbox 1239 598 1454 653; x_wconf 89' lang='lat' dir='ltr'>bonum</span> <span class='ocrx_word' id='word_1_32' title='bbox 1496 599 1674 653; x_wconf 89' lang='lat' dir='ltr'>credit</span> 
     </span>
    </p>
   </div>
   <div class='ocr_carea' id='block_1_6' title="bbox 103 690 1674 761">
    <p class='ocr_par' dir='ltr' id='par_1_6' title="bbox 103 690 1674 761">
     <span class='ocr_line' id='line_1_6' title="bbox 103 690 1674 761; baseline 0.001 -16"><span class='ocrx_word' id='word_1_33' title='bbox 103 697 178 745; x_wconf 90' lang='lat' dir='ltr'>aut</span> <span class='ocrx_word' id='word_1_34' title='bbox 199 690 470 744; x_wconf 85' lang='lat' dir='ltr'>crediderit</span> <span class='ocrx_word' id='word_1_35' title='bbox 502 706 690 761; x_wconf 88' lang='lat' dir='ltr'>agere,</span> <span class='ocrx_word' id='word_1_36' title='bbox 734 694 790 744; x_wconf 91' lang='lat' dir='ltr'>et</span> <span class='ocrx_word' id='word_1_37' title='bbox 827 692 1027 760; x_wconf 83' lang='lat' dir='ltr'>egerit,</span> <span class='ocrx_word' id='word_1_38' title='bbox 1070 692 1377 746; x_wconf 82' lang='lat' dir='ltr'>anathema</span> <span class='ocrx_word' id='word_1_39' title='bbox 1416 693 1506 748; x_wconf 91' lang='lat' dir='ltr'>sit.</span> <span class='ocrx_word' id='word_1_40' title='bbox 1547 692 1674 756; x_wconf 92' lang='lat' dir='ltr'>Qui-</span> 
     </span>
    </p>
   </div>
   <div class='ocr_carea' id='block_1_7' title="bbox 101 783 1674 856">
    <p class='ocr_par' dir='ltr' id='par_1_7' title="bbox 101 783 1674 856">
     <span class='ocr_line' id='line_1_7' title="bbox 101 783 1674 856; baseline 0.001 -17"><span class='ocrx_word' id='word_1_41' title='bbox 101 801 280 856; x_wconf 80' lang='lat' dir='ltr'>cunque</span> <span class='ocrx_word' id='word_1_42' title='bbox 305 783 545 837; x_wconf 90' lang='lat' dir='ltr'>libellum</span> <span class='ocrx_word' id='word_1_43' title='bbox 573 783 965 839; x_wconf 77' lang='lat' dir='ltr'>detestabilem</span> <span class='ocrx_word' id='word_1_44' title='bbox 997 785 1334 840; x_wconf 85' lang='lat' dir='ltr'>duodecimo</span> <span class='ocrx_word' id='word_1_45' title='bbox 1363 802 1511 840; x_wconf 91' lang='lat' dir='ltr'>anno</span> <span class='ocrx_word' id='word_1_46' title='bbox 1542 787 1674 840; x_wconf 89' lang='lat' dir='ltr'>Leo-</span> 
     </span>
    </p>
   </div>
   <div class='ocr_carea' id='block_1_8' title="bbox 100 876 1675 950">
    <p class='ocr_par' dir='ltr' id='par_1_8' title="bbox 100 876 1675 950">
     <span class='ocr_line' id='line_1_8' title="bbox 100 876 1675 950; baseline 0.001 -18"><span class='ocrx_word' id='word_1_47' title='bbox 100 877 260 949; x_wconf 85' lang='lat' dir='ltr'>bigildi</span> <span class='ocrx_word' id='word_1_48' title='bbox 311 876 454 948; x_wconf 88' lang='lat' dir='ltr'>regis</span> <span class='ocrx_word' id='word_1_49' title='bbox 507 894 537 930; x_wconf 92' lang='lat' dir='ltr'>a</span> <span class='ocrx_word' id='word_1_50' title='bbox 595 877 757 931; x_wconf 91' lang='lat' dir='ltr'>nobis</span> <span class='ocrx_word' id='word_1_51' title='bbox 814 877 1052 946; x_wconf 88' lang='lat' dir='ltr'>editum,</span> <span class='ocrx_word' id='word_1_52' title='bbox 1094 878 1151 932; x_wconf 93' lang='lat' dir='ltr'>in</span> <span class='ocrx_word' id='word_1_53' title='bbox 1193 895 1306 950; x_wconf 91' lang='lat' dir='ltr'>quo</span> <span class='ocrx_word' id='word_1_54' title='bbox 1355 878 1675 935; x_wconf 85' lang='lat' dir='ltr'>continetur</span> 
     </span>
    </p>
   </div>
   <div class='ocr_carea' id='block_1_9' title="bbox 101 970 1672 1041">
    <p class='ocr_par' dir='ltr' id='par_1_9' title="bbox 101 970 1672 1041">
     <span class='ocr_line' id='line_1_9' title="bbox 101 970 1672 1041; baseline 0.001 -15"><span class='ocrx_word' id='word_1_55' title='bbox 101 973 434 1026; x_wconf 83' lang='lat' dir='ltr'>Romanorum</span> <span class='ocrx_word' id='word_1_56' title='bbox 472 970 541 1025; x_wconf 91' lang='lat' dir='ltr'>ad</span> <span class='ocrx_word' id='word_1_57' title='bbox 578 971 847 1025; x_wconf 82' lang='lat' dir='ltr'>Arianam</span> <span class='ocrx_word' id='word_1_58' title='bbox 887 972 1150 1027; x_wconf 66' lang='lat' dir='ltr'>haeresim</span> <span class='ocrx_word' id='word_1_59' title='bbox 1191 973 1484 1041; x_wconf 87' lang='lat' dir='ltr'>traductio,</span> <span class='ocrx_word' id='word_1_60' title='bbox 1521 978 1578 1028; x_wconf 92' lang='lat' dir='ltr'>et</span> <span class='ocrx_word' id='word_1_61' title='bbox 1615 973 1672 1028; x_wconf 91' lang='lat' dir='ltr'>in</span> 
     </span>
    </p>
   </div>
   <div class='ocr_carea' id='block_1_10' title="bbox 101 1064 1674 1139">
    <p class='ocr_par' dir='ltr' id='par_1_10' title="bbox 101 1064 1674 1139">
     <span class='ocr_line' id='line_1_10' title="bbox 101 1064 1674 1139; baseline 0.003 -21"><span class='ocrx_word' id='word_1_62' title='bbox 101 1081 186 1136; x_wconf 91' lang='lat' dir='ltr'>quo</span> <span class='ocrx_word' id='word_1_63' title='bbox 211 1064 374 1134; x_wconf 80' lang='lat' dir='ltr'>gloria</span> <span class='ocrx_word' id='word_1_64' title='bbox 400 1064 545 1118; x_wconf 87' lang='lat' dir='ltr'>Patri</span> <span class='ocrx_word' id='word_1_65' title='bbox 574 1081 678 1137; x_wconf 91' lang='lat' dir='ltr'>per</span> <span class='ocrx_word' id='word_1_66' title='bbox 708 1065 913 1120; x_wconf 86' lang='lat' dir='ltr'>Filium</span> <span class='ocrx_word' id='word_1_67' title='bbox 948 1066 1007 1120; x_wconf 91' lang='lat' dir='ltr'>in</span> <span class='ocrx_word' id='word_1_68' title='bbox 1039 1066 1255 1139; x_wconf 86' lang='lat' dir='ltr'>Spiritu</span> <span class='ocrx_word' id='word_1_69' title='bbox 1284 1071 1499 1134; x_wconf 90' lang='lat' dir='ltr'>sancto,</span> <span class='ocrx_word' id='word_1_70' title='bbox 1533 1074 1590 1121; x_wconf 94' lang='lat' dir='ltr'>et</span> <span class='ocrx_word' id='word_1_71' title='bbox 1615 1069 1674 1122; x_wconf 89' lang='lat' dir='ltr'>in</span> 
     </span>
    </p>
   </div>
   <div class='ocr_carea' id='block_1_11' title="bbox 102 1157 1672 1232">
    <p class='ocr_par' dir='ltr' id='par_1_11' title="bbox 102 1157 1672 1232">
     <span class='ocr_line' id='line_1_11' title="bbox 102 1157 1672 1232; baseline 0.003 -21"><span class='ocrx_word' id='word_1_72' title='bbox 102 1175 189 1228; x_wconf 92' lang='lat' dir='ltr'>quo</span> <span class='ocrx_word' id='word_1_73' title='bbox 213 1158 341 1212; x_wconf 87' lang='lat' dir='ltr'>male</span> <span class='ocrx_word' id='word_1_74' title='bbox 380 1175 412 1211; x_wconf 91' lang='lat' dir='ltr'>a</span> <span class='ocrx_word' id='word_1_75' title='bbox 461 1157 627 1213; x_wconf 88' lang='lat' dir='ltr'>nobis</span> <span class='ocrx_word' id='word_1_76' title='bbox 666 1158 926 1214; x_wconf 87' lang='lat' dir='ltr'>instituta</span> <span class='ocrx_word' id='word_1_77' title='bbox 964 1159 1349 1231; x_wconf 88' lang='lat' dir='ltr'>continentur,</span> <span class='ocrx_word' id='word_1_78' title='bbox 1391 1161 1672 1232; x_wconf 82' lang='lat' dir='ltr'>habuerit,</span> 
     </span>
    </p>
   </div>
   <div class='ocr_carea' id='block_1_12' title="bbox 103 1251 858 1307">
    <p class='ocr_par' dir='ltr' id='par_1_12' title="bbox 103 1251 858 1307">
     <span class='ocr_line' id='line_1_12' title="bbox 103 1251 858 1307; baseline 0.004 -3"><span class='ocrx_word' id='word_1_79' title='bbox 103 1251 354 1305; x_wconf 84' lang='lat' dir='ltr'>anathema</span> <span class='ocrx_word' id='word_1_80' title='bbox 383 1251 452 1306; x_wconf 87' lang='lat' dir='ltr'>sit</span> <span class='ocrx_word' id='word_1_81' title='bbox 475 1252 536 1306; x_wconf 91' lang='lat' dir='ltr'>in</span> <span class='ocrx_word' id='word_1_82' title='bbox 556 1255 858 1307; x_wconf 63' lang='lat' dir='ltr'>aeternum.</span> 
     </span>
    </p>
   </div>
   <div class='ocr_carea' id='block_1_13' title="bbox 152 1345 1674 1404">
    <p class='ocr_par' dir='ltr' id='par_1_13' title="bbox 152 1345 1674 1404">
     <span class='ocr_line' id='line_1_13' title="bbox 152 1345 1674 1404; baseline 0.002 -3"><span class='ocrx_word' id='word_1_83' title='bbox 152 1345 459 1401; x_wconf 83' lang='lat' dir='ltr'>Conﬁtemur</span> <span class='ocrx_word' id='word_1_84' title='bbox 512 1347 667 1400; x_wconf 89' lang='lat' dir='ltr'>enim</span> <span class='ocrx_word' id='word_1_85' title='bbox 730 1363 835 1401; x_wconf 88' lang='lat' dir='ltr'>nos</span> <span class='ocrx_word' id='word_1_86' title='bbox 893 1363 956 1402; x_wconf 87' lang='lat' dir='ltr'>ex</span> <span class='ocrx_word' id='word_1_87' title='bbox 1026 1347 1228 1403; x_wconf 70' lang='lat' dir='ltr'>haeresi</span> <span class='ocrx_word' id='word_1_88' title='bbox 1293 1348 1500 1404; x_wconf 83' lang='lat' dir='ltr'>Ariana</span> <span class='ocrx_word' id='word_1_89' title='bbox 1557 1351 1674 1404; x_wconf 93' lang='lat' dir='ltr'>toto</span> 
     </span>
    </p>
   </div>
   <div class='ocr_carea' id='block_1_14' title="bbox 103 1437 1678 1506">
    <p class='ocr_par' dir='ltr' id='par_1_14' title="bbox 103 1437 1678 1506">
     <span class='ocr_line' id='line_1_14' title="bbox 103 1437 1678 1506; baseline 0.004 -15"><span class='ocrx_word' id='word_1_90' title='bbox 103 1438 250 1502; x_wconf 87' lang='lat' dir='ltr'>corde,</span> <span class='ocrx_word' id='word_1_91' title='bbox 293 1443 402 1492; x_wconf 88' lang='lat' dir='ltr'>tota</span> <span class='ocrx_word' id='word_1_92' title='bbox 443 1437 657 1506; x_wconf 89' lang='lat' dir='ltr'>anima,</span> <span class='ocrx_word' id='word_1_93' title='bbox 699 1443 756 1494; x_wconf 92' lang='lat' dir='ltr'>et</span> <span class='ocrx_word' id='word_1_94' title='bbox 799 1440 867 1494; x_wconf 95' lang='lat' dir='ltr'>de</span> <span class='ocrx_word' id='word_1_95' title='bbox 899 1443 1018 1494; x_wconf 91' lang='lat' dir='ltr'>toto</span> <span class='ocrx_word' id='word_1_96' title='bbox 1050 1448 1239 1497; x_wconf 88' lang='lat' dir='ltr'>mente</span> <span class='ocrx_word' id='word_1_97' title='bbox 1268 1447 1463 1496; x_wconf 87' lang='lat' dir='ltr'>nostra</span> <span class='ocrx_word' id='word_1_98' title='bbox 1491 1443 1562 1496; x_wconf 90' lang='lat' dir='ltr'>ad</span> <span class='ocrx_word' id='word_1_99' title='bbox 1593 1460 1678 1497; x_wconf 87' lang='lat' dir='ltr'>ec-</span> 
     </span>
    </p>
   </div>
   <div class='ocr_carea' id='block_1_15' title="bbox 104 1532 1677 1592">
    <p class='ocr_par' dir='ltr' id='par_1_15' title="bbox 104 1532 1677 1592">
     <span class='ocr_line' id='line_1_15' title="bbox 104 1532 1677 1592; baseline 0.003 -7"><span class='ocrx_word' id='word_1_100' title='bbox 104 1532 284 1585; x_wconf 85' lang='lat' dir='ltr'>clesiam</span> <span class='ocrx_word' id='word_1_101' title='bbox 320 1532 658 1586; x_wconf 89' lang='lat' dir='ltr'>catholicam</span> <span class='ocrx_word' id='word_1_102' title='bbox 695 1533 871 1588; x_wconf 91' lang='lat' dir='ltr'>fuisse</span> <span class='ocrx_word' id='word_1_103' title='bbox 902 1550 1222 1590; x_wconf 90' lang='lat' dir='ltr'>conversos.</span> <span class='ocrx_word' id='word_1_104' title='bbox 1263 1537 1411 1590; x_wconf 88' lang='lat' dir='ltr'>Nulli</span> <span class='ocrx_word' id='word_1_105' title='bbox 1441 1536 1677 1592; x_wconf 91' lang='lat' dir='ltr'>dubium</span> 
     </span>
    </p>
   </div>
   <div class='ocr_carea' id='block_1_16' title="bbox 106 1625 1679 1698">
    <p class='ocr_par' dir='ltr' id='par_1_16' title="bbox 106 1625 1679 1698">
     <span class='ocr_line' id='line_1_16' title="bbox 106 1625 1679 1698; baseline 0.005 -22"><span class='ocrx_word' id='word_1_106' title='bbox 106 1625 172 1688; x_wconf 86' lang='lat' dir='ltr'>sit,</span> <span class='ocrx_word' id='word_1_107' title='bbox 219 1642 306 1680; x_wconf 89' lang='lat' dir='ltr'>nos</span> <span class='ocrx_word' id='word_1_108' title='bbox 358 1630 691 1698; x_wconf 90' lang='lat' dir='ltr'>nostrosque</span> <span class='ocrx_word' id='word_1_109' title='bbox 741 1644 1090 1683; x_wconf 89' lang='lat' dir='ltr'>successores</span> <span class='ocrx_word' id='word_1_110' title='bbox 1128 1646 1340 1684; x_wconf 86' lang='lat' dir='ltr'>errasse</span> <span class='ocrx_word' id='word_1_111' title='bbox 1378 1630 1438 1684; x_wconf 90' lang='lat' dir='ltr'>in</span> <span class='ocrx_word' id='word_1_112' title='bbox 1476 1631 1679 1684; x_wconf 68' lang='lat' dir='ltr'>haeresi</span> 
     </span>
    </p>
   </div>
   <div class='ocr_carea' id='block_1_17' title="bbox 106 1718 1679 1794">
    <p class='ocr_par' dir='ltr' id='par_1_17' title="bbox 106 1718 1679 1794">
     <span class='ocr_line' id='line_1_17' title="bbox 106 1718 1679 1794; baseline 0.004 -22"><span class='ocrx_word' id='word_1_113' title='bbox 106 1718 262 1773; x_wconf 74' lang='lat' dir='ltr'>Ariana</span> <span class='ocrx_word' id='word_1_114' title='bbox 310 1725 363 1773; x_wconf 91' lang='lat' dir='ltr'>et</span> <span class='ocrx_word' id='word_1_115' title='bbox 413 1719 591 1774; x_wconf 89' lang='lat' dir='ltr'>ﬁdem</span> <span class='ocrx_word' id='word_1_116' title='bbox 651 1721 1034 1792; x_wconf 88' lang='lat' dir='ltr'>evangelicam</span> <span class='ocrx_word' id='word_1_117' title='bbox 1091 1727 1260 1794; x_wconf 89' lang='lat' dir='ltr'>atque</span> <span class='ocrx_word' id='word_1_118' title='bbox 1313 1723 1679 1794; x_wconf 85' lang='lat' dir='ltr'>apostolicam</span> 
     </span>
    </p>
   </div>
   <div class='ocr_carea' id='block_1_18' title="bbox 105 1798 1756 1873">
    <p class='ocr_par' dir='ltr' id='par_1_18' title="bbox 105 1798 1756 1873">
     <span class='ocr_line' id='line_1_18' title="bbox 105 1798 1756 1873; baseline 0.004 -10"><span class='ocrx_word' id='word_1_119' title='bbox 105 1827 219 1865; x_wconf 87' lang='lat' dir='ltr'>nunc</span> <span class='ocrx_word' id='word_1_120' title='bbox 254 1811 388 1866; x_wconf 89' lang='lat' dir='ltr'>intra</span> <span class='ocrx_word' id='word_1_121' title='bbox 417 1813 728 1868; x_wconf 90' lang='lat' dir='ltr'>Ecclesiam</span> <span class='ocrx_word' id='word_1_122' title='bbox 760 1815 1096 1870; x_wconf 87' lang='lat' dir='ltr'>catholicam</span> <span class='ocrx_word' id='word_1_123' title='bbox 1126 1815 1402 1872; x_wconf 87' lang='lat' dir='ltr'>didicisse.</span> <span class='ocrx_word' id='word_1_124' title='bbox 1437 1817 1680 1873; x_wconf 89' lang='lat' dir='ltr'>Proinde</span> <span class='ocrx_word' id='word_1_125' title='bbox 1699 1798 1756 1870; x_wconf 84' lang='lat' dir='ltr'><strong>B</strong></span> 
     </span>
    </p>
   </div>
   <div class='ocr_carea' id='block_1_19' title="bbox 105 1903 1682 1980">
    <p class='ocr_par' dir='ltr' id='par_1_19' title="bbox 105 1903 1682 1980">
     <span class='ocr_line' id='line_1_19' title="bbox 105 1903 1682 1980; baseline 0.006 -23"><span class='ocrx_word' id='word_1_126' title='bbox 105 1903 237 1959; x_wconf 82' lang='lat' dir='ltr'>ﬁdem</span> <span class='ocrx_word' id='word_1_127' title='bbox 259 1911 495 1961; x_wconf 90' lang='lat' dir='ltr'>sanctam</span> <span class='ocrx_word' id='word_1_128' title='bbox 520 1923 693 1978; x_wconf 87' lang='lat' dir='ltr'>quam</span> <span class='ocrx_word' id='word_1_129' title='bbox 721 1909 1178 1980; x_wconf 81' lang='lat' dir='ltr'>religiosissimus</span> <span class='ocrx_word' id='word_1_130' title='bbox 1200 1910 1463 1965; x_wconf 90' lang='lat' dir='ltr'>dominus</span> <span class='ocrx_word' id='word_1_131' title='bbox 1488 1916 1682 1966; x_wconf 88' lang='lat' dir='ltr'>noster</span> 
     </span>
    </p>
   </div>
   <div class='ocr_carea' id='block_1_20' title="bbox 104 1998 1678 2075">
    <p class='ocr_par' dir='ltr' id='par_1_20' title="bbox 104 1998 1678 2075">
     <span class='ocr_line' id='line_1_20' title="bbox 104 1998 1678 2075; baseline 0.006 -24"><span class='ocrx_word' id='word_1_132' title='bbox 104 1998 312 2066; x_wconf 84' lang='lat' dir='ltr'>patefecit</span> <span class='ocrx_word' id='word_1_133' title='bbox 334 2000 390 2053; x_wconf 92' lang='lat' dir='ltr'>in</span> <span class='ocrx_word' id='word_1_134' title='bbox 417 2001 611 2056; x_wconf 90' lang='lat' dir='ltr'>medio</span> <span class='ocrx_word' id='word_1_135' title='bbox 641 2002 901 2072; x_wconf 91' lang='lat' dir='ltr'>concilio,</span> <span class='ocrx_word' id='word_1_136' title='bbox 933 2007 989 2058; x_wconf 89' lang='lat' dir='ltr'>et</span> <span class='ocrx_word' id='word_1_137' title='bbox 1007 2021 1182 2059; x_wconf 90' lang='lat' dir='ltr'>manu</span> <span class='ocrx_word' id='word_1_138' title='bbox 1205 2021 1306 2059; x_wconf 90' lang='lat' dir='ltr'>sua</span> <span class='ocrx_word' id='word_1_139' title='bbox 1331 2003 1678 2075; x_wconf 90' lang='lat' dir='ltr'>subscripsit,</span> 
     </span>
    </p>
   </div>
   <div class='ocr_carea' id='block_1_21' title="bbox 105 2090 1683 2169">
    <p class='ocr_par' dir='ltr' id='par_1_21' title="bbox 105 2090 1683 2169">
     <span class='ocr_line' id='line_1_21' title="bbox 105 2090 1683 2169; baseline 0.006 -25"><span class='ocrx_word' id='word_1_140' title='bbox 105 2091 214 2146; x_wconf 88' lang='lat' dir='ltr'>hanc</span> <span class='ocrx_word' id='word_1_141' title='bbox 246 2097 296 2146; x_wconf 88' lang='lat' dir='ltr'>et</span> <span class='ocrx_word' id='word_1_142' title='bbox 329 2110 427 2148; x_wconf 90' lang='lat' dir='ltr'>nos</span> <span class='ocrx_word' id='word_1_143' title='bbox 466 2099 754 2162; x_wconf 88' lang='lat' dir='ltr'>tenemus,</span> <span class='ocrx_word' id='word_1_144' title='bbox 806 2097 949 2151; x_wconf 89' lang='lat' dir='ltr'>hanc</span> <span class='ocrx_word' id='word_1_145' title='bbox 997 2090 1334 2152; x_wconf 77' lang='lat' dir='ltr'>confitemur</span> <span class='ocrx_word' id='word_1_146' title='bbox 1372 2099 1587 2169; x_wconf 88' lang='lat' dir='ltr'>pariter</span> <span class='ocrx_word' id='word_1_147' title='bbox 1626 2101 1683 2153; x_wconf 87' lang='lat' dir='ltr'>et</span> 
     </span>
    </p>
   </div>
   <div class='ocr_carea' id='block_1_22' title="bbox 105 2185 1680 2264">
    <p class='ocr_par' dir='ltr' id='par_1_22' title="bbox 105 2185 1680 2264">
     <span class='ocr_line' id='line_1_22' title="bbox 105 2185 1680 2264; baseline 0.007 -26"><span class='ocrx_word' id='word_1_148' title='bbox 105 2185 396 2257; x_wconf 85' lang='lat' dir='ltr'>suscipimus,</span> <span class='ocrx_word' id='word_1_149' title='bbox 425 2188 578 2243; x_wconf 88' lang='lat' dir='ltr'>hanc</span> <span class='ocrx_word' id='word_1_150' title='bbox 605 2189 661 2243; x_wconf 90' lang='lat' dir='ltr'>in</span> <span class='ocrx_word' id='word_1_151' title='bbox 694 2190 916 2261; x_wconf 89' lang='lat' dir='ltr'>populis</span> <span class='ocrx_word' id='word_1_152' title='bbox 945 2191 1253 2262; x_wconf 55' lang='lat' dir='ltr'>praedicare</span> <span class='ocrx_word' id='word_1_153' title='bbox 1282 2197 1453 2264; x_wconf 89' lang='lat' dir='ltr'>atque</span> <span class='ocrx_word' id='word_1_154' title='bbox 1473 2193 1680 2248; x_wconf 91' lang='lat' dir='ltr'>docere</span> 
     </span>
    </p>
   </div>
   <div class='ocr_carea' id='block_1_23' title="bbox 102 2280 1682 2356">
    <p class='ocr_par' dir='ltr' id='par_1_23' title="bbox 102 2280 1682 2356">
     <span class='ocr_line' id='line_1_23' title="bbox 102 2280 1682 2356; baseline 0.006 -24"><span class='ocrx_word' id='word_1_155' title='bbox 102 2280 445 2347; x_wconf 88' lang='lat' dir='ltr'>permittimus.</span> <span class='ocrx_word' id='word_1_156' title='bbox 479 2284 615 2336; x_wconf 74' lang='lat' dir='ltr'>Haec</span> <span class='ocrx_word' id='word_1_157' title='bbox 649 2289 732 2337; x_wconf 87' lang='lat' dir='ltr'>est</span> <span class='ocrx_word' id='word_1_158' title='bbox 756 2300 889 2337; x_wconf 88' lang='lat' dir='ltr'>vera</span> <span class='ocrx_word' id='word_1_159' title='bbox 919 2284 1054 2338; x_wconf 87' lang='lat' dir='ltr'>ﬁdes</span> <span class='ocrx_word' id='word_1_160' title='bbox 1075 2284 1266 2356; x_wconf 89' lang='lat' dir='ltr'>(quam</span> <span class='ocrx_word' id='word_1_161' title='bbox 1289 2285 1476 2340; x_wconf 88' lang='lat' dir='ltr'>omnis</span> <span class='ocrx_word' id='word_1_162' title='bbox 1499 2289 1682 2343; x_wconf 88' lang='lat' dir='ltr'>Eccle-</span> 
     </span>
    </p>
   </div>
   <div class='ocr_carea' id='block_1_24' title="bbox 103 2371 1681 2450">
    <p class='ocr_par' dir='ltr' id='par_1_24' title="bbox 103 2371 1681 2450">
     <span class='ocr_line' id='line_1_24' title="bbox 103 2371 1681 2450; baseline 0.008 -26"><span class='ocrx_word' id='word_1_163' title='bbox 103 2371 165 2425; x_wconf 82' lang='lat' dir='ltr'>sia</span> <span class='ocrx_word' id='word_1_164' title='bbox 194 2373 308 2428; x_wconf 90' lang='lat' dir='ltr'>dum</span> <span class='ocrx_word' id='word_1_165' title='bbox 343 2392 442 2446; x_wconf 93' lang='lat' dir='ltr'>per</span> <span class='ocrx_word' id='word_1_166' title='bbox 475 2379 670 2431; x_wconf 91' lang='lat' dir='ltr'>totum</span> <span class='ocrx_word' id='word_1_167' title='bbox 709 2377 993 2432; x_wconf 90' lang='lat' dir='ltr'>mundum</span> <span class='ocrx_word' id='word_1_168' title='bbox 1029 2381 1204 2450; x_wconf 91' lang='lat' dir='ltr'>tenet)</span> <span class='ocrx_word' id='word_1_169' title='bbox 1245 2380 1522 2435; x_wconf 89' lang='lat' dir='ltr'>catholica</span> <span class='ocrx_word' id='word_1_170' title='bbox 1559 2398 1681 2436; x_wconf 89' lang='lat' dir='ltr'>esse</span> 
     </span>
    </p>
   </div>
   <div class='ocr_carea' id='block_1_25' title="bbox 103 2465 1684 2545">
    <p class='ocr_par' dir='ltr' id='par_1_25' title="bbox 103 2465 1684 2545">
     <span class='ocr_line' id='line_1_25' title="bbox 103 2465 1684 2545; baseline 0.009 -28"><span class='ocrx_word' id='word_1_171' title='bbox 103 2465 299 2521; x_wconf 86' lang='lat' dir='ltr'>creditur</span> <span class='ocrx_word' id='word_1_172' title='bbox 323 2474 372 2523; x_wconf 90' lang='lat' dir='ltr'>et</span> <span class='ocrx_word' id='word_1_173' title='bbox 396 2469 695 2540; x_wconf 87' lang='lat' dir='ltr'>probatur.</span> <span class='ocrx_word' id='word_1_174' title='bbox 738 2471 837 2525; x_wconf 86' lang='lat' dir='ltr'>Cui</span> <span class='ocrx_word' id='word_1_175' title='bbox 876 2472 996 2526; x_wconf 59' lang='lat' dir='ltr'>haec</span> <span class='ocrx_word' id='word_1_176' title='bbox 1036 2473 1176 2527; x_wconf 90' lang='lat' dir='ltr'>ﬁdes</span> <span class='ocrx_word' id='word_1_177' title='bbox 1214 2491 1326 2528; x_wconf 91' lang='lat' dir='ltr'>non</span> <span class='ocrx_word' id='word_1_178' title='bbox 1366 2474 1552 2545; x_wconf 87' lang='lat' dir='ltr'>placet</span> <span class='ocrx_word' id='word_1_179' title='bbox 1588 2481 1684 2531; x_wconf 87' lang='lat' dir='ltr'>aut</span> 
     </span>
    </p>
   </div>
   <div class='ocr_carea' id='block_1_26' title="bbox 101 2560 1684 2631">
    <p class='ocr_par' dir='ltr' id='par_1_26' title="bbox 101 2560 1684 2631">
     <span class='ocr_line' id='line_1_26' title="bbox 101 2560 1684 2631; baseline 0.008 -21"><span class='ocrx_word' id='word_1_180' title='bbox 101 2574 186 2612; x_wconf 89' lang='lat' dir='ltr'>non</span> <span class='ocrx_word' id='word_1_181' title='bbox 207 2560 478 2631; x_wconf 88' lang='lat' dir='ltr'>placuerit,</span> <span class='ocrx_word' id='word_1_182' title='bbox 511 2565 832 2618; x_wconf 85' lang='lat' dir='ltr'>anathema</span> <span class='ocrx_word' id='word_1_183' title='bbox 861 2565 934 2619; x_wconf 90' lang='lat' dir='ltr'>sit</span> <span class='ocrx_word' id='word_1_184' title='bbox 962 2567 1302 2621; x_wconf 86' lang='lat' dir='ltr'>maranatha</span> <span class='ocrx_word' id='word_1_185' title='bbox 1342 2568 1399 2621; x_wconf 91' lang='lat' dir='ltr'>in</span> <span class='ocrx_word' id='word_1_186' title='bbox 1440 2569 1684 2624; x_wconf 85' lang='lat' dir='ltr'>adventu</span> 
     </span>
    </p>
   </div>
   <div class='ocr_carea' id='block_1_27' title="bbox 103 2650 1683 2732">
    <p class='ocr_par' dir='ltr' id='par_1_27' title="bbox 103 2650 1683 2732">
     <span class='ocr_line' id='line_1_27' title="bbox 103 2650 1683 2732; baseline 0.008 -28"><span class='ocrx_word' id='word_1_187' title='bbox 103 2650 278 2707; x_wconf 82' lang='lat' dir='ltr'>Domini</span> <span class='ocrx_word' id='word_1_188' title='bbox 303 2657 469 2710; x_wconf 90' lang='lat' dir='ltr'>nostri</span> <span class='ocrx_word' id='word_1_189' title='bbox 490 2657 516 2710; x_wconf 72' lang='grc' dir='ltr'>,Ι</span> <span class='ocrx_word' id='word_1_190' title='bbox 525 2673 628 2712; x_wconf 88' lang='lat' dir='ltr'>esu</span> <span class='ocrx_word' id='word_1_191' title='bbox 649 2657 872 2712; x_wconf 88' lang='lat' dir='ltr'>Christi.</span> <span class='ocrx_word' id='word_1_192' title='bbox 901 2658 1008 2722; x_wconf 90' lang='lat' dir='ltr'>Qui</span> <span class='ocrx_word' id='word_1_193' title='bbox 1033 2659 1207 2714; x_wconf 89' lang='lat' dir='ltr'>ﬁdem</span> <span class='ocrx_word' id='word_1_194' title='bbox 1230 2661 1448 2732; x_wconf 88' lang='lat' dir='ltr'>spernit</span> <span class='ocrx_word' id='word_1_195' title='bbox 1472 2662 1683 2716; x_wconf 69' lang='lat' dir='ltr'>Niczeni</span> 
     </span>
    </p>
   </div>
   <div class='ocr_carea' id='block_1_28' title="bbox 103 2747 1684 2826">
    <p class='ocr_par' dir='ltr' id='par_1_28' title="bbox 103 2747 1684 2826">
     <span class='ocr_line' id='line_1_28' title="bbox 103 2747 1684 2826; baseline 0.009 -30"><span class='ocrx_word' id='word_1_196' title='bbox 103 2747 274 2800; x_wconf 87' lang='lat' dir='ltr'>concilii</span> <span class='ocrx_word' id='word_1_197' title='bbox 301 2753 352 2802; x_wconf 89' lang='lat' dir='ltr'>et</span> <span class='ocrx_word' id='word_1_198' title='bbox 375 2751 988 2822; x_wconf 83' lang='lat' dir='ltr'>Constantinopolitani</span> <span class='ocrx_word' id='word_1_199' title='bbox 1015 2757 1244 2808; x_wconf 91' lang='lat' dir='ltr'>centum</span> <span class='ocrx_word' id='word_1_200' title='bbox 1266 2755 1684 2826; x_wconf 82' lang='lat' dir='ltr'>quinquaginta</span> 
     </span>
    </p>
   </div>
   <div class='ocr_carea' id='block_1_29' title="bbox 105 2839 1683 2918">
    <p class='ocr_par' dir='ltr' id='par_1_29' title="bbox 105 2839 1683 2918">
     <span class='ocr_line' id='line_1_29' title="bbox 105 2839 1683 2918; baseline 0.008 -26"><span class='ocrx_word' id='word_1_201' title='bbox 105 2839 435 2912; x_wconf 82' lang='lat' dir='ltr'>episcoporum</span> <span class='ocrx_word' id='word_1_202' title='bbox 464 2860 781 2916; x_wconf 89' lang='lat' dir='ltr'>veramque</span> <span class='ocrx_word' id='word_1_203' title='bbox 811 2862 931 2900; x_wconf 91' lang='lat' dir='ltr'>esse</span> <span class='ocrx_word' id='word_1_204' title='bbox 959 2863 1076 2901; x_wconf 91' lang='lat' dir='ltr'>non</span> <span class='ocrx_word' id='word_1_205' title='bbox 1102 2848 1326 2918; x_wconf 82' lang='lat' dir='ltr'>dixerit,</span> <span class='ocrx_word' id='word_1_206' title='bbox 1379 2849 1683 2904; x_wconf 88' lang='lat' dir='ltr'>anathema</span> 
     </span>
    </p>
   </div>
   <div class='ocr_carea' id='block_1_30' title="bbox 105 2932 1679 3011">
    <p class='ocr_par' dir='ltr' id='par_1_30' title="bbox 105 2932 1679 3011">
     <span class='ocr_line' id='line_1_30' title="bbox 105 2932 1679 3011; baseline 0.01 -29"><span class='ocrx_word' id='word_1_207' title='bbox 105 2932 168 2984; x_wconf 88' lang='lat' dir='ltr'>sit.</span> <span class='ocrx_word' id='word_1_208' title='bbox 191 2934 276 2997; x_wconf 88' lang='lat' dir='ltr'>Qui</span> <span class='ocrx_word' id='word_1_209' title='bbox 302 2935 466 2991; x_wconf 88' lang='lat' dir='ltr'>ﬁdem</span> <span class='ocrx_word' id='word_1_210' title='bbox 491 2937 800 3008; x_wconf 72' lang='lat' dir='ltr'>Ephesinae</span> <span class='ocrx_word' id='word_1_211' title='bbox 829 2939 1028 3010; x_wconf 89' lang='lat' dir='ltr'>synodi</span> <span class='ocrx_word' id='word_1_212' title='bbox 1054 2941 1255 3011; x_wconf 68' lang='lat' dir='ltr'>prima:</span> <span class='ocrx_word' id='word_1_213' title='bbox 1284 2946 1341 2996; x_wconf 94' lang='lat' dir='ltr'>et</span> <span class='ocrx_word' id='word_1_214' title='bbox 1367 2942 1679 2997; x_wconf 87' lang='lat' dir='ltr'>Chalcedo-</span> 
     </span>
    </p>
   </div>
   <div class='ocr_carea' id='block_1_31' title="bbox 105 3027 1684 3105">
    <p class='ocr_par' dir='ltr' id='par_1_31' title="bbox 105 3027 1684 3105">
     <span class='ocr_line' id='line_1_31' title="bbox 105 3027 1684 3105; baseline 0.008 -26"><span class='ocrx_word' id='word_1_215' title='bbox 105 3027 246 3082; x_wconf 79' lang='lat' dir='ltr'>nensis</span> <span class='ocrx_word' id='word_1_216' title='bbox 273 3047 375 3084; x_wconf 91' lang='lat' dir='ltr'>non</span> <span class='ocrx_word' id='word_1_217' title='bbox 403 3035 586 3099; x_wconf 89' lang='lat' dir='ltr'>tenet,</span> <span class='ocrx_word' id='word_1_218' title='bbox 637 3037 694 3087; x_wconf 92' lang='lat' dir='ltr'>et</span> <span class='ocrx_word' id='word_1_219' title='bbox 739 3049 803 3087; x_wconf 90' lang='lat' dir='ltr'>ea</span> <span class='ocrx_word' id='word_1_220' title='bbox 846 3050 960 3088; x_wconf 91' lang='lat' dir='ltr'>non</span> <span class='ocrx_word' id='word_1_221' title='bbox 1002 3035 1336 3105; x_wconf 88' lang='lat' dir='ltr'>delectatur,</span> <span class='ocrx_word' id='word_1_222' title='bbox 1375 3037 1684 3092; x_wconf 90' lang='lat' dir='ltr'>anathema</span> 
     </span>
    </p>
   </div>
   <div class='ocr_carea' id='block_1_32' title="bbox 105 3119 1684 3201">
    <p class='ocr_par' dir='ltr' id='par_1_32' title="bbox 105 3119 1684 3201">
     <span class='ocr_line' id='line_1_32' title="bbox 105 3119 1684 3201; baseline 0.011 -32"><span class='ocrx_word' id='word_1_223' title='bbox 105 3119 168 3172; x_wconf 82' lang='lat' dir='ltr'>sit.</span> <span class='ocrx_word' id='word_1_224' title='bbox 190 3121 279 3184; x_wconf 91' lang='lat' dir='ltr'>Qui</span> <span class='ocrx_word' id='word_1_225' title='bbox 291 3124 519 3180; x_wconf 90' lang='lat' dir='ltr'>concilia</span> <span class='ocrx_word' id='word_1_226' title='bbox 545 3126 808 3181; x_wconf 90' lang='lat' dir='ltr'>omnium</span> <span class='ocrx_word' id='word_1_227' title='bbox 825 3127 1271 3183; x_wconf 86' lang='lat' dir='ltr'>orthodoxorum</span> <span class='ocrx_word' id='word_1_228' title='bbox 1288 3130 1684 3201; x_wconf 90' lang='lat' dir='ltr'>episcoporum</span> 
     </span>
    </p>
   </div>
   <div class='ocr_carea' id='block_1_33' title="bbox 104 3218 1681 3296">
    <p class='ocr_par' dir='ltr' id='par_1_33' title="bbox 104 3218 1681 3296">
     <span class='ocr_line' id='line_1_33' title="bbox 104 3218 1681 3296; baseline 0.008 -30"><span class='ocrx_word' id='word_1_229' title='bbox 104 3227 301 3271; x_wconf 85' lang='lat' dir='ltr'>consona</span> <span class='ocrx_word' id='word_1_230' title='bbox 312 3218 565 3273; x_wconf 85' lang='lat' dir='ltr'>conciliis</span> <span class='ocrx_word' id='word_1_231' title='bbox 578 3219 804 3275; x_wconf 68' lang='lat' dir='ltr'>Nicaeno</span> <span class='ocrx_word' id='word_1_232' title='bbox 815 3222 1467 3294; x_wconf 85' lang='lat' dir='ltr'>,Constantinopolitano</span> <span class='ocrx_word' id='word_1_233' title='bbox 1478 3225 1681 3296; x_wconf 88' lang='lat' dir='ltr'>primo,</span> 
     </span>
    </p>
   </div>
   <div class='ocr_carea' id='block_1_34' title="bbox 104 3305 1682 3388">
    <p class='ocr_par' dir='ltr' id='par_1_34' title="bbox 104 3305 1682 3388">
     <span class='ocr_line' id='line_1_34' title="bbox 104 3305 1682 3388; baseline 0.01 -30"><span class='ocrx_word' id='word_1_234' title='bbox 104 3305 330 3376; x_wconf 87' lang='lat' dir='ltr'>Ephesino</span> <span class='ocrx_word' id='word_1_235' title='bbox 350 3317 404 3367; x_wconf 89' lang='lat' dir='ltr'>et</span> <span class='ocrx_word' id='word_1_236' title='bbox 424 3311 887 3368; x_wconf 72' lang='lat' dir='ltr'>Chalcedonensi</span> <span class='ocrx_word' id='word_1_237' title='bbox 905 3332 1018 3370; x_wconf 91' lang='lat' dir='ltr'>non</span> <span class='ocrx_word' id='word_1_238' title='bbox 1039 3317 1258 3388; x_wconf 90' lang='lat' dir='ltr'>recipit,</span> <span class='ocrx_word' id='word_1_239' title='bbox 1277 3318 1576 3373; x_wconf 87' lang='lat' dir='ltr'>anathema</span> <span class='ocrx_word' id='word_1_240' title='bbox 1592 3318 1682 3373; x_wconf 89' lang='lat' dir='ltr'>sit.</span> 
     </span>
    </p>
   </div>
   <div class='ocr_carea' id='block_1_35' title="bbox 102 3397 1687 3480">
    <p class='ocr_par' dir='ltr' id='par_1_35' title="bbox 102 3397 1687 3480">
     <span class='ocr_line' id='line_1_35' title="bbox 102 3397 1687 3480; baseline 0.009 -28"><span class='ocrx_word' id='word_1_241' title='bbox 102 3397 290 3459; x_wconf 83' lang='lat' dir='ltr'>Proinde</span> <span class='ocrx_word' id='word_1_242' title='bbox 304 3411 356 3461; x_wconf 91' lang='lat' dir='ltr'>et</span> <span class='ocrx_word' id='word_1_243' title='bbox 370 3405 802 3462; x_wconf 82' lang='lat' dir='ltr'>damnationem</span> <span class='ocrx_word' id='word_1_244' title='bbox 824 3408 974 3463; x_wconf 90' lang='lat' dir='ltr'>hanc</span> <span class='ocrx_word' id='word_1_245' title='bbox 995 3410 1248 3480; x_wconf 59' lang='lat' dir='ltr'>perﬁdia:</span> <span class='ocrx_word' id='word_1_246' title='bbox 1264 3411 1687 3467; x_wconf 87' lang='lat' dir='ltr'>communionis</span> 
     </span>
    </p>
   </div>
   <div class='ocr_carea' id='block_1_36' title="bbox 104 3494 1687 3560">
    <p class='ocr_par' dir='ltr' id='par_1_36' title="bbox 104 3494 1687 3560">
     <span class='ocr_line' id='line_1_36' title="bbox 104 3494 1687 3560; baseline 0.009 -13"><span class='ocrx_word' id='word_1_247' title='bbox 104 3494 280 3552; x_wconf 66' lang='lat' dir='ltr'>Arianae</span> <span class='ocrx_word' id='word_1_248' title='bbox 315 3503 366 3554; x_wconf 91' lang='lat' dir='ltr'>et</span> <span class='ocrx_word' id='word_1_249' title='bbox 403 3501 675 3555; x_wconf 85' lang='lat' dir='ltr'>omnium</span> <span class='ocrx_word' id='word_1_250' title='bbox 706 3502 1074 3557; x_wconf 86' lang='lat' dir='ltr'>conciliorum</span> <span class='ocrx_word' id='word_1_251' title='bbox 1116 3504 1393 3560; x_wconf 77' lang='lat' dir='ltr'>haeresem</span> <span class='ocrx_word' id='word_1_252' title='bbox 1418 3505 1687 3560; x_wconf 77' lang='lat' dir='ltr'>Arianam</span> 
     </span>
    </p>
   </div>
   <div class='ocr_carea' id='block_1_37' title="bbox 101 3583 1688 3671">
    <p class='ocr_par' dir='ltr' id='par_1_37' title="bbox 101 3583 1688 3671">
     <span class='ocr_line' id='line_1_37' title="bbox 101 3583 1688 3671; baseline 0.007 -27"><span class='ocrx_word' id='word_1_253' title='bbox 101 3583 355 3648; x_wconf 69' lang='lat' dir='ltr'>foventium</span> <span class='ocrx_word' id='word_1_254' title='bbox 397 3611 530 3649; x_wconf 90' lang='lat' dir='ltr'>cum</span> <span class='ocrx_word' id='word_1_255' title='bbox 576 3595 948 3652; x_wconf 87' lang='lat' dir='ltr'>anathemate</span> <span class='ocrx_word' id='word_1_256' title='bbox 992 3614 1193 3653; x_wconf 90' lang='lat' dir='ltr'>eorum</span> <span class='ocrx_word' id='word_1_257' title='bbox 1237 3615 1414 3654; x_wconf 89' lang='lat' dir='ltr'>manu</span> <span class='ocrx_word' id='word_1_258' title='bbox 1457 3600 1688 3671; x_wconf 90' lang='lat' dir='ltr'>propria</span> 
     </span>
    </p>
   </div>
   <div class='ocr_carea' id='block_1_38' title="bbox 103 3680 1684 3748">
    <p class='ocr_par' dir='ltr' id='par_1_38' title="bbox 103 3680 1684 3748">
     <span class='ocr_line' id='line_1_38' title="bbox 103 3680 1684 3748; baseline 0.011 -18"><span class='ocrx_word' id='word_1_259' title='bbox 103 3680 466 3742; x_wconf 83' lang='lat' dir='ltr'>subscribimus.</span> <span class='ocrx_word' id='word_1_260' title='bbox 503 3689 954 3746; x_wconf 89' lang='lat' dir='ltr'>Constitutiones</span> <span class='ocrx_word' id='word_1_261' title='bbox 981 3707 1111 3745; x_wconf 87' lang='lat' dir='ltr'>vero</span> <span class='ocrx_word' id='word_1_262' title='bbox 1141 3697 1464 3748; x_wconf 90' lang='lat' dir='ltr'>sanctorum</span> <span class='ocrx_word' id='word_1_263' title='bbox 1498 3693 1684 3748; x_wconf 91' lang='lat' dir='ltr'>conci-</span> 
     </span>
    </p>
   </div>
   <div class='ocr_carea' id='block_1_39' title="bbox 100 3772 1687 3857">
    <p class='ocr_par' dir='ltr' id='par_1_39' title="bbox 100 3772 1687 3857">
     <span class='ocr_line' id='line_1_39' title="bbox 100 3772 1687 3857; baseline 0.009 -30"><span class='ocrx_word' id='word_1_264' title='bbox 100 3772 260 3833; x_wconf 88' lang='lat' dir='ltr'>liorum</span> <span class='ocrx_word' id='word_1_265' title='bbox 305 3781 536 3851; x_wconf 72' lang='lat' dir='ltr'>Nicazni,</span> <span class='ocrx_word' id='word_1_266' title='bbox 592 3781 884 3854; x_wconf 88' lang='lat' dir='ltr'>Ephesini,</span> <span class='ocrx_word' id='word_1_267' title='bbox 943 3785 1557 3857; x_wconf 85' lang='lat' dir='ltr'>ConstantinOpolitani</span> <span class='ocrx_word' id='word_1_268' title='bbox 1598 3787 1687 3842; x_wconf 88' lang='lat' dir='ltr'>vel</span> 
     </span>
    </p>
   </div>
   <div class='ocr_carea' id='block_1_40' title="bbox 104 3865 1690 3949">
    <p class='ocr_par' dir='ltr' id='par_1_40' title="bbox 104 3865 1690 3949">
     <span class='ocr_line' id='line_1_40' title="bbox 104 3865 1690 3949; baseline 0.009 -27"><span class='ocrx_word' id='word_1_269' title='bbox 104 3865 523 3930; x_wconf 84' lang='lat' dir='ltr'>Chalcedonensis</span> <span class='ocrx_word' id='word_1_270' title='bbox 545 3893 690 3948; x_wconf 90' lang='lat' dir='ltr'>quas</span> <span class='ocrx_word' id='word_1_271' title='bbox 711 3877 1026 3948; x_wconf 89' lang='lat' dir='ltr'>gratissima</span> <span class='ocrx_word' id='word_1_272' title='bbox 1052 3896 1186 3934; x_wconf 89' lang='lat' dir='ltr'>aure</span> <span class='ocrx_word' id='word_1_273' title='bbox 1209 3880 1690 3949; x_wconf 87' lang='lat' dir='ltr'>audivimus,con-</span> 
     </span>
    </p>
   </div>
   <div class='ocr_carea' id='block_1_41' title="bbox 102 3964 1686 4044">
    <p class='ocr_par' dir='ltr' id='par_1_41' title="bbox 102 3964 1686 4044">
     <span class='ocr_line' id='line_1_41' title="bbox 102 3964 1686 4044; baseline 0.011 -31"><span class='ocrx_word' id='word_1_274' title='bbox 102 3964 310 4022; x_wconf 81' lang='lat' dir='ltr'>sensione</span> <span class='ocrx_word' id='word_1_275' title='bbox 326 3975 524 4025; x_wconf 89' lang='lat' dir='ltr'>nostra</span> <span class='ocrx_word' id='word_1_276' title='bbox 543 3987 711 4026; x_wconf 90' lang='lat' dir='ltr'>veras</span> <span class='ocrx_word' id='word_1_277' title='bbox 734 3987 854 4026; x_wconf 92' lang='lat' dir='ltr'>esse</span> <span class='ocrx_word' id='word_1_278' title='bbox 868 3973 1254 4044; x_wconf 90' lang='lat' dir='ltr'>probavimus,</span> <span class='ocrx_word' id='word_1_279' title='bbox 1273 3974 1342 4029; x_wconf 92' lang='lat' dir='ltr'>de</span> <span class='ocrx_word' id='word_1_280' title='bbox 1356 3979 1472 4030; x_wconf 89' lang='lat' dir='ltr'>toto</span> <span class='ocrx_word' id='word_1_281' title='bbox 1493 3976 1686 4044; x_wconf 91' lang='lat' dir='ltr'>corde,</span> 
     </span>
    </p>
   </div>
   <div class='ocr_carea' id='block_1_42' title="bbox 105 4057 1688 4135">
    <p class='ocr_par' dir='ltr' id='par_1_42' title="bbox 105 4057 1688 4135">
     <span class='ocr_line' id='line_1_42' title="bbox 105 4057 1688 4135; baseline 0.013 -30"><span class='ocrx_word' id='word_1_282' title='bbox 105 4059 143 4107; x_wconf 83' lang='lat' dir='ltr'>et</span> <span class='ocrx_word' id='word_1_283' title='bbox 165 4057 220 4111; x_wconf 88' lang='lat' dir='ltr'>de</span> <span class='ocrx_word' id='word_1_284' title='bbox 243 4063 347 4115; x_wconf 85' lang='lat' dir='ltr'>tota</span> <span class='ocrx_word' id='word_1_285' title='bbox 369 4065 584 4135; x_wconf 88' lang='lat' dir='ltr'>anima,</span> <span class='ocrx_word' id='word_1_286' title='bbox 621 4069 679 4120; x_wconf 89' lang='lat' dir='ltr'>et</span> <span class='ocrx_word' id='word_1_287' title='bbox 721 4065 792 4119; x_wconf 89' lang='lat' dir='ltr'>de</span> <span class='ocrx_word' id='word_1_288' title='bbox 830 4071 946 4122; x_wconf 86' lang='lat' dir='ltr'>tota</span> <span class='ocrx_word' id='word_1_289' title='bbox 983 4073 1175 4124; x_wconf 90' lang='lat' dir='ltr'>mente</span> <span class='ocrx_word' id='word_1_290' title='bbox 1212 4072 1404 4123; x_wconf 89' lang='lat' dir='ltr'>nostra</span> <span class='ocrx_word' id='word_1_291' title='bbox 1444 4069 1688 4124; x_wconf 89' lang='lat' dir='ltr'>subscri-</span> 
     </span>
    </p>
   </div>
   <div class='ocr_carea' id='block_1_43' title="bbox 102 4149 1691 4230">
    <p class='ocr_par' dir='ltr' id='par_1_43' title="bbox 102 4149 1691 4230">
     <span class='ocr_line' id='line_1_43' title="bbox 102 4149 1691 4230; baseline 0.009 -25"><span class='ocrx_word' id='word_1_292' title='bbox 102 4149 284 4224; x_wconf 80' lang='lat' dir='ltr'>psimus,</span> <span class='ocrx_word' id='word_1_293' title='bbox 315 4157 453 4212; x_wconf 90' lang='lat' dir='ltr'>nihil</span> <span class='ocrx_word' id='word_1_294' title='bbox 486 4157 564 4213; x_wconf 83' lang='lat' dir='ltr'>ad</span> <span class='ocrx_word' id='word_1_295' title='bbox 592 4158 982 4230; x_wconf 83' lang='lat' dir='ltr'>cognitionem</span> <span class='ocrx_word' id='word_1_296' title='bbox 1010 4161 1260 4217; x_wconf 87' lang='lat' dir='ltr'>veritatis</span> <span class='ocrx_word' id='word_1_297' title='bbox 1287 4162 1531 4218; x_wconf 91' lang='lat' dir='ltr'>lucidius</span> <span class='ocrx_word' id='word_1_298' title='bbox 1545 4163 1691 4218; x_wconf 89' lang='lat' dir='ltr'>arbi-</span> 
     </span>
    </p>
   </div>
   <div class='ocr_carea' id='block_1_44' title="bbox 102 4244 1690 4326">
    <p class='ocr_par' dir='ltr' id='par_1_44' title="bbox 102 4244 1690 4326">
     <span class='ocr_line' id='line_1_44' title="bbox 102 4244 1690 4326; baseline 0.011 -31"><span class='ocrx_word' id='word_1_299' title='bbox 102 4244 269 4301; x_wconf 83' lang='lat' dir='ltr'>trantes</span> <span class='ocrx_word' id='word_1_300' title='bbox 291 4266 456 4322; x_wconf 89' lang='lat' dir='ltr'>quam</span> <span class='ocrx_word' id='word_1_301' title='bbox 489 4269 627 4326; x_wconf 58' lang='lat' dir='ltr'>qua).</span> <span class='ocrx_word' id='word_1_302' title='bbox 649 4255 1100 4325; x_wconf 90' lang='lat' dir='ltr'>supradictorum</span> <span class='ocrx_word' id='word_1_303' title='bbox 1130 4256 1498 4312; x_wconf 90' lang='lat' dir='ltr'>conciliorum</span> <span class='ocrx_word' id='word_1_304' title='bbox 1519 4256 1690 4312; x_wconf 89' lang='lat' dir='ltr'>conti-</span> 
     </span>
    </p>
   </div>
   <div class='ocr_carea' id='block_1_45' title="bbox 102 4345 1689 4408">
    <p class='ocr_par' dir='ltr' id='par_1_45' title="bbox 102 4345 1689 4408">
     <span class='ocr_line' id='line_1_45' title="bbox 102 4345 1689 4408; baseline 0.011 -20"><span class='ocrx_word' id='word_1_305' title='bbox 102 4345 204 4393; x_wconf 83' lang='lat' dir='ltr'>nent</span> <span class='ocrx_word' id='word_1_306' title='bbox 243 4346 622 4403; x_wconf 85' lang='lat' dir='ltr'>auctoritates.</span> <span class='ocrx_word' id='word_1_307' title='bbox 681 4348 758 4402; x_wconf 93' lang='lat' dir='ltr'>De</span> <span class='ocrx_word' id='word_1_308' title='bbox 815 4349 1069 4406; x_wconf 89' lang='lat' dir='ltr'>trinitate</span> <span class='ocrx_word' id='word_1_309' title='bbox 1117 4355 1307 4406; x_wconf 90' lang='lat' dir='ltr'>autem</span> <span class='ocrx_word' id='word_1_310' title='bbox 1363 4353 1421 4406; x_wconf 88' lang='lat' dir='ltr'>et</span> <span class='ocrx_word' id='word_1_311' title='bbox 1473 4351 1689 4408; x_wconf 88' lang='lat' dir='ltr'>unitate</span> 
     </span>
    </p>
   </div>
   <div class='ocr_carea' id='block_1_46' title="bbox 103 4426 1688 4516">
    <p class='ocr_par' dir='ltr' id='par_1_46' title="bbox 103 4426 1688 4516">
     <span class='ocr_line' id='line_1_46' title="bbox 103 4426 1688 4516; baseline 0.011 -35"><span class='ocrx_word' id='word_1_312' title='bbox 103 4426 238 4488; x_wconf 83' lang='lat' dir='ltr'>Patris</span> <span class='ocrx_word' id='word_1_313' title='bbox 277 4441 327 4492; x_wconf 90' lang='lat' dir='ltr'>et</span> <span class='ocrx_word' id='word_1_314' title='bbox 369 4438 490 4495; x_wconf 82' lang='lat' dir='ltr'>Filii</span> <span class='ocrx_word' id='word_1_315' title='bbox 537 4447 598 4496; x_wconf 93' lang='lat' dir='ltr'>et</span> <span class='ocrx_word' id='word_1_316' title='bbox 643 4439 886 4512; x_wconf 88' lang='lat' dir='ltr'>Spiritus</span> <span class='ocrx_word' id='word_1_317' title='bbox 929 4444 1109 4500; x_wconf 89' lang='lat' dir='ltr'>sancti</span> <span class='ocrx_word' id='word_1_318' title='bbox 1155 4445 1296 4500; x_wconf 90' lang='lat' dir='ltr'>nihil</span> <span class='ocrx_word' id='word_1_319' title='bbox 1344 4445 1430 4499; x_wconf 90' lang='lat' dir='ltr'>his</span> <span class='ocrx_word' id='word_1_320' title='bbox 1480 4446 1688 4516; x_wconf 89' lang='lat' dir='ltr'>verius,</span> 
     </span>
    </p>
   </div>
   <div class='ocr_carea' id='block_1_47' title="bbox 1774 503 3401 575">
    <p class='ocr_par' dir='ltr' id='par_1_47' title="bbox 1774 503 3401 575">
     <span class='ocr_line' id='line_1_47' title="bbox 1774 503 3401 575; baseline -0.001 -17"><span class='ocrx_word' id='word_1_321' title='bbox 1774 504 1938 558; x_wconf 71' lang='lat' dir='ltr'>trime</span> <span class='ocrx_word' id='word_1_322' title='bbox 1956 505 2250 558; x_wconf 75' lang='lat' dir='ltr'>sanctitate</span> <span class='ocrx_word' id='word_1_323' title='bbox 2269 507 2323 558; x_wconf 89' lang='lat' dir='ltr'>et</span> <span class='ocrx_word' id='word_1_324' title='bbox 2334 506 2637 574; x_wconf 86' lang='lat' dir='ltr'>potestate.</span> <span class='ocrx_word' id='word_1_325' title='bbox 2659 503 2714 558; x_wconf 92' lang='lat' dir='ltr'>Si</span> <span class='ocrx_word' id='word_1_326' title='bbox 2732 504 2829 575; x_wconf 89' lang='lat' dir='ltr'>qui</span> <span class='ocrx_word' id='word_1_327' title='bbox 2846 503 2994 557; x_wconf 89' lang='lat' dir='ltr'>intra</span> <span class='ocrx_word' id='word_1_328' title='bbox 3017 519 3145 557; x_wconf 91' lang='lat' dir='ltr'>eam</span> <span class='ocrx_word' id='word_1_329' title='bbox 3167 504 3401 569; x_wconf 85' lang='lat' dir='ltr'>fuerint,</span> 
     </span>
    </p>
   </div>
   <div class='ocr_carea' id='block_1_48' title="bbox 1773 596 3402 667">
    <p class='ocr_par' dir='ltr' id='par_1_48' title="bbox 1773 596 3402 667">
     <span class='ocr_line' id='line_1_48' title="bbox 1773 596 3402 667; baseline -0.001 -16"><span class='ocrx_word' id='word_1_330' title='bbox 1773 597 2456 667; x_wconf 83' lang='lat' dir='ltr'>communicaverintque,</span> <span class='ocrx_word' id='word_1_331' title='bbox 2491 597 2548 650; x_wconf 89' lang='lat' dir='ltr'>hi</span> <span class='ocrx_word' id='word_1_332' title='bbox 2589 597 2838 664; x_wconf 85' lang='lat' dir='ltr'>audient,</span> <span class='ocrx_word' id='word_1_333' title='bbox 2872 596 2946 651; x_wconf 87' lang='lat' dir='ltr'>ad</span> <span class='ocrx_word' id='word_1_334' title='bbox 2977 597 3269 651; x_wconf 84' lang='lat' dir='ltr'>dexteram</span> <span class='ocrx_word' id='word_1_335' title='bbox 3300 597 3402 650; x_wconf 88' lang='lat' dir='ltr'>Pa-</span> 
     </span>
    </p>
   </div>
   <div class='ocr_carea' id='block_1_49' title="bbox 1775 688 3407 762">
    <p class='ocr_par' dir='ltr' id='par_1_49' title="bbox 1775 688 3407 762">
     <span class='ocr_line' id='line_1_49' title="bbox 1775 688 3407 762; baseline 0 -18"><span class='ocrx_word' id='word_1_336' title='bbox 1775 691 1874 746; x_wconf 89' lang='lat' dir='ltr'>tris</span> <span class='ocrx_word' id='word_1_337' title='bbox 1905 691 2106 762; x_wconf 88' lang='lat' dir='ltr'>positi:</span> <span class='ocrx_word' id='word_1_338' title='bbox 2143 690 2362 756; x_wconf 83' lang='lat' dir='ltr'>Venite,</span> <span class='ocrx_word' id='word_1_339' title='bbox 2410 690 2695 745; x_wconf 86' lang='lat' dir='ltr'>benedicti</span> <span class='ocrx_word' id='word_1_340' title='bbox 2743 689 2924 744; x_wconf 87' lang='lat' dir='ltr'>Patris</span> <span class='ocrx_word' id='word_1_341' title='bbox 2964 690 3099 758; x_wconf 89' lang='lat' dir='ltr'>mei,</span> <span class='ocrx_word' id='word_1_342' title='bbox 3132 688 3407 762; x_wconf 90' lang='lat' dir='ltr'>percipite</span> 
     </span>
    </p>
   </div>
   <div class='ocr_carea' id='block_1_50' title="bbox 1774 782 3405 856">
    <p class='ocr_par' dir='ltr' id='par_1_50' title="bbox 1774 782 3405 856">
     <span class='ocr_line' id='line_1_50' title="bbox 1774 782 3405 856; baseline -0.001 -17"><span class='ocrx_word' id='word_1_343' title='bbox 1774 801 2022 856; x_wconf 88' lang='lat' dir='ltr'>regnum</span> <span class='ocrx_word' id='word_1_344' title='bbox 2055 785 2206 855; x_wconf 93' lang='lat' dir='ltr'>quod</span> <span class='ocrx_word' id='word_1_345' title='bbox 2233 783 2392 838; x_wconf 90' lang='lat' dir='ltr'>vobis</span> <span class='ocrx_word' id='word_1_346' title='bbox 2421 788 2684 854; x_wconf 88' lang='lat' dir='ltr'>paratum</span> <span class='ocrx_word' id='word_1_347' title='bbox 2717 789 2801 838; x_wconf 89' lang='lat' dir='ltr'>est</span> <span class='ocrx_word' id='word_1_348' title='bbox 2825 783 2896 838; x_wconf 91' lang='lat' dir='ltr'>ab</span> <span class='ocrx_word' id='word_1_349' title='bbox 2937 783 3157 855; x_wconf 84' lang='lat' dir='ltr'>origine</span> <span class='ocrx_word' id='word_1_350' title='bbox 3184 782 3405 838; x_wconf 91' lang='lat' dir='ltr'>mundi.</span> 
     </span>
    </p>
   </div>
   <div class='ocr_carea' id='block_1_51' title="bbox 1774 877 3412 950">
    <p class='ocr_par' dir='ltr' id='par_1_51' title="bbox 1774 877 3412 950">
     <span class='ocr_line' id='line_1_51' title="bbox 1774 877 3412 950; baseline -0.002 -16"><span class='ocrx_word' id='word_1_351' title='bbox 1774 879 1830 934; x_wconf 92' lang='lat' dir='ltr'>Si</span> <span class='ocrx_word' id='word_1_352' title='bbox 1853 879 1950 950; x_wconf 80' lang='lat' dir='ltr'>qui</span> <span class='ocrx_word' id='word_1_353' title='bbox 1977 882 2170 933; x_wconf 88' lang='lat' dir='ltr'>autem</span> <span class='ocrx_word' id='word_1_354' title='bbox 2197 879 2267 932; x_wconf 89' lang='lat' dir='ltr'>ab</span> <span class='ocrx_word' id='word_1_355' title='bbox 2299 894 2366 933; x_wconf 90' lang='lat' dir='ltr'>ea</span> <span class='ocrx_word' id='word_1_356' title='bbox 2393 877 2750 944; x_wconf 89' lang='lat' dir='ltr'>recesserint,</span> <span class='ocrx_word' id='word_1_357' title='bbox 2784 877 3018 948; x_wconf 85' lang='lat' dir='ltr'>ejusque</span> <span class='ocrx_word' id='word_1_358' title='bbox 3060 877 3412 932; x_wconf 89' lang='lat' dir='ltr'>detraxerint</span> 
     </span>
    </p>
   </div>
   <div class='ocr_carea' id='block_1_52' title="bbox 1775 970 3406 1042">
    <p class='ocr_par' dir='ltr' id='par_1_52' title="bbox 1775 970 3406 1042">
     <span class='ocr_line' id='line_1_52' title="bbox 1775 970 3406 1042; baseline -0.001 -16"><span class='ocrx_word' id='word_1_359' title='bbox 1775 972 1925 1040; x_wconf 90' lang='lat' dir='ltr'>ﬁdei,</span> <span class='ocrx_word' id='word_1_360' title='bbox 1970 976 2028 1026; x_wconf 92' lang='lat' dir='ltr'>et</span> <span class='ocrx_word' id='word_1_361' title='bbox 2077 971 2540 1027; x_wconf 89' lang='lat' dir='ltr'>communionem</span> <span class='ocrx_word' id='word_1_362' title='bbox 2589 970 2924 1042; x_wconf 77' lang='lat' dir='ltr'>spreverint,</span> <span class='ocrx_word' id='word_1_363' title='bbox 2959 971 3017 1025; x_wconf 88' lang='lat' dir='ltr'>hi</span> <span class='ocrx_word' id='word_1_364' title='bbox 3044 971 3278 1026; x_wconf 88' lang='lat' dir='ltr'>audient</span> <span class='ocrx_word' id='word_1_365' title='bbox 3308 987 3406 1025; x_wconf 88' lang='lat' dir='ltr'>ore</span> 
     </span>
    </p>
   </div>
   <div class='ocr_carea' id='block_1_53' title="bbox 1775 1064 3408 1136">
    <p class='ocr_par' dir='ltr' id='par_1_53' title="bbox 1775 1064 3408 1136">
     <span class='ocr_line' id='line_1_53' title="bbox 1775 1064 3408 1136; baseline -0.001 -16"><span class='ocrx_word' id='word_1_366' title='bbox 1775 1065 1964 1120; x_wconf 86' lang='lat' dir='ltr'>divino</span> <span class='ocrx_word' id='word_1_367' title='bbox 2007 1066 2067 1119; x_wconf 91' lang='lat' dir='ltr'>in</span> <span class='ocrx_word' id='word_1_368' title='bbox 2116 1066 2207 1120; x_wconf 92' lang='lat' dir='ltr'>die</span> <span class='ocrx_word' id='word_1_369' title='bbox 2252 1065 2493 1136; x_wconf 86' lang='lat' dir='ltr'>judicii:</span> <span class='ocrx_word' id='word_1_370' title='bbox 2547 1065 2825 1120; x_wconf 91' lang='lat' dir='ltr'>Discedite</span> <span class='ocrx_word' id='word_1_371' title='bbox 2865 1081 2897 1118; x_wconf 90' lang='lat' dir='ltr'>a</span> <span class='ocrx_word' id='word_1_372' title='bbox 2945 1081 3057 1132; x_wconf 89' lang='lat' dir='ltr'>me,</span> <span class='ocrx_word' id='word_1_373' title='bbox 3100 1064 3408 1132; x_wconf 90' lang='lat' dir='ltr'>maledicti,</span> 
     </span>
    </p>
   </div>
   <div class='ocr_carea' id='block_1_54' title="bbox 1778 1157 3414 1230">
    <p class='ocr_par' dir='ltr' id='par_1_54' title="bbox 1778 1157 3414 1230">
     <span class='ocr_line' id='line_1_54' title="bbox 1778 1157 3414 1230; baseline 0 -18"><span class='ocrx_word' id='word_1_374' title='bbox 1778 1159 1967 1213; x_wconf 90' lang='lat' dir='ltr'>nescio</span> <span class='ocrx_word' id='word_1_375' title='bbox 2000 1175 2116 1213; x_wconf 83' lang='lat' dir='ltr'>vos.</span> <span class='ocrx_word' id='word_1_376' title='bbox 2145 1159 2223 1214; x_wconf 92' lang='lat' dir='ltr'>Ite</span> <span class='ocrx_word' id='word_1_377' title='bbox 2266 1158 2328 1212; x_wconf 90' lang='lat' dir='ltr'>in</span> <span class='ocrx_word' id='word_1_378' title='bbox 2358 1158 2555 1230; x_wconf 88' lang='lat' dir='ltr'>ignem</span> <span class='ocrx_word' id='word_1_379' title='bbox 2592 1161 2874 1213; x_wconf 58' lang='lat' dir='ltr'>aeternum</span> <span class='ocrx_word' id='word_1_380' title='bbox 2919 1157 3018 1230; x_wconf 91' lang='lat' dir='ltr'>qui</span> <span class='ocrx_word' id='word_1_381' title='bbox 3055 1160 3287 1228; x_wconf 89' lang='lat' dir='ltr'>paratus</span> <span class='ocrx_word' id='word_1_382' title='bbox 3329 1162 3414 1212; x_wconf 89' lang='lat' dir='ltr'>est</span> 
     </span>
    </p>
   </div>
   <div class='ocr_carea' id='block_1_55' title="bbox 1779 1250 3415 1323">
    <p class='ocr_par' dir='ltr' id='par_1_55' title="bbox 1779 1250 3415 1323">
     <span class='ocr_line' id='line_1_55' title="bbox 1779 1250 3415 1323; baseline -0.001 -17"><span class='ocrx_word' id='word_1_383' title='bbox 1779 1252 2006 1307; x_wconf 87' lang='lat' dir='ltr'>diabolo</span> <span class='ocrx_word' id='word_1_384' title='bbox 2039 1255 2097 1306; x_wconf 90' lang='lat' dir='ltr'>et</span> <span class='ocrx_word' id='word_1_385' title='bbox 2123 1251 2339 1323; x_wconf 89' lang='lat' dir='ltr'>angelis</span> <span class='ocrx_word' id='word_1_386' title='bbox 2379 1251 2518 1322; x_wconf 86' lang='lat' dir='ltr'>ejus.</span> <span class='ocrx_word' id='word_1_387' title='bbox 2563 1252 2685 1308; x_wconf 88' lang='lat' dir='ltr'>Sint</span> <span class='ocrx_word' id='word_1_388' title='bbox 2724 1268 2862 1323; x_wconf 91' lang='lat' dir='ltr'>ergo</span> <span class='ocrx_word' id='word_1_389' title='bbox 2891 1251 3164 1307; x_wconf 89' lang='lat' dir='ltr'>damnata</span> <span class='ocrx_word' id='word_1_390' title='bbox 3190 1251 3249 1305; x_wconf 92' lang='lat' dir='ltr'>in</span> <span class='ocrx_word' id='word_1_391' title='bbox 3276 1250 3415 1305; x_wconf 66' lang='lat' dir='ltr'>caelo</span> 
     </span>
    </p>
   </div>
   <div class='ocr_carea' id='block_1_56' title="bbox 1782 1344 3416 1417">
    <p class='ocr_par' dir='ltr' id='par_1_56' title="bbox 1782 1344 3416 1417">
     <span class='ocr_line' id='line_1_56' title="bbox 1782 1344 3416 1417; baseline -0.001 -18"><span class='ocrx_word' id='word_1_392' title='bbox 1782 1351 1839 1400; x_wconf 89' lang='lat' dir='ltr'>et</span> <span class='ocrx_word' id='word_1_393' title='bbox 1867 1346 1925 1399; x_wconf 92' lang='lat' dir='ltr'>in</span> <span class='ocrx_word' id='word_1_394' title='bbox 1955 1351 2124 1413; x_wconf 84' lang='lat' dir='ltr'>terra,</span> <span class='ocrx_word' id='word_1_395' title='bbox 2156 1362 2515 1417; x_wconf 69' lang='lat' dir='ltr'>quaecunque</span> <span class='ocrx_word' id='word_1_396' title='bbox 2565 1362 2666 1416; x_wconf 91' lang='lat' dir='ltr'>per</span> <span class='ocrx_word' id='word_1_397' title='bbox 2697 1345 2843 1399; x_wconf 88' lang='lat' dir='ltr'>hanc</span> <span class='ocrx_word' id='word_1_398' title='bbox 2875 1345 3212 1400; x_wconf 88' lang='lat' dir='ltr'>catholicam</span> <span class='ocrx_word' id='word_1_399' title='bbox 3243 1344 3416 1399; x_wconf 88' lang='lat' dir='ltr'>ﬁdem</span> 
     </span>
    </p>
   </div>
   <div class='ocr_carea' id='block_1_57' title="bbox 1779 1438 3418 1510">
    <p class='ocr_par' dir='ltr' id='par_1_57' title="bbox 1779 1438 3418 1510">
     <span class='ocr_line' id='line_1_57' title="bbox 1779 1438 3418 1510; baseline 0 -18"><span class='ocrx_word' id='word_1_400' title='bbox 1779 1439 2148 1505; x_wconf 90' lang='lat' dir='ltr'>damnantur,</span> <span class='ocrx_word' id='word_1_401' title='bbox 2180 1443 2236 1493; x_wconf 92' lang='lat' dir='ltr'>et</span> <span class='ocrx_word' id='word_1_402' title='bbox 2266 1438 2380 1492; x_wconf 89' lang='lat' dir='ltr'>sint</span> <span class='ocrx_word' id='word_1_403' title='bbox 2408 1444 2637 1509; x_wconf 90' lang='lat' dir='ltr'>accepta</span> <span class='ocrx_word' id='word_1_404' title='bbox 2664 1438 2722 1492; x_wconf 93' lang='lat' dir='ltr'>in</span> <span class='ocrx_word' id='word_1_405' title='bbox 2755 1438 2896 1493; x_wconf 74' lang='lat' dir='ltr'>ccelo</span> <span class='ocrx_word' id='word_1_406' title='bbox 2917 1441 2974 1493; x_wconf 88' lang='lat' dir='ltr'>et</span> <span class='ocrx_word' id='word_1_407' title='bbox 3000 1438 3058 1493; x_wconf 91' lang='lat' dir='ltr'>in</span> <span class='ocrx_word' id='word_1_408' title='bbox 3081 1443 3248 1508; x_wconf 88' lang='lat' dir='ltr'>terra,</span> <span class='ocrx_word' id='word_1_409' title='bbox 3268 1453 3418 1510; x_wconf 65' lang='lat' dir='ltr'>quie-</span> 
     </span>
    </p>
   </div>
   <div class='ocr_carea' id='block_1_58' title="bbox 1779 1531 3412 1604">
    <p class='ocr_par' dir='ltr' id='par_1_58' title="bbox 1779 1531 3412 1604">
     <span class='ocr_line' id='line_1_58' title="bbox 1779 1531 3412 1604; baseline 0 -18"><span class='ocrx_word' id='word_1_410' title='bbox 1779 1549 2001 1604; x_wconf 89' lang='lat' dir='ltr'>cunque</span> <span class='ocrx_word' id='word_1_411' title='bbox 2030 1549 2135 1603; x_wconf 91' lang='lat' dir='ltr'>per</span> <span class='ocrx_word' id='word_1_412' title='bbox 2165 1533 2312 1586; x_wconf 90' lang='lat' dir='ltr'>hanc</span> <span class='ocrx_word' id='word_1_413' title='bbox 2357 1532 2531 1586; x_wconf 89' lang='lat' dir='ltr'>ﬁdem</span> <span class='ocrx_word' id='word_1_414' title='bbox 2574 1531 2952 1603; x_wconf 89' lang='lat' dir='ltr'>accipiuntur,</span> <span class='ocrx_word' id='word_1_415' title='bbox 2985 1536 3266 1604; x_wconf 89' lang='lat' dir='ltr'>regnante</span> <span class='ocrx_word' id='word_1_416' title='bbox 3307 1532 3412 1586; x_wconf 84' lang='lat' dir='ltr'>Do-</span> 
     </span>
    </p>
   </div>
   <div class='ocr_carea' id='block_1_59' title="bbox 1779 1625 3413 1697">
    <p class='ocr_par' dir='ltr' id='par_1_59' title="bbox 1779 1625 3413 1697">
     <span class='ocr_line' id='line_1_59' title="bbox 1779 1625 3413 1697; baseline 0 -17"><span class='ocrx_word' id='word_1_417' title='bbox 1779 1626 1934 1680; x_wconf 90' lang='lat' dir='ltr'>mino</span> <span class='ocrx_word' id='word_1_418' title='bbox 1965 1631 2157 1680; x_wconf 88' lang='lat' dir='ltr'>nostro</span> <span class='ocrx_word' id='word_1_419' title='bbox 2186 1627 2320 1680; x_wconf 85' lang='lat' dir='ltr'>Jesu</span> <span class='ocrx_word' id='word_1_420' title='bbox 2345 1626 2585 1693; x_wconf 86' lang='lat' dir='ltr'>Christo,</span> <span class='ocrx_word' id='word_1_421' title='bbox 2616 1625 2704 1679; x_wconf 91' lang='lat' dir='ltr'>cui</span> <span class='ocrx_word' id='word_1_422' title='bbox 2737 1643 2868 1680; x_wconf 90' lang='lat' dir='ltr'>cum</span> <span class='ocrx_word' id='word_1_423' title='bbox 2896 1628 3057 1681; x_wconf 90' lang='lat' dir='ltr'>Patre</span> <span class='ocrx_word' id='word_1_424' title='bbox 3104 1630 3160 1682; x_wconf 90' lang='lat' dir='ltr'>et</span> <span class='ocrx_word' id='word_1_425' title='bbox 3203 1625 3413 1697; x_wconf 90' lang='lat' dir='ltr'>Spiritu</span> 
     </span>
    </p>
   </div>
   <div class='ocr_carea' id='block_1_60' title="bbox 1781 1720 2994 1790">
    <p class='ocr_par' dir='ltr' id='par_1_60' title="bbox 1781 1720 2994 1790">
     <span class='ocr_line' id='line_1_60' title="bbox 1781 1720 2994 1790; baseline 0 -16"><span class='ocrx_word' id='word_1_426' title='bbox 1781 1723 1975 1774; x_wconf 90' lang='lat' dir='ltr'>sancto</span> <span class='ocrx_word' id='word_1_427' title='bbox 2000 1725 2083 1774; x_wconf 89' lang='lat' dir='ltr'>est</span> <span class='ocrx_word' id='word_1_428' title='bbox 2113 1720 2294 1790; x_wconf 89' lang='lat' dir='ltr'>gloria</span> <span class='ocrx_word' id='word_1_429' title='bbox 2324 1720 2383 1773; x_wconf 89' lang='lat' dir='ltr'>in</span> <span class='ocrx_word' id='word_1_430' title='bbox 2409 1721 2616 1774; x_wconf 70' lang='lat' dir='ltr'>saecula</span> <span class='ocrx_word' id='word_1_431' title='bbox 2637 1721 2994 1774; x_wconf 68' lang='lat' dir='ltr'>saeculorum.</span> 
     </span>
    </p>
   </div>
   <div class='ocr_carea' id='block_1_61' title="bbox 1781 1863 3417 1934">
    <p class='ocr_par' dir='ltr' id='par_1_61' title="bbox 1781 1863 3417 1934">
     <span class='ocr_line' id='line_1_61' title="bbox 1781 1863 3417 1934; baseline 0 -16"><span class='ocrx_word' id='word_1_432' title='bbox 1781 1864 2092 1934; x_wconf 80' lang='lat' dir='ltr'>Symbolum</span> <span class='ocrx_word' id='word_1_433' title='bbox 2132 1868 2488 1919; x_wconf 83' lang='lat' dir='ltr'>trecentorum</span> <span class='ocrx_word' id='word_1_434' title='bbox 2525 1863 2703 1917; x_wconf 85' lang='lat' dir='ltr'>decem</span> <span class='ocrx_word' id='word_1_435' title='bbox 2731 1868 2782 1918; x_wconf 85' lang='lat' dir='ltr'>et</span> <span class='ocrx_word' id='word_1_436' title='bbox 2811 1868 2926 1918; x_wconf 81' lang='lat' dir='ltr'>octo</span> <span class='ocrx_word' id='word_1_437' title='bbox 2954 1865 3181 1918; x_wconf 80' lang='lat' dir='ltr'>Patrum</span> <span class='ocrx_word' id='word_1_438' title='bbox 3212 1865 3417 1922; x_wconf 73' lang='lat' dir='ltr'>Nicami</span> 
     </span>
    </p>
   </div>
   <div class='ocr_carea' id='block_1_62' title="bbox 2473 1936 2703 1989">
    <p class='ocr_par' dir='ltr' id='par_1_62' title="bbox 2473 1936 2703 1989">
     <span class='ocr_line' id='line_1_62' title="bbox 2473 1936 2703 1989; baseline 0.004 -1"><span class='ocrx_word' id='word_1_439' title='bbox 2473 1936 2703 1989; x_wconf 76' lang='lat' dir='ltr'>concilii.</span> 
     </span>
    </p>
   </div>
   <div class='ocr_carea' id='block_1_63' title="bbox 1853 2051 3413 2107">
    <p class='ocr_par' dir='ltr' id='par_1_63' title="bbox 1853 2051 3413 2107">
     <span class='ocr_line' id='line_1_63' title="bbox 1853 2051 3413 2107; baseline -0.001 0"><span class='ocrx_word' id='word_1_440' title='bbox 1853 2051 2149 2107; x_wconf 90' lang='lat' dir='ltr'>Credimus</span> <span class='ocrx_word' id='word_1_441' title='bbox 2166 2051 2223 2105; x_wconf 90' lang='lat' dir='ltr'>in</span> <span class='ocrx_word' id='word_1_442' title='bbox 2249 2066 2432 2105; x_wconf 91' lang='lat' dir='ltr'>unum</span> <span class='ocrx_word' id='word_1_443' title='bbox 2454 2051 2760 2105; x_wconf 91' lang='lat' dir='ltr'>Dominum</span> <span class='ocrx_word' id='word_1_444' title='bbox 2782 2051 2960 2105; x_wconf 92' lang='lat' dir='ltr'>Deum</span> <span class='ocrx_word' id='word_1_445' title='bbox 2981 2051 3206 2106; x_wconf 89' lang='lat' dir='ltr'>Patrem</span> <span class='ocrx_word' id='word_1_446' title='bbox 3227 2051 3413 2106; x_wconf 90' lang='lat' dir='ltr'>omni-</span> 
     </span>
    </p>
   </div>
   <div class='ocr_carea' id='block_1_64' title="bbox 1781 2143 3411 2217">
    <p class='ocr_par' dir='ltr' id='par_1_64' title="bbox 1781 2143 3411 2217">
     <span class='ocr_line' id='line_1_64' title="bbox 1781 2143 3411 2217; baseline -0.001 -17"><span class='ocrx_word' id='word_1_447' title='bbox 1781 2147 2098 2217; x_wconf 87' lang='lat' dir='ltr'>potentem,</span> <span class='ocrx_word' id='word_1_448' title='bbox 2133 2145 2395 2200; x_wconf 90' lang='lat' dir='ltr'>omnium</span> <span class='ocrx_word' id='word_1_449' title='bbox 2425 2143 2730 2198; x_wconf 90' lang='lat' dir='ltr'>visibilium</span> <span class='ocrx_word' id='word_1_450' title='bbox 2774 2149 2830 2199; x_wconf 91' lang='lat' dir='ltr'>et</span> <span class='ocrx_word' id='word_1_451' title='bbox 2870 2143 3238 2199; x_wconf 88' lang='lat' dir='ltr'>invisibilium</span> <span class='ocrx_word' id='word_1_452' title='bbox 3281 2160 3411 2199; x_wconf 90' lang='lat' dir='ltr'>con-</span> 
     </span>
    </p>
   </div>
   <div class='ocr_carea' id='block_1_65' title="bbox 1783 2237 3414 2294">
    <p class='ocr_par' dir='ltr' id='par_1_65' title="bbox 1783 2237 3414 2294">
     <span class='ocr_line' id='line_1_65' title="bbox 1783 2237 3414 2294; baseline 0 -1"><span class='ocrx_word' id='word_1_453' title='bbox 1783 2238 2048 2294; x_wconf 90' lang='lat' dir='ltr'>ditorem.</span> <span class='ocrx_word' id='word_1_454' title='bbox 2101 2240 2168 2293; x_wconf 83' lang='lat' dir='ltr'>Et</span> <span class='ocrx_word' id='word_1_455' title='bbox 2216 2238 2276 2292; x_wconf 93' lang='lat' dir='ltr'>in</span> <span class='ocrx_word' id='word_1_456' title='bbox 2325 2255 2506 2293; x_wconf 91' lang='lat' dir='ltr'>unum</span> <span class='ocrx_word' id='word_1_457' title='bbox 2547 2237 2855 2292; x_wconf 90' lang='lat' dir='ltr'>Dominum</span> <span class='ocrx_word' id='word_1_458' title='bbox 2892 2239 3087 2292; x_wconf 89' lang='lat' dir='ltr'>Jesum</span> <span class='ocrx_word' id='word_1_459' title='bbox 3125 2237 3414 2293; x_wconf 87' lang='lat' dir='ltr'>Christum</span> 
     </span>
    </p>
   </div>
   <div class='ocr_carea' id='block_1_66' title="bbox 1782 2331 3416 2403">
    <p class='ocr_par' dir='ltr' id='par_1_66' title="bbox 1782 2331 3416 2403">
     <span class='ocr_line' id='line_1_66' title="bbox 1782 2331 3416 2403; baseline 0 -17"><span class='ocrx_word' id='word_1_460' title='bbox 1782 2333 1985 2386; x_wconf 89' lang='lat' dir='ltr'>Filium</span> <span class='ocrx_word' id='word_1_461' title='bbox 2017 2331 2114 2386; x_wconf 90' lang='lat' dir='ltr'>Dei</span> <span class='ocrx_word' id='word_1_462' title='bbox 2141 2331 2209 2386; x_wconf 92' lang='lat' dir='ltr'>de</span> <span class='ocrx_word' id='word_1_463' title='bbox 2241 2333 2405 2386; x_wconf 89' lang='lat' dir='ltr'>Patre</span> <span class='ocrx_word' id='word_1_464' title='bbox 2446 2335 2646 2385; x_wconf 87' lang='lat' dir='ltr'>natum</span> <span class='ocrx_word' id='word_1_465' title='bbox 2678 2331 3065 2403; x_wconf 89' lang='lat' dir='ltr'>unigenitum,</span> <span class='ocrx_word' id='word_1_466' title='bbox 3097 2331 3204 2386; x_wconf 89' lang='lat' dir='ltr'>hoc</span> <span class='ocrx_word' id='word_1_467' title='bbox 3231 2334 3316 2386; x_wconf 92' lang='lat' dir='ltr'>est</span> <span class='ocrx_word' id='word_1_468' title='bbox 3347 2331 3416 2386; x_wconf 92' lang='lat' dir='ltr'>de</span> 
     </span>
    </p>
   </div>
   <div class='ocr_carea' id='block_1_67' title="bbox 1782 2425 3413 2495">
    <p class='ocr_par' dir='ltr' id='par_1_67' title="bbox 1782 2425 3413 2495">
     <span class='ocr_line' id='line_1_67' title="bbox 1782 2425 3413 2495; baseline -0.001 -15"><span class='ocrx_word' id='word_1_469' title='bbox 1782 2425 2099 2480; x_wconf 86' lang='lat' dir='ltr'>substantia</span> <span class='ocrx_word' id='word_1_470' title='bbox 2139 2425 2337 2494; x_wconf 88' lang='lat' dir='ltr'>Patris,</span> <span class='ocrx_word' id='word_1_471' title='bbox 2373 2425 2551 2479; x_wconf 90' lang='lat' dir='ltr'>Deum</span> <span class='ocrx_word' id='word_1_472' title='bbox 2588 2442 2654 2480; x_wconf 84' lang='lat' dir='ltr'>ex</span> <span class='ocrx_word' id='word_1_473' title='bbox 2685 2426 2824 2495; x_wconf 92' lang='lat' dir='ltr'>Deo,</span> <span class='ocrx_word' id='word_1_474' title='bbox 2857 2426 3054 2481; x_wconf 90' lang='lat' dir='ltr'>lumen</span> <span class='ocrx_word' id='word_1_475' title='bbox 3085 2425 3154 2480; x_wconf 92' lang='lat' dir='ltr'>de</span> <span class='ocrx_word' id='word_1_476' title='bbox 3180 2425 3413 2494; x_wconf 89' lang='lat' dir='ltr'>lumine,</span> 
     </span>
    </p>
   </div>
   <div class='ocr_carea' id='block_1_68' title="bbox 1783 2519 3414 2590">
    <p class='ocr_par' dir='ltr' id='par_1_68' title="bbox 1783 2519 3414 2590">
     <span class='ocr_line' id='line_1_68' title="bbox 1783 2519 3414 2590; baseline 0.001 -18"><span class='ocrx_word' id='word_1_477' title='bbox 1783 2521 1960 2573; x_wconf 91' lang='lat' dir='ltr'>Deum</span> <span class='ocrx_word' id='word_1_478' title='bbox 2004 2536 2203 2573; x_wconf 89' lang='lat' dir='ltr'>verum</span> <span class='ocrx_word' id='word_1_479' title='bbox 2255 2537 2319 2572; x_wconf 85' lang='lat' dir='ltr'>ex</span> <span class='ocrx_word' id='word_1_480' title='bbox 2369 2519 2482 2573; x_wconf 90' lang='lat' dir='ltr'>Deo</span> <span class='ocrx_word' id='word_1_481' title='bbox 2528 2536 2680 2586; x_wconf 79' lang='lat' dir='ltr'>vero,</span> <span class='ocrx_word' id='word_1_482' title='bbox 2738 2525 2964 2588; x_wconf 89' lang='lat' dir='ltr'>natum,</span> <span class='ocrx_word' id='word_1_483' title='bbox 3014 2536 3126 2573; x_wconf 92' lang='lat' dir='ltr'>non</span> <span class='ocrx_word' id='word_1_484' title='bbox 3175 2520 3414 2590; x_wconf 83' lang='lat' dir='ltr'>factum,</span> 
     </span>
    </p>
   </div>
   <div class='ocr_carea' id='block_1_69' title="bbox 1783 2611 3414 2682">
    <p class='ocr_par' dir='ltr' id='par_1_69' title="bbox 1783 2611 3414 2682">
     <span class='ocr_line' id='line_1_69' title="bbox 1783 2611 3414 2682; baseline 0 -16"><span class='ocrx_word' id='word_1_485' title='bbox 1783 2613 2079 2667; x_wconf 90' lang='lat' dir='ltr'>omousion</span> <span class='ocrx_word' id='word_1_486' title='bbox 2107 2611 2276 2678; x_wconf 88' lang='lat' dir='ltr'>Patri,</span> <span class='ocrx_word' id='word_1_487' title='bbox 2301 2612 2403 2666; x_wconf 92' lang='lat' dir='ltr'>hoc</span> <span class='ocrx_word' id='word_1_488' title='bbox 2428 2617 2517 2666; x_wconf 90' lang='lat' dir='ltr'>est</span> <span class='ocrx_word' id='word_1_489' title='bbox 2537 2613 2789 2682; x_wconf 82' lang='lat' dir='ltr'>ejusdem</span> <span class='ocrx_word' id='word_1_490' title='bbox 2815 2631 2944 2667; x_wconf 89' lang='lat' dir='ltr'>cum</span> <span class='ocrx_word' id='word_1_491' title='bbox 2965 2615 3128 2667; x_wconf 90' lang='lat' dir='ltr'>Patre</span> <span class='ocrx_word' id='word_1_492' title='bbox 3152 2613 3414 2668; x_wconf 83' lang='lat' dir='ltr'>substan-</span> 
     </span>
    </p>
   </div>
   <div class='ocr_carea' id='block_1_70' title="bbox 1782 2705 3417 2778">
    <p class='ocr_par' dir='ltr' id='par_1_70' title="bbox 1782 2705 3417 2778">
     <span class='ocr_line' id='line_1_70' title="bbox 1782 2705 3417 2778; baseline 0 -17"><span class='ocrx_word' id='word_1_493' title='bbox 1782 2707 1896 2775; x_wconf 75' lang='lat' dir='ltr'>tize,</span> <span class='ocrx_word' id='word_1_494' title='bbox 1927 2723 2031 2777; x_wconf 90' lang='lat' dir='ltr'>per</span> <span class='ocrx_word' id='word_1_495' title='bbox 2057 2722 2229 2777; x_wconf 89' lang='lat' dir='ltr'>quem</span> <span class='ocrx_word' id='word_1_496' title='bbox 2253 2705 2445 2760; x_wconf 89' lang='lat' dir='ltr'>omnia</span> <span class='ocrx_word' id='word_1_497' title='bbox 2463 2705 2615 2760; x_wconf 86' lang='lat' dir='ltr'>facta</span> <span class='ocrx_word' id='word_1_498' title='bbox 2633 2709 2786 2774; x_wconf 88' lang='lat' dir='ltr'>sunt,</span> <span class='ocrx_word' id='word_1_499' title='bbox 2812 2723 2941 2778; x_wconf 62' lang='lat' dir='ltr'>quin</span> <span class='ocrx_word' id='word_1_500' title='bbox 2963 2707 3020 2760; x_wconf 91' lang='lat' dir='ltr'>in</span> <span class='ocrx_word' id='word_1_501' title='bbox 3041 2707 3192 2761; x_wconf 73' lang='lat' dir='ltr'>ccelis</span> <span class='ocrx_word' id='word_1_502' title='bbox 3214 2711 3269 2761; x_wconf 91' lang='lat' dir='ltr'>et</span> <span class='ocrx_word' id='word_1_503' title='bbox 3289 2722 3417 2778; x_wconf 60' lang='lat' dir='ltr'>quae</span> 
     </span>
    </p>
   </div>
   <div class='ocr_carea' id='block_1_71' title="bbox 1782 2799 3417 2871">
    <p class='ocr_par' dir='ltr' id='par_1_71' title="bbox 1782 2799 3417 2871">
     <span class='ocr_line' id='line_1_71' title="bbox 1782 2799 3417 2871; baseline 0.001 -18"><span class='ocrx_word' id='word_1_504' title='bbox 1782 2799 1841 2854; x_wconf 91' lang='lat' dir='ltr'>in</span> <span class='ocrx_word' id='word_1_505' title='bbox 1859 2799 2046 2869; x_wconf 89' lang='lat' dir='ltr'>terris,</span> <span class='ocrx_word' id='word_1_506' title='bbox 2072 2799 2170 2871; x_wconf 87' lang='lat' dir='ltr'>qui</span> <span class='ocrx_word' id='word_1_507' title='bbox 2190 2801 2426 2871; x_wconf 90' lang='lat' dir='ltr'>propter</span> <span class='ocrx_word' id='word_1_508' title='bbox 2447 2816 2548 2853; x_wconf 89' lang='lat' dir='ltr'>nos</span> <span class='ocrx_word' id='word_1_509' title='bbox 2569 2801 2626 2853; x_wconf 89' lang='lat' dir='ltr'>et</span> <span class='ocrx_word' id='word_1_510' title='bbox 2646 2803 2878 2870; x_wconf 90' lang='lat' dir='ltr'>propter</span> <span class='ocrx_word' id='word_1_511' title='bbox 2898 2803 3154 2855; x_wconf 87' lang='lat' dir='ltr'>nostram</span> <span class='ocrx_word' id='word_1_512' title='bbox 3177 2801 3417 2855; x_wconf 89' lang='lat' dir='ltr'>salutem</span> 
     </span>
    </p>
   </div>
   <div class='ocr_carea' id='block_1_72' title="bbox 1784 2893 3412 2965">
    <p class='ocr_par' dir='ltr' id='par_1_72' title="bbox 1784 2893 3412 2965">
     <span class='ocr_line' id='line_1_72' title="bbox 1784 2893 3412 2965; baseline 0 -17"><span class='ocrx_word' id='word_1_513' title='bbox 1784 2893 2079 2949; x_wconf 89' lang='lat' dir='ltr'>descendit</span> <span class='ocrx_word' id='word_1_514' title='bbox 2109 2898 2164 2948; x_wconf 92' lang='lat' dir='ltr'>et</span> <span class='ocrx_word' id='word_1_515' title='bbox 2193 2893 2520 2948; x_wconf 89' lang='lat' dir='ltr'>incarnatus</span> <span class='ocrx_word' id='word_1_516' title='bbox 2543 2899 2648 2961; x_wconf 90' lang='lat' dir='ltr'>est,</span> <span class='ocrx_word' id='word_1_517' title='bbox 2672 2894 2844 2948; x_wconf 89' lang='lat' dir='ltr'>homo</span> <span class='ocrx_word' id='word_1_518' title='bbox 2873 2894 3071 2962; x_wconf 88' lang='lat' dir='ltr'>factus,</span> <span class='ocrx_word' id='word_1_519' title='bbox 3096 2911 3289 2965; x_wconf 90' lang='lat' dir='ltr'>passus</span> <span class='ocrx_word' id='word_1_520' title='bbox 3309 2899 3412 2963; x_wconf 90' lang='lat' dir='ltr'>est,</span> 
     </span>
    </p>
   </div>
   <div class='ocr_carea' id='block_1_73' title="bbox 1783 2987 3416 3058">
    <p class='ocr_par' dir='ltr' id='par_1_73' title="bbox 1783 2987 3416 3058">
     <span class='ocr_line' id='line_1_73' title="bbox 1783 2987 3416 3058; baseline 0 -17"><span class='ocrx_word' id='word_1_521' title='bbox 1783 2991 1841 3042; x_wconf 86' lang='lat' dir='ltr'>et</span> <span class='ocrx_word' id='word_1_522' title='bbox 1864 2987 2174 3042; x_wconf 82' lang='lat' dir='ltr'>resurrexit</span> <span class='ocrx_word' id='word_1_523' title='bbox 2201 2987 2368 3042; x_wconf 87' lang='lat' dir='ltr'>tertia</span> <span class='ocrx_word' id='word_1_524' title='bbox 2397 2987 2509 3055; x_wconf 92' lang='lat' dir='ltr'>die,</span> <span class='ocrx_word' id='word_1_525' title='bbox 2541 2987 2796 3042; x_wconf 83' lang='lat' dir='ltr'>ascendit</span> <span class='ocrx_word' id='word_1_526' title='bbox 2820 2987 2880 3042; x_wconf 89' lang='lat' dir='ltr'>in</span> <span class='ocrx_word' id='word_1_527' title='bbox 2909 2988 3097 3058; x_wconf 73' lang='lat' dir='ltr'>caelos,</span> <span class='ocrx_word' id='word_1_528' title='bbox 3121 2987 3253 3042; x_wconf 91' lang='lat' dir='ltr'>inde</span> <span class='ocrx_word' id='word_1_529' title='bbox 3279 3003 3416 3042; x_wconf 87' lang='lat' dir='ltr'>ven-</span> 
     </span>
    </p>
   </div>
   <div class='ocr_carea' id='block_1_74' title="bbox 1782 3081 3418 3153">
    <p class='ocr_par' dir='ltr' id='par_1_74' title="bbox 1782 3081 3418 3153">
     <span class='ocr_line' id='line_1_74' title="bbox 1782 3081 3418 3153; baseline -0.001 -17"><span class='ocrx_word' id='word_1_530' title='bbox 1782 3087 1945 3136; x_wconf 89' lang='lat' dir='ltr'>turus</span> <span class='ocrx_word' id='word_1_531' title='bbox 1971 3084 2054 3136; x_wconf 91' lang='lat' dir='ltr'>est</span> <span class='ocrx_word' id='word_1_532' title='bbox 2075 3081 2333 3152; x_wconf 89' lang='lat' dir='ltr'>judicare</span> <span class='ocrx_word' id='word_1_533' title='bbox 2365 3081 2516 3136; x_wconf 91' lang='lat' dir='ltr'>vivos</span> <span class='ocrx_word' id='word_1_534' title='bbox 2544 3084 2601 3136; x_wconf 92' lang='lat' dir='ltr'>et</span> <span class='ocrx_word' id='word_1_535' title='bbox 2630 3086 2905 3150; x_wconf 90' lang='lat' dir='ltr'>mortuos,</span> <span class='ocrx_word' id='word_1_536' title='bbox 2939 3085 2995 3136; x_wconf 90' lang='lat' dir='ltr'>et</span> <span class='ocrx_word' id='word_1_537' title='bbox 3037 3081 3097 3136; x_wconf 93' lang='lat' dir='ltr'>in</span> <span class='ocrx_word' id='word_1_538' title='bbox 3141 3081 3418 3153; x_wconf 91' lang='lat' dir='ltr'>Spiritum</span> 
     </span>
    </p>
   </div>
   <div class='ocr_carea' id='block_1_75' title="bbox 1787 3175 3421 3248">
    <p class='ocr_par' dir='ltr' id='par_1_75' title="bbox 1787 3175 3421 3248">
     <span class='ocr_line' id='line_1_75' title="bbox 1787 3175 3421 3248; baseline 0 -19"><span class='ocrx_word' id='word_1_539' title='bbox 1787 3178 2065 3243; x_wconf 88' lang='lat' dir='ltr'>sanctum,</span> <span class='ocrx_word' id='word_1_540' title='bbox 2107 3192 2201 3230; x_wconf 88' lang='lat' dir='ltr'>eos</span> <span class='ocrx_word' id='word_1_541' title='bbox 2239 3179 2432 3230; x_wconf 89' lang='lat' dir='ltr'>autem</span> <span class='ocrx_word' id='word_1_542' title='bbox 2474 3176 2573 3246; x_wconf 89' lang='lat' dir='ltr'>qui</span> <span class='ocrx_word' id='word_1_543' title='bbox 2611 3175 2827 3243; x_wconf 91' lang='lat' dir='ltr'>dicunt,</span> <span class='ocrx_word' id='word_1_544' title='bbox 2867 3181 3008 3242; x_wconf 90' lang='lat' dir='ltr'>erat,</span> <span class='ocrx_word' id='word_1_545' title='bbox 3053 3176 3278 3248; x_wconf 90' lang='lat' dir='ltr'>quando</span> <span class='ocrx_word' id='word_1_546' title='bbox 3305 3191 3421 3229; x_wconf 91' lang='lat' dir='ltr'>non</span> 
     </span>
    </p>
   </div>
   <div class='ocr_carea' id='block_1_76' title="bbox 1787 3269 3422 3341">
    <p class='ocr_par' dir='ltr' id='par_1_76' title="bbox 1787 3269 3422 3341">
     <span class='ocr_line' id='line_1_76' title="bbox 1787 3269 3422 3341; baseline -0.001 -17"><span class='ocrx_word' id='word_1_547' title='bbox 1787 3274 1929 3339; x_wconf 88' lang='lat' dir='ltr'>erat,</span> <span class='ocrx_word' id='word_1_548' title='bbox 1961 3275 2018 3324; x_wconf 92' lang='lat' dir='ltr'>et</span> <span class='ocrx_word' id='word_1_549' title='bbox 2045 3274 2356 3340; x_wconf 88' lang='lat' dir='ltr'>antequam</span> <span class='ocrx_word' id='word_1_550' title='bbox 2398 3272 2732 3324; x_wconf 88' lang='lat' dir='ltr'>nasceretur</span> <span class='ocrx_word' id='word_1_551' title='bbox 2777 3287 2894 3324; x_wconf 91' lang='lat' dir='ltr'>non</span> <span class='ocrx_word' id='word_1_552' title='bbox 2936 3274 3074 3337; x_wconf 89' lang='lat' dir='ltr'>erat,</span> <span class='ocrx_word' id='word_1_553' title='bbox 3106 3275 3162 3324; x_wconf 91' lang='lat' dir='ltr'>et</span> <span class='ocrx_word' id='word_1_554' title='bbox 3189 3269 3324 3341; x_wconf 89' lang='lat' dir='ltr'>quia</span> <span class='ocrx_word' id='word_1_555' title='bbox 3355 3285 3422 3323; x_wconf 86' lang='lat' dir='ltr'>ex</span> 
     </span>
    </p>
   </div>
   <div class='ocr_carea' id='block_1_77' title="bbox 1785 3363 3420 3431">
    <p class='ocr_par' dir='ltr' id='par_1_77' title="bbox 1785 3363 3420 3431">
     <span class='ocr_line' id='line_1_77' title="bbox 1785 3363 3420 3431; baseline -0.001 -13"><span class='ocrx_word' id='word_1_556' title='bbox 1785 3363 1954 3418; x_wconf 88' lang='lat' dir='ltr'>nullis</span> <span class='ocrx_word' id='word_1_557' title='bbox 1983 3363 2334 3418; x_wconf 85' lang='lat' dir='ltr'>exstantibus</span> <span class='ocrx_word' id='word_1_558' title='bbox 2380 3363 2560 3419; x_wconf 86' lang='lat' dir='ltr'>factus</span> <span class='ocrx_word' id='word_1_559' title='bbox 2605 3369 2707 3431; x_wconf 90' lang='lat' dir='ltr'>est,</span> <span class='ocrx_word' id='word_1_560' title='bbox 2761 3369 2857 3418; x_wconf 90' lang='lat' dir='ltr'>aut</span> <span class='ocrx_word' id='word_1_561' title='bbox 2903 3380 2968 3418; x_wconf 88' lang='lat' dir='ltr'>ex</span> <span class='ocrx_word' id='word_1_562' title='bbox 3000 3363 3113 3418; x_wconf 88' lang='lat' dir='ltr'>alia</span> <span class='ocrx_word' id='word_1_563' title='bbox 3160 3363 3420 3418; x_wconf 84' lang='lat' dir='ltr'>substan-</span> 
     </span>
    </p>
   </div>
   <div class='ocr_carea' id='block_1_78' title="bbox 1786 3455 3418 3526">
    <p class='ocr_par' dir='ltr' id='par_1_78' title="bbox 1786 3455 3418 3526">
     <span class='ocr_line' id='line_1_78' title="bbox 1786 3455 3418 3526; baseline -0.001 -16"><span class='ocrx_word' id='word_1_564' title='bbox 1786 3457 1859 3510; x_wconf 86' lang='lat' dir='ltr'>tia</span> <span class='ocrx_word' id='word_1_565' title='bbox 1887 3458 1972 3510; x_wconf 91' lang='lat' dir='ltr'>vel</span> <span class='ocrx_word' id='word_1_566' title='bbox 2001 3456 2381 3526; x_wconf 88' lang='lat' dir='ltr'>subsistentia,</span> <span class='ocrx_word' id='word_1_567' title='bbox 2419 3456 2618 3511; x_wconf 90' lang='lat' dir='ltr'>dicunt</span> <span class='ocrx_word' id='word_1_568' title='bbox 2666 3473 2805 3524; x_wconf 89' lang='lat' dir='ltr'>esse,</span> <span class='ocrx_word' id='word_1_569' title='bbox 2839 3461 2938 3510; x_wconf 90' lang='lat' dir='ltr'>aut</span> <span class='ocrx_word' id='word_1_570' title='bbox 2962 3455 3418 3526; x_wconf 90' lang='lat' dir='ltr'>convertibilem,</span> 
     </span>
    </p>
   </div>
   <div class='ocr_carea' id='block_1_79' title="bbox 1788 3549 3424 3618">
    <p class='ocr_par' dir='ltr' id='par_1_79' title="bbox 1788 3549 3424 3618">
     <span class='ocr_line' id='line_1_79' title="bbox 1788 3549 3424 3618; baseline 0.001 -14"><span class='ocrx_word' id='word_1_571' title='bbox 1788 3554 1887 3604; x_wconf 87' lang='lat' dir='ltr'>aut</span> <span class='ocrx_word' id='word_1_572' title='bbox 1911 3549 2367 3604; x_wconf 89' lang='lat' dir='ltr'>commutabilem</span> <span class='ocrx_word' id='word_1_573' title='bbox 2396 3549 2601 3604; x_wconf 84' lang='lat' dir='ltr'>Filium</span> <span class='ocrx_word' id='word_1_574' title='bbox 2623 3550 2742 3618; x_wconf 89' lang='lat' dir='ltr'>Dei,</span> <span class='ocrx_word' id='word_1_575' title='bbox 2765 3549 3206 3605; x_wconf 87' lang='lat' dir='ltr'>anathematizat</span> <span class='ocrx_word' id='word_1_576' title='bbox 3233 3550 3424 3605; x_wconf 74' lang='lat' dir='ltr'>catho~</span> 
     </span>
    </p>
   </div>
   <div class='ocr_carea' id='block_1_80' title="bbox 1788 3643 2611 3715">
    <p class='ocr_par' dir='ltr' id='par_1_80' title="bbox 1788 3643 2611 3715">
     <span class='ocr_line' id='line_1_80' title="bbox 1788 3643 2611 3715; baseline 0.001 -17"><span class='ocrx_word' id='word_1_577' title='bbox 1788 3643 1894 3698; x_wconf 90' lang='lat' dir='ltr'>lica</span> <span class='ocrx_word' id='word_1_578' title='bbox 1919 3648 1974 3699; x_wconf 88' lang='lat' dir='ltr'>et</span> <span class='ocrx_word' id='word_1_579' title='bbox 2000 3644 2309 3715; x_wconf 88' lang='lat' dir='ltr'>apostolica</span> <span class='ocrx_word' id='word_1_580' title='bbox 2340 3643 2611 3700; x_wconf 89' lang='lat' dir='ltr'>Ecclesia.</span> 
     </span>
    </p>
   </div>
   <div class='ocr_carea' id='block_1_81' title="bbox 1859 3781 3346 3853">
    <p class='ocr_par' dir='ltr' id='par_1_81' title="bbox 1859 3781 3346 3853">
     <span class='ocr_line' id='line_1_81' title="bbox 1859 3781 3346 3853; baseline -0.001 -15"><span class='ocrx_word' id='word_1_581' title='bbox 1859 3783 2168 3853; x_wconf 84' lang='lat' dir='ltr'>Symbolum</span> <span class='ocrx_word' id='word_1_582' title='bbox 2209 3784 2291 3841; x_wconf 88' lang='lat' dir='ltr'>CL</span> <span class='ocrx_word' id='word_1_583' title='bbox 2329 3785 2556 3838; x_wconf 87' lang='lat' dir='ltr'>Patrum</span> <span class='ocrx_word' id='word_1_584' title='bbox 2600 3781 3183 3852; x_wconf 77' lang='lat' dir='ltr'>Constantinopolitani</span> <span class='ocrx_word' id='word_1_585' title='bbox 3221 3797 3346 3838; x_wconf 89' lang='lat' dir='ltr'>con-</span> 
     </span>
    </p>
   </div>
   <div class='ocr_carea' id='block_1_82' title="bbox 2535 3855 2669 3910">
    <p class='ocr_par' dir='ltr' id='par_1_82' title="bbox 2535 3855 2669 3910">
     <span class='ocr_line' id='line_1_82' title="bbox 2535 3855 2669 3910; baseline 0.007 -1"><span class='ocrx_word' id='word_1_586' title='bbox 2535 3855 2669 3910; x_wconf 76' lang='lat' dir='ltr'>Citii.</span> 
     </span>
    </p>
   </div>
   <div class='ocr_carea' id='block_1_83' title="bbox 1858 3967 3419 4040">
    <p class='ocr_par' dir='ltr' id='par_1_83' title="bbox 1858 3967 3419 4040">
     <span class='ocr_line' id='line_1_83' title="bbox 1858 3967 3419 4040; baseline -0.001 -14"><span class='ocrx_word' id='word_1_587' title='bbox 1858 3970 2148 4026; x_wconf 89' lang='lat' dir='ltr'>Credimus</span> <span class='ocrx_word' id='word_1_588' title='bbox 2180 3969 2234 4024; x_wconf 92' lang='lat' dir='ltr'>in</span> <span class='ocrx_word' id='word_1_589' title='bbox 2266 3987 2444 4025; x_wconf 91' lang='lat' dir='ltr'>unum</span> <span class='ocrx_word' id='word_1_590' title='bbox 2472 3971 2650 4026; x_wconf 91' lang='lat' dir='ltr'>Deum</span> <span class='ocrx_word' id='word_1_591' title='bbox 2682 3971 2904 4024; x_wconf 90' lang='lat' dir='ltr'>Patrem</span> <span class='ocrx_word' id='word_1_592' title='bbox 2944 3967 3419 4040; x_wconf 90' lang='lat' dir='ltr'>omnipotentem,</span> 
     </span>
    </p>
   </div>
   <div class='ocr_carea' id='block_1_84' title="bbox 1790 4062 3419 4120">
    <p class='ocr_par' dir='ltr' id='par_1_84' title="bbox 1790 4062 3419 4120">
     <span class='ocr_line' id='line_1_84' title="bbox 1790 4062 3419 4120; baseline -0.002 0"><span class='ocrx_word' id='word_1_593' title='bbox 1790 4066 2062 4120; x_wconf 88' lang='lat' dir='ltr'>factorem</span> <span class='ocrx_word' id='word_1_594' title='bbox 2096 4064 2220 4119; x_wconf 78' lang='lat' dir='ltr'>caeli</span> <span class='ocrx_word' id='word_1_595' title='bbox 2249 4070 2306 4119; x_wconf 81' lang='lat' dir='ltr'>et</span> <span class='ocrx_word' id='word_1_596' title='bbox 2333 4068 2499 4120; x_wconf 66' lang='lat' dir='ltr'>terra:</span> <span class='ocrx_word' id='word_1_597' title='bbox 2527 4062 2833 4118; x_wconf 89' lang='lat' dir='ltr'>visibilium</span> <span class='ocrx_word' id='word_1_598' title='bbox 2874 4062 3134 4118; x_wconf 91' lang='lat' dir='ltr'>omnium</span> <span class='ocrx_word' id='word_1_599' title='bbox 3178 4066 3234 4117; x_wconf 87' lang='lat' dir='ltr'>et</span> <span class='ocrx_word' id='word_1_600' title='bbox 3274 4062 3419 4117; x_wconf 89' lang='lat' dir='ltr'>invi-</span> 
     </span>
    </p>
   </div>
   <div class='ocr_carea' id='block_1_85' title="bbox 1790 4156 3419 4214">
    <p class='ocr_par' dir='ltr' id='par_1_85' title="bbox 1790 4156 3419 4214">
     <span class='ocr_line' id='line_1_85' title="bbox 1790 4156 3419 4214; baseline -0.002 0"><span class='ocrx_word' id='word_1_601' title='bbox 1790 4159 2042 4214; x_wconf 90' lang='lat' dir='ltr'>sibilium</span> <span class='ocrx_word' id='word_1_602' title='bbox 2073 4158 2450 4214; x_wconf 88' lang='lat' dir='ltr'>conditorem.</span> <span class='ocrx_word' id='word_1_603' title='bbox 2484 4159 2549 4212; x_wconf 86' lang='lat' dir='ltr'>Et</span> <span class='ocrx_word' id='word_1_604' title='bbox 2577 4157 2636 4212; x_wconf 92' lang='lat' dir='ltr'>in</span> <span class='ocrx_word' id='word_1_605' title='bbox 2667 4174 2844 4212; x_wconf 91' lang='lat' dir='ltr'>unum</span> <span class='ocrx_word' id='word_1_606' title='bbox 2873 4156 3183 4211; x_wconf 90' lang='lat' dir='ltr'>Dominum</span> <span class='ocrx_word' id='word_1_607' title='bbox 3225 4157 3419 4212; x_wconf 86' lang='lat' dir='ltr'>Jesum</span> 
     </span>
    </p>
   </div>
   <div class='ocr_carea' id='block_1_86' title="bbox 1791 4251 3423 4323">
    <p class='ocr_par' dir='ltr' id='par_1_86' title="bbox 1791 4251 3423 4323">
     <span class='ocr_line' id='line_1_86' title="bbox 1791 4251 3423 4323; baseline -0.002 -15"><span class='ocrx_word' id='word_1_608' title='bbox 1791 4254 1993 4308; x_wconf 82' lang='lat' dir='ltr'>Filium</span> <span class='ocrx_word' id='word_1_609' title='bbox 2021 4252 2117 4307; x_wconf 91' lang='lat' dir='ltr'>Dei</span> <span class='ocrx_word' id='word_1_610' title='bbox 2147 4252 2510 4323; x_wconf 85' lang='lat' dir='ltr'>unigenitum</span> <span class='ocrx_word' id='word_1_611' title='bbox 2538 4268 2600 4306; x_wconf 89' lang='lat' dir='ltr'>ex</span> <span class='ocrx_word' id='word_1_612' title='bbox 2651 4253 2812 4306; x_wconf 86' lang='lat' dir='ltr'>Patre</span> <span class='ocrx_word' id='word_1_613' title='bbox 2841 4255 3044 4306; x_wconf 90' lang='lat' dir='ltr'>natum</span> <span class='ocrx_word' id='word_1_614' title='bbox 3069 4254 3200 4305; x_wconf 89' lang='lat' dir='ltr'>ante</span> <span class='ocrx_word' id='word_1_615' title='bbox 3230 4251 3423 4305; x_wconf 89' lang='lat' dir='ltr'>omnia</span> 
     </span>
    </p>
   </div>
   <div class='ocr_carea' id='block_1_87' title="bbox 1791 4344 3422 4416">
    <p class='ocr_par' dir='ltr' id='par_1_87' title="bbox 1791 4344 3422 4416">
     <span class='ocr_line' id='line_1_87' title="bbox 1791 4344 3422 4416; baseline -0.002 -14"><span class='ocrx_word' id='word_1_616' title='bbox 1791 4348 2014 4415; x_wconf 68' lang='lat' dir='ltr'>saecula,</span> <span class='ocrx_word' id='word_1_617' title='bbox 2060 4348 2240 4402; x_wconf 90' lang='lat' dir='ltr'>Deum</span> <span class='ocrx_word' id='word_1_618' title='bbox 2288 4363 2352 4400; x_wconf 90' lang='lat' dir='ltr'>ex</span> <span class='ocrx_word' id='word_1_619' title='bbox 2395 4348 2528 4416; x_wconf 91' lang='lat' dir='ltr'>Deo,</span> <span class='ocrx_word' id='word_1_620' title='bbox 2579 4345 2777 4400; x_wconf 91' lang='lat' dir='ltr'>lumen</span> <span class='ocrx_word' id='word_1_621' title='bbox 2827 4362 2897 4400; x_wconf 90' lang='lat' dir='ltr'>ex</span> <span class='ocrx_word' id='word_1_622' title='bbox 2944 4344 3184 4414; x_wconf 89' lang='lat' dir='ltr'>lumine,</span> <span class='ocrx_word' id='word_1_623' title='bbox 3242 4345 3422 4399; x_wconf 91' lang='lat' dir='ltr'>Deum</span> 
     </span>
    </p>
   </div>
   <div class='ocr_carea' id='block_1_88' title="bbox 1792 4439 3422 4508">
    <p class='ocr_par' dir='ltr' id='par_1_88' title="bbox 1792 4439 3422 4508">
     <span class='ocr_line' id='line_1_88' title="bbox 1792 4439 3422 4508; baseline -0.003 -12"><span class='ocrx_word' id='word_1_624' title='bbox 1792 4458 1990 4496; x_wconf 89' lang='lat' dir='ltr'>verum</span> <span class='ocrx_word' id='word_1_625' title='bbox 2035 4458 2100 4494; x_wconf 82' lang='lat' dir='ltr'>ex</span> <span class='ocrx_word' id='word_1_626' title='bbox 2149 4441 2268 4494; x_wconf 93' lang='lat' dir='ltr'>Deo</span> <span class='ocrx_word' id='word_1_627' title='bbox 2312 4456 2464 4507; x_wconf 87' lang='lat' dir='ltr'>vero,</span> <span class='ocrx_word' id='word_1_628' title='bbox 2504 4443 2726 4508; x_wconf 89' lang='lat' dir='ltr'>natum,</span> <span class='ocrx_word' id='word_1_629' title='bbox 2777 4455 2896 4493; x_wconf 91' lang='lat' dir='ltr'>non</span> <span class='ocrx_word' id='word_1_630' title='bbox 2941 4439 3181 4507; x_wconf 82' lang='lat' dir='ltr'>factum,</span> <span class='ocrx_word' id='word_1_631' title='bbox 3219 4454 3422 4492; x_wconf 90' lang='lat' dir='ltr'>omou-</span> 
     </span>
    </p>
   </div>
   <div class='ocr_carea' id='block_1_89' title="bbox 101 4523 3420 4617">
    <p class='ocr_par' dir='ltr' id='par_1_89' title="bbox 101 4523 3420 4617">
     <span class='ocr_line' id='line_1_89' title="bbox 101 4523 3420 4617; baseline 0.002 -38"><span class='ocrx_word' id='word_1_632' title='bbox 101 4523 206 4617; x_wconf 71' lang='lat' dir='ltr'>nihil</span> <span class='ocrx_word' id='word_1_633' title='bbox 219 4529 444 4589; x_wconf 84' lang='lat' dir='ltr'>lucidius</span> <span class='ocrx_word' id='word_1_634' title='bbox 458 4552 725 4608; x_wconf 88' lang='lat' dir='ltr'>unquam</span> <span class='ocrx_word' id='word_1_635' title='bbox 748 4541 936 4608; x_wconf 89' lang='lat' dir='ltr'>potest</span> <span class='ocrx_word' id='word_1_636' title='bbox 953 4538 1037 4594; x_wconf 87' lang='lat' dir='ltr'>vel</span> <span class='ocrx_word' id='word_1_637' title='bbox 1057 4539 1266 4610; x_wconf 88' lang='lat' dir='ltr'>poterit</span> <span class='ocrx_word' id='word_1_638' title='bbox 1287 4539 1687 4608; x_wconf 87' lang='lat' dir='ltr'>demonstrari,</span> <span class='ocrx_word' id='word_1_639' title='bbox 1710 4545 1769 4617; x_wconf 81' lang='grc' dir='ltr'>Ι)</span> <span class='ocrx_word' id='word_1_640' title='bbox 1792 4536 1914 4590; x_wconf 87' lang='lat' dir='ltr'>sion</span> <span class='ocrx_word' id='word_1_641' title='bbox 1950 4534 2123 4601; x_wconf 89' lang='lat' dir='ltr'>Patri,</span> <span class='ocrx_word' id='word_1_642' title='bbox 2157 4535 2265 4588; x_wconf 90' lang='lat' dir='ltr'>hoc</span> <span class='ocrx_word' id='word_1_643' title='bbox 2297 4539 2381 4588; x_wconf 91' lang='lat' dir='ltr'>est</span> <span class='ocrx_word' id='word_1_644' title='bbox 2425 4534 2683 4604; x_wconf 90' lang='lat' dir='ltr'>ejusdem</span> <span class='ocrx_word' id='word_1_645' title='bbox 2713 4548 2845 4586; x_wconf 88' lang='lat' dir='ltr'>cum</span> <span class='ocrx_word' id='word_1_646' title='bbox 2877 4533 3039 4586; x_wconf 88' lang='lat' dir='ltr'>Patre</span> <span class='ocrx_word' id='word_1_647' title='bbox 3069 4531 3420 4600; x_wconf 65' lang='lat' dir='ltr'>substantiae,</span> 
     </span>
    </p>
   </div>
   <div class='ocr_carea' id='block_1_90' title="bbox 103 4614 1685 4706">
    <p class='ocr_par' dir='ltr' id='par_1_90' title="bbox 103 4614 1685 4706">
     <span class='ocr_line' id='line_1_90' title="bbox 103 4614 1685 4706; baseline 0.008 -31"><span class='ocrx_word' id='word_1_648' title='bbox 103 4614 151 4669; x_wconf 79' lang='lat' dir='ltr'>de</span> <span class='ocrx_word' id='word_1_649' title='bbox 173 4628 414 4693; x_wconf 80' lang='lat' dir='ltr'>mysterio</span> <span class='ocrx_word' id='word_1_650' title='bbox 439 4629 855 4686; x_wconf 86' lang='lat' dir='ltr'>Incarnationis</span> <span class='ocrx_word' id='word_1_651' title='bbox 883 4632 1162 4704; x_wconf 90' lang='lat' dir='ltr'>unigeniti</span> <span class='ocrx_word' id='word_1_652' title='bbox 1189 4633 1312 4688; x_wconf 88' lang='lat' dir='ltr'>Filii</span> <span class='ocrx_word' id='word_1_653' title='bbox 1343 4634 1440 4689; x_wconf 84' lang='lat' dir='ltr'>Dei</span> <span class='ocrx_word' id='word_1_654' title='bbox 1466 4651 1569 4706; x_wconf 90' lang='lat' dir='ltr'>pro</span> <span class='ocrx_word' id='word_1_655' title='bbox 1598 4650 1685 4688; x_wconf 90' lang='lat' dir='ltr'>sa-</span> 
     </span>
    </p>
   </div>
   <div class='ocr_carea' id='block_1_91' title="bbox 101 4707 1689 4798">
    <p class='ocr_par' dir='ltr' id='par_1_91' title="bbox 101 4707 1689 4798">
     <span class='ocr_line' id='line_1_91' title="bbox 101 4707 1689 4798; baseline 0.013 -35"><span class='ocrx_word' id='word_1_656' title='bbox 101 4707 187 4767; x_wconf 85' lang='lat' dir='ltr'>lute</span> <span class='ocrx_word' id='word_1_657' title='bbox 223 4717 447 4777; x_wconf 88' lang='lat' dir='ltr'>humani</span> <span class='ocrx_word' id='word_1_658' title='bbox 502 4725 736 4795; x_wconf 89' lang='lat' dir='ltr'>generis</span> <span class='ocrx_word' id='word_1_659' title='bbox 784 4741 896 4796; x_wconf 92' lang='lat' dir='ltr'>quo</span> <span class='ocrx_word' id='word_1_660' title='bbox 934 4743 1066 4780; x_wconf 86' lang='lat' dir='ltr'>vera</span> <span class='ocrx_word' id='word_1_661' title='bbox 1110 4727 1386 4798; x_wconf 90' lang='lat' dir='ltr'>probatur</span> <span class='ocrx_word' id='word_1_662' title='bbox 1417 4728 1689 4782; x_wconf 74' lang='lat' dir='ltr'>humanae</span> 
     </span>
    </p>
   </div>
   <div class='ocr_carea' id='block_1_92' title="bbox 103 4811 1692 4894">
    <p class='ocr_par' dir='ltr' id='par_1_92' title="bbox 103 4811 1692 4894">
     <span class='ocr_line' id='line_1_92' title="bbox 103 4811 1692 4894; baseline 0.014 -39"><span class='ocrx_word' id='word_1_663' title='bbox 103 4811 272 4866; x_wconf 60' lang='lat' dir='ltr'>natura</span> <span class='ocrx_word' id='word_1_664' title='bbox 297 4815 411 4872; x_wconf 88' lang='lat' dir='ltr'>sine</span> <span class='ocrx_word' id='word_1_665' title='bbox 437 4818 665 4890; x_wconf 88' lang='lat' dir='ltr'>peccati</span> <span class='ocrx_word' id='word_1_666' title='bbox 692 4820 1032 4891; x_wconf 89' lang='lat' dir='ltr'>contagione</span> <span class='ocrx_word' id='word_1_667' title='bbox 1059 4821 1362 4894; x_wconf 88' lang='lat' dir='ltr'>susceptio,</span> <span class='ocrx_word' id='word_1_668' title='bbox 1385 4825 1443 4875; x_wconf 94' lang='lat' dir='ltr'>et</span> <span class='ocrx_word' id='word_1_669' title='bbox 1467 4839 1692 4893; x_wconf 88' lang='lat' dir='ltr'>perma-</span> 
     </span>
    </p>
   </div>
   <div class='ocr_carea' id='block_1_93' title="bbox 102 4905 1693 4985">
    <p class='ocr_par' dir='ltr' id='par_1_93' title="bbox 102 4905 1693 4985">
     <span class='ocr_line' id='line_1_93' title="bbox 102 4905 1693 4985; baseline 0.009 -30"><span class='ocrx_word' id='word_1_670' title='bbox 102 4905 244 4958; x_wconf 82' lang='lat' dir='ltr'>nentis</span> <span class='ocrx_word' id='word_1_671' title='bbox 268 4907 616 4984; x_wconf 69' lang='lat' dir='ltr'>incorruptae</span> <span class='ocrx_word' id='word_1_672' title='bbox 661 4913 721 4966; x_wconf 89' lang='lat' dir='ltr'>in</span> <span class='ocrx_word' id='word_1_673' title='bbox 754 4929 821 4966; x_wconf 93' lang='lat' dir='ltr'>eo</span> <span class='ocrx_word' id='word_1_674' title='bbox 869 4914 1176 4969; x_wconf 88' lang='lat' dir='ltr'>divinitatis</span> <span class='ocrx_word' id='word_1_675' title='bbox 1205 4915 1524 4985; x_wconf 89' lang='lat' dir='ltr'>plenitudo,</span> <span class='ocrx_word' id='word_1_676' title='bbox 1551 4916 1693 4970; x_wconf 90' lang='lat' dir='ltr'>dum</span> 
     </span>
    </p>
   </div>
   <div class='ocr_carea' id='block_1_94' title="bbox 104 4988 1688 5079">
    <p class='ocr_par' dir='ltr' id='par_1_94' title="bbox 104 4988 1688 5079">
     <span class='ocr_line' id='line_1_94' title="bbox 104 4988 1688 5079; baseline 0.009 -30"><span class='ocrx_word' id='word_1_677' title='bbox 104 4988 192 5048; x_wconf 56' lang='lat' dir='ltr'>hac</span> <span class='ocrx_word' id='word_1_678' title='bbox 213 5006 400 5057; x_wconf 86' lang='lat' dir='ltr'>natura</span> <span class='ocrx_word' id='word_1_679' title='bbox 428 5009 678 5078; x_wconf 85' lang='lat' dir='ltr'>utraque</span> <span class='ocrx_word' id='word_1_680' title='bbox 710 5024 826 5061; x_wconf 91' lang='lat' dir='ltr'>non</span> <span class='ocrx_word' id='word_1_681' title='bbox 849 5008 1088 5079; x_wconf 88' lang='lat' dir='ltr'>deperit,</span> <span class='ocrx_word' id='word_1_682' title='bbox 1123 5013 1181 5063; x_wconf 91' lang='lat' dir='ltr'>et</span> <span class='ocrx_word' id='word_1_683' title='bbox 1203 5026 1313 5062; x_wconf 91' lang='lat' dir='ltr'>una</span> <span class='ocrx_word' id='word_1_684' title='bbox 1341 5009 1412 5062; x_wconf 89' lang='lat' dir='ltr'>sit</span> <span class='ocrx_word' id='word_1_685' title='bbox 1437 5025 1500 5062; x_wconf 85' lang='lat' dir='ltr'>ex</span> <span class='ocrx_word' id='word_1_686' title='bbox 1531 5012 1688 5063; x_wconf 89' lang='lat' dir='ltr'>utra-</span> 
     </span>
    </p>
   </div>
   <div class='ocr_carea' id='block_1_95' title="bbox 105 5092 1692 5180">
    <p class='ocr_par' dir='ltr' id='par_1_95' title="bbox 105 5092 1692 5180">
     <span class='ocr_line' id='line_1_95' title="bbox 105 5092 1692 5180; baseline 0.008 -36"><span class='ocrx_word' id='word_1_687' title='bbox 105 5099 184 5180; x_wconf 56' lang='lat' dir='ltr'>que</span> <span class='ocrx_word' id='word_1_688' title='bbox 207 5092 412 5151; x_wconf 90' lang='lat' dir='ltr'>Domini</span> <span class='ocrx_word' id='word_1_689' title='bbox 442 5100 632 5154; x_wconf 89' lang='lat' dir='ltr'>nostri</span> <span class='ocrx_word' id='word_1_690' title='bbox 672 5101 801 5156; x_wconf 85' lang='lat' dir='ltr'>Jesu</span> <span class='ocrx_word' id='word_1_691' title='bbox 845 5101 1051 5158; x_wconf 88' lang='lat' dir='ltr'>Christi</span> <span class='ocrx_word' id='word_1_692' title='bbox 1081 5119 1326 5173; x_wconf 86' lang='lat' dir='ltr'>persona</span> <span class='ocrx_word' id='word_1_693' title='bbox 1362 5102 1496 5156; x_wconf 88' lang='lat' dir='ltr'>satis</span> <span class='ocrx_word' id='word_1_694' title='bbox 1525 5104 1692 5173; x_wconf 90' lang='lat' dir='ltr'>plane</span> 
     </span>
    </p>
   </div>
   <div class='ocr_carea' id='block_1_96' title="bbox 107 5181 1693 5268">
    <p class='ocr_par' dir='ltr' id='par_1_96' title="bbox 107 5181 1693 5268">
     <span class='ocr_line' id='line_1_96' title="bbox 107 5181 1693 5268; baseline 0.01 -33"><span class='ocrx_word' id='word_1_695' title='bbox 107 5192 148 5229; x_wconf 72' lang='lat' dir='ltr'>In</span> <span class='ocrx_word' id='word_1_696' title='bbox 186 5181 259 5238; x_wconf 89' lang='lat' dir='ltr'>his</span> <span class='ocrx_word' id='word_1_697' title='bbox 293 5192 544 5247; x_wconf 89' lang='lat' dir='ltr'>conciliis</span> <span class='ocrx_word' id='word_1_698' title='bbox 595 5194 868 5264; x_wconf 88' lang='lat' dir='ltr'>probatur</span> <span class='ocrx_word' id='word_1_699' title='bbox 913 5195 1167 5267; x_wconf 89' lang='lat' dir='ltr'>pateﬁeri</span> <span class='ocrx_word' id='word_1_700' title='bbox 1219 5195 1445 5263; x_wconf 85' lang='lat' dir='ltr'>veritas,</span> <span class='ocrx_word' id='word_1_701' title='bbox 1491 5213 1618 5268; x_wconf 64' lang='lat' dir='ltr'>quae</span> <span class='ocrx_word' id='word_1_702' title='bbox 1659 5213 1693 5250; x_wconf 89' lang='lat' dir='ltr'>a</span> 
     </span>
    </p>
   </div>
   <div class='ocr_carea' id='block_1_97' title="bbox 109 5273 1691 5356">
    <p class='ocr_par' dir='ltr' id='par_1_97' title="bbox 109 5273 1691 5356">
     <span class='ocr_line' id='line_1_97' title="bbox 109 5273 1691 5356; baseline 0.012 -31"><span class='ocrx_word' id='word_1_703' title='bbox 109 5273 232 5329; x_wconf 82' lang='lat' dir='ltr'>nobis</span> <span class='ocrx_word' id='word_1_704' title='bbox 260 5285 528 5356; x_wconf 86' lang='lat' dir='ltr'>credatur,</span> <span class='ocrx_word' id='word_1_705' title='bbox 576 5288 737 5342; x_wconf 91' lang='lat' dir='ltr'>omni</span> <span class='ocrx_word' id='word_1_706' title='bbox 782 5293 1003 5345; x_wconf 85' lang='lat' dir='ltr'>remota</span> <span class='ocrx_word' id='word_1_707' title='bbox 1048 5288 1427 5345; x_wconf 88' lang='lat' dir='ltr'>dubitatione.</span> <span class='ocrx_word' id='word_1_708' title='bbox 1457 5290 1562 5355; x_wconf 94' lang='lat' dir='ltr'>Qui</span> <span class='ocrx_word' id='word_1_709' title='bbox 1590 5307 1691 5344; x_wconf 90' lang='lat' dir='ltr'>un-</span> 
     </span>
    </p>
   </div>
   <div class='ocr_carea' id='block_1_98' title="bbox 110 5373 1691 5456">
    <p class='ocr_par' dir='ltr' id='par_1_98' title="bbox 110 5373 1691 5456">
     <span class='ocr_line' id='line_1_98' title="bbox 110 5373 1691 5456; baseline 0.004 -23"><span class='ocrx_word' id='word_1_710' title='bbox 110 5378 241 5433; x_wconf 66' lang='lat' dir='ltr'>quam</span> <span class='ocrx_word' id='word_1_711' title='bbox 263 5373 394 5432; x_wconf 90' lang='lat' dir='ltr'>hanc</span> <span class='ocrx_word' id='word_1_712' title='bbox 422 5380 601 5435; x_wconf 90' lang='lat' dir='ltr'>ﬁdem</span> <span class='ocrx_word' id='word_1_713' title='bbox 633 5388 885 5438; x_wconf 90' lang='lat' dir='ltr'>sanctam</span> <span class='ocrx_word' id='word_1_714' title='bbox 930 5383 1264 5456; x_wconf 79' lang='lat' dir='ltr'>depravare,</span> <span class='ocrx_word' id='word_1_715' title='bbox 1303 5401 1691 5456; x_wconf 89' lang='lat' dir='ltr'>corrumpere,</span> 
     </span>
    </p>
   </div>
   <div class='ocr_carea' id='block_1_99' title="bbox 113 5468 1696 5558">
    <p class='ocr_par' dir='ltr' id='par_1_99' title="bbox 113 5468 1696 5558">
     <span class='ocr_line' id='line_1_99' title="bbox 113 5468 1696 5558; baseline 0.002 -29"><span class='ocrx_word' id='word_1_716' title='bbox 113 5468 285 5558; x_wconf 55' lang='lat' dir='ltr'>ululare</span> <span class='ocrx_word' id='word_1_717' title='bbox 309 5473 629 5543; x_wconf 87' lang='lat' dir='ltr'>tentaverit,</span> <span class='ocrx_word' id='word_1_718' title='bbox 675 5481 774 5531; x_wconf 89' lang='lat' dir='ltr'>aut</span> <span class='ocrx_word' id='word_1_719' title='bbox 820 5477 890 5532; x_wconf 86' lang='lat' dir='ltr'>ab</span> <span class='ocrx_word' id='word_1_720' title='bbox 937 5479 1141 5533; x_wconf 92' lang='lat' dir='ltr'>eadem</span> <span class='ocrx_word' id='word_1_721' title='bbox 1174 5478 1286 5533; x_wconf 92' lang='lat' dir='ltr'>ﬁde</span> <span class='ocrx_word' id='word_1_722' title='bbox 1325 5479 1412 5533; x_wconf 89' lang='lat' dir='ltr'>vel</span> <span class='ocrx_word' id='word_1_723' title='bbox 1441 5495 1696 5533; x_wconf 89' lang='lat' dir='ltr'>commu-</span> 
     </span>
    </p>
   </div>
   <div class='ocr_carea' id='block_1_100' title="bbox 113 5564 1694 5644">
    <p class='ocr_par' dir='ltr' id='par_1_100' title="bbox 113 5564 1694 5644">
     <span class='ocr_line' id='line_1_100' title="bbox 113 5564 1694 5644; baseline 0.01 -33"><span class='ocrx_word' id='word_1_724' title='bbox 113 5564 243 5612; x_wconf 80' lang='lat' dir='ltr'>mone</span> <span class='ocrx_word' id='word_1_725' title='bbox 269 5564 530 5622; x_wconf 88' lang='lat' dir='ltr'>catholica</span> <span class='ocrx_word' id='word_1_726' title='bbox 559 5569 750 5640; x_wconf 89' lang='lat' dir='ltr'>(quam</span> <span class='ocrx_word' id='word_1_727' title='bbox 777 5587 965 5644; x_wconf 90' lang='lat' dir='ltr'>nuper</span> <span class='ocrx_word' id='word_1_728' title='bbox 994 5589 1188 5627; x_wconf 88' lang='lat' dir='ltr'>sumus</span> <span class='ocrx_word' id='word_1_729' title='bbox 1233 5573 1346 5627; x_wconf 92' lang='lat' dir='ltr'>Deo</span> <span class='ocrx_word' id='word_1_730' title='bbox 1388 5572 1694 5627; x_wconf 86' lang='lat' dir='ltr'>miserante</span> 
     </span>
    </p>
   </div>
   <div class='ocr_carea' id='block_1_101' title="bbox 116 5646 1694 5736">
    <p class='ocr_par' dir='ltr' id='par_1_101' title="bbox 116 5646 1694 5736">
     <span class='ocr_line' id='line_1_101' title="bbox 116 5646 1694 5736; baseline 0.006 -26"><span class='ocrx_word' id='word_1_731' title='bbox 116 5646 274 5724; x_wconf 70' lang='grc' dir='ltr'>θάερὶὶ)</span> <span class='ocrx_word' id='word_1_732' title='bbox 302 5673 412 5713; x_wconf 88' lang='lat' dir='ltr'>sese</span> <span class='ocrx_word' id='word_1_733' title='bbox 442 5678 706 5732; x_wconf 87' lang='lat' dir='ltr'>separare</span> <span class='ocrx_word' id='word_1_734' title='bbox 739 5665 825 5719; x_wconf 90' lang='lat' dir='ltr'>vel</span> <span class='ocrx_word' id='word_1_735' title='bbox 851 5664 1150 5720; x_wconf 89' lang='lat' dir='ltr'>dissociare</span> <span class='ocrx_word' id='word_1_736' title='bbox 1182 5666 1444 5736; x_wconf 90' lang='lat' dir='ltr'>voluerit,</span> <span class='ocrx_word' id='word_1_737' title='bbox 1488 5667 1561 5721; x_wconf 91' lang='lat' dir='ltr'>sit</span> <span class='ocrx_word' id='word_1_738' title='bbox 1581 5667 1694 5721; x_wconf 92' lang='lat' dir='ltr'>Deo</span> 
     </span>
    </p>
   </div>
   <div class='ocr_carea' id='block_1_102' title="bbox 119 5743 1696 5815">
    <p class='ocr_par' dir='ltr' id='par_1_102' title="bbox 119 5743 1696 5815">
     <span class='ocr_line' id='line_1_102' title="bbox 119 5743 1696 5815; baseline 0.016 -25"><span class='ocrx_word' id='word_1_739' title='bbox 119 5743 160 5792; x_wconf 83' lang='lat' dir='ltr'>et</span> <span class='ocrx_word' id='word_1_740' title='bbox 183 5746 409 5809; x_wconf 79' lang='lat' dir='ltr'>universo</span> <span class='ocrx_word' id='word_1_741' title='bbox 436 5755 656 5811; x_wconf 88' lang='lat' dir='ltr'>mundo</span> <span class='ocrx_word' id='word_1_742' title='bbox 686 5755 913 5813; x_wconf 90' lang='lat' dir='ltr'>crimini</span> <span class='ocrx_word' id='word_1_743' title='bbox 953 5759 1298 5815; x_wconf 89' lang='lat' dir='ltr'>inﬁdelitatis</span> <span class='ocrx_word' id='word_1_744' title='bbox 1327 5760 1386 5814; x_wconf 91' lang='lat' dir='ltr'>in</span> <span class='ocrx_word' id='word_1_745' title='bbox 1415 5763 1696 5815; x_wconf 76' lang='lat' dir='ltr'>aeternum</span> 
     </span>
    </p>
   </div>
   <div class='ocr_carea' id='block_1_103' title="bbox 123 5831 1697 5910">
    <p class='ocr_par' dir='ltr' id='par_1_103' title="bbox 123 5831 1697 5910">
     <span class='ocr_line' id='line_1_103' title="bbox 123 5831 1697 5910; baseline 0.016 -25"><span class='ocrx_word' id='word_1_746' title='bbox 123 5831 364 5900; x_wconf 80' lang='lat' dir='ltr'>obnoxius.</span> <span class='ocrx_word' id='word_1_747' title='bbox 397 5848 618 5904; x_wconf 78' lang='lat' dir='ltr'>Floreat</span> <span class='ocrx_word' id='word_1_748' title='bbox 664 5857 858 5908; x_wconf 85' lang='lat' dir='ltr'>autem</span> <span class='ocrx_word' id='word_1_749' title='bbox 904 5857 1098 5910; x_wconf 79' lang='lat' dir='ltr'>sancta</span> <span class='ocrx_word' id='word_1_750' title='bbox 1139 5854 1412 5910; x_wconf 88' lang='lat' dir='ltr'>catholica</span> <span class='ocrx_word' id='word_1_751' title='bbox 1457 5854 1697 5910; x_wconf 87' lang='lat' dir='ltr'>Ecclesia</span> 
     </span>
    </p>
   </div>
   <div class='ocr_carea' id='block_1_104' title="bbox 471 5948 1024 6018">
    <p class='ocr_par' dir='ltr' id='par_1_104' title="bbox 471 5948 1024 6018">
     <span class='ocr_line' id='line_1_104' title="bbox 471 5948 1024 6018; baseline 0.004 -4"><span class='ocrx_word' id='word_1_752' title='bbox 471 5948 746 6017; x_wconf 78' lang='lat' dir='ltr'>PATROL.</span> <span class='ocrx_word' id='word_1_753' title='bbox 798 5952 1024 6018; x_wconf 89' lang='lat' dir='ltr'><strong>CXXX.</strong></span> 
     </span>
    </p>
   </div>
   <div class='ocr_carea' id='block_1_105' title="bbox 1789 4624 3423 4703">
    <p class='ocr_par' dir='ltr' id='par_1_105' title="bbox 1789 4624 3423 4703">
     <span class='ocr_line' id='line_1_105' title="bbox 1789 4624 3423 4703; baseline -0.004 -19"><span class='ocrx_word' id='word_1_754' title='bbox 1789 4646 1892 4703; x_wconf 90' lang='lat' dir='ltr'>per</span> <span class='ocrx_word' id='word_1_755' title='bbox 1917 4645 2086 4700; x_wconf 90' lang='lat' dir='ltr'>quem</span> <span class='ocrx_word' id='word_1_756' title='bbox 2126 4628 2318 4682; x_wconf 91' lang='lat' dir='ltr'>omnia</span> <span class='ocrx_word' id='word_1_757' title='bbox 2364 4627 2508 4682; x_wconf 88' lang='lat' dir='ltr'>facta</span> <span class='ocrx_word' id='word_1_758' title='bbox 2553 4631 2702 4695; x_wconf 90' lang='lat' dir='ltr'>sunt,</span> <span class='ocrx_word' id='word_1_759' title='bbox 2751 4641 2880 4697; x_wconf 53' lang='lat' dir='ltr'>quae</span> <span class='ocrx_word' id='word_1_760' title='bbox 2923 4624 2984 4678; x_wconf 91' lang='lat' dir='ltr'>in</span> <span class='ocrx_word' id='word_1_761' title='bbox 3033 4624 3182 4679; x_wconf 76' lang='lat' dir='ltr'>caelis</span> <span class='ocrx_word' id='word_1_762' title='bbox 3212 4628 3268 4678; x_wconf 87' lang='lat' dir='ltr'>et</span> <span class='ocrx_word' id='word_1_763' title='bbox 3294 4641 3423 4696; x_wconf 65' lang='lat' dir='ltr'>quae</span> 
     </span>
    </p>
   </div>
   <div class='ocr_carea' id='block_1_106' title="bbox 1790 4718 3421 4792">
    <p class='ocr_par' dir='ltr' id='par_1_106' title="bbox 1790 4718 3421 4792">
     <span class='ocr_line' id='line_1_106' title="bbox 1790 4718 3421 4792; baseline -0.003 -13"><span class='ocrx_word' id='word_1_764' title='bbox 1790 4724 1852 4779; x_wconf 90' lang='lat' dir='ltr'>in</span> <span class='ocrx_word' id='word_1_765' title='bbox 1882 4723 2048 4778; x_wconf 91' lang='lat' dir='ltr'>terris</span> <span class='ocrx_word' id='word_1_766' title='bbox 2077 4727 2226 4776; x_wconf 90' lang='lat' dir='ltr'>sunt.</span> <span class='ocrx_word' id='word_1_767' title='bbox 2253 4721 2362 4785; x_wconf 91' lang='lat' dir='ltr'>Qui</span> <span class='ocrx_word' id='word_1_768' title='bbox 2383 4724 2618 4792; x_wconf 86' lang='lat' dir='ltr'>propter</span> <span class='ocrx_word' id='word_1_769' title='bbox 2642 4722 2900 4774; x_wconf 88' lang='lat' dir='ltr'>nostram</span> <span class='ocrx_word' id='word_1_770' title='bbox 2929 4718 3170 4774; x_wconf 89' lang='lat' dir='ltr'>salutem</span> <span class='ocrx_word' id='word_1_771' title='bbox 3189 4718 3421 4774; x_wconf 86' lang='lat' dir='ltr'>descen-</span> 
     </span>
    </p>
   </div>
   <div class='ocr_carea' id='block_1_107' title="bbox 1792 4811 3425 4884">
    <p class='ocr_par' dir='ltr' id='par_1_107' title="bbox 1792 4811 3425 4884">
     <span class='ocr_line' id='line_1_107' title="bbox 1792 4811 3425 4884; baseline -0.004 -12"><span class='ocrx_word' id='word_1_772' title='bbox 1792 4817 1895 4884; x_wconf 91' lang='lat' dir='ltr'>dit,</span> <span class='ocrx_word' id='word_1_773' title='bbox 1929 4822 1985 4872; x_wconf 88' lang='lat' dir='ltr'>et</span> <span class='ocrx_word' id='word_1_774' title='bbox 2015 4816 2342 4870; x_wconf 88' lang='lat' dir='ltr'>incarnatus</span> <span class='ocrx_word' id='word_1_775' title='bbox 2391 4817 2478 4868; x_wconf 88' lang='lat' dir='ltr'>est</span> <span class='ocrx_word' id='word_1_776' title='bbox 2527 4813 2598 4868; x_wconf 93' lang='lat' dir='ltr'>de</span> <span class='ocrx_word' id='word_1_777' title='bbox 2639 4811 2853 4884; x_wconf 88' lang='lat' dir='ltr'>Spiritu</span> <span class='ocrx_word' id='word_1_778' title='bbox 2905 4817 3095 4866; x_wconf 89' lang='lat' dir='ltr'>sancto</span> <span class='ocrx_word' id='word_1_779' title='bbox 3139 4829 3210 4867; x_wconf 90' lang='lat' dir='ltr'>ex</span> <span class='ocrx_word' id='word_1_780' title='bbox 3250 4811 3425 4867; x_wconf 84' lang='lat' dir='ltr'>Maria</span> 
     </span>
    </p>
   </div>
   <div class='ocr_carea' id='block_1_108' title="bbox 1790 4891 3423 4982">
    <p class='ocr_par' dir='ltr' id='par_1_108' title="bbox 1790 4891 3423 4982">
     <span class='ocr_line' id='line_1_108' title="bbox 1790 4891 3423 4982; baseline -0.004 -16"><span class='ocrx_word' id='word_1_781' title='bbox 1790 4891 2028 4982; x_wconf 84' lang='lat' dir='ltr'>virgine,</span> <span class='ocrx_word' id='word_1_782' title='bbox 2061 4910 2233 4964; x_wconf 90' lang='lat' dir='ltr'>homo</span> <span class='ocrx_word' id='word_1_783' title='bbox 2265 4909 2466 4977; x_wconf 90' lang='lat' dir='ltr'>factus,</span> <span class='ocrx_word' id='word_1_784' title='bbox 2498 4923 2695 4978; x_wconf 91' lang='lat' dir='ltr'>passus</span> <span class='ocrx_word' id='word_1_785' title='bbox 2727 4909 2811 4960; x_wconf 90' lang='lat' dir='ltr'>est</span> <span class='ocrx_word' id='word_1_786' title='bbox 2847 4906 2951 4960; x_wconf 91' lang='lat' dir='ltr'>sub</span> <span class='ocrx_word' id='word_1_787' title='bbox 3002 4905 3198 4961; x_wconf 86' lang='lat' dir='ltr'>Pontio</span> <span class='ocrx_word' id='word_1_788' title='bbox 3226 4906 3423 4975; x_wconf 90' lang='lat' dir='ltr'>Pilato,</span> 
     </span>
    </p>
   </div>
   <div class='ocr_carea' id='block_1_109' title="bbox 1793 4999 3424 5076">
    <p class='ocr_par' dir='ltr' id='par_1_109' title="bbox 1793 4999 3424 5076">
     <span class='ocr_line' id='line_1_109' title="bbox 1793 4999 3424 5076; baseline -0.003 -17"><span class='ocrx_word' id='word_1_789' title='bbox 1793 5005 2066 5076; x_wconf 87' lang='lat' dir='ltr'>sepultus,</span> <span class='ocrx_word' id='word_1_790' title='bbox 2113 5003 2282 5057; x_wconf 89' lang='lat' dir='ltr'>tertia</span> <span class='ocrx_word' id='word_1_791' title='bbox 2316 5001 2406 5057; x_wconf 89' lang='lat' dir='ltr'>die</span> <span class='ocrx_word' id='word_1_792' title='bbox 2436 5000 2768 5056; x_wconf 89' lang='lat' dir='ltr'>resurrexit.</span> <span class='ocrx_word' id='word_1_793' title='bbox 2820 4999 3088 5055; x_wconf 85' lang='lat' dir='ltr'>Ascendit</span> <span class='ocrx_word' id='word_1_794' title='bbox 3128 4999 3189 5054; x_wconf 91' lang='lat' dir='ltr'>in</span> <span class='ocrx_word' id='word_1_795' title='bbox 3233 5001 3424 5069; x_wconf 70' lang='lat' dir='ltr'>caelos,</span> 
     </span>
    </p>
   </div>
   <div class='ocr_carea' id='block_1_110' title="bbox 1792 5092 3426 5166">
    <p class='ocr_par' dir='ltr' id='par_1_110' title="bbox 1792 5092 3426 5166">
     <span class='ocr_line' id='line_1_110' title="bbox 1792 5092 3426 5166; baseline -0.005 -12"><span class='ocrx_word' id='word_1_796' title='bbox 1792 5099 1952 5154; x_wconf 89' lang='lat' dir='ltr'>sedet</span> <span class='ocrx_word' id='word_1_797' title='bbox 1980 5098 2051 5152; x_wconf 90' lang='lat' dir='ltr'>ad</span> <span class='ocrx_word' id='word_1_798' title='bbox 2080 5098 2374 5152; x_wconf 83' lang='lat' dir='ltr'>dexteram</span> <span class='ocrx_word' id='word_1_799' title='bbox 2420 5095 2520 5149; x_wconf 91' lang='lat' dir='ltr'>Dei</span> <span class='ocrx_word' id='word_1_800' title='bbox 2563 5094 2763 5166; x_wconf 88' lang='lat' dir='ltr'>Patris,</span> <span class='ocrx_word' id='word_1_801' title='bbox 2809 5094 3022 5149; x_wconf 91' lang='lat' dir='ltr'>iterum</span> <span class='ocrx_word' id='word_1_802' title='bbox 3051 5098 3323 5148; x_wconf 91' lang='lat' dir='ltr'>venturus</span> <span class='ocrx_word' id='word_1_803' title='bbox 3365 5092 3426 5147; x_wconf 91' lang='lat' dir='ltr'>in</span> 
     </span>
    </p>
   </div>
   <div class='ocr_carea' id='block_1_111' title="bbox 1795 5188 3426 5264">
    <p class='ocr_par' dir='ltr' id='par_1_111' title="bbox 1795 5188 3426 5264">
     <span class='ocr_line' id='line_1_111' title="bbox 1795 5188 3426 5264; baseline -0.004 -17"><span class='ocrx_word' id='word_1_804' title='bbox 1795 5193 1978 5264; x_wconf 88' lang='lat' dir='ltr'>gloria</span> <span class='ocrx_word' id='word_1_805' title='bbox 1997 5191 2257 5263; x_wconf 90' lang='lat' dir='ltr'>judicare</span> <span class='ocrx_word' id='word_1_806' title='bbox 2300 5189 2453 5244; x_wconf 90' lang='lat' dir='ltr'>vivos</span> <span class='ocrx_word' id='word_1_807' title='bbox 2492 5191 2548 5243; x_wconf 91' lang='lat' dir='ltr'>et</span> <span class='ocrx_word' id='word_1_808' title='bbox 2577 5192 2852 5244; x_wconf 91' lang='lat' dir='ltr'>mortuos.</span> <span class='ocrx_word' id='word_1_809' title='bbox 2901 5188 3073 5259; x_wconf 88' lang='lat' dir='ltr'>Cujus</span> <span class='ocrx_word' id='word_1_810' title='bbox 3117 5188 3282 5259; x_wconf 87' lang='lat' dir='ltr'>regni</span> <span class='ocrx_word' id='word_1_811' title='bbox 3307 5203 3426 5242; x_wconf 86' lang='lat' dir='ltr'>non</span> 
     </span>
    </p>
   </div>
   <div class='ocr_carea' id='block_1_112' title="bbox 1793 5281 3422 5356">
    <p class='ocr_par' dir='ltr' id='par_1_112' title="bbox 1793 5281 3422 5356">
     <span class='ocr_line' id='line_1_112' title="bbox 1793 5281 3422 5356; baseline -0.006 -13"><span class='ocrx_word' id='word_1_812' title='bbox 1793 5287 1900 5343; x_wconf 91' lang='lat' dir='ltr'>erit</span> <span class='ocrx_word' id='word_1_813' title='bbox 1930 5286 2077 5353; x_wconf 89' lang='lat' dir='ltr'>ﬁnis,</span> <span class='ocrx_word' id='word_1_814' title='bbox 2111 5291 2168 5340; x_wconf 93' lang='lat' dir='ltr'>et</span> <span class='ocrx_word' id='word_1_815' title='bbox 2195 5285 2253 5338; x_wconf 89' lang='lat' dir='ltr'>in</span> <span class='ocrx_word' id='word_1_816' title='bbox 2283 5283 2557 5356; x_wconf 90' lang='lat' dir='ltr'>Spiritum</span> <span class='ocrx_word' id='word_1_817' title='bbox 2586 5283 2893 5337; x_wconf 90' lang='lat' dir='ltr'>Dominum</span> <span class='ocrx_word' id='word_1_818' title='bbox 2931 5287 2989 5338; x_wconf 89' lang='lat' dir='ltr'>et</span> <span class='ocrx_word' id='word_1_819' title='bbox 3027 5281 3422 5347; x_wconf 88' lang='lat' dir='ltr'>viviﬁcantem,</span> 
     </span>
    </p>
   </div>
   <div class='ocr_carea' id='block_1_113' title="bbox 1794 5374 3425 5451">
    <p class='ocr_par' dir='ltr' id='par_1_113' title="bbox 1794 5374 3425 5451">
     <span class='ocr_line' id='line_1_113' title="bbox 1794 5374 3425 5451; baseline -0.007 -14"><span class='ocrx_word' id='word_1_820' title='bbox 1794 5399 1860 5438; x_wconf 84' lang='lat' dir='ltr'>ex</span> <span class='ocrx_word' id='word_1_821' title='bbox 1889 5383 2051 5436; x_wconf 90' lang='lat' dir='ltr'>Patre</span> <span class='ocrx_word' id='word_1_822' title='bbox 2078 5379 2497 5451; x_wconf 88' lang='lat' dir='ltr'>procedentem,</span> <span class='ocrx_word' id='word_1_823' title='bbox 2531 5394 2662 5433; x_wconf 92' lang='lat' dir='ltr'>cum</span> <span class='ocrx_word' id='word_1_824' title='bbox 2689 5379 2852 5432; x_wconf 89' lang='lat' dir='ltr'>Patre</span> <span class='ocrx_word' id='word_1_825' title='bbox 2895 5380 2952 5432; x_wconf 88' lang='lat' dir='ltr'>et</span> <span class='ocrx_word' id='word_1_826' title='bbox 3003 5375 3142 5429; x_wconf 86' lang='lat' dir='ltr'>Filio</span> <span class='ocrx_word' id='word_1_827' title='bbox 3177 5374 3425 5428; x_wconf 85' lang='lat' dir='ltr'>adoran-</span> 
     </span>
    </p>
   </div>
   <div class='ocr_carea' id='block_1_114' title="bbox 1794 5465 3430 5546">
    <p class='ocr_par' dir='ltr' id='par_1_114' title="bbox 1794 5465 3430 5546">
     <span class='ocr_line' id='line_1_114' title="bbox 1794 5465 3430 5546; baseline -0.007 -16"><span class='ocrx_word' id='word_1_828' title='bbox 1794 5477 1931 5532; x_wconf 91' lang='lat' dir='ltr'>dum</span> <span class='ocrx_word' id='word_1_829' title='bbox 1963 5479 2021 5529; x_wconf 90' lang='lat' dir='ltr'>et</span> <span class='ocrx_word' id='word_1_830' title='bbox 2047 5473 2498 5546; x_wconf 89' lang='lat' dir='ltr'>gloriﬁcandum,</span> <span class='ocrx_word' id='word_1_831' title='bbox 2528 5472 2628 5544; x_wconf 89' lang='lat' dir='ltr'>qui</span> <span class='ocrx_word' id='word_1_832' title='bbox 2656 5471 2878 5526; x_wconf 89' lang='lat' dir='ltr'>locutus</span> <span class='ocrx_word' id='word_1_833' title='bbox 2923 5471 3008 5524; x_wconf 89' lang='lat' dir='ltr'>est</span> <span class='ocrx_word' id='word_1_834' title='bbox 3045 5484 3148 5539; x_wconf 91' lang='lat' dir='ltr'>per</span> <span class='ocrx_word' id='word_1_835' title='bbox 3184 5465 3430 5538; x_wconf 86' lang='lat' dir='ltr'>prophe-</span> 
     </span>
    </p>
   </div>
   <div class='ocr_carea' id='block_1_115' title="bbox 1794 5559 3428 5638">
    <p class='ocr_par' dir='ltr' id='par_1_115' title="bbox 1794 5559 3428 5638">
     <span class='ocr_line' id='line_1_115' title="bbox 1794 5559 3428 5638; baseline -0.007 -13"><span class='ocrx_word' id='word_1_836' title='bbox 1794 5575 1898 5638; x_wconf 89' lang='lat' dir='ltr'>tas,</span> <span class='ocrx_word' id='word_1_837' title='bbox 1919 5585 2114 5635; x_wconf 91' lang='lat' dir='ltr'>unam,</span> <span class='ocrx_word' id='word_1_838' title='bbox 2129 5567 2469 5622; x_wconf 88' lang='lat' dir='ltr'>catholicam</span> <span class='ocrx_word' id='word_1_839' title='bbox 2492 5570 2548 5621; x_wconf 92' lang='lat' dir='ltr'>et</span> <span class='ocrx_word' id='word_1_840' title='bbox 2559 5563 2923 5638; x_wconf 89' lang='lat' dir='ltr'>apostolicam</span> <span class='ocrx_word' id='word_1_841' title='bbox 2945 5560 3272 5616; x_wconf 85' lang='lat' dir='ltr'>Ecclesiam.</span> <span class='ocrx_word' id='word_1_842' title='bbox 3289 5559 3428 5614; x_wconf 87' lang='lat' dir='ltr'>Cou-</span> 
     </span>
    </p>
   </div>
   <div class='ocr_carea' id='block_1_116' title="bbox 1794 5656 3427 5733">
    <p class='ocr_par' dir='ltr' id='par_1_116' title="bbox 1794 5656 3427 5733">
     <span class='ocr_line' id='line_1_116' title="bbox 1794 5656 3427 5733; baseline -0.006 -15"><span class='ocrx_word' id='word_1_843' title='bbox 1794 5665 1961 5719; x_wconf 91' lang='lat' dir='ltr'>ﬁteor</span> <span class='ocrx_word' id='word_1_844' title='bbox 1989 5678 2172 5716; x_wconf 91' lang='lat' dir='ltr'>unum</span> <span class='ocrx_word' id='word_1_845' title='bbox 2205 5661 2490 5733; x_wconf 88' lang='lat' dir='ltr'>baptisma</span> <span class='ocrx_word' id='word_1_846' title='bbox 2522 5660 2582 5714; x_wconf 92' lang='lat' dir='ltr'>in</span> <span class='ocrx_word' id='word_1_847' title='bbox 2608 5656 3004 5714; x_wconf 86' lang='lat' dir='ltr'>remissionem</span> <span class='ocrx_word' id='word_1_848' title='bbox 3039 5658 3427 5726; x_wconf 90' lang='lat' dir='ltr'>peccatorum.</span> 
     </span>
    </p>
   </div>
   <div class='ocr_carea' id='block_1_117' title="bbox 1795 5746 3432 5830">
    <p class='ocr_par' dir='ltr' id='par_1_117' title="bbox 1795 5746 3432 5830">
     <span class='ocr_line' id='line_1_117' title="bbox 1795 5746 3432 5830; baseline -0.007 -17"><span class='ocrx_word' id='word_1_849' title='bbox 1795 5759 2197 5830; x_wconf 87' lang='lat' dir='ltr'>Exspectamus</span> <span class='ocrx_word' id='word_1_850' title='bbox 2228 5753 2705 5811; x_wconf 89' lang='lat' dir='ltr'>resurrectionem</span> <span class='ocrx_word' id='word_1_851' title='bbox 2733 5753 3108 5818; x_wconf 87' lang='lat' dir='ltr'>mortuorum,</span> <span class='ocrx_word' id='word_1_852' title='bbox 3144 5746 3316 5802; x_wconf 89' lang='lat' dir='ltr'>vitam</span> <span class='ocrx_word' id='word_1_853' title='bbox 3341 5747 3432 5803; x_wconf 83' lang='lat' dir='ltr'>fu-</span> 
     </span>
    </p>
   </div>
   <div class='ocr_carea' id='block_1_118' title="bbox 1799 5849 2390 5908">
    <p class='ocr_par' dir='ltr' id='par_1_118' title="bbox 1799 5849 2390 5908">
     <span class='ocr_line' id='line_1_118' title="bbox 1799 5849 2390 5908; baseline -0.002 -1"><span class='ocrx_word' id='word_1_854' title='bbox 1799 5851 1914 5908; x_wconf 89' lang='lat' dir='ltr'>turi</span> <span class='ocrx_word' id='word_1_855' title='bbox 1943 5849 2155 5907; x_wconf 67' lang='lat' dir='ltr'>saaculi.</span> <span class='ocrx_word' id='word_1_856' title='bbox 2189 5853 2390 5906; x_wconf 89' lang='lat' dir='ltr'>Amen.</span> 
     </span>
    </p>
   </div>
   <div class='ocr_carea' id='block_1_119' title="bbox 3048 5951 3075 5964">
    <p class='ocr_par' dir='ltr' id='par_1_119' title="bbox 3048 5951 3075 5964">
     <span class='ocr_line' id='line_1_119' title="bbox 3048 5951 3075 5964; baseline 0 0"><span class='ocrx_word' id='word_1_857' title='bbox 3048 5951 3075 5964; x_wconf 68' lang='grc' dir='ltr'>υ</span> 
     </span>
    </p>
   </div>
   <div class='ocr_carea' id='block_1_120' title="bbox 3011 5948 3080 6006">
    <p class='ocr_par' dir='ltr' id='par_1_120' title="bbox 3011 5948 3080 6006">
     <span class='ocr_line' id='line_1_120' title="bbox 3011 5948 3080 6006; baseline 0.014 -1"><span class='ocrx_word' id='word_1_858' title='bbox 3011 5948 3080 6006; x_wconf 78' lang='grc' dir='ltr'><em>Ιῦ</em></span> 
     </span>
    </p>
   </div>
  </div>
