3964 6178
584 318 674 377 iiii
1474 314 1756 374 Al’l’lﬁND.
1797 318 1882 371 AD
1921 314 2079 371 S.~F.C.
2126 315 2209 369 lX.
2241 346 2306 353 ——
2349 310 2585 369 lSlDHlll
2627 311 3050 371 MERCATORIS
3756 316 3825 379 333

582 432 867 488 Tractatus
893 426 1336 482 Chalcedonensis
1372 427 1602 481 concilii.
1644 426 1974 495 Subscm'ptz’o
2000 426 2201 494 cpisco-
2227 438 2285 509 Α
2305 423 2620 509 versionem
2650 440 2851 479 omnes
2876 422 3264 494 Hispaniarum
3291 424 3344 478 et
3372 421 3611 479 Callaecia:
3634 428 3825 483 εοεὶεδῖςιλ-

1279 514 1500 569 porum-
2227 496 2285 509 ’³
2308 496 2455 571 hand
2481 517 2741 589 regulam
2767 520 3013 584 servent,
3046 517 3205 571 omni
3230 516 3467 572 sacriﬁcii
3493 522 3710 590 tempore
3732 529 3828 578 ante

649 617 961 673 Suﬁ'ecerat
990 615 1219 688 quidem
1251 614 1320 668 ad
1360 613 1758 685 plenissimam
1789 611 2014 684 pietatis
2043 610 2205 683 agni-
2307 611 2878 666 communicationem
2895 611 3147 683 corporis
3165 610 3363 667 Christi
3383 614 3435 665 et
3453 612 3705 683 sanguinis
3712 616 3831 685 juxta

576 712 790 765 tionem
818 715 875 764 et
900 707 1388 764 conﬁrmationem
1435 706 1827 761 cautissimum
1862 705 1966 759 hoc
2003 703 2208 759 divinae
2308 704 2669 760 orientalium
2697 705 2947 776 partium
2976 721 3199 760 morem
3245 704 3565 759 unanimiter
3594 707 3717 762 clara
3736 726 3831 763 voce

575 805 771 875 gratiae
816 802 1163 875 symbolum,
1211 805 1277 856 ut
1315 817 1506 873 supra.
1543 800 1875 855 Anastasius
1904 798 1964 853 in
2002 797 2207 854 Christi
2307 799 2755 853 sacratissimum
2800 798 2935 854 ﬁdei
2978 801 3309 853 recenseant
3344 798 3648 870 symbolum,
3678 806 3728 856 ut
3757 804 3835 872 pri-

577 899 809 953 nomine
853 896 1150 968 episcopus
1196 894 1677 949 anathematizans
1717 892 1980 948 haeresim
2016 890 2207 948 Ariani
2306 910 2468 948 mum
2500 893 2694 965 populi
2728 909 2898 964 quam
2925 893 3319 948 credulitatem
3346 895 3578 959 teneant,
3598 893 3834 965 fateantur,

576 990 862 1063 dogmatis
893 988 1155 1060 superius
1183 989 1542 1056 damnatam,
1570 987 1745 1042 ﬁdem
1775 987 1921 1041 hanc
1952 990 2207 1039 sanctam
2309 990 2368 1040 et
2396 987 2475 1041 sic
2502 986 2677 1041 corda
2703 986 2815 1042 ﬁde
2845 986 3140 1059 puriﬁcata
3170 984 3241 1041 ad
3266 985 3459 1042 Christi
3483 1003 3663 1058 corpus
3685 990 3835 1042 etsen-

576 1083 916 1139 catholicam
948 1099 1123 1153 quam
1151 1081 1212 1136 in
1242 1081 1480 1135 Ecclesia
1507 1081 1782 1135 catholica
1816 1078 2050 1133 veniens
2084 1094 2205 1131 cre-
2310 1081 2541 1151 guinem
2589 1080 3017 1153 percipiendum
3061 1080 3379 1135 exhibeant.
3427 1080 3559 1134 Dum
3593 1079 3722 1135 enim
3750 1082 3836 1135 haec

578 1178 713 1247 didi,
756 1193 933 1231 manu
978 1193 1105 1230 mea
1131 1176 1201 1230 de
1228 1180 1345 1229 toto
1375 1174 1545 1229 corde
1570 1173 1895 1245 subscripsi.
1925 1172 2119 1226 Murila
2147 1171 2209 1225 in
2307 1174 2635 1229 constitutio
2655 1174 2828 1229 fuerit
2842 1173 3170 1245 perenniter
3196 1177 3504 1228 conservata
3532 1173 3583 1227 in
3606 1173 3836 1228 DeiEccle-

577 1269 780 1325 Christi
809 1269 1042 1325 nomine
1088 1269 1387 1341 episcopus
1424 1268 1911 1322 anathematizans
1944 1265 2207 1320 haeresim
2308 1268 2409 1335 sia,
2438 1272 2495 1321 et
2527 1268 2779 1323 ﬁdelium
2807 1285 2876 1322 ex
2908 1266 3283 1322 sollicitudine
3309 1263 3673 1322 corroboratur
3692 1268 3837 1321 credu-

580 1363 775 1420 Ariani
806 1362 1112 1434 dogmatis,
1159 1367 1223 1417 ut
1272 1378 1461 1433 supra.
1514 1361 1852 1431 Vuiligiscus
1900 1359 1958 1412 in
2002 1357 2207 1412 Christi
2309 1361 2432 1415 litas
2458 1365 2513 1416 et
2538 1361 2777 1433 perﬁdia
2820 1360 3139 1416 inﬁdelium
3169 1361 3441 1415 concitata
3465 1359 3531 1413 ad
3559 1360 3608 1415 id
3632 1360 3752 1431 quod
3773 1378 3836 1414 re-

583 1459 814 1512 nomine
864 1456 1161 1528 episcopus
1211 1455 1542 1510 anathema.
1590 1453 1849 1509 Sumnila
1893 1452 1951 1506 in
2003 1451 2209 1507 Christi
2308 1454 2547 1525 petitum
2576 1454 2782 1526 saepius
2811 1454 3169 1526 recognoscit
3195 1454 3327 1525 quid
3360 1452 3611 1508 catholica
3634 1456 3781 1508 teneat
3803 1460 3839 1507 et

581 1552 816 1606 nomine
861 1550 1161 1621 episcopus
1188 1549 1516 1603 anathema.
1545 1547 1865 1618 Cardingus
1905 1546 1964 1600 in
2001 1544 2211 1600 Christi
2309 1548 2497 1603 credat
2524 1548 2783 1603 Ecclesia.
2813 1548 3087 1603 Omnibus
3124 1565 3262 1619 ergo
3293 1546 3540 1618 capitulis
3572 1563 3680 1617 quae
3703 1546 3838 1600 adhuc

581 1645 814 1701 nomine
842 1644 1140 1715 episcopus
1170 1642 1407 1697 civitatis
1432 1641 1707 1697 Tudensis
1728 1640 2052 1695 anathema.
2083 1640 2211 1693 Bec—
2307 1658 2413 1714 per
2439 1646 2686 1697 vestram
2732 1641 3089 1697 sanctitatem
3117 1642 3330 1712 regulis
3354 1638 3705 1696 ecclesiasticis
3739 1639 3841 1709 adji-

582 1741 687 1794 cila
734 1738 795 1793 in
845 1737 1052 1793 Christi
1103 1736 1336 1791 nomine
1367 1734 1658 1806 episcopus
1686 1734 1923 1789 civitatis
1946 1732 2210 1787 Lucensis
2309 1735 2508 1791 cienda
2534 1740 2667 1791 sunt
2692 1736 2801 1790 hoc
2829 1752 2933 1807 pro
2978 1734 3115 1790 ﬁdei
3144 1739 3352 1789 sancta:
3379 1734 3668 1790 reverentia
3702 1736 3746 1786 et
3778 1732 3841 1785 llr-

582 1832 908 1887 anathcma.
940 1830 1199 1885 Arbitrus
1224 1830 1283 1883 in
1313 1827 1520 1883 Christi
1550 1828 1783 1883 nomine
1815 1827 2111 1899 episcopus
2136 1825 2209 1880 ci-
2228 1819 2283 1891 B
2307 1829 2505 1884 mitate
2531 1829 2849 1901 proponite,
2879 1828 3031 1901 quod
3067 1828 3139 1884 de
3168 1828 3501 1901 proferendo
3525 1814 3741 1900 symbolo
3770 1841 3843 1879 no-

581 1924 760 1981 vitatis
790 1923 1201 1980 Portucalensis
1230 1922 1558 1978 anathema.
1604 1921 1886 1977 Eruiscius
1915 1920 1973 1975 in
2003 1919 2209 1976 Christi
2308 1929 2423 1977 stra
2451 1923 2565 1977 Deo
2587 1923 2820 1977 docente
2839 1922 3090 1978 decrevit
3112 1922 3398 1978 serenitas.
3419 1922 3491 1977 De
3510 1924 3691 1977 caetero
3707 1923 3843 1974 autem

580 2020 812 2075 nomine
841 2018 1140 2090 episcopus
1184 2016 1424 2071 civitatis
1466 2016 1856 2071 Desercosanae
1885 2015 2205 2069 anathema.
2306 2016 2679 2089 prohibendis
2706 2015 3073 2071 insolentium
3101 2016 3358 2071 moribus
3386 2014 3587 2071 mediat
3610 2013 3737 2068 vobis
3758 2029 3845 2066 con-

580 2112 853 2168 Similiter
872 2116 929 2166 et
956 2110 1166 2183 reliqui
1194 2109 1243 2182 1
1258 2108 1384 2183 09
1413 2108 1748 2182 presbyteri,
1773 2114 1830 2163 et
1853 2109 2119 2164 diacones
2139 2124 2208 2163 ex
2309 2110 2587 2165 sentiente
2607 2109 2911 2165 clementia
2934 2109 3230 2165 sententiis
3254 2107 3548 2164 terminate
3571 2104 3843 2161 districtiori-

581 2205 784 2261 haeresi
804 2205 1009 2259 Ariana
1027 2204 1281 2259 conversi
1309 2202 1782 2274 subscripserunt.
1805 2202 2045 2274 Signum
2070 2202 2207 2256 Gus-
2308 2203 2414 2258 bus
2427 2207 2482 2258 et
2496 2204 2662 2258 ﬁrma
2676 2203 2972 2275 disciplina
2981 2220 3095 2276 qua
3108 2202 3372 2258 facienda
3382 2218 3493 2257 non
3507 2204 3642 2269 sunt,
3654 2198 3847 2271 prohibe-

579 2300 686 2355 sini
701 2297 1051 2353 viriillustris
1063 2296 1330 2368 proceris;
1350 2296 1534 2351 Fonsa
1553 2295 2062 2350 virillustrissimus
2077 2312 2209 2350 ana—
2308 2303 2363 2353 te
2387 2300 2445 2351 et
2466 2314 2595 2369 quae
2613 2298 2735 2353 ﬁeri
2754 2297 2963 2353 debent
2976 2297 3256 2352 immobili
3275 2295 3654 2351 constitutione
3667 2294 3845 2347 ﬁrmate.

578 2392 948 2451 thematizans
972 2390 1296 2462 subscripsi.
1325 2389 1499 2444 Afrila
1525 2389 1609 2443 vir
1632 2388 2041 2444 illustrissimus
2070 2405 2209 2443 ana-

982 2444 1305 2555 subscripsi.
1338 2482 1501 2537 Abila
1530 2483 1615 2537 vir
1634 2482 2040 2538 illustrissimus
2067 2500 2207 2538 ana-
2592 2446 2872 2516 Incipiunt
2902 2445 3149 2515 capitula
3168 2445 3405 2515 ejusdem
3427 2444 3635 2500 concilii

577 2580 952 2638 thematizans
982 2577 1307 2649 subscripsi.
1346 2576 1496 2632 Flavi
1526 2576 1613 2631 vir
1643 2576 2052 2631 illustrissimus
2074 2576 2207 2631 sub-
2385 2584 2432 2635 t.
2447 2578 2901 2635 Utconciliorum
2919 2581 3127 2635 statuta
3147 2584 3205 2634 et
3220 2580 3523 2651 praesulum
3547 2578 3847 2633 Romanorum

577 2675 794 2747 scripsi.
828 2672 1101 2730 Similiter
1127 2676 1184 2728 et
1212 2688 1412 2727 omnes
1444 2670 1699 2727 seniores
1728 2671 2046 2727 Gothorum
2073 2671 2207 2726 sub-
2311 2673 2537 2729 decreta
2563 2673 2985 2729 custodiantun

576 2769 943 2842 scripserunt.
2380 2771 2431 2822 2.
2460 2769 2526 2824 Ut
2552 2766 2611 2822 in
2639 2767 2906 2823 omnibus
2923 2766 3172 2823 ecclesiis
3192 2767 3288 2823 die
3308 2766 3588 2822 Dominica
3608 2761 3851 2837 symbolum

649 2865 780 2919 Post
804 2860 1215 2917 confessionem
1235 2876 1373 2931 ergo
1387 2863 1442 2915 et
1460 2856 1935 2931 subscriptionem
1952 2857 2209 2913 omnium
2311 2861 2601 2918 recitetur.

579 2956 999 3029 episcoporum,
1043 2955 1101 3010 et
1144 2952 1315 3008 totius
1359 2952 1544 3024 gentis
1592 2951 1841 3008 Gothicae
1896 2952 2205 3021 seniorum,
2381 2959 2432 3012 3.
2466 2955 2538 3010 Ut
2581 2972 2653 3010 ne
2694 2955 2821 3028 quis
2876 2958 3035 3010 extra
3084 2955 3480 3011 necessitatem
3527 2970 3636 3009 rem
3673 2946 3851 3006 ecclesia

582 3047 1019 3123 gloriosissimus
1045 3046 1310 3102 dominus
1342 3050 1538 3102 noster
1566 3046 1915 3125 lleccaredus
1952 3063 2072 3113 rex,
2104 3063 2208 3118 pro
2308 3049 2535 3106 alienet.

579 3142 847 3218 parandis
871 3141 1037 3197 simul
1073 3145 1129 3196 et
1157 3140 1562 3196 conﬁrmandis
1587 3139 1899 3212 disciplinae
1925 3140 2211 3196 ecclesias-
2232 3195 2281 3218 η
2380 3146 2433 3200 4.
2466 3146 2535 3199 Ut
2566 3145 2730 3200 liceat
2754 3145 3019 3216 episcopo
3041 3161 3217 3198 unam
3247 3160 3318 3199 ex
3342 3142 3609 3216 parochiis
3640 3136 3850 3194 basilicam

582 3238 704 3294 lica:
736 3235 988 3292 moribus
1004 3235 1106 3291 Dei
1125 3235 1445 3290 sacerdotes
1463 3234 1653 3289 taliter
1665 3234 1865 3289 aﬁ'atus
1880 3239 1965 3289 est
1980 3234 2171 3289 dicens
2191 3251 2204 3290 :
2230 3234 2284 3269 υ
2310 3238 2725 3295 monasterium
2753 3239 2960 3293 facere.

580 3330 755 3403 Regia
779 3347 913 3385 cura
941 3346 1119 3402 usque
1153 3328 1210 3383 in
1244 3345 1376 3383 eum
1404 3328 1640 3383 modum
1669 3327 1930 3400 protendi
1952 3327 2123 3383 debet
2152 3332 2210 3383 et
2381 3338 2433 3389 5.
2461 3334 2529 3389 Ut
2558 3332 2876 3388 sacerdotes
2907 3335 2963 3387 et
2986 3332 3171 3387 levita;
3202 3350 3336 3388 cum
3365 3330 3624 3388 uxoribus
3659 3327 3752 3384 suis
3780 3337 3853 3379 non

578 3424 747 3497 dirigi
777 3439 1072 3496 quousque
1094 3423 1328 3495 plenam
1349 3421 1670 3477 constiterit
1687 3420 1869 3476 aetatis
1888 3425 1947 3475 et
1962 3421 2210 3477 scientiae
2306 3428 2516 3483 vivant.

578 3534 780 3591 capere
824 3517 1128 3572 rationem.
1169 3517 1310 3571 Nam
1340 3516 1483 3571 sicut
1506 3514 1566 3570 in
1597 3515 1768 3570 rebus
1792 3515 2059 3570 humanis
2084 3515 2204 3587 glo-
2380 3526 2431 3578 6.
2461 3522 2530 3577 Ut
2559 3535 2752 3577 servus
2782 3520 3033 3577 ecclesia:
3078 3519 3150 3576 ab
3201 3520 3467 3594 episcopo
3496 3515 3811 3574 manumissus
3836 3524 3856 3561 a

576 3612 783 3668 riosius
813 3610 1030 3667 eminet
1057 3614 1304 3682 potestas
1346 3608 1524 3681 regia,
1570 3608 1651 3663 ita
1692 3612 1750 3663 et
1793 3609 2208 3681 prospicienda:
2309 3615 2655 3690 patrimonio
2682 3616 2930 3672 ecclesiae
2968 3633 3263 3689 nunquam
3295 3615 3539 3680 recedat,
3568 3617 3619 3667 et
3644 3616 3697 3665 ut
3720 3602 3852 3661 liberti

576 3704 966 3763 commoditati
989 3703 1548 3776 comprovincialium
1584 3703 1768 3774 major
1809 3704 1979 3759 debet
2007 3720 2127 3759 esse
2154 3709 2210 3759 et
2310 3711 2552 3767 aliorum
2578 3712 2649 3766 ab
2670 3710 2932 3783 episcopo
2960 3710 3368 3766 defendantur.

576 3798 1055 3873 providentia.'Ac
1084 3813 1255 3865 nunc,
1281 3795 1591 3852 beatissimi
1637 3796 1975 3867 sacerdotes,
2001 3813 2120 3853 non
2148 3797 2207 3852 in
2379 3811 2432 3861 7,
2479 3806 2549 3861 Ut
2592 3805 2666 3860 ad
2714 3821 2970 3862 mensam
3002 3803 3254 3877 episcOpi
3286 3803 3583 3876 Scriptura:
3605 3797 3772 3854 divinae
3800 3790 3854 3843 le-

578 3895 658 3949 eis
687 3892 1086 3949 tantummodo
1135 3891 1308 3947 rebus
1354 3890 1731 3946 diffundimus
1772 3891 2059 3947 solertiam
2100 3909 2207 3947 no-
2311 3905 2540 3971 genter,

578 3992 775 4056 stram,
803 3985 1010 4075 quibus
1040 3984 1237 4057 populi
1267 3983 1371 4039 sub
1402 3989 1595 4040 nostro
1616 3983 1899 4056 regimine
1918 3984 2086 4056 positi
2106 4002 2207 4057 pa-
2381 3996 2433 4049 8.
2449 3994 2521 4049 Ut
2540 3992 2725 4049 clerici
2742 3992 2812 4048 de
2824 3990 3042 4048 familia
3053 3991 3215 4047 ﬁscia
3228 3990 3488 4063 principe
3504 4004 3611 4045 non
3625 3981 3854 4040 donentur.

578 4073 863 4137 catissime
892 4079 1290 4151 gubernentur
1309 4081 1365 4133 et
1393 4078 1604 4145 vivant,
1638 4078 1738 4132 sed
1771 4077 1943 4132 etiam
1977 4078 2036 4132 in
2054 4079 2211 4149 adju-
2381 4090 2434 4143 9,
2462 4089 2534 4142 Ut
2557 4086 2805 4143 ecclesiae
2846 4086 3191 4142 Arianorum
3242 4085 3319 4141 ad
3354 4083 3674 4141 catholicum
3698 4073 3855 4147 episco-

577 4174 720 4230 torio
749 4173 954 4230 Christi
982 4172 1340 4227 extendimus
1355 4188 1460 4226 nos
1484 4171 1555 4226 ad
1578 4187 1644 4226 ea
1664 4187 1792 4243 qum
1813 4175 1946 4226 sunt
1964 4172 2212 4228 coelestia
2310 4199 2468 4256 pum,
2499 4182 2556 4236 in
2583 4182 2741 4253 cujus
2766 4180 2996 4237 dioecesi
3022 4183 3155 4236 sunt
3182 4181 3581 4252 permaneant.

579 4267 924 4340 excogitare,
944 4268 1001 4321 et
1018 4281 1132 4336 quo
1150 4265 1388 4336 populos
1406 4264 1603 4319 ﬁdeles
1624 4263 1871 4319 efﬁciant
1898 4266 2211 4337 satagimus
2386 4279 2470 4332 to,
2501 4277 2570 4332 Ut
2593 4275 2777 4331 viduis
2805 4292 2909 4348 ριιο
2938 4275 3189 4330 castitate
3215 4273 3539 4330 violentiam
3575 4266 3736 4324 nullus
3756 4256 3853 4315 inle-

580 4379 694 4418 non
725 4360 965 4416 nescire.
996 4359 1280 4413 Caeterum
1310 4356 1355 4413 si
1399 4357 1528 4413 totis
1558 4358 1858 4414 nitendum
1889 4363 1973 4415 est
2000 4360 2213 4416 viribus
2311 4377 2417 4439 rat,
2449 4375 2505 4425 et
2534 4372 2600 4424 ut
2626 4369 2833 4425 mulier
2856 4368 3031 4424 invita
3051 4367 3233 4423 virum
3255 4385 3377 4424 non
3400 4368 3580 4425 ducat.

578 4453 849 4511 humanis
895 4452 1152 4509 moribus
1199 4452 1438 4507 modum
1484 4467 1697 4524 ponere
1747 4456 1805 4508 et
1846 4453 2211 4510 insolentium
2387 4467 2469 4519 Η,
2503 4465 2572 4519 Ut
2597 4469 2796 4535 potens
2820 4462 3209 4536 paenitentiam
3243 4466 3398 4535 agat,

575 4551 790 4607 rabiem
843 4547 1002 4621 regia
1044 4549 1322 4620 potestate
1367 4545 1680 4617 refrenare,
1711 4546 1760 4602 si
1796 4548 1975 4619 quieti
2005 4554 2060 4605 et
2083 4550 2289 4647 paciD
2389 4562 2472 4613 t2.
2512 4559 2590 4612 De
2631 4557 2719 4612 his
2746 4558 2845 4630 qui
2890 4556 3284 4630 paenitentiam
3330 4555 3571 4628 poscunt
3612 4549 3651 4605 si
3692 4545 3759 4599 vir
3789 4540 3856 4601 est,

577 4643 993 4717 propagandae,
1052 4658 1223 4715 opem
1278 4640 1552 4697 debemus
1610 4640 1971 4714 impendere,
2031 4640 2278 4699 multo’
2312 4652 2467 4724 prius
2496 4652 2818 4720 tondeatur,
2851 4652 2897 4707 si
2925 4652 3134 4707 femina
3163 4651 3319 4723 prius
3348 4650 3603 4705 habitum
3631 4640 3793 4699 mutet.

579 4739 765 4811 magis
780 4741 867 4793 est
879 4735 1205 4793 adhibenda
1218 4735 1539 4792 sollicitudo
1553 4734 1876 4791 desiderare
1892 4738 2211 4810 etcogitare
2386 4749 2470 4801 t3.
2497 4747 2567 4801 Ut
2596 4746 2787 4801 clerici
2812 4746 2911 4819 qui
2940 4746 3235 4801 saeculares
3262 4744 3489 4815 judices
3515 4734 3772 4812 appetunt,
3793 4739 3858 4779 ei-

579 4832 788 4901 divina,
820 4831 1040 4888 inhiare
1090 4832 1161 4887 ad
1209 4830 1478 4886 sublimia
1524 4835 1581 4887 et
1618 4830 1688 4885 ab
1734 4847 1928 4887 errore
1955 4832 2212 4888 retractis
2311 4840 2829 4897 communicentur,

576 4926 803 5001 populis
828 4925 1127 4981 veritatem
1176 4924 1258 4980 eis
1311 4940 1523 4980 serente
1569 4924 1711 4980 lucis
1760 4926 2082 4982 ostendere.
2124 4927 2211 4983 Sic
2387 4936 2471 4990 14,
2503 4936 2577 4990 De
2605 4934 2835 4990 Judzeis.

579 5021 734 5077 enim
745 5019 865 5092 agit
876 5019 974 5092 qui
990 5017 1383 5091 multipliciter
1397 5036 1431 5074 a
1444 5019 1561 5074 Deo
1576 5020 1933 5075 remunerari
1945 5019 2208 5077 intendit.
2384 5034 2448 5085 15
2458 5071 2470 5084 ,
2496 5030 2566 5085 Ut
2596 5028 2740 5085 servi
2767 5026 2887 5083 ﬁsci
2907 5026 3007 5100 qui
3027 5026 3322 5082 ecclesiam
3354 5019 3692 5083 construunt,
3706 5006 3861 5068 eisdem

579 5116 671 5173 Sic
700 5115 853 5171 enim
877 5113 1037 5168 audit
1064 5112 1160 5185 qui
1190 5128 1362 5183 super
1381 5112 1440 5167 id
1463 5112 1617 5184 quod
1645 5113 1697 5168 ei
1723 5114 2096 5171 committitur
2117 5132 2211 5171 au-
2312 5123 2505 5179 dotem
2536 5123 2764 5178 faciant.

580 5213 693 5283 get,
717 5209 853 5264 dum
870 5207 953 5263 illi
971 5206 1180 5262 dicitur
1199 5224 1212 5261 :
1233 5205 1521 5279 Quidquid
1549 5208 2061 5281 supererogaveris,
2078 5226 2207 5283 ego,
2387 5221 2468 5273 l6.
2500 5218 2568 5273 Ut
2594 5216 2847 5290 episcopi
2873 5233 3003 5272 cum
3017 5215 3331 5287 judicimus
3358 5213 3509 5268 idola
3538 5198 3805 5264 destruant,
3824 5190 3864 5240 ul

576 5323 710 5362 cum
756 5304 1001 5374 rediero,
1045 5302 1282 5357 reddam
1308 5302 1432 5357 tibi.
1462 5303 1611 5374 Ergo
1643 5304 1780 5375 quia
1798 5304 1919 5375 jam
1947 5304 2077 5361 ﬁdei
2105 5323 2207 5361 no-
2311 5311 2528 5367 domini
2559 5311 2933 5367 idololatriam
2965 5309 3141 5365 servis
3169 5307 3530 5380 prohibeant.

576 5405 709 5457 stra:
736 5404 793 5455 et
820 5395 1194 5454 confessionis
1219 5395 1462 5451 formam
1488 5397 1660 5468 plena
1680 5397 1821 5452 serie
1836 5400 2025 5453 vestra
2038 5399 2212 5455 beati-
2386 5407 2468 5458 l7.
2501 5404 2572 5457 Ut
2599 5401 2844 5474 episcopi
2870 5418 3001 5456 cum
3034 5399 3321 5471 judicihus
3355 5400 3640 5452 necatores
3677 5381 3864 5439 ﬁliomm

576 5495 713 5551 tudo
744 5490 1041 5560 recensuit,
1072 5490 1241 5545 simul
1269 5494 1326 5545 et
1351 5490 1728 5559 sacerdotum,
1761 5495 2208 5566 nostrorumque
2312 5496 2527 5553 acriore
2556 5496 2853 5568 disciplina
2876 5494 3207 5567 corripiant.

575 5604 877 5661 procerum
908 5586 1050 5642 ﬁdes
1075 5589 1246 5657 atque
1269 5584 1543 5640 confessio
1565 5586 1853 5641 sanctitati
1874 5592 2072 5642 vestra:
2085 5560 2212 5660 per-
2389 5594 2469 5646 18.
2498 5592 2567 5646 Ut
2597 5560 2770 5646 semel
2817 5589 2875 5644 in
2920 5560 3070 5644 anno
3113 5587 3364 5660 synodus
3407 5582 3523 5648 ﬁat,
3554 5583 3607 5633 et
3631 5560 3866 5646 judices?t

574 5683 761 5754 patuit
804 5683 909 5737 hoc
933 5698 966 5735 a
991 5680 1105 5735 Deo
1133 5680 1451 5735 necessario
1487 5696 1591 5753 pro
1621 5680 1889 5736 ﬁrmitate
1916 5682 2211 5738 catholica:
2314 5690 2529 5740 actores
2557 5685 2673 5739 ﬁsci
2705 5687 3013 5756 praesentes
3044 5683 3178 5737 sint.
3772 5750 3798 5758 υ

577 5750 705 5830 ﬁdei
720 5780 910 5829 nostra
921 5774 1035 5830 Deo
1048 5773 1286 5846 supplex
1303 5750 1594 5831 instita—ere
1616 5774 1868 5831 decrevit
1884 5776 2208 5850 auctoritas,
2390 5781 2471 5835 19.
2500 5780 2569 5835 Ut
2594 5750 2827 5835 ecclesia
2857 5794 2987 5834 cum
3014 5776 3181 5832 rebus
3207 5775 3327 5850 ejus
3348 5770 3421 5828 ad
3442 5760 3678 5844 episc0pi
3702 5750 3869 5813 ordiar

580 5872 639 5921 ut
667 5875 901 5941 propter
928 5868 1303 5925 roborandam
1335 5869 1519 5942 gentis
1544 5874 1753 5927 nostras
1774 5872 2053 5928 novellam
2084 5889 2213 5929 con-
2315 5871 2525 5929 tionem
2560 5871 2863 5949 pertineat.
