3964 6178
93 323 164 379 £33

1269 313 1738 372 DliCltETALll’ll
1779 315 2158 372 (IULLECTIU.

3272 319 3372 376 433's

139 436 210 484 ΞΟ.
237 429 292 482 t't
319 425 596 495 cpiscopus
625 421 890 494 angarias
922 426 1003 476 vel
1037 424 1377 478 indic-tiones
1409 425 1465 478 in
1499 426 1634 479 ἀίω·
1661 439 1719 509 Α
1740 425 2044 478 manifesta
2070 425 2137 477 sit
2167 431 2222 479 et
2267 426 2658 482 testimonium
2703 428 2926 494 habeat,
2963 434 3020 481 et
3060 427 3130 480 ad
3164 429 3374 483 tlln-isti

87 524 169 579 cesi
193 538 288 576 non
314 519 572 588 imponat.

135 621 202 670 2t.
230 615 289 668 Ut
312 628 418 666 non
443 611 606 665 liceat
622 611 910 681 judicibus
940 611 1172 665 clericos
1199 613 1286 666 vel
1327 628 1517 666 servos
1547 629 1638 666 ec-

84 710 222 765 clesia
242 708 291 761 in
320 706 425 759 suis
448 706 697 774 angariis
725 722 1023 776 occupare.

133 807 201 857 '22.
245 802 306 854 L't
341 799 731 870 religiosorum
776 815 1016 869 corpora
1068 800 1361 869 psallendo
1414 803 1638 854 tantum

85 896 387 952 deducantur.

134 993 202 1042 '23.
229 990 288 1042 Ut
311 987 364 1040 in
393 989 717 1040 sanctorum
742 986 1010 1040 natalitiis
1036 986 1410 1042 ballimathia
1441 987 1637 1058 prohi-

82 1084 286 1137 beantnr.

323 1173 653 1228 lNClPlUNT
691 1173 999 1229 DECRETA
1039 1174 1351 1231 CONCILll.

132 1271 233 1324 CAP.
277 1268 312 1322 Ι.
360 1268 487 1320 Post
533 1266 966 1322 damnationem
1021 1269 1250 1322 haresis
1294 1269 1534 1338 Ariana,
1583 1273 1642 1322 et

83 1363 179 1416 fidei
204 1364 386 1415 sancta
427 1360 713 1415 catholica
761 1361 1196 1431 expositionem,
1227 1363 1335 1416 hoc
1376 1367 1637 1417 sanctum

84 1456 292 1526 praecepit
315 1453 607 1507 concilium
633 1471 644 1507 :
665 1455 733 1508 Ut
753 1454 890 1524 quia
915 1472 948 1508 a
968 1456 1257 1509 nonnullis
1276 1456 1363 1509 vel
1387 1457 1636 1524 haresis,

84 1551 140 1602 vel
156 1548 442 1619 gentilitatis
473 1548 806 1601 necessitate
829 1565 933 1618 per
949 1548 1344 1619 Hispaniarum
1377 1550 1639 1604 ecclesias

84 1641 325 1696 ranonicns
353 1641 766 1712 praetermissus
810 1645 894 1695 est
942 1642 1102 1708 ordo,
1129 1643 1268 1697 dum
1315 1649 1370 1698 et
1413 1644 1640 1698 licentia

81 1736 328 1789 abundaret
350 1735 820 1804 transgrediendi,
855 1739 913 1788 et
945 1735 1253 1806 disciplina
1279 1737 1430 1807 optio
1459 1754 1636 1808 nega-

83 1833 210 1895 retur,
237 1829 357 1882 dum
385 1830 572 1882 omnis
601 1844 856 1882 excessus
894 1828 1122 1882 haresis
1167 1830 1506 1899 probaretur
1534 1848 1635 1901 pa-
1659 1812 1715 1883 Β

82 1922 278 1990 trocinio,
303 1928 354 1976 et
383 1921 736 1976 abundantia
780 1923 915 1976 mali
960 1924 1236 1993 temporis
1263 1925 1460 1994 procul
1493 1928 1641 1978 esset

81 2015 290 2070 districtio
333 2015 658 2087 disciplina.
689 2018 760 2070 At
789 2032 940 2070 nunc
984 2033 1121 2087 pace
1152 2017 1400 2072 ecclesia
1432 2017 1640 2074 Christi

83 2108 399 2163 misericordia
453 2114 738 2180 reparata,
785 2110 935 2180 quod
978 2111 1292 2180 priscorum
1348 2129 1635 2166 canonum

82 2203 322 2256 auctoritas
348 2203 634 2274 prohibet,
659 2203 731 2256 sit
757 2207 1092 2275 resurgente
1119 2204 1414 2276 disciplina
1436 2205 1640 2260 inhibi-

81 2299 427 2368 tum,etagatur
437 2313 609 2351 omne
628 2296 784 2368 quod
803 2297 1096 2368 pracepit,
1112 2305 1449 2369 permaneat
1464 2299 1522 2352 in
1537 2315 1639 2354 suo

82 2389 222 2458 vigore
236 2391 589 2445 conciliorum
613 2390 871 2445 omnium
893 2392 1195 2446 constituta
1213 2393 1381 2447 simul
1403 2398 1461 2448 et
1480 2410 1643 2464 syno-

80 2483 180 2535 dira
211 2491 508 2540 sanctorum
557 2485 869 2556 prasnlum
923 2487 1307 2540 Romanorum
1367 2487 1637 2558 epistola.

82 2575 224 2629 Nullus
239 2577 480 2650 deinceps
500 2579 571 2633 ad
600 2579 1011 2649 promerendos
1031 2580 1277 2634 honores
1305 2581 1640 2637 ecclesiasti-

82 2685 147 2721 cos
167 2677 330 2726 contra
354 2689 638 2727 canonum
669 2675 878 2727 statuta
919 2673 1132 2744 aspiret
1175 2673 1465 2744 indignus,
1499 2676 1642 2730 nihil

83 2778 128 2814 ex
163 2763 246 2818 hoc
284 2765 373 2820 ﬁat
414 2767 569 2837 quod
624 2767 796 2820 sancti
843 2768 1034 2821 Patres
1081 2767 1295 2837 Spiritu
1334 2769 1433 2822 Dei
1482 2769 1641 2840 pleni

83 2863 327 2912 sanxerunt
353 2860 554 2914 debere
585 2877 700 2913 non
731 2860 876 2929 fieri,
900 2865 954 2914 et
983 2860 1080 2931 qui
1110 2863 1534 2932 prasumpserit
1555 2879 1641 2917 se-

85 2951 257 3006 veritate
284 2953 530 3022 priorum
564 2970 852 3008 canonum
893 2953 1284 3025 distringatur.

136 3045 179 3096 ll.
198 3046 286 3099 Pro
305 3048 625 3102 reverentia
647 3051 703 3102 et
722 3047 1063 3102 exaltatione
1085 3047 1450 3103 sanctissima
1474 3051 1643 3119 atque

86 3137 527 3196 intemeratissima
556 3141 770 3196 Christi
786 3141 921 3195 ﬁdei
938 3146 1176 3212 propter
1195 3143 1644 3197 corroborandas

85 3236 121 3281 et
148 3232 412 3288 fulciendas
439 3236 750 3289 hominum
782 3235 1052 3290 invalidas
1082 3239 1319 3302 mentes,
1352 3253 1479 3307 qua
1526 3237 1640 3290 fre-

87 3331 267 3391 quenter
289 3329 487 3398 partim
519 3329 866 3401 ignorantia
896 3328 1029 3383 vitio
1058 3331 1188 3400 (quo
1217 3330 1545 3384 naturaliter
1574 3330 1644 3384 ab

86 3416 182 3485 ipsis
197 3421 301 3475 vita
324 3424 589 3494 auspiciis
618 3423 906 3478 nascimur
934 3423 1311 3494 obtenebrati)
1341 3441 1374 3478 a
1393 3424 1480 3478 via
1499 3424 1644 3478 veri-

86 3511 179 3565 tatis
193 3514 426 3570 aberrare
448 3519 664 3584 solent,
689 3518 898 3588 partim
917 3517 1262 3572 educationis
1283 3518 1499 3572 infelici
1521 3534 1644 3571 cor-

85 3607 246 3674 ruptela
260 3609 570 3681 depravata
592 3627 1008 3682 nonnunquam
1023 3611 1175 3682 quod
1194 3617 1346 3666 recta
1358 3611 1502 3666 ratio
1521 3628 1643 3666 mo-

87 3703 154 3751 net
177 3707 220 3755 et
240 3706 491 3760 naturalis
532 3706 705 3760 docet
742 3705 1064 3770 instinctus,
1097 3710 1155 3760 et
1198 3706 1357 3777 sequi
1403 3705 1649 3760 veritatis

86 3793 243 3858 paritas
264 3798 607 3867 exhortatur,
633 3815 744 3853 non
774 3799 894 3854 sine
925 3800 1085 3870 gravi
1117 3799 1330 3853 anima
1352 3799 1647 3870 dispendio

87 3884 388 3956 despicantur.
429 3894 570 3947 Hinc
610 3893 712 3946 ubi
754 3892 945 3946 anima
989 3893 1282 3947 rationalis
1328 3893 1519 3947 nobile
1548 3892 1649 3947 Dei

86 3979 246 4045 pluma
267 3992 316 4040 et
338 3988 639 4058 egregium
685 3987 990 4042 artificium
1018 3987 1388 4043 sanctissima
1413 3989 1651 4043 Trinita-

90 4071 135 4122 tis
150 4074 325 4132 habens
340 4080 394 4134 in
418 4098 475 4136 se
496 4081 740 4152 vestigia
761 4081 832 4135 ad
852 4081 934 4135 sui
960 4081 1245 4136 Creatoris
1266 4099 1523 4137 amorem
1546 4099 1652 4153 per

89 4180 226 4224 Veram
239 4172 668 4245 intelligentiam
680 4175 911 4230 deberet
922 4175 1130 4230 elevari
1146 4176 1486 4247 ignorantia
1502 4180 1652 4231 tene-

89 4257 169 4314 bris
202 4265 456 4338 obvoluta,
505 4270 580 4324 ad
633 4269 862 4324 haresis
901 4270 1241 4340 pravitatem
1285 4271 1526 4337 deﬂexa,
1565 4270 1652 4324 sui

89 4354 298 4414 Creatoris
317 4379 508 4418 verum
552 4363 776 4418 cultum
819 4363 1033 4418 deserit
1076 4363 1182 4418 diis
1224 4364 1423 4419 alienis
1469 4365 1651 4418 inser-

92 4446 219 4506 viens.
246 4455 327 4509 His
355 4456 528 4529 igitur
573 4458 954 4512 incommodis
1000 4458 1330 4512 occurrendi
1372 4475 1560 4524 causa,
1594 4463 1656 4513 ut

1665 3186 1718 3260 C

1740 536 1944 590 corpus
1974 525 2030 573 et
2056 520 2398 588 sanguinem
2423 522 2841 592 pralibandnm
2871 526 3099 592 pectora
3127 522 3368 593 populo-

1743 629 1872 667 rum
1901 613 2012 666 fide
2045 613 2338 683 purificata
2369 615 2659 670 accedant.

1813 708 1895 761 lll.
1936 708 2061 760 Hac
2101 712 2294 761 sancta
2350 710 2596 778 synodus
2647 710 2793 764 nulli
2851 710 3242 780 episcoporum
3303 710 3370 764 li-

1739 800 1982 854 centiam
2003 800 2203 854 tribuit
2229 817 2318 854 res
2337 802 2582 856 alienare
2615 803 2883 871 ecclesia,
2901 803 3168 874 quoniam
3195 809 3250 857 et
3267 819 3366 856 an-

1740 893 2080 964 tiquioribus
2115 895 2424 948 canonibus
2460 895 2568 950 hoc
2603 896 2956 967 prohibetur.
2988 896 3046 950 Si
3074 897 3209 968 quid
3241 913 3371 952 vero

1739 988 1888 1058 quod
1928 987 2234 1041 utilitatem
2271 1005 2387 1043 non
2430 995 2626 1060 gravet
2664 989 2914 1044 ecclesia
2953 1006 3057 1060 pro
3099 989 3365 1061 suffragio

1740 1082 2152 1136 monachorum
2184 1082 2269 1136 vel
2301 1083 2552 1136 ecclesiis
2583 1083 2655 1137 ad
2687 1101 2848 1137 suam
2878 1082 3204 1154 parochiam
3235 1100 3369 1154 per-

1739 1175 2045 1229 tinentium
2083 1175 2362 1243 dederint,
2383 1177 2616 1230 ﬁrmum
2650 1182 2901 1232 maneat.
2932 1177 3372 1248 Peregrinorum

1739 1270 1828 1323 vel
1855 1269 2188 1323 clericorum
2229 1275 2285 1323 et
2331 1286 2640 1340 egenorum
2692 1271 3016 1325 necessitati
3063 1270 3218 1324 salvo
3243 1270 3374 1340 jure

1741 1361 2000 1416 Ecclesia
2048 1368 2318 1433 prastare
2365 1364 2778 1434 permittuntur
2818 1381 2922 1435 pro
2965 1367 3219 1434 tempore
3245 1380 3374 1435 qua

1741 1459 2070 1526 potuerunt.

1814 1550 1898 1603 ιν.
1942 1549 1999 1603 Si
2043 1549 2338 1620 episcopus
2381 1567 2552 1605 unam
2597 1551 2666 1605 de
2721 1551 3083 1622 parochianis
3127 1550 3371 1606 ecclesiis

1741 1643 1855 1698 suis
1876 1643 2284 1697 monasterium
2312 1643 2497 1699 dicare
2519 1645 2784 1710 voluerit,
2801 1649 2863 1698 ut
2890 1645 2944 1698 in
2971 1662 3037 1698 ea
3056 1645 3368 1699 monacho-

1741 1754 1868 1791 rum
1901 1737 2241 1807 regulariter
2270 1737 2645 1808 congregatio
2671 1738 2839 1803 vivat,
2868 1738 2972 1792 hoc
2999 1737 3067 1792 de
3094 1755 3373 1793 consensu

1741 1830 1960 1885 concilii
1991 1830 2078 1884 sui
2105 1830 2313 1884 habeat
2344 1831 2629 1885 licentiam
2677 1831 2941 1897 faciendi,
2971 1831 3065 1902 qui
3108 1831 3276 1885 etiam
3324 1832 3372 1885 si

1741 1924 1811 1978 de
1843 1925 2012 1978 rebus
2037 1924 2285 1978 ecclesia
2313 1941 2416 1995 pro
2443 1941 2641 1978 eorum
2665 1925 2981 1978 substantia
3009 1925 3222 1996 aliquid
3259 1941 3371 1996 quo

1739 2017 2140 2072 detrimentam
2170 2017 2418 2071 ecclesia
2450 2035 2565 2072 non
2599 2018 2888 2087 exhibeat,
2924 2018 3108 2072 eidem
3136 2018 3259 2072 loco
3279 2019 3374 2072 do-

1741 2111 1974 2181 naverit,
2003 2112 2076 2166 sit
2120 2111 2336 2166 stabile.
2384 2111 2484 2166 Rei
2531 2111 2699 2166 bona
2752 2112 3067 2166 statuenda
3113 2116 3372 2166 sanctum

1740 2205 2038 2259 concilium
2071 2205 2170 2259 dat
2199 2222 2560 2259 consensum.

1812 2301 1872 2352 ν.
1888 2299 2259 2371 Compertum
2277 2303 2407 2353 esta
2425 2305 2619 2354 sancto
2637 2299 2897 2364 concilio,
2917 2298 3233 2369 episcoiios,
3251 2315 3377 2369 pre-

1741 2393 1993 2463 sbyteros
2029 2397 2085 2446 et
2125 2393 2412 2460 diaconos,
2444 2394 2740 2447 venientes
2787 2410 2855 2447 ex
2904 2392 3112 2446 haeresi
3159 2392 3373 2446 carnali

1740 2487 1922 2540 adhuc
1953 2485 2237 2539 desiderio
2269 2487 2539 2540 uxoribus
2580 2487 2850 2557 copulari.
2887 2488 2963 2540 Ne
2989 2502 3126 2555 ergo
3163 2486 3232 2539 de
3263 2502 3372 2540 ca-

1744 2584 1864 2632 tero
1888 2580 1995 2634 hoc
2023 2580 2122 2633 fiat
2165 2581 2512 2650 pracipitur,
2543 2581 2693 2651 quod
2723 2586 2779 2634 et
2809 2579 3121 2634 canonibus
3163 2578 3371 2648 priori-

1741 2672 1846 2727 bus
1890 2672 2233 2739 continetur,
2275 2675 2488 2726 utnon
2526 2673 2689 2727 liceat
2731 2673 2811 2726 eis
2850 2673 3035 2727 vivere
3079 2671 3371 2738 libidinos,

1741 2766 2028 2833 societate,
2048 2765 2144 2820 sed
2169 2770 2439 2820 manente
2465 2766 2614 2820 inter
2634 2784 2730 2821 eos
2757 2766 3042 2837 conjugali
3072 2767 3199 2836 lege
3221 2781 3376 2820 com-

1742 2877 1976 2914 munem
2024 2859 2331 2913 utilitatem
2378 2859 2640 2926 habeant,
2669 2865 2726 2914 et
2769 2877 2882 2914 non
2932 2859 3035 2913 sub
3085 2876 3196 2912 uno
3241 2875 3374 2912 con-

1743 2954 1882 3008 clavi
1912 2957 2198 3020 maneant,
2227 2954 2309 3008 vel
2343 2957 2494 3008 certe
2523 2955 2567 3007 si
2609 2953 2959 3025 suffragatur
2983 2953 3159 3007 virtus
3190 2953 3245 3006 in
3271 2952 3381 3006 alia

1744 3048 1916 3102 domo
1945 3064 2107 3101 suam
2133 3063 2376 3102 uxorem
2403 3047 2573 3101 faciat
2599 3047 2878 3113 habitare,
2897 3050 2962 3100 ut
2982 3046 3206 3101 castitas
3226 3045 3379 3117 apud

1746 3142 1924 3196 Deum
1945 3147 2000 3195 et
2019 3140 2171 3211 apud
2192 3141 2456 3195 homines
2485 3141 2694 3195 habeat
2716 3140 3110 3195 testimonium
3139 3140 3376 3194 bonum.

1746 3235 1804 3290 Si
1834 3234 1930 3306 qui
1958 3251 2091 3289 vero
2121 3239 2251 3306 post
2282 3235 2427 3288 hanc
2471 3235 2915 3290 conventionem
2962 3235 3204 3289 obscene
3249 3250 3380 3287 cum

1746 3346 1926 3383 uxore
1971 3328 2208 3399 elegerit
2237 3327 2448 3397 vivere,
2480 3331 2543 3382 ut
2586 3345 2692 3382 nec
2737 3330 2915 3384 lector
2956 3328 3254 3397 habeatur,
3283 3326 3381 3398 qui

1747 3439 1879 3477 vero
1907 3438 2137 3493 semper
2174 3421 2276 3475 sub
2326 3438 2539 3475 canone
2591 3421 2966 3476 ecclesiastico
2999 3420 3303 3490 jacuerint,
3334 3419 3380 3473 si

1747 3521 1944 3570 contra
1968 3517 2226 3570 veterum
2271 3513 2543 3586 imperata
2586 3515 2644 3568 in
2693 3515 2808 3568 suis
2850 3514 3064 3568 cellulis
3111 3511 3377 3567 mulieres

1747 3626 1875 3681 qua
1924 3608 2174 3663 infamia
2221 3607 2603 3679 suspicionem
2652 3613 2889 3679 possunt
2921 3623 3208 3677 generare,
3242 3623 3380 3661 con-

1749 3703 1989 3758 sortium
2017 3703 2345 3770 habuerint,
2374 3701 2455 3755 illi
2482 3701 2752 3756 canonice
2779 3700 3010 3772 quidem
3040 3701 3383 3770 distringan-

1749 3803 1860 3864 tur,
1888 3796 2195 3851 mulierum
2221 3812 2352 3850 vero
2377 3812 2470 3849 res
2499 3795 2569 3849 ab
2591 3794 2870 3866 episcopis
2887 3793 3309 3861 venundantur,
3326 3799 3382 3849 et

1749 3891 1998 3963 pretium
2035 3890 2220 3960 ipsum
2250 3888 2594 3960 pauperibus
2625 3892 2914 3958 erogetur.

1820 3986 1907 4039 Vl.
1938 3985 2015 4038 De
2042 3983 2260 4038 libertis
2285 3986 2475 4038 autem
2511 3983 2618 4037 hoc
2651 3981 2925 4054 pracepit
2969 3985 3161 4036 sancta
3207 3997 3378 4053 syno-

1751 4080 1874 4145 dus,
1903 4083 1966 4134 ut
1995 4077 2040 4132 si
2071 4076 2168 4148 qui
2198 4075 2516 4148 presbyteri
2542 4077 2626 4130 vel
2652 4076 2877 4131 diaconi
2904 4075 2974 4130 ab
3006 4075 3280 4146 episcopis
3303 4076 3382 4130 fa-

1751 4174 1825 4228 cti
1842 4175 1975 4228 sunt
1991 4171 2301 4226 secundum
2325 4170 2562 4224 modum
2589 4187 2702 4242 quo
2727 4185 2975 4224 canones
3000 4169 3220 4241 antiqui
3243 4168 3384 4224 dant

1750 4268 2054 4333 licentiam,
2071 4267 2184 4320 sint
2210 4265 2393 4332 liberi,
2429 4269 2487 4320 et
2512 4269 2706 4319 tamen
2733 4281 2767 4318 a
2794 4263 3107 4336 patronicio
3137 4263 3382 4318 ecclesia

1753 4366 1868 4416 tam
1895 4360 2080 4417 clerici
2109 4377 2284 4431 quam
2310 4359 2379 4414 ab
2407 4359 2485 4413 eis
2513 4359 2809 4431 progeniti
2846 4375 2960 4412 non
2993 4358 3280 4425 recedant,
3313 4358 3384 4412 ab

1753 4456 1876 4510 aliis
1905 4470 2132 4526 quoque
2160 4452 2409 4508 libertati
2433 4451 2625 4506 traditi
2648 4457 2704 4506 et
2724 4451 2973 4506 ecclesiis
2998 4449 3384 4506 commendati

91 4547 417 4606 errorisnubes
435 4554 614 4624 longe
640 4553 1011 4624 repellantur,
1033 4556 1089 4606 et
1108 4553 1363 4607 veritatis
1384 4570 1448 4607 ac
1469 4554 1652 4608 unica
1671 4561 1732 4634 D
1755 4549 2065 4622 patrocinio
2108 4547 2357 4618 episcopi
2387 4546 2751 4617 colligantur,
2779 4550 2836 4600 et
2864 4561 2937 4599 ne
2976 4545 3244 4616 cuiquam
3283 4544 3384 4599 do-

91 4632 179 4690 fidei
199 4644 435 4713 splendor
462 4648 714 4713 illuceat,
748 4647 1160 4717 hominumque
1187 4647 1475 4702 mentibus
1501 4647 1653 4720 puri-

93 4731 185 4784 tatis
221 4742 268 4789 et
299 4740 395 4794 via
437 4741 755 4796 infallibilis
801 4741 1142 4811 puchritudo
1202 4741 1503 4809 inseratur,
1548 4759 1656 4814 per

93 4836 213 4891 quam
238 4834 372 4888 totus
399 4836 612 4890 anima
638 4835 870 4890 affectus
888 4835 948 4889 in
973 4837 1148 4890 Deum
1179 4853 1347 4889 suum
1381 4837 1652 4903 elevetur,

96 4923 131 4969 et
149 4919 262 4977 illius
280 4933 430 4999 rapta
451 4929 738 4984 desiderio
765 4930 1030 5001 prudenti
1057 4930 1327 5000 indagine
1355 4931 1651 4984 oculorum

97 5011 198 5068 acies
223 5019 285 5072 ad
320 5022 504 5079 lumen
536 5025 794 5078 veritatis
829 5024 1287 5095 inexstinguibile
1320 5027 1465 5094 (qua
1511 5025 1656 5078 Deus

98 5111 167 5171 ea}
188 5126 382 5178 prorsus
408 5122 725 5188 convertat,
746 5119 865 5173 sine
887 5119 1046 5190 cujus
1071 5119 1307 5173 obtentu
1339 5118 1476 5171 nihil
1505 5118 1656 5172 aliud

101 5200 182 5266 δξίί
205 5221 343 5262 mens
372 5228 548 5282 quam
580 5213 866 5280 cacutire,
895 5230 1066 5284 quam
1099 5213 1388 5279 aberrare,
1423 5229 1590 5282 quam
1624 5229 1658 5265 a

100 5289 310 5354 felicitatis
327 5321 488 5377 θεορο
515 5307 812 5374 dimoveri,
836 5308 1092 5362 consultu
1117 5307 1352 5377 piissimi
1373 5310 1430 5360 et
1452 5306 1658 5377 glorio-

101 5383 254 5447 sissimi
289 5396 578 5456 Reccaredi
621 5400 771 5471 regis
817 5401 1112 5455 constituit
1153 5402 1422 5472 synodus,
1463 5406 1526 5454 ut
1560 5418 1660 5471 per

103 5491 503 5548 "Jmnesecclesias
521 5494 804 5565 Hispania
825 5499 882 5549 et
902 5494 1178 5550 Gallacia
1201 5495 1514 5550 secundum
1544 5496 1656 5549 for-

105 5582 564 5642 mamorientalium
582 5589 942 5644 ecclesiarum
955 5589 1178 5643 concilii
1193 5590 1662 5659 Constantinopo-

106 5665 237 5739 lltani,
263 5676 356 5731 hoc
397 5687 482 5735 est
523 5689 751 5738 centum
802 5683 1216 5755 quinquaginta
1264 5683 1661 5754 episcoporum

107 5765 360 5828 Slmbolum
389 5775 518 5830 fidei
567 5777 834 5833 recitatur
875 5781 931 5832 et
977 5778 1316 5850 priusquam
1370 5777 1664 5832 Dominica

110 5861 479 5940 Gnaturomtio,
503 5887 640 5926 voce
677 5875 818 5927 clara
863 5873 1217 5945 praedicetur,
1237 5890 1350 5946 quo
1383 5874 1517 5928 tides
1540 5887 1663 5928 vera

1752 4647 1962 4701 nentur
1990 4660 2023 4696 a
2047 4641 2305 4714 principe
2333 4641 2440 4694 hoc
2469 4640 2770 4710 episcopus
2796 4639 3062 4709 postulet.

1827 4739 1932 4792 Vll.
1965 4738 2072 4791 Pro
2098 4735 2414 4790 reverentia
2444 4732 2542 4788 Dei
2569 4736 2625 4788 et
2655 4732 3012 4787 sacerdotum
3041 4731 3096 4785 id
3125 4731 3388 4787 universa

1755 4835 1945 4888 sancta
1997 4828 2289 4884 constituit
2346 4827 2617 4898 synodus,
2657 4829 2722 4880 ut
2770 4825 2902 4896 quia
2951 4826 3133 4880 solent
3186 4827 3384 4881 crebro

1756 4924 1966 4981 mensis
1991 4924 2183 4979 otiosa
2214 4922 2421 4976 fabula
2448 4920 2754 4992 interponi,
2777 4919 2834 4973 in
2865 4919 3027 4974 omni
3055 4921 3387 4975 sacerdotali

1757 5018 2013 5075 convivio
2046 5016 2210 5072 lectio
2241 5015 2659 5086 Scripturarum
2702 5013 3025 5068 divinarum
3057 5015 3384 5079 misceatur,

1760 5131 1859 5186 per
1886 5113 1994 5168 hoc
2021 5111 2174 5166 enim
2196 5115 2254 5165 et
2273 5110 2478 5164 anima
2500 5109 2856 5163 adiﬁcantur
2879 5108 2950 5163 ad
2979 5109 3216 5176 bonum,
3239 5111 3294 5163 et
3310 5108 3388 5161 fa-

1757 5208 1906 5262 bula
1935 5223 2052 5261 non
2089 5203 2424 5260 necessaria
2454 5202 2848 5274 prohibentur.

1829 5302 1964 5356 Vlll.
1993 5299 2232 5356 lubente
2263 5300 2457 5352 autem
2492 5301 2661 5369 atque
2706 5296 3093 5352 consentiente
3143 5294 3385 5350 Domino

1761 5400 2078 5455 Reccaredo
2131 5398 2187 5453 id
2232 5395 2501 5468 pracepit
2555 5395 2901 5450 sacerdotale
2959 5392 3277 5462 concilium,
3326 5396 3388 5446 ut

1760 5495 1987 5549 clericos
2013 5509 2081 5547 ex
2113 5490 2330 5546 familia
2358 5488 2475 5543 fisci
2504 5489 2694 5544 nullus
2721 5489 2924 5544 audeat
2951 5504 2984 5541 a
3010 5485 3262 5556 principe
3286 5485 3385 5540 do-

1761 5593 1922 5644 natos
1951 5591 2236 5658 expetere,
2265 5583 2365 5639 sed
2395 5582 2584 5638 traditi
2614 5583 2815 5654 capitis
2859 5581 2945 5634 sui
2985 5580 3260 5634 tributum
3297 5595 3389 5633 ec«

1763 5681 1944 5738 clesia
1972 5681 2089 5749 Dei,
2118 5679 2207 5734 cui
2237 5681 2370 5732 sunt
2415 5676 2633 5748 alligati
2669 5691 2851 5747 usque
2875 5673 3029 5728 ~dum
3057 5671 3269 5741 vivunt,
3303 5688 3389 5728 re-

1767 5775 2040 5848 gulariter
2059 5773 2486 5828 administrent.

1838 5870 1921 5926 ιχ.
1956 5870 2190 5924 Decreto
2230 5866 2401 5938 hujus
2429 5862 2645 5918 concilii
2677 5861 2779 5916 hoc
2809 5860 3097 5929 statuitur,
3129 5867 3194 5918 ut
3224 5863 3401 5920 eccle-
