3964 6178
614 317 714 370 4ὕὸ

1506 309 1786 368 ΛΡΡΕΝΙ).
1830 316 1916 368 Al)
1953 314 2114 369 S/EC.
2160 313 2224 368 IX

2330 345 2336 349 -
2375 309 2522 366 ISIDt
2538 313 2632 367 lRl-
2663 315 2703 367 Μ
2715 311 3084 368 ERCATORIS
3784 322 3854 378 42ᾢύ

613 425 709 477 size
756 439 883 494 quae
928 422 1161 477 fuerunt
1212 421 1268 475 in
1319 421 1523 476 haeresi
1573 422 1800 490 Ariana,
1845 440 1997 476 nunc
2048 428 2240 477 autem
2263 422 2545 508 Apreﬁo,
2574 422 2644 477 ad
2689 422 3014 476 libertatem
3056 425 3113 476 et
3152 420 3471 494 religionem
3509 424 3706 480 redeant
3740 433 3855 485 Clui-

613 520 745 570 sunt
769 516 1063 571 catholicae
1092 515 1166 570 ad
1194 532 1288 571 eos
1321 515 1613 586 episc0pos
1639 532 1769 570 eum
1786 515 1901 570 suis
1921 516 2090 570 rebus
2118 532 2243 586 per-

612 611 848 676 tineant,
882 611 953 664 ad
981 625 1125 681 quos
1162 608 1444 680 parochias
1486 609 1622 679 ipsae
1653 608 1709 662 in
1739 609 1944 680 quibus
1983 609 2120 680 ipsa:
2148 625 2239 664 ec-

612 704 793 758 clesiae
821 703 1074 758 fundatae
1101 705 1252 768 sunt,
1283 703 1570 773 pertinere
1598 703 1880 758 videntur.

685 813 876 888 110
908 817 969 870 Χ.
1012 817 1119 868 Pro
1167 815 1425 869 consulto
1469 813 1758 881 castitatis,
1794 815 1946 885 quod
1989 813 2242 869 maxime

609 911 973 965 hortamento
1000 909 1224 965 concilii
1254 910 1528 981 proﬁcere
1558 910 1781 978 debeat,
1811 916 2094 964 annuente
2117 911 2240 980 glo-

608 1007 759 1060 rioso
794 1003 1026 1058 domino
1065 1008 1260 1058 nostro
1299 1003 1623 1058 Ilcccaredo
1654 1020 1809 1074 rege,
1844 1004 1951 1057 hoc
1983 1007 2242 1058 sanctum

611 1100 865 1153 afﬁrmat
908 1097 1234 1167 concilium,
1263 1103 1324 1152 ut
1346 1097 1531 1151 viduas
1580 1098 1789 1168 quibus
1831 1097 2123 1168 placuerit,
2154 1102 2238 1151 te-

610 1195 785 1246 neant
813 1191 1148 1259 castitatem,
1185 1196 1241 1245 et
1268 1190 1427 1245 nulla
1456 1190 1622 1245 vidua
1647 1190 1720 1244 ad
1749 1190 1980 1261 nuptias
2018 1191 2240 1244 intran-

611 1285 710 1339 das
735 1285 930 1339 venire
958 1287 1218 1356 cogatur,
1251 1283 1404 1356 quod
1432 1284 1476 1337 si
1503 1284 1833 1355 priusquam
1863 1284 2242 1354 profiteantur

610 1378 1026 1433 continentiam
1076 1378 1293 1432 nubere
1342 1378 1642 1448 elegerint,
1685 1378 1794 1431 illis
1837 1378 2057 1432 nubant
2099 1394 2240 1448 quos

609 1472 839 1544 propria
863 1473 1155 1526 voluntate
1184 1471 1466 1526 voluerint
1506 1471 1714 1526 habere
1754 1472 2011 1541 maritos,
2040 1471 2240 1526 similis

608 1565 857 1620 conditio
890 1569 947 1620 et
972 1566 1042 1620 de
1068 1565 1384 1636 virginibus
1414 1565 1710 1634 habeatur,
1735 1581 1840 1619 nec
1863 1570 2022 1620 extra
2046 1565 2240 1619 volun-

607 1663 784 1714 tatem
824 1662 1150 1730 parentum,
1178 1664 1235 1713 et
1275 1675 1457 1722 suam,
1490 1659 1727 1713 maritos
1770 1664 2046 1729 cogantur
2091 1657 2238 1713 acci-

607 1768 763 1824 pere.
798 1753 854 1808 Si
892 1753 1016 1824 quis
1047 1769 1179 1808 vero
1225 1752 1584 1824 propositum
1627 1751 1894 1807 castitatis
1938 1751 2123 1806 viduae
2150 1751 2239 1806 vel

2342 517 2579 570 tianam.

2412 611 2517 663 XV.
2551 609 2609 665 Si
2645 610 2743 681 qui
2775 627 2843 665 ex
2890 609 3065 664 servis
3111 611 3387 665 ﬁscalibus
3425 612 3632 667 fortasse
3669 617 3860 672 ecclesias

2341 704 2786 771 construxerint,
2815 720 3020 774 easque
3042 704 3113 758 de
3142 721 3240 758 sua
3267 708 3573 776 paupertate
3598 707 3860 778 dotaverint,

2341 797 2445 852 has
2470 801 2740 869 procuret
2769 797 3066 870 episcopus
3096 815 3260 870 prece
3303 815 3400 863 sua
3433 800 3725 855 auctoritate
3749 804 3862 873 regia

2341 891 2686 946 conﬁrmari.

2410 986 2538 1040 XVI.
2574 985 2854 1048 Quoniam
2882 1001 3029 1056 pene
3074 1001 3176 1056 per
3201 1001 3426 1040 omnem
3465 986 3760 1056 Hispaniam,
3783 989 3862 1042 sive

2342 1078 2662 1132 Gallarciam
2690 1078 3028 1133 idololatriae
3053 1079 3412 1150 sacrilegium
3437 1079 3646 1134 inolevit
3668 1080 3753 1135 hoc
3773 1097 3865 1134 cum

2341 1188 2618 1225 consensu
2646 1171 3034 1241 gloriosissimi
3061 1171 3330 1242 principis
3350 1175 3533 1226 sancta
3545 1173 3752 1243 synodus
3766 1175 3868 1227 ordi-

2339 1264 2515 1334 navit,
2535 1271 2597 1319 ut
2616 1265 2801 1319 omnis
2827 1266 3088 1320 sacerdos
3113 1265 3317 1320 inloco
3343 1282 3439 1320 suo
3466 1282 3567 1320 una
3584 1282 3696 1320 cum
3707 1266 3864 1336 judice,

2341 1358 2608 1413 territorii
2642 1359 3005 1430 sacrilegium
3038 1364 3416 1414 memoratum
3451 1359 3670 1414 studiose
3697 1361 3865 1429 perqui-

2340 1456 2449 1520 rat,
2479 1453 2859 1508 exterminare
2881 1453 3178 1508 inventum
3207 1469 3321 1508 non
3351 1452 3580 1520 differat,
3599 1469 3764 1506 omnes
3777 1469 3866 1506 vero

2339 1547 2436 1617 qui
2461 1547 2534 1600 ad
2568 1547 2741 1600 talem
2771 1563 3021 1601 errorem
3060 1550 3425 1614 concurrunt,
3454 1547 3566 1600 sine
3597 1545 3865 1607 discrimine,

2339 1656 2454 1711 qua
2481 1643 2790 1710 potuerunt
2830 1640 3344 1708 animadversione,
3375 1643 3672 1706 coerceant,
3699 1639 3813 1710 quod
3838 1639 3868 1692 si

2341 1733 2721 1804 neglexerint,
2767 1733 2948 1788 sciant
2991 1750 3048 1788 se
3094 1734 3328 1804 utrique
3373 1731 3868 1788 excommunicationis

606 1846 840 1916 virginis
867 1847 1209 1918 impedierit,
1242 1863 1274 1900 a
1300 1850 1490 1900 sancta
1517 1847 1916 1901 communione
1949 1850 2007 1900 et
2037 1863 2070 1900 a
2094 1844 2230 1899 limi-

2339 1827 2656 1898 periculum
2685 1843 2806 1882 esse
2835 1827 3140 1882 subituros.
3161 1827 3215 1882 Si
3246 1827 3346 1898 qui
3374 1843 3500 1881 vero
3517 1824 3714 1881 Domini
3735 1825 3867 1879 exstir-

606 1941 771 1996 nibus
802 1940 1047 1995 ecclesiae
1077 1940 1356 1995 habeatur
1381 1942 1700 1995 extraneus.

675 2059 759 2113 XI.
807 2057 1082 2122 Quoniam
1140 2057 1522 2128 comperimus
1576 2073 1679 2128 per
1715 2056 1985 2129 quasdam
2040 2057 2235 2128 Hispa-

606 2151 832 2205 niarum
860 2149 1123 2205 ecclesias
1152 2167 1270 2204 non
1312 2149 1627 2204 secundum
1668 2167 1960 2218 canonem,
1995 2151 2089 2206 sed
2131 2151 2234 2205 fce-

603 2243 831 2298 dissime
860 2260 961 2314 pro
1000 2243 1114 2296 suis
1152 2243 1393 2313 peccatis
1432 2242 1693 2298 homines
1735 2260 1907 2314 agere
1951 2244 2235 2314 pceniten-

606 2338 762 2405 tiam,
791 2339 846 2390 et
877 2336 1143 2407 quotiens
1170 2353 1403 2406 peccare
1429 2336 1680 2406 libuerit,
1710 2337 1919 2392 totiens
1949 2355 1982 2391 a
2000 2337 2232 2408 presby-

603 2431 738 2484 teris
758 2429 1112 2484 reconciliari
1141 2430 1522 2501 expostulent,
1553 2434 1609 2484 et
1635 2431 1763 2485 ideo
1790 2448 1895 2502 pro
1926 2431 2236 2485 coercenda

602 2527 718 2578 tam
751 2523 1072 2578 exsecrabili
1113 2523 1580 2595 prmsumptione,
1616 2524 1670 2578 id
1698 2541 1732 2578 a
1759 2527 1954 2579 sancto
1993 2523 2232 2578 concilio

594 2617 846 2688 jubetur,
865 2621 926 2672 ut
943 2618 1256 2673 secundum
1286 2619 1532 2672 formam
1553 2634 1840 2673 canonum
1865 2618 2232 2689 antiquorum

602 2710 770 2766 detur
803 2711 1156 2783 poenitentia,
1189 2712 1297 2766 hoc
1338 2715 1442 2778 est,
1475 2723 1535 2764 ut
1561 2710 1720 2782 prius
1761 2728 1894 2765 eum
1938 2728 2110 2782 quem
2147 2710 2234 2765 sui

601 2805 838 2876 poenitet
865 2805 995 2859 facti
1022 2822 1055 2858 a
1085 2805 1487 2860 communione
1520 2821 1859 2875 suspensum
1887 2804 2056 2858 faciat
2084 2805 2234 2859 inter

600 2899 852 2969 reliquos
883 2898 1222 2969 poenitentes
1246 2899 1315 2954 ad
1347 2915 1547 2952 manus
1577 2897 2003 2969 impositionem
2032 2898 2231 2953 crebro

599 3008 912 3059 recurrere,
942 2992 1167 3062 expleto
1200 2997 1392 3047 autem
1421 2991 1822 3047 satisfactionis
1850 2995 2128 3063 tempore,
2153 2992 2228 3046 si-

600 3084 714 3139 cuti
740 3085 1097 3140 sacerdotalis
1117 3085 1524 3156 contemplatio
1553 3085 1900 3156 probaverit,
1921 3103 2054 3140 eum
2076 3103 2232 3141 com-

599 3177 858 3233 munioni
884 3178 1158 3234 restituat.
1188 3179 1293 3242 Qui
1320 3195 1452 3234 vero
1487 3179 1557 3234 ad
1581 3179 1812 3251 propria
1841 3178 1994 3246 vitia,
2024 3180 2109 3234 vel
2140 3179 2228 3234 in-
2251 3191 2305 3264 ρ

598 3272 684 3327 fra
721 3272 1070 3344 poenitentiae
1114 3276 1359 3345 tempus,
1407 3273 1494 3328 vel
1538 3276 1667 3344 post
1709 3271 2231 3328 reconciliationem

598 3365 1275 3434 relabuntur,secundum
1290 3365 1548 3439 priorum
1565 3383 1852 3422 canonum
1869 3366 2229 3422 severitatem

599 3461 960 3516 damnentur.

669 3574 778 3628 XII.
811 3572 1150 3644 Quicunque
1178 3571 1250 3626 ab
1279 3570 1567 3643 episcopo,
1589 3571 1674 3626 vel
1698 3570 2031 3643 presbytero
2060 3588 2230 3626 sanus

598 3667 684 3720 vel
732 3665 991 3720 inﬁrmus
1035 3665 1423 3738 paenitentiam
1468 3665 1734 3736 postulat,
1767 3665 1825 3719 id
1865 3670 1994 3720 ante
2037 3664 2230 3720 omnia

597 3759 894 3831 episcopus
935 3765 1120 3814 servet
1155 3765 1212 3814 et
1250 3759 1568 3830 presbyter,
1597 3762 1661 3813 ut
1685 3759 1730 3813 si
1756 3758 1840 3813 vir
1865 3764 1968 3826 est,
1999 3759 2112 3814 sive
2138 3776 2227 3814 sa-

599 3871 723 3923 nus,
757 3853 871 3908 sive
901 3853 1164 3908 inﬁrmus
1193 3853 1351 3924 prius
1382 3869 1515 3907 eum
1546 3852 1797 3920 tondeat,
1824 3856 1924 3907 aut
1952 3853 2011 3907 in
2036 3853 2228 3909 cinere

599 3952 656 4002 et
681 3947 860 4002 cilicio
887 3948 1148 4002 habitum
1174 3950 1400 4001 mutare
1428 3946 1614 4014 faciat,
1639 3949 1696 4000 et
1725 3947 1803 4001 sic
1833 3947 2228 4019 pcrnitentiam

599 4043 653 4095 ei
675 4041 880 4096 tradat.
910 4040 968 4097 Si
999 4058 1131 4096 vero
1173 4040 1383 4094 mulier
1407 4039 1598 4106 fuerit,
1624 4056 1739 4094 non
1779 4041 2016 4112 accipiat
2042 4041 2225 4112 poeni-

599 4135 857 4204 tentiam,
892 4135 998 4187 nisi
1029 4134 1184 4205 prius
1211 4137 1308 4188 aut
1353 4134 1534 4188 velata
1573 4133 1766 4202 fuerit,
1797 4137 1896 4187 aut
1927 4135 2230 4189 mutaverit

601 4228 877 4296 habitum,
905 4227 1113 4299 saepius
1142 4226 1294 4280 enim
1325 4227 1477 4280 laicis
1509 4243 1640 4281 cum
1668 4226 1902 4281 feminis
1928 4227 2228 4284 tribuendo

597 4321 872 4374 desidiose
903 4319 1318 4391 paenitentiam,
1350 4319 1420 4373 ad
1451 4319 1820 4374 lamentanda
1861 4337 2058 4376 rursus
2089 4322 2224 4377 faci-

599 4431 736 4470 nora
767 4417 891 4486 post
919 4419 1210 4485 acceptam
1242 4413 1639 4484 paenitentiam
1671 4413 2022 4470 relabuntur.

666 4530 793 4584 Xlll.
827 4530 1039 4584 lnoleta
1067 4527 1442 4600 praesumptio
1470 4544 1646 4599 usque
1672 4528 1815 4584 adeo
1843 4529 2053 4584 illicitis
2082 4529 2227 4585 ausi-

595 4623 700 4679 bus
749 4623 968 4678 aditum
1025 4621 1312 4694 patefecit,
1358 4625 1420 4676 ut
1462 4621 1648 4677 clerici
1707 4623 2047 4679 conclericos
2094 4642 2225 4680 suos

599 4719 788 4772 relicto
830 4717 1095 4788 pontiﬁce
1127 4733 1230 4771 suo
1255 4716 1326 4771 ad
1363 4716 1579 4786 judicia
1619 4716 1841 4788 publica
1867 4719 2222 4788 pertrahant.

596 4811 839 4866 Proinde
870 4811 1190 4880 statuimus,
1223 4814 1286 4865 ut
1312 4811 1418 4866 hoc
1443 4811 1512 4866 de
1541 4813 1747 4866 caetero
1777 4828 1895 4866 non
1921 4828 2226 4882 praesuma-

598 4911 708 4959 tur.
748 4905 803 4961 Si
849 4905 976 4976 quis
1021 4905 1128 4959 hoc
1169 4905 1598 4977 praesumpserit
1638 4905 1844 4974 facere,
1893 4908 1949 4960 et
1995 4923 2225 4961 causam

597 4999 817 5071 perdat,
852 5015 885 5051 a
911 4999 1320 5055 communione
1346 4999 1628 5053 efﬁciatur
1655 5004 1980 5054 extraneus.

667 5112 794 5165 XIV.
843 5110 1164 5165 Conventus
1209 5114 1404 5165 noster
1451 5110 1560 5164 hoc
1604 5111 1920 5165 canonibus
1969 5112 2220 5167 inseren-

595 5207 729 5262 dum
786 5204 1075 5277 prmcepit,
1123 5208 1185 5258 ut
1229 5203 1438 5258 Iudaeis
1485 5221 1600 5260 non
1651 5204 1821 5259 liceat
1879 5205 2224 5260 Christianas

593 5299 800 5355 habere
843 5313 1066 5364 uxores,
1096 5298 1187 5350 vel
1230 5297 1594 5364 concubinas,
1640 5315 1827 5369 neque
1871 5299 2223 5370 mancipium

590 5392 973 5451 Christianum
997 5390 1056 5445 in
1079 5407 1214 5445 usus
1235 5391 1494 5462 proprios
1513 5407 1864 5464 comparare,
1884 5392 1980 5446 sed
2000 5396 2058 5446 et
2075 5391 2222 5446 ﬁlios

589 5489 688 5561 qui
717 5504 782 5542 ex
813 5485 912 5542 tali
950 5485 1218 5557 eonjugio
1248 5486 1366 5539 nati
1409 5490 1559 5552 sunt,
1594 5485 1963 5540 assumendos
1988 5503 2108 5540 esse
2149 5486 2221 5541 ad

587 5582 961 5654 baptismum.
1008 5579 1169 5634 Nulla
1217 5579 1404 5634 ofﬁcia
1452 5579 1673 5650 publica
1725 5579 1806 5634 eis
1849 5579 2223 5651 injungantur

590 5689 693 5746 per
726 5692 854 5747 quae
902 5674 982 5728 eis
1031 5673 1248 5729 occasio
1294 5673 1579 5727 tribuatur
1618 5674 1949 5728 Christianis
1993 5691 2219 5745 poenam

590 5767 822 5824 inferre.
849 5769 906 5824 Si
935 5768 1034 5840 qui
1059 5785 1193 5823 vero
1223 5767 1526 5823 Christiani
1554 5768 1624 5822 ab
1669 5768 1749 5823 eis
1787 5768 2060 5823 Judaismi
2104 5769 2218 5823 ritu

592 5863 724 5913 sunt
767 5863 1052 5935 maculati,
1094 5865 1176 5916 vel
1233 5862 1403 5917 etiam
1453 5861 1787 5942 circumcisi,
1835 5880 1945 5918 non
1994 5862 2218 5918 reddito

2338 1937 2476 1992 pare
2507 1921 2614 1975 hoc
2643 1921 2858 1975 malum
2886 1920 2955 1975 de
2988 1921 3338 1992 possessione
3375 1938 3474 1974 sua
3497 1918 3810 1990 neglexerint,
3831 1922 3868 1969 et

2338 2013 2566 2069 familiae
2616 2014 2918 2085 prohibere
2966 2015 3280 2082 noluerint,
3310 2015 3380 2069 ab
3421 2013 3661 2086 episcopo
3684 2015 3730 2067 et
3751 2010 3867 2082 ipsia

2336 2108 2744 2165 communione
2771 2108 3075 2178 pellantur.

2408 2203 2555 2256 XVII.
2587 2204 2728 2258 Cum
2761 2202 2955 2256 multae
2998 2202 3246 2272 querela:
3285 2201 3358 2256 ad
3395 2217 3552 2257 aures
3591 2198 3743 2254 sancti
3774 2212 3865 2252 con-

2335 2296 2450 2350 cilii
2471 2296 2850 2362 deferrentur,
2877 2295 3027 2349 inter
3047 2299 3255 2350 cratera
3269 2299 3443 2350 tanta;
3462 2291 3760 2350 crudelitatis
3773 2306 3867 2361 opus

2337 2388 2649 2455 nuntiatur,
2669 2391 2947 2460 quantum
2972 2389 3384 2443 conﬁdentium
3413 2403 3568 2442 aures
3595 2383 3866 2441 sacerdotum

2335 2499 2453 2537 non
2496 2487 2725 2552 possent
2767 2482 3068 2549 sustinere,
3105 2486 3166 2536 ut
3193 2482 3255 2536 in
3301 2481 3626 2554 quibusdam
3663 2476 3866 2548 Hispania

2333 2575 2590 2647 partibus
2617 2575 2764 2630 ﬁlios
2788 2593 2918 2630 suos
2935 2579 3198 2646 parentes
3223 2575 3547 2631 interimant
3571 2567 3868 2628 fornicationis

2331 2669 2499 2738 avidi,
2531 2669 2753 2740 pietatis
2787 2669 2979 2737 alieni,
3007 2669 3212 2739 quibus
3241 2669 3289 2723 si
3315 2669 3542 2724 taedium
3567 2671 3642 2722 est
3664 2665 3778 2719 ﬁlios
3796 2678 3865 2715 nu-

2331 2762 2612 2817 merosius
2651 2779 2841 2834 agere,
2884 2762 3040 2833 prius
3079 2762 3301 2834 seipsos
3348 2762 3554 2817 debent
3592 2758 3816 2828 castigare
3846 2769 3866 2805 a

2331 2857 2722 2924 fornicatione,
2769 2872 2901 2910 nam
2949 2855 3084 2909 dum
3133 2873 3306 2911 causa
3361 2853 3712 2929 propaganda:
3748 2847 3868 2922 prolis

2329 2950 2613 3005 sociantur
2637 2948 2918 3020 conjugia,
2951 2948 3260 3020 parricidio
3290 2955 3348 3004 et
3378 2947 3715 3004 fornicatione
3735 2949 3869 2997 tenen-

2331 3046 2424 3097 tur
2447 3043 2678 3098 obnoxii
2720 3042 2817 3114 qui
2858 3041 3003 3096 ﬁlios
3040 3042 3303 3097 necando
3345 3041 3614 3115 proprios,
3639 3039 3803 3094 docent
3831 3048 3867 3084 se

2329 3154 2442 3192 non
2466 3153 2571 3208 pro
2599 3136 2746 3205 ﬁliis,
2775 3136 2872 3190 sed
2898 3151 3002 3206 pro
3029 3135 3270 3190 libidine
3301 3152 3506 3191 uxores
3535 3133 3745 3189 duxisse.
3781 3129 3866 3182 Pro-

2331 3231 2462 3285 inde
2493 3235 2685 3285 tamen
2712 3230 2867 3284 nefas
2892 3230 2960 3285 ad
2991 3229 3383 3300 cognitionem
3428 3223 3765 3301 gloriosissimi
3796 3222 3866 3274 Do-

2330 3324 2471 3378 mini
2499 3324 2680 3378 nostri
2709 3323 3016 3378 Reccaredi
3043 3323 3195 3394 regis
3221 3324 3507 3394 perlatum
3537 3325 3630 3387 est,
3645 3317 3775 3389 cujus
3790 3313 3865 3384 glo-

2330 3419 2414 3472 ria
2444 3417 2677 3488 dignata
2701 3420 2785 3471 est
2802 3416 3091 3488 judicibus
3121 3418 3459 3472 earumdem
3497 3415 3719 3489 partium
3744 3410 3866 3477 impe-

2330 3527 2479 3578 rare,
2509 3513 2575 3564 ut
2596 3509 2976 3565 amovendum
3006 3512 3232 3564 tantum
3261 3510 3484 3565 facinus
3509 3507 3770 3578 diligenter
3785 3513 3868 3554 cum

2329 3603 2617 3659 sacerdote
2637 3607 2964 3674 procurent,
2981 3606 3038 3658 et
3058 3603 3253 3659 habita
3275 3603 3570 3659 severitate
3591 3593 3866 3672 prohibeant.

2329 3699 2477 3769 Ergo
2509 3701 2566 3752 et
2605 3697 2924 3753 sacerdotes
2973 3697 3232 3751 locorum
3277 3696 3604 3753 eorumdem
3643 3693 3693 3746 in
3731 3685 3871 3760 quibus

2329 3790 2553 3847 sceleris
2578 3791 2750 3861 hujus
2777 3790 3110 3846 immunitas
3150 3791 3470 3863 peragitur,
3490 3793 3667 3844 sancta
3692 3777 3869 3854 synodus

2328 3884 2712 3957 praecipiendo
2754 3883 3036 3952 convenit,
3065 3886 3127 3939 ut
3169 3884 3329 3940 idem
3375 3883 3553 3939 scelus
3593 3895 3708 3936 cum
3736 3871 3870 3946 judice

2329 3979 2602 4034 curiosius
2633 3981 2913 4050 quaerant,
2942 3982 3000 4032 et
3028 3978 3149 4033 sine
3196 3977 3431 4050 capitali
3465 3976 3692 4033 vindicta
3729 3959 3869 4024 acriori

2330 4073 2626 4144 disciplina
2649 4072 3009 4144 prohibeant.

2397 4167 2569 4221 XVIII.
2598 4166 2872 4237 Praecepit
2898 4167 3021 4220 haec
3041 4171 3234 4220 sancta
3257 4171 3316 4222 et
3342 4161 3659 4222 universalis
3673 4154 3868 4231 synodus,

2330 4267 2391 4316 ut
2427 4266 2609 4316 stante
2641 4261 2896 4332 priorum
2927 4259 3261 4316 auctoritate
3291 4275 3595 4325 canonum,
3624 4269 3732 4328 qua:
3753 4248 3816 4304 bis
3832 4245 3867 4296 in

2327 4372 2478 4409 anno
2507 4354 2777 4426 praacepit
2803 4353 3139 4425 congregari
3167 4355 3414 4409 concilia
3454 4351 3657 4408 itineris
3688 4341 3867 4412 longitlr

2326 4449 2476 4518 dine,
2503 4451 2562 4502 et
2603 4452 2936 4519 paupertate
2973 4447 3346 4503 ecclesiarum
3378 4443 3667 4519 Hispaniae,
3685 4430 3869 4528 semelill

2325 4559 2476 4597 anno
2502 4542 2561 4597 in
2585 4542 2706 4597 loco
2729 4558 2904 4614 quem
2929 4541 3406 4612 metropolitanus
3433 4537 3676 4612 elegerit,
3697 4531 3871 4603 episwl“

2327 4639 2770 4708 congregentur,
2803 4635 3026 4706 judices
3063 4651 3197 4690 vero
3249 4636 3511 4690 locorum
3556 4635 3646 4686 aut
3685 4626 3872 4716 auctore?

2326 4729 2604 4784 ﬁscalium
2634 4729 3113 4801 patrimoniorum
3138 4745 3205 4784 ex
3246 4729 3478 4784 decreto
3523 4720 3716 4781 domini
3750 4715 3872 4771 nos!“

2325 4824 2492 4879 simul
2518 4841 2648 4879 cum
2679 4823 3037 4878 sacerdotum
3063 4823 3307 4878 concilio
3345 4818 3654 4877 autumnali
3687 4816 3871 4879 tempore

2325 4919 2415 4974 die
2438 4918 2818 4974 Calendarum
2850 4916 3257 4972 Novembrium
3285 4916 3348 4971 in
3375 4931 3550 4972 unum
3591 4902 3869 4966 conveniant,

2325 5015 2390 5066 ut
2434 5011 2670 5079 discant,
2719 5027 2891 5082 quam
2942 5011 3054 5082 pie,
3094 5009 3270 5081 juste,
3323 5016 3380 5066 et
3434 5005 3747 5065 humaniter,
3783 5002 3873 5047 cum

2323 5105 2550 5178 populis
2602 5121 2776 5176 agere
2818 5104 3085 5171 debeant,
3135 5121 3239 5159 nec
3284 5103 3513 5176 injustis
3567 5089 3903 5178 vectigalibus,'

2323 5204 2379 5255 et
2432 5198 2824 5254 immoderatis
2871 5198 3262 5254 exactionibus
3323 5198 3474 5269 ipsos
3525 5190 3768 5268 premant,
3802 5170 3871 5275 ie“!

2322 5293 2512 5366 potius
2539 5309 2640 5365 per
2665 5292 3090 5353 miserationem
3117 5292 3533 5364 eompatientes
3552 5306 3582 5342 a
3601 5273 3870 5356 gravaminl-
3899 5277 3901 5315 i

2320 5389 2425 5443 bus
2454 5386 2778 5457 defendant,
2799 5391 2865 5441 ut
2892 5386 3067 5441 bonos
3098 5385 3293 5457 populi
3321 5389 3537 5440 tutores
3554 5381 3715 5435 facere
3739 5367 3869 5465 det-et,
3897 5407 3899 5465 ἰ

2321 5499 2423 5538 nec
2451 5482 2508 5536 in
2535 5481 2804 5552 angariis,
2825 5485 2922 5535 aut
2940 5480 3000 5533 in
3033 5479 3465 5550 operationibus
3492 5467 3868 5558 superﬂuisvsl‘c

2321 5576 2607 5647 privatum
2639 5577 2896 5641 onerent,
2921 5574 3038 5628 sive
3068 5573 3320 5629 ﬁscalem
3353 5575 3602 5644 gravent.
3624 5561 3868 5656 Suntetl‘l'm

2320 5675 2764 5742 perspectatores
2791 5668 3042 5740 episcopi
3068 5666 3384 5723 secundum
3416 5664 3562 5736 regis
3590 5649 3869 5714 ammonitio-

2319 5781 2476 5833 nem,
2509 5764 2752 5836 qualiter
2784 5763 3006 5834 judices
3049 5779 3179 5816 cum
3222 5760 3447 5833 populis
3481 5757 3660 5829 agant,
3690 5750 3738 5803 ut
3761 5744 3869 5840 ίρξοί

2319 5859 2684 5931 praemonitos
2718 5857 3021 5928 corrigant,
3054 5861 3152 5910 aut
3194 5853 3524 5909 insolentias
3553 5858 3728 5904 eorum
3753 5846 3866 5912 ΡΜ·
