3964 6178
102 337 175 395 457
1225 327 1696 385 DECRETALIUM
1737 324 2126 381 COLLECTIO.

3273 325 3372 383 ηἱῖἱὸ

99 446 243 515 cipum
297 437 505 493 auribus
569 435 944 493 innotescant.
1014 435 1179 501 Quod
1245 437 1292 492 si
1351 439 1640 510 correptos
1661 432 2036 520 AReligiosis
2093 433 2321 487 tantum
2369 431 2705 489 Christianis
2763 431 3001 488 omnino
3031 431 3196 489 aliter
3249 435 3371 493 ﬁeri

97 535 336 593 emendare
362 531 728 604 nequiverint,
759 535 817 586 et
840 531 910 585 ab
944 531 1179 585 ecclesia
1220 535 1276 587 et
1318 549 1352 585 a
1390 548 1642 586 commu-

96 633 224 685 nione
262 626 599 698 suspendant,
649 642 682 679 a
725 624 1014 679 sacerdote
1059 641 1191 679 vero
1235 630 1292 680 et
1327 625 1642 680 senioribus

94 723 390 788 deliberetur,
417 719 548 790 quid
586 735 692 790 per
726 717 1046 789 provincias
1081 718 1140 772 in
1167 735 1268 773 suo
1299 719 1642 774 detrimento

92 817 301 886 praestare
342 812 571 867 debeant
603 811 842 882 judices,
876 811 922 865 si
950 811 1020 866 ad
1047 810 1350 866 concilium
1396 828 1514 866 non
1543 828 1638 867 ve-

92 908 248 962 nerint.
277 906 567 962 Concilium
597 921 733 960 vero
775 922 891 960 non
936 906 1205 974 solvatur,
1235 905 1345 959 nisi
1381 904 1536 976 prius
1564 905 1643 960 lo-

91 1018 184 1055 cum
208 999 458 1070 elegerint
500 1015 612 1070 quo
657 1000 993 1054 succedente
1021 1001 1297 1070 tempore,
1331 998 1539 1053 iterum
1567 999 1640 1053 ad

89 1094 322 1153 concilium
349 1091 726 1161 conveniatur,
751 1098 813 1146 ut
834 1092 957 1162 jam
1003 1109 1122 1147 non
1163 1109 1392 1147 necesse
1432 1092 1642 1146 habeat

89 1186 480 1258 metropolitanus
505 1186 804 1258 episcopus
830 1203 934 1257 pro
966 1187 1372 1258 congregando
1401 1185 1638 1241 concilio

85 1282 244 1335 litteras
267 1280 550 1347 destinare,
579 1279 624 1333 si
652 1280 712 1334 in
739 1279 926 1351 priore
943 1281 1179 1336 concilio
1209 1283 1435 1352 tempus
1458 1281 1640 1336 omni-

87 1374 160 1427 bus
182 1373 516 1428 denuntiatur
549 1377 604 1428 et
631 1373 806 1428 locus.

131 1468 227 1522 ΧΠ.
272 1467 495 1531 Quidam
539 1472 737 1522 contra
786 1484 1018 1523 omnem
1072 1469 1498 1536 auctoritatem,
1559 1468 1638 1522 sic

86 1560 280 1614 ecclesias
312 1577 442 1632 quas
487 1561 910 1631 adiﬁcaverint,
963 1563 1257 1632 postulant
1299 1561 1634 1630 consecrari,

85 1658 126 1707 ut
142 1654 291 1708 dotem
321 1670 482 1725 quam
509 1654 700 1709 eidem
733 1655 982 1710 ecclesia
1009 1655 1353 1710 contulerint
1375 1658 1638 1710 censeant

84 1746 130 1798 ad
167 1747 374 1818 episcOpi
417 1747 837 1802 ordinationem
875 1765 991 1803 non
1035 1748 1344 1820 pertinere,
1379 1749 1534 1819 quod
1558 1749 1637 1803 fa-

1742 543 1857 582 non
1887 527 2099 582 debere
2129 542 2449 582 censemus.
2479 526 2566 582 Sic
2604 527 2760 582 enim
2786 526 3241 584 Christianorum
3268 546 3373 600 per

1743 637 1980 676 omnem
2033 619 2320 677 mundum
2369 620 2597 676 humari
2627 623 2851 692 oportet
2877 637 3122 693 corpora
3167 621 3369 678 defun-

1741 717 1984 770 ctorum.

1811 811 1982 865 XXIII.
2033 808 2355 880 lrreligiosa
2396 809 2745 864 consuetudo
2794 814 2897 877 est,
2947 826 3120 881 quam
3171 810 3370 882 vulgus

1740 920 1843 974 per
1867 907 2196 958 sanctorum
2222 903 2616 959 solemnitates
2641 919 2812 974 agere
2839 903 3146 958 consuevit.
3169 905 3370 975 Populi

1739 997 1837 1068 qui
1867 997 2077 1052 debent
2123 997 2307 1051 ofﬁcia
2349 996 2543 1050 divina
2586 996 2904 1065 attendere,
2937 997 3370 1053 salutationibus

1738 1090 1998 1163 turpibus
2022 1090 2339 1162 invigilant,
2373 1089 2594 1145 cantica
2622 1106 2742 1144 non
2773 1090 2958 1144 solum
2987 1091 3136 1144 mala
3161 1108 3364 1148 canen-

1741 1187 1844 1252 tes,
1875 1184 1973 1240 sed
2005 1188 2062 1239 et
2091 1184 2488 1255 religiosorum
2531 1183 2731 1238 ofﬁciis
2769 1188 3216 1255 perstrepentes.
3260 1187 3370 1240 Hoc

1739 1278 1896 1334 enim
1925 1282 1986 1333 ut
2015 1279 2086 1333 ab
2117 1278 2278 1333 omni
2317 1277 2586 1349 Hispania
2623 1277 2960 1348 depellatur,
2991 1279 3371 1349 sacerdotum,

1739 1375 1798 1427 et
1814 1371 2098 1442 judicium
2126 1389 2158 1426 a
2184 1371 2425 1426 concilio
2454 1375 2661 1426 sancta
2691 1387 2840 1425 cura
2874 1371 3270 1427 committitur.

1949 1466 2203 1520 Edictum
2229 1467 2371 1533 regis
2412 1466 2476 1519 de
2505 1466 2901 1533 conﬁrmatione
2925 1466 3156 1521 concilii.

1807 1559 2254 1615 Gloriosissimus
2283 1559 2561 1614 Dominus
2587 1557 2942 1614 Reccaredus
2971 1575 3072 1613 rex
3091 1559 3372 1616 universis

1736 1653 1839 1707 sub
1865 1652 2148 1724 regimine
2169 1658 2380 1708 nostra
2399 1652 2694 1723 potestatis
2714 1651 3172 1707 consistentibus.
3196 1656 3366 1709 Ama-

1737 1750 1887 1801 tores
1937 1763 2038 1801 nos
2082 1747 2166 1800 sui
2212 1746 2402 1802 divina
2430 1746 2644 1801 faciens
2673 1746 2884 1800 veritas
2922 1745 3128 1801 nostris
3150 1747 3364 1819 princi-

82 1843 190 1892 ctum
207 1843 274 1894 est
292 1816 483 1907 taliter,
512 1841 573 1894 in
595 1841 880 1911 praterito
908 1816 1245 1911 corrigatur,
1277 1846 1334 1896 et
1354 1816 1416 1896 in
1443 1842 1634 1896 futuro
1656 1816 1711 1889 B
1735 1840 1942 1911 paliter
1985 1839 2244 1895 sensibus
2292 1839 2605 1910 inspiravit,
2651 1843 2716 1894 ut
2770 1855 2943 1894 causa
2984 1816 3367 1896 instauranda

82 1948 128 1984 ne
148 1933 234 2000 fiat,
261 1933 634 2004 prohibeatur,
669 1935 766 1989 sed
797 1935 992 1989 omnia
1023 1935 1341 1990 secundum
1367 1935 1635 1990 constitu-

81 2024 236 2080 tionem
257 2027 542 2098 antiquam
585 2027 658 2082 ad
685 2027 931 2100 episcopi
962 2028 1378 2083 ordinationem
1427 2031 1484 2083 et
1528 2044 1629 2099 po-

77 2122 276 2173 testatem
302 2121 642 2190 pertineant.

124 2212 202 2268 Η.
247 2214 368 2277 Quia
416 2215 791 2285 cognovimus
840 2215 1137 2287 episcopos
1188 2233 1290 2287 per
1334 2216 1632 2288 parochias

76 2321 163 2358 suas
207 2323 307 2361 non
353 2308 776 2364 sacerdotaliter
825 2309 1127 2375 deservire,
1181 2310 1279 2364 sed
1331 2309 1632 2364 crudeliter

73 2397 305 2470 deservire,
331 2408 383 2457 et
409 2402 554 2456 dum
588 2403 860 2473 scriptum
891 2403 981 2456 sit.
1017 2404 1220 2457 Forma
1246 2406 1420 2458 estote
1444 2403 1626 2474 gregi,

71 2507 148 2546 non
169 2499 220 2548 ut
241 2495 592 2551 dominantes
617 2497 677 2550 in
708 2496 877 2563 clero,
901 2497 1332 2567 exactionesque
1375 2496 1627 2551 dioecesis

70 2600 164 2651 suae,
187 2589 260 2642 vel
284 2589 480 2644 damna
503 2589 789 2661 infligant,
815 2589 1053 2661 ideoque
1076 2606 1372 2644 censemus
1393 2596 1626 2661 excepto

71 2679 177 2746 quod
198 2685 429 2737 veterum
451 2684 889 2739 constitutiones
901 2683 1185 2756 parochiis
1202 2683 1414 2738 habere
1422 2683 1629 2754 jubent

69 2772 312 2846 episcopos,
359 2781 417 2830 ut
463 2777 584 2832 alia
629 2777 736 2832 illis
778 2794 907 2849 qua
951 2778 1241 2848 hucusque
1276 2781 1627 2848 praesumpta

69 2870 157 2919 sunt
176 2868 516 2939 denegentur,
544 2871 651 2925 hoc
681 2876 780 2940 est,
813 2887 1002 2942 neque
1029 2871 1088 2924 in
1112 2870 1361 2941 angariis
1389 2871 1622 2942 presby-

69 2959 138 3012 teri
169 2966 249 3015 aut
281 2963 562 3033 diacones,
617 2981 805 3037 neque
853 2965 912 3018 in
965 2964 1250 3036 aliquibus
1309 2965 1626 3036 fatigentur

66 3053 338 3124 ajudicibus,
365 3075 435 3113 ne
460 3059 764 3113 videamur
805 3057 867 3113 in
917 3058 1156 3113 ecclesia
1198 3059 1298 3114 Dei
1338 3065 1623 3114 exactores

67 3146 198 3212 potius
217 3166 370 3220 quam
398 3153 495 3208 Dei
527 3151 822 3224 pontiﬁces
846 3152 1150 3221 nominari,
1184 3153 1244 3207 hi
1274 3170 1407 3208 vero
1433 3153 1621 3209 clerici

66 3240 143 3292 tam
173 3241 368 3314 locales,
417 3263 601 3318 quam
651 3247 949 3302 dioecesani
994 3247 1094 3318 qui
1138 3264 1198 3301 se
1239 3248 1309 3302 ab
1359 3247 1622 3319 episcopo

63 3335 220 3398 mirari
243 3341 631 3409 cognoverint,
665 3342 924 3412 querelas
964 3358 1091 3395 suas
1124 3341 1194 3396 ad
1224 3341 1619 3412 metropolita-

61 3440 156 3480 num
177 3429 366 3487 deferre
406 3451 527 3488 non
577 3433 857 3500 differant,
906 3437 967 3488 ut
1009 3434 1479 3504 metropolitanus
1506 3452 1622 3490 non

61 3524 256 3577 moretur
284 3526 567 3597 ejusmodi
598 3528 1072 3599 prasumptiones
1099 3545 1379 3583 coercere.

106 3613 199 3669 HI.
253 3620 626 3676 Ecclesiarum
691 3637 898 3688 servos,
963 3627 1021 3676 et
1081 3622 1475 3693 episcoporum
1531 3623 1619 3676 vel

60 3709 252 3764 omnium
276 3713 616 3768 clericorum
635 3731 667 3767 a
688 3714 980 3784 judicibus
1005 3715 1093 3769 vel
1121 3714 1404 3769 actoribus
1428 3714 1616 3786 publi-

58 3798 184 3855 eisin
216 3804 430 3861 diversis
481 3808 738 3879 angariis
787 3808 1013 3880 fatigari
1060 3809 1338 3876 dolemus,
1385 3812 1620 3879 propter

59 3894 161 3958 quod
181 3912 326 3955 omne
350 3900 662 3956 concilium
687 3918 721 3955 a
745 3902 956 3972 pietate
985 3901 1374 3973 gloriosissimi
1402 3902 1619 3956 domini

59 3989 184 4041 nostri
208 3995 443 4063 poposcit
469 3999 544 4049 ut
572 3994 713 4048 tales
741 3995 1010 4066 deinceps
1030 4011 1200 4050 ausus
1226 3995 1499 4063 inhibeat,
1517 3995 1617 4049 sed

57 4079 155 4133 servi
187 4089 692 4159 suprascriptorum
721 4087 1041 4143 ofﬁciorum
1086 4089 1148 4143 in
1183 4105 1381 4144 eorum
1421 4088 1616 4143 usibus

53 4172 109 4223 Vel
146 4177 360 4234 ecclesia
413 4183 704 4237 laborent.
757 4181 812 4237 Si
864 4183 964 4253 qui
1008 4198 1142 4237 vero
1182 4182 1464 4254 judicum,
1519 4186 1619 4238 aut

54 4269 239 4324 actorum
261 4273 528 4330 clericum
545 4317 558 4343 ,
587 4279 686 4330 aut
703 4292 928 4329 servum
953 4276 1141 4330 clerici
1164 4276 1253 4331 vel
1282 4275 1530 4330 ecclesia
1556 4275 1616 4329 in

52 4359 225 4422 publicis
267 4383 326 4421 ac
370 4368 615 4439 privatis
658 4369 896 4440 negotiis
934 4385 1214 4441 occupare
1268 4369 1528 4436 voluerit,
1583 4386 1616 4422 a

50 4459 369 4516 communione
395 4462 776 4518 ecclesiastica
803 4462 910 4531 (cui
952 4463 1432 4534 impedimentum
1463 4462 1612 4534 facit)

50 4543 256 4605 efﬁciatur
276 4571 338 4609 ex
347 4560 605 4612 traneus.

95 4637 210 4698 XIII.
248 4647 342 4711 Qui
387 4649 590 4704 divina
636 4650 924 4705 vocatione
953 4650 1024 4705 ab
1053 4651 1158 4705 hac
1193 4650 1304 4705 vita
1338 4651 1616 4705 recedunt

51 4743 141 4786 cum
164 4740 366 4806 psalmis
407 4744 830 4812 tantummodo,
885 4749 942 4799 et
984 4744 1348 4815 psallentium
1385 4744 1614 4798 vocibus

53 4820 204 4884 debere
228 4835 290 4887 ad
319 4838 579 4908 sepulcra
612 4837 841 4905 deferri,
892 4855 1027 4892 nam
1070 4837 1287 4893 funeris
1313 4854 1613 4908 precamen

51 4921 156 4983 Ψ]οά
180 4927 328 4998 vulgo
361 4930 648 4986 defunctis
671 4931 889 4985 cantari
915 4931 1074 4998 solet,
1103 4931 1190 4986 vel
1217 4931 1538 5002 pectoribus
1556 4947 1614 4985 se

54 5014 120 5063 aut
139 5021 414 5092 proximos,
440 5029 542 5079 aut
569 5024 812 5078 familias
841 5024 1092 5080 ecclesia
1137 5023 1372 5079 omnino
1420 5023 1610 5094 prohi-

51 5099 212 5163 bemus.
239 5113 486 5172 Sufﬁciat
513 5120 711 5172 autem
749 5118 900 5189 quod
949 5117 1010 5172 in
1050 5134 1150 5188 spe
1188 5117 1616 5172 resurrectionis

53 5193 430 5265 Christianorum
462 5211 795 5281 corporibus
821 5212 1132 5267 famulatus
1158 5211 1484 5266 divinorum
1513 5211 1616 5265 im-

51 5294 252 5353 l'enditur
277 5304 651 5359 canticorum.
690 5305 958 5361 Prohibet
1000 5305 1154 5360 enim
1192 5321 1293 5359 nos
1321 5306 1616 5376 Apostolus

49 5391 215 5444 sanctus
240 5394 428 5467 lugere
455 5398 771 5466 defunctos,
789 5399 1016 5454 dicens:
1041 5418 1068 5450 «
1089 5400 1170 5452 De
1198 5399 1616 5454 dormientibus

50 5484 189 5536 “Illam
211 5490 334 5544 nolo
357 5508 458 5547 vos
479 5493 823 5560 contristari,
853 5493 998 5548 sicut
1023 5496 1081 5548 et
1106 5492 1298 5547 cateri
1325 5493 1422 5564 qui
1455 5509 1616 5564 spem

53 5581 128 5625 non
149 5575 339 5638 habent
369 5585 416 5654 (Ι
443 5587 624 5641 Thess.
659 5604 736 5656 1v,
770 5586 876 5659 l2).
908 5606 936 5638 »
965 5588 1032 5641 Et
1062 5586 1340 5640 Dominus
1366 5603 1483 5640 non
1511 5586 1612 5641 ﬂe-

53 5661 359 5730 ‘illazarum
385 5683 699 5747 mortuum,
728 5681 828 5736 sed
867 5680 938 5735 ad
982 5680 1112 5734 vita
1155 5681 1328 5751 hujus
1373 5680 1619 5751 ploravit

52 5768 274 5822 erumnas
299 5773 691 5828 resuscitatum
705 5817 717 5828 .
743 5774 798 5830 Si
818 5775 971 5829 enim
992 5778 1178 5846 potest
1196 5775 1304 5829 hoc
1324 5773 1618 5844 episcopus

50 5866 202 5912 vmnes
232 5862 574 5922 Christianos
620 5868 937 5942 prohibere,
971 5884 1146 5942 agere
1191 5884 1310 5926 non
1339 5870 1616 5932 moretur.

1734 1933 1886 2001 ﬁdei,
1941 1949 2007 1987 ac
2056 1932 2368 2003 disciplina
2398 1933 2809 2000 ecclesiastica,
2844 1933 3140 2004 episcopos
3172 1950 3370 1988 omnes

1732 2026 2013 2096 Hispania
2068 2031 2261 2080 nostro
2315 2026 2648 2097 praesentari
2711 2025 2949 2080 culmini
3009 2026 3364 2096 juberemus.

1733 2120 2095 2175 Pracedente
2127 2123 2318 2174 autem
2351 2119 2610 2190 diligenti
2648 2123 2706 2174 et
2731 2122 2894 2174 cauta
2931 2118 3363 2187 deliberatione,

1731 2213 1844 2267 sive
1872 2229 2002 2285 qua
2033 2213 2107 2267 ad
2137 2212 2311 2267 ﬁdem
2338 2212 2704 2279 conveniunt,
2747 2229 2846 2267 seu
2883 2229 3012 2284 qua
3041 2213 3110 2266 ad
3141 2229 3366 2269 morum

1730 2307 2154 2379 correptionem
2205 2305 2533 2377 respiciunt,
2581 2321 2780 2360 sensus
2820 2306 3149 2362 maturitate
3189 2313 3245 2362 et
3274 2308 3364 2362 in-

1729 2400 2067 2471 telligentia
2114 2400 2390 2471 gravitate
2436 2404 2700 2454 constant
2729 2415 2851 2454 esse
2897 2399 3136 2471 digesta.
3168 2401 3366 2456 Nostra

1728 2493 1968 2564 proinde
2001 2493 2306 2548 auctoritas
2349 2493 2459 2548 hoc
2503 2492 2773 2547 omnibus
2811 2493 3145 2548 hominibus
3174 2495 3249 2549 ad
3279 2511 3366 2548 re-

1727 2603 1908 2657 gnum
1942 2589 2196 2641 nostrum
2228 2586 2647 2658 pertinentibus
2682 2586 2870 2657 jubet,
2904 2589 2966 2640 ut
2995 2586 3041 2640 si
3071 2603 3179 2658 qua
3214 2587 3358 2641 deﬁ-

1729 2681 1847 2734 nita
1872 2685 2022 2749 sunt,
2061 2680 2121 2733 in
2161 2680 2271 2734 hoc
2299 2684 2491 2734 sancto
2521 2679 2758 2734 concilio
2785 2683 2910 2734 acto
2941 2679 3002 2734 in
3027 2679 3168 2735 urbe
3197 2680 3356 2736 Tole-

1726 2777 1861 2828 tana
1899 2790 2052 2828 anno
2105 2773 2269 2844 regni
2312 2773 2494 2828 nostri
2533 2773 2773 2828 feliciter
2802 2776 3006 2844 quarto
3048 2773 3192 2828 nulli
3219 2791 3358 2831 con-

1727 2871 1990 2922 temnere
2011 2867 2196 2934 liceat,
2217 2866 2408 2921 nullus
2433 2867 2727 2937 praterire
2750 2870 3085 2938 prasumat.
3104 2867 3360 2938 Capitula

1725 2961 1883 3015 enim
1932 2978 2058 3031 qua
2107 2960 2313 3015 nostris
2356 2961 2613 3015 sensibus
2655 2961 2882 3032 placita,
2942 2965 2998 3015 et
3049 2960 3360 3032 disciplina

1725 3071 1998 3126 congrua,
2012 3071 2074 3108 ac
2093 3055 2364 3124 prasenti
2383 3054 2701 3125 conscripta
2714 3059 2845 3108 sunt
2863 3054 3105 3125 synodo,
3123 3055 3179 3109 in
3203 3057 3360 3111 omni

1722 3149 2075 3214 auctoritate,
2133 3148 2246 3202 sive
2299 3147 2654 3213 clericorum,
2689 3147 2803 3202 sive
2860 3164 3358 3221 quorumcumque

1722 3241 1981 3296 omnium
2015 3241 2402 3308 observentur,
2431 3245 2486 3295 et
2513 3244 2800 3310 maneant,
2829 3241 2888 3295 id
2933 3245 3035 3311 est,
3064 3243 3133 3297 de
3165 3243 3354 3298 obser-

1721 3335 1940 3389 vatione
1967 3335 2223 3406 priorum
2254 3350 2565 3400 canonum,
2613 3334 2684 3388 de
2727 3334 2980 3405 symbolo
3010 3337 3354 3407 proferendo

1723 3447 1756 3483 a
1782 3429 2011 3499 populis
2039 3428 2096 3482 in
2123 3428 2381 3496 ecclesia,
2411 3427 2480 3482 de
2505 3427 2778 3498 episcopis
2821 3433 2887 3482 ut
2937 3429 3018 3484 eis
3052 3446 3167 3484 non
3191 3431 3358 3486 liceat

1719 3538 1844 3576 rem
1869 3521 2118 3576 alienare
2142 3521 2413 3587 ecclesia,
2446 3523 2509 3574 ut
2553 3520 2823 3592 episcopo
2856 3521 3022 3576 liceat
3063 3539 3241 3577 unam
3285 3524 3354 3578 de

1720 3614 2079 3686 parochianis
2107 3613 2355 3669 ecclesiis
2383 3614 2796 3669 monasterium
2820 3615 3030 3684 facere,
3052 3618 3119 3670 ut
3143 3617 3355 3688 episco-

1719 3709 1824 3780 pis,
1859 3711 1916 3762 et
1939 3707 2304 3779 presbyteris,
2331 3712 2387 3762 et
2413 3707 2745 3762 diaconibus
2775 3725 2845 3763 ex
2885 3709 3088 3763 haresi
3116 3726 3350 3765 conver—

1720 3802 1794 3856 sis
1809 3792 1933 3873 jam
1961 3817 2079 3856 non
2097 3801 2268 3856 liceat
2296 3800 2521 3855 misceri
2553 3800 2837 3868 uxoribus,
2867 3802 2958 3856 vel
2985 3803 3138 3872 quod
3166 3803 3225 3857 hi
3253 3805 3350 3875 qui

1719 3911 1942 3967 semper
1969 3894 2226 3949 catholici
2255 3894 2471 3948 fuerint
2499 3894 2561 3949 in
2590 3894 2807 3949 cellulis
2839 3895 2954 3949 suis
2983 3911 3115 3950 cum
3144 3898 3347 3953 mulie-

1716 3989 1873 4043 ribus
1901 3988 2188 4043 extraneis
2214 4004 2331 4043 non
2377 3992 2693 4055 morentur,
2722 3988 2874 4059 quod
2903 3988 3093 4043 liberti
3124 3990 3195 4044 ab
3228 3991 3349 4062 epi-

1717 4082 1897 4153 scopis
1942 4082 2031 4137 vel
2078 4081 2149 4136 ab
2199 4081 2323 4136 aliis
2368 4081 2525 4152 facti,
2557 4085 2616 4136 et
2658 4081 2906 4136 ecclesiis
2961 4084 3351 4139 commendati

1714 4192 2064 4247 permanere
2097 4174 2346 4229 debeant
2371 4174 2558 4241 liberi,
2592 4175 2745 4246 quod
2770 4175 2936 4230 lectio
2981 4175 3040 4230 in
3084 4177 3352 4232 omnibus

1714 4269 2158 4324 sacerdotalibus
2205 4267 2422 4323 mensis
2465 4268 2579 4340 legi
2627 4268 2866 4336 debeat,
2922 4270 3072 4341 quod
3122 4271 3350 4326 clericos

1717 4383 1786 4420 ex
1813 4366 2046 4420 familiis
2075 4365 2194 4421 fisci
2220 4365 2400 4421 nostri
2430 4383 2679 4437 unquam
2714 4365 2762 4438 1
2780 4365 2828 4438 1
2847 4366 2895 4438 1
2941 4367 3133 4422 nullus
3177 4385 3349 4440 agere

1716 4464 2045 4530 prasumat,
2074 4463 2128 4515 et
2159 4460 2256 4530 qui
2291 4459 2574 4531 acceperit
2603 4460 2762 4514 irrita
2793 4460 2921 4515 talis
2965 4461 3197 4517 donatio
3236 4480 3350 4516 ma-

1633 4555 1693 4628 D
1716 4557 1869 4621 neat,
1898 4553 1968 4607 de
1997 4553 2246 4608 ecclesiis
2290 4554 2362 4608 ab
2411 4553 2614 4608 haeresi
2645 4553 2932 4608 translatis
2960 4558 3020 4608 ut
3043 4555 3115 4609 ad
3141 4555 3348 4626 episco-

1712 4664 1815 4718 pos
1843 4647 1902 4701 in
1942 4663 2193 4717 quorum
2218 4652 2349 4702 sunt
2378 4646 2659 4718 parochiis
2690 4647 3033 4718 pertineant,
3067 4647 3136 4703 de
3165 4648 3350 4704 viduis

1713 4741 1864 4812 quod
1907 4756 2035 4811 qua
2078 4740 2362 4794 voluerint
2403 4739 2811 4794 continentiam
2860 4744 3114 4808 teneant,
3141 4745 3199 4796 et
3221 4759 3348 4814 qua

1713 4833 1931 4888 nubere
1969 4832 2269 4904 elegerint,
2306 4833 2511 4904 quibus
2551 4833 2858 4900 voluerint,
2902 4834 3140 4902 nubant,
3183 4852 3346 4907 aque

1715 4928 1785 4982 de
1816 4926 2133 4998 virginibus
2179 4926 2332 4998 quod
2375 4925 2712 4997 poenitentes
2756 4927 3071 4982 secundum
3110 4930 3348 4986 modum

1715 5036 2003 5076 canonum
2030 5019 2400 5090 antiquorum
2450 5019 2696 5074 debeant
2721 5036 2894 5091 agere
2925 5021 3346 5095 paenitentiam,

1714 5115 1870 5186 quod
1899 5113 1996 5185 qui
2041 5113 2324 5168 voluerint
2361 5130 2531 5184 agere
2577 5113 2971 5184 paenitentiam
3024 5115 3181 5187 prius
3219 5122 3347 5174 ton-

1716 5209 1978 5276 deantur,
2021 5210 2121 5261 aut
2149 5207 2411 5262 habitum
2451 5210 2693 5277 mutent,
2727 5207 2879 5278 quod
2916 5225 3036 5264 non
3062 5210 3229 5265 liceat
3251 5213 3345 5266 Ju-

1715 5303 1854 5358 dais
1895 5302 1965 5356 de
2014 5301 2346 5356 Christianis
2391 5301 2599 5355 ducere
2634 5317 2840 5356 uxores
2871 5303 2959 5357 vel
2988 5303 3346 5372 concubinas,

1717 5398 1762 5452 si
1790 5412 2122 5467 comparare
2172 5395 2461 5466 mancipia
2501 5394 2841 5466 Christiana,
2890 5399 2947 5451 et
2986 5396 3192 5451 Judais
3229 5413 3346 5450 non

1715 5491 1881 5545 liceat
1925 5490 2016 5544 vel
2064 5488 2290 5560 publica
2337 5487 2524 5544 ofﬁcia
2565 5505 2865 5561 peragere,
2916 5489 3069 5560 quod
3118 5504 3349 5543 manere

1719 5585 1922 5640 debeat
1948 5584 2204 5652 ﬁrmum,
2251 5582 2298 5637 si
2340 5581 2485 5637 servi
2521 5583 2640 5636 ﬁsci
2679 5582 2859 5637 nostri
2897 5581 3158 5637 ecclesias
3204 5583 3350 5636 feceo

1719 5679 1852 5744 rint,
1885 5693 2094 5748 easque
2140 5677 2209 5731 de
2241 5676 2465 5748 peculio
2495 5693 2594 5730 suo
2625 5674 2956 5743 dotaverint,
2991 5674 3145 5744 quod
3175 5675 3351 5730 idolo-

1717 5761 1898 5826 latria
1929 5771 2152 5826 cultura
2197 5787 2230 5824 a
2271 5770 2654 5825 sacerdotibus
2697 5769 2783 5823 vel
2826 5767 3111 5839 judicibus
3150 5770 3348 5841 exqui-

1718 5864 1899 5925 renda
1925 5865 1996 5922 sit
2012 5869 2185 5942 atque
2207 5863 2664 5934 exterminanda,
2684 5861 2841 5936 quod
2860 5860 2957 5937 qui
2976 5861 3159 5922 ﬁlium
3182 5881 3350 5925 suum
