3964 6178
593 279 693 334 459
1480 284 1760 338 ΑΡΡΕΝΙ).
1803 286 1888 338 AD
1928 285 2088 338 δαὶ-ΣΟ.
2133 284 2149 337 l

2253 314 2319 324 ——
2361 285 2603 338 lSlDURl
2643 284 3067 341 MERCATORIS
3746 301 3813 360 ιω

595 387 924 456 necaverit,
982 406 1016 443 a
1072 388 1458 445 sacerdotibus
1517 392 1606 444 vel
1657 390 1944 461 judicibus
2003 391 2230 445 distrin-
2251 391 2692 480 Asanctionum
2717 392 2985 447 obediens
3029 393 3346 451 observator
3385 413 3490 454 esse
3520 401 3731 474 noluerit,
3762 427 3819 464 su-

595 487 782 555 gatur,
817 483 968 554 quod
992 485 1164 538 semel
1193 484 1249 538 in
1277 500 1430 539 anno
1451 485 1524 539 ad
1553 485 1857 539 concilium
1886 485 2225 554 sacerdotes,
2330 486 2509 556 perba
2537 487 2720 540 fronte
2749 487 3036 557 majorum
3065 489 3281 543 statutis
3300 507 3602 563 repugnans,
3621 499 3658 551 si
3673 502 3822 570 episco-

596 581 651 632 et
672 577 909 647 judices,
942 582 1110 649 atque
1150 582 1370 633 actores
1410 579 1744 650 patrimonii
1772 577 1955 632 nostri
1983 579 2231 632 debeant
2334 597 2455 650 pus,
2482 580 2797 650 presbyter,
2818 580 3108 650 diaconus,
3127 588 3222 636 aut
3241 583 3457 640 clericus
3470 587 3627 654 fuerit,
3645 593 3701 645 ab
3714 599 3822 650 omni

595 672 897 726 convenire
940 674 1093 742 quod
1124 673 1486 727 ecclesiarum
1518 673 1776 727 omnium
1825 689 1994 726 causa
2021 673 2090 726 ad
2117 672 2232 742 epi—
2329 672 2568 727 concilio
2600 673 3183 729 excommunicationi
3201 677 3483 747 subjaceat,
3514 681 3551 734 si
3577 699 3682 737 vero
3705 686 3826 740 laicus

595 766 748 837 scopi
797 766 1216 821 ordinationem
1265 767 1557 837 pertinere
1596 767 1814 834 debeat,
1855 767 2006 838 quod
2051 783 2232 820 sacer—
2329 767 2519 832 fuerit,
2542 771 2598 820 et
2616 767 3084 822 honestiorisloci
3107 785 3338 839 persona
3358 772 3526 841 fuerit,
3554 776 3826 833 medietatem

596 861 759 916 dotes
813 860 1176 914 moderanter
1229 877 1402 930 agere
1450 860 1692 914 debeant
1744 877 1846 931 per
1910 860 2224 930 parochias,
2330 860 2664 914 facultatum
2691 877 2920 914 suarum
2941 861 3166 916 amittat
3191 863 3522 933 ﬁscijuribus
3540 869 3827 936 profuturam.

596 954 753 1025 quod
803 953 950 1007 servi
991 953 1242 1008 ecclesia
1285 954 1397 1008 sive
1437 954 1780 1008 clericorum
1821 971 1935 1007 nou
1983 954 2230 1008 debeant
2329 953 2382 1008 Si
2415 969 2545 1007 vero
2575 952 2812 1007 minoris
2846 954 2951 1008 loci
2991 971 3233 1026 persona
3274 960 3354 1010 est
3393 959 3655 1014 amissione
3694 979 3829 1017 rerum

599 1064 632 1101 a
660 1047 867 1102 nostris
892 1047 1173 1101 actoribus
1213 1047 1270 1101 in
1316 1049 1549 1118 angaria
1574 1049 1761 1118 aliqua
1799 1047 2040 1118 fatigari.
2069 1046 2229 1110 Quod
2327 1064 2557 1101 suarum
2612 1047 2884 1102 multatus
2930 1048 2989 1102 in
3049 1049 3302 1104 exsilium
3348 1051 3629 1121 deputetur.
3676 1055 3833 1108 Flavius

597 1141 999 1211 religiosorum
1028 1157 1413 1212 corporacum
1431 1142 1661 1212 hymnis
1679 1141 1982 1196 etcanticis
2002 1145 2226 1194 tantum
2329 1141 2685 1196 Reccaredus
2733 1158 2836 1195 rex
2889 1142 3033 1196 hanc
3076 1143 3523 1198 deliberationem
3567 1163 3708 1216 quam
3743 1165 3833 1202 cum

600 1234 910 1289 deferenda
951 1235 1065 1289 sint
1107 1236 1178 1289 ad
1222 1236 1494 1306 sepulcra.
1546 1235 1704 1299 Quod
1747 1234 2125 1288 Ballimathia
2173 1235 2231 1287 et
2329 1237 2527 1288 sancta
2571 1233 2933 1288 deﬁnivimus
2980 1236 3199 1306 synodo
3246 1238 3561 1292 confirmans
3595 1239 3835 1310 subscripsi.

596 1329 783 1400 turpia
813 1329 1033 1383 cantica
1059 1329 1418 1400 prohibenda
1468 1347 1502 1383 a
1546 1333 1874 1383 sanctorum
1913 1327 2226 1382 solemniis.
2330 1329 2592 1382 Mausona
2618 1328 2676 1382 in
2703 1329 2912 1384 Christi
2938 1331 3174 1384 nomine
3198 1330 3437 1384 ecclesia
3455 1332 3700 1385 catholica
3722 1334 3836 1386 Eme-

599 1424 704 1478 Has
734 1440 930 1477 omnes
967 1423 1397 1478 constitutiones
1444 1423 1844 1477 ecclesiasticas
1895 1439 2034 1493 quas
2083 1438 2229 1475 sum~
2329 1422 2575 1476 recensis
2605 1423 3081 1493 metropolitanus
3101 1425 3391 1495 episcopos
3415 1424 3838 1495 provincial.usita-

599 1518 798 1572 matim
824 1518 1184 1589 breviterque
1214 1516 1649 1589 perstrinximus
1693 1516 1857 1588 (sicut
1898 1515 2120 1588 plenius
2169 1516 2230 1569 in
2328 1515 2439 1570 nia
2485 1516 2575 1569 his
2614 1517 3113 1571 constitutionibus
3157 1518 3354 1588 quibus
3396 1518 3450 1572 in
3492 1518 3611 1572 urbe
3647 1519 3841 1572 Toletana

597 1627 810 1665 canone
857 1611 1257 1679 continentur)
1341 1627 1578 1665 manere
1627 1610 1872 1680 perenni
1926 1609 2228 1664 stabilitate
2327 1609 2581 1676 interfui,
2619 1626 2796 1663 manu
2823 1627 2954 1664 mea
2979 1610 3302 1682 subscripsi.
3334 1611 3577 1667 Similiter
3602 1614 3650 1666 et
3667 1611 3739 1665 alii
3761 1611 3841 1680 epi-

599 1705 899 1761 sancimus.
945 1706 1002 1761 Si
1048 1705 1173 1777 quis
1219 1704 1454 1760 clericus
1501 1722 1640 1776 ergo
1679 1708 1778 1758 aut
1825 1703 1997 1759 laicus
2021 1705 2227 1759 harum
2328 1703 2486 1773 scopi
2515 1702 2990 1774 subscripserunt.

3767 1838 3834 1850 ς...

1273 1954 1672 2019 INCIPIUNT
1717 1953 2110 2019 CAPITULA
2154 1951 2486 2018 CONCILII
2531 1951 2828 2030 QUARTI
2872 1950 3288 2016 TOLETANI.

676 2084 723 2137 1.
755 2083 832 2138 De
857 2082 1111 2138 oratione
1149 2087 1204 2138 et
1246 2083 1377 2139 ﬁdei
1418 2083 1768 2139 confessione
1793 2101 1922 2156 qua
1947 2084 2005 2138 in
2035 2087 2227 2138 sancta
2248 2094 2304 2164 B
2404 2082 2488 2134 19.
2518 2080 2677 2143 Quod
2707 2079 2767 2133 in
2795 2081 2972 2135 veteri
3012 2082 3138 2151 lege
3166 2079 3238 2134 ab
3268 2095 3414 2134 anno
3442 2076 3682 2149 vigesimo
3713 2075 3849 2146 quinto

600 2175 697 2229 Dei
729 2177 972 2231 Ecclesia
1000 2177 1356 2248 pradicatur.
2330 2173 2518 2228 levita
2549 2173 2806 2228 ordinari
2832 2175 3194 2230 mandantur.

670 2277 723 2326 2.
757 2271 920 2324 Nulla
951 2287 1100 2342 pene
1128 2287 1218 2325 res
1247 2271 1431 2342 magis
1462 2271 1773 2342 disciplina
1801 2288 1990 2326 mores
2020 2272 2090 2326 ab
2122 2273 2229 2326 Ec-
2402 2270 2490 2321 20.
2545 2267 2705 2332 Quod
2757 2267 3075 2323 sacerdotes
3130 2268 3231 2323 Dei
3284 2263 3749 2338 irreprehensibiles
3775 2276 3853 2315 esse

599 2365 765 2419 clesia
807 2364 1010 2420 Christi
1055 2363 1288 2436 depulit,
1346 2381 1519 2437 quam
1564 2364 1880 2420 inordinata
1932 2364 2231 2420 diversitas
2333 2360 2561 2415 debent.

602 2459 791 2514 ofﬁcii.
2404 2458 2460 2508 21
2480 2497 2492 2509 .
2526 2454 2689 2519 Quod
2716 2455 2868 2525 apud
2891 2456 3066 2510 Deum
3085 2455 3488 2512 conscientiam
3509 2467 3685 2524 puram
3702 2445 3856 2517 etapud

668 2557 722 2609 3.
749 2556 825 2608 De
851 2552 1100 2608 formula
1127 2553 1443 2608 secundum
1472 2570 1646 2626 quam
1688 2553 1888 2608 debeat
1918 2556 2111 2608 sancta
2140 2571 2228 2625 sy-
2333 2549 2598 2603 homines
2627 2549 2841 2603 famam
2876 2549 3153 2620 optimam
3183 2567 3291 2605 nos
3319 2549 3521 2603 habere
3543 2545 3774 2616 oporteat.

598 2648 780 2703 nodus
809 2647 866 2702 in
889 2647 989 2702 Dei
1016 2648 1246 2702 nomine
1274 2649 1417 2702 fieri.
2402 2642 2489 2694 2‘2.
2521 2637 3027 2702 Quemadmodum
3056 2638 3341 2693 antistites
3371 2638 3444 2692 ita
3461 2631 3737 2708 presbyteri
3758 2635 3798 2683 et
3813 2630 3861 2681 le-

667 2743 720 2796 4.
750 2743 809 2796 ln
841 2741 1195 2796 solemnitate
1226 2741 1472 2812 paschali
1501 2741 1748 2813 qualiter
1773 2741 1914 2797 solet
1943 2741 2002 2796 in
2034 2741 2234 2813 Hispa—
2333 2732 2459 2787 vita?
2485 2732 2629 2786 Sicut
2657 2732 2910 2801 nomine,
2957 2732 3036 2786 ita
3081 2736 3139 2787 et
3182 2732 3404 2788 meritis
3440 2731 3607 2785 vitam
3630 2726 3862 2782 teneantei

597 2834 707 2889 niis
736 2834 975 2888 varietas
1007 2834 1268 2889 existere.
2332 2826 2722 2882 testimonium
2755 2825 2905 2880 vita.

671 2931 720 2981 5.
751 2928 830 2981 De
859 2927 1123 2997 baptismi
1143 2931 1528 2982 sacramento.
2406 2924 2494 2977 23.
2522 2920 2686 2984 Quod
2716 2937 2898 2992 prona
2924 2921 2996 2975 sit
3021 2921 3207 2977 omnis
3235 2925 3375 2977 atas
3400 2920 3469 2975 ab
3497 2911 3808 2973 adolescentia
3825 2907 3863 2961 in

671 3024 721 3075 6.
755 3019 1147 3092 Comperimus
1191 3021 1346 3091 quod
1391 3037 1494 3092 per
1541 3021 1843 3076 nonnullas
1883 3022 2146 3077 ecclesias
2175 3023 2233 3077 in
2333 3015 2573 3070 malum.

599 3115 688 3169 die
710 3117 884 3169 sextae
907 3115 1063 3169 feria
1094 3115 1365 3185 passionis
1388 3114 1613 3168 Domini
1640 3115 1841 3169 clausis
1870 3115 2232 3171 basilicarum
2403 3110 2491 3163 24.
2522 3109 2679 3172 QUOd
2707 3109 2956 3164 maXime
2981 3109 3041 3164 in
3073 3109 3471 3165 sacerdotibus
3495 3106 3591 3162 Dei
3622 3099 3801 3158 Vitanda
3816 3101 3868 3149 θεῖ

599 3208 812 3262 foribus
841 3225 954 3262 non
981 3208 1299 3263 celebretur
1327 3208 1598 3263 ofﬁcium.
2333 3218 2592 3258 errorum
2620 3201 2962 3273 ignorantia.

669 3307 721 3357 7.
752 3302 994 3366 Quidam
1023 3302 1080 3356 in
1110 3302 1201 3356 die
1229 3302 1488 3373 ejusdem
1519 3302 1816 3358 dominica
1855 3303 2134 3375 passionis
2160 3303 2232 3357 ad
2404 3299 2492 3351 25.
2524 3297 2604 3350 De
2630 3296 2975 3367 presbyteris
3021 3298 3416 3368 parochitanis
3446 3297 3577 3352 dum
3618 3289 3869 3347 ordinantur

600 3396 802 3452 horam
835 3412 1050 3450 nonam
1073 3395 1362 3466 jejunium
1392 3397 1634 3450 solvunt.
2280 3465 2287 3466 ί
2333 3390 2487 3462 quod
2539 3390 2792 3446 libellum
2832 3391 3133 3448 ofﬁcialem
3169 3409 3202 3446 a
3241 3393 3530 3448 sacerdote
3566 3403 3658 3443 suo
3691 3381 3870 3450 accipere

671 3494 721 3545 8.
754 3490 1004 3544 Lucerna
1036 3465 1094 3543 et
1124 3465 1317 3544 cereus
1347 3489 1494 3543 infra
1519 3489 1737 3561 vigilias
1771 3491 1920 3562 apud
1955 3491 2231 3562 quasdam
2253 3465 2308 3538 CI
2334 3484 2561 3539 debent.

600 3583 859 3638 ecclesias
886 3599 1000 3638 non
1027 3583 1467 3649 benedicuntur,
1499 3586 1557 3636 et
1583 3601 1684 3637 cur
1730 3601 1764 3638 a
1806 3583 1971 3639 nobis
2009 3583 2236 3638 benedi-
2402 3580 2493 3633 26.
2525 3578 2760 3642 Quando
2790 3579 3130 3650 presbyteri,
3157 3584 3259 3635 aut
3305 3578 3529 3634 diaconi
3564 3578 3621 3631 in
3660 3569 3874 3646 parochias

598 3680 820 3744 cantur,
849 3676 1166 3748 inquirunt.
2333 3671 2771 3740 constituuntur,
2834 3676 3055 3744 oportet
3098 3689 3192 3728 eos
3247 3673 3647 3746 professionem
3687 3664 3876 3737 episcopo

668 3775 721 3824 9.
753 3770 1016 3825 Nonnulli
1037 3770 1398 3825 sacerdotum
1423 3787 1528 3842 per
1552 3770 1844 3841 Hispanias
1870 3771 2236 3842 reperiuntur
2335 3782 2435 3819 suo
2465 3766 2673 3821 facere.

601 3864 699 3936 qui
731 3853 1077 3919 Dominicam
1105 3863 1416 3918 orationem
1443 3881 1618 3935 quam
1650 3864 1891 3919 salvator
1925 3867 2119 3919 noster
2144 3865 2236 3918 do-
2404 3862 2494 3913 27.
2525 3858 2579 3914 Si
2604 3859 2923 3931 episcopus,
2947 3861 3275 3932 presbyter,
3302 3862 3594 3927 diaconus,
3615 3861 3700 3912 aut
3727 3848 3880 3908 subdia-

596 3959 711 4013 cuit
737 3963 794 4013 et
824 3957 1095 4029 praecepit
1122 3974 1237 4012 non
1260 3958 1532 4029 quotidie,
1557 3958 1655 4013 sed
1679 3961 1904 4013 tantum
1927 3958 2020 4012 die
2047 3957 2237 4012 Domi-
2335 3969 2509 4006 conus
2537 3969 2571 4006 a
2597 3953 2779 4024 gradu
2806 3970 2908 4008 suo
2933 3953 3142 4025 dejecti
3173 3956 3416 4025 fuerint,
3446 3961 3503 4009 et
3529 3955 3585 4008 in
3613 3946 3810 4007 secunda
3829 3957 3881 4008 sy-

605 4051 729 4106 nico
754 4052 970 4105 dicunt.
2336 4045 2488 4099 nodo
2554 4046 2888 4103 innocentes
2936 4047 3336 4117 inveniantur,
3380 4049 3615 4122 qualiter
3648 4037 3792 4111 recipi
3817 4035 3882 4089 de-

675 4148 758 4197 10.
791 4144 950 4207 Quod
977 4144 1302 4198 sacerdotes
1329 4144 1611 4216 Hispania
1640 4143 1840 4198 diebus
1868 4144 2231 4215 quadragesi-
2332 4139 2528 4194 beant.

600 4253 709 4290 ma
738 4236 964 4290 alleluia
993 4236 1314 4291 decantent.
2403 4236 2493 4288 28.
2523 4233 2581 4290 Si
2608 4234 2926 4307 episcopus,
2955 4237 3276 4309 presbyter,
3321 4254 3425 4294 seu
3459 4237 3728 4301 diaconus,
3762 4225 3828 4280 vel
3844 4238 3884 4275 ex

677 4333 760 4383 11.
790 4329 950 4393 Quod
983 4328 1041 4382 in
1061 4329 1403 4399 quibusdam
1425 4330 1820 4402 Hispaniarum
1842 4330 2092 4386 ecclesiis
2117 4331 2234 4385 lau-
2333 4327 2530 4383 ordine
2555 4329 2893 4384 clericorum
2928 4346 3148 4401 magos,
3177 4333 3500 4403 aruspices,
3532 4329 3733 4391 ariolos,
3758 4334 3884 4387 305""

601 4423 698 4479 des
727 4427 851 4494 post,
879 4423 1210 4493 Apostolum
1242 4423 1560 4479 decantent.
2334 4438 2425 4475 res
2446 4423 2531 4476 vel
2557 4422 2857 4494 sortilegos
2884 4425 3180 4480 consulere
3213 4426 3440 4481 fuerint
3464 4407 3886 4497 deprehensi,quid

672 4521 756 4572 12.
791 4519 865 4572 De
892 4516 1121 4586 hymnis
1151 4517 1324 4572 etiam
1355 4518 1651 4573 canendis.
2333 4515 2403 4568 de
2427 4515 2506 4570 eis
2531 4517 2823 4585 agendum
2850 4518 2938 4572 sit.

673 4615 757 4666 13.
780 4613 854 4665 De
883 4611 1095 4680 hymno
1112 4627 1338 4681 quoque
1360 4610 1530 4665 trium
1561 4628 1874 4682 puerorum
1893 4613 1951 4666 in
1973 4629 2087 4683 quo
2108 4611 2232 4665 uni-
2404 4612 2495 4663 29.
2527 4610 2880 4665 Conﬁnitimi
2924 4612 3174 4668 hostium
3218 4615 3558 4670 sacerdotes
3601 4611 3799 4683 propter
3832 4612 3894 4651 e05

596 4721 757 4759 versa
783 4703 908 4758 cali
929 4707 1212 4775 terraque
1242 4707 1503 4758 creatura
1530 4707 1708 4758 Deum
1734 4705 2041 4760 collaudat.
2334 4702 2431 4773 qui
2463 4719 2497 4757 a
2520 4703 2680 4773 regia
2701 4708 2981 4775 potestate
3007 4706 3301 4762 licentiam
3331 4706 3653 4779 acceperint
3676 4702 3726 4757 in
3745 4691 3894 4768 synodo

671 4799 754 4852 14.
789 4797 946 4861 Quod
994 4798 1051 4851 in
1097 4798 1270 4852 tinem
1314 4798 1660 4868 psalmorum
1706 4815 1820 4852 non
1873 4799 2019 4852 sicut
2047 4815 2079 4852 a
2106 4797 2654 4910 qui-Dmundandi
2683 4801 2834 4852 sunt.

872 4890 1033 4910 dum
1071 4890 1217 4910 ...με
1296 4891 1385 4910 --λ
1663 4895 1702 4910 κ.
1871 4892 1907 4910 η
1967 4893 2060 4910 η,
2104 4891 2113 4902 ο
2163 4892 2199 4910 ι.
2407 4894 2471 4910 ..η
2523 4891 2676 4910 ην,

596 4890 834 4944 busdam
864 4890 1043 4961 gloria
1070 4890 1242 4960 Patri,
1291 4891 1391 4945 sed
1432 4891 1616 4946 honor
1652 4895 1709 4946 et
1741 4892 1923 4964 gloria
1967 4891 2118 4947 Patri
2148 4892 2230 4947 di-
2254 4881 2311 4910 υ
2406 4894 2494 4946 30.
2521 4891 2681 4956 Quod
2707 4908 2855 4963 sape
2889 4892 3173 4964 principes
3216 4899 3428 4950 contra
3475 4891 3741 4966 quoslibet
3771 4881 3897 4948 male'

598 4988 777 5038 catur.
2332 4985 2490 5040 statis
2542 4985 2815 5041 obnoxios
2865 4987 3253 5043 sacerdotibus
3295 5006 3402 5046 sua
3442 4987 3668 5061 negotia
3699 4972 3898 5038 commit-

672 5081 757 5132 15.
789 5078 933 5132 Sunt
969 5076 1203 5148 quidam
1229 5077 1330 5149 qui
1367 5077 1424 5132 in
1452 5079 1567 5133 fine
1598 5079 2091 5150 responsoriorum
2120 5082 2235 5151 glo-
2331 5082 2480 5134 tunt.

598 5171 742 5226 riam
771 5188 888 5226 non
920 5171 1138 5226 dicunt.
1961 5221 1965 5224 .
2403 5177 2490 5228 31.
2536 5175 2605 5228 Ut
2651 5172 2906 5246 episcopi
2956 5173 3013 5229 in
3071 5177 3456 5248 protegendis
3507 5173 3718 5250 populis
3759 5183 3808 5223 ac
3839 5162 3901 5215 ἀθ-

620 5268 622 5271 ’
674 5271 757 5322 16.
793 5267 872 5322 De
900 5267 1235 5338 Apocalypsi
1286 5268 1448 5336 libro,
1495 5273 1560 5324 ut
1603 5274 1886 5339 teneatur,
1921 5274 1975 5323 et
2005 5271 2233 5340 quando
2329 5267 2629 5323 fendendis
2656 5267 2983 5340 impositam
3025 5286 3058 5324 a
3095 5270 3211 5325 Deo
3249 5271 3362 5326 sibi
3406 5288 3606 5327 curam
3649 5283 3750 5323 non
3774 5255 3901 5316 ambi'

597 5362 842 5433 legatur.
2331 5366 2485 5433 gant.

671 5459 752 5510 17.
786 5455 945 5519 Quod
968 5455 1206 5526 quidam
1239 5457 1556 5513 sacerdotes
1586 5473 1699 5511 non
1743 5456 1847 5511 rite
1874 5459 1999 5527 post
2024 5457 2229 5513 dictam
2401 5458 2488 5510 32.
2521 5456 2677 5520 Quod
2708 5458 2943 5512 avaritia
2975 5459 3142 5514 radix
3179 5466 3531 5516 cunctorum
3559 5457 3808 5513 malorum
3828 5441 3899 5497 ali-

595 5549 912 5604 orationem
968 5550 1324 5606 Dominicam
1379 5551 1569 5605 statim
1628 5549 2102 5618 communicant,
2174 5555 2231 5606 et
2330 5565 2573 5620 quorum
2603 5551 2961 5606 sacerdotum
2992 5559 3212 5610 mentes
3237 5554 3520 5611 obtineat.

592 5649 784 5712 postea
811 5643 1271 5700 benedictionem
1303 5644 1363 5698 in
1391 5644 1600 5715 populo
1627 5645 1780 5698 dant.
2402 5646 2491 5698 33.
2523 5644 2854 5717 Quicunque
2883 5647 3180 5719 episcopus
3211 5649 3457 5704 alterius
3485 5644 3722 5719 epiSCOpi
3747 5638 3901 5693 dicace-

667 5737 749 5788 18.
779 5737 937 5799 Quod
989 5738 1302 5807 perniciosa
1348 5738 1695 5793 consuetudo
1747 5755 2111 5812 nequaquam
2146 5745 2230 5796 est
2331 5736 2439 5790 sim
2484 5753 2585 5807 per
2622 5738 2857 5808 triginta
2901 5757 3078 5794 annos
3120 5743 3239 5796 sine
3285 5743 3492 5816 aliqua
3522 5729 3907 5811 interpellatione

590 5826 906 5882 retinenda.
1055 5881 1058 5883 λ
2327 5831 2663 5906 possederit,
2693 5835 2753 5888 ut
2780 5835 2973 5890 teneat
2999 5850 3146 5893 eam.
