3964 6178
129 283 200 340 461
1288 274 1759 332 Decuuuutn
1800 276 2182 332 GOI.Ll£(‘.'t‘It').
3311 285 3410 337 ,μη

180 393 250 449 34.
295 390 352 445 ['t
395 387 525 443 sicut
567 385 853 443 dicecesim
894 385 1140 443 alienam
1181 389 1508 443 tricennalis
1546 406 1676 460 pos-
1702 396 1760 468 Α
1975 389 2137 454 Quod
2165 391 2278 446 duo
2323 395 2454 446 sunt
2502 407 2716 462 genera
2760 391 3077 458 viduarum,
3109 391 3411 449 saeculares

128 486 266 542 sessio
301 484 451 552 tollit,
479 483 550 537 ita
590 482 860 537 territorii
902 489 1247 538 conventum
1288 499 1403 536 non
1449 483 1678 537 amittit.
1784 487 1839 538 et
1869 485 2339 541 sanctimoniales.

174 585 242 635 35.
271 578 419 644 Quod
461 578 750 649 episcOpos
789 594 892 648 per
931 581 1157 632 cunctas
1207 577 1470 633 dioeceses
1510 593 1680 649 paro-
1854 582 1940 634 56.
1975 581 2049 634 De
2077 580 2285 635 Judecis
2313 597 2383 636 ne
2413 581 2465 635 vi
2493 579 2565 635 ad
2593 581 2938 636 credendum
2965 586 3264 652 cogantur.

121 675 335 745 chiasque
365 689 485 726 suas
510 672 588 726 ire
619 675 880 742 oporteat
911 688 1013 744 per
1040 671 1294 742 singulos
1333 690 1534 729 annos.
1853 677 1940 728 57.
1970 676 2044 730 De
2065 675 2370 746 cupiditate
2401 675 2664 746 episcopi,
2696 675 3026 746 presbyteri,
3067 676 3153 730 vel
3183 676 3405 732 diaconi

170 771 240 822 36.
287 767 603 837 Quicunque
641 765 892 837 episcopi
927 766 1198 837 suffragio
1237 767 1534 837 cujuslibet
1574 769 1677 822 ali-
1781 768 1892 823 sive
1924 769 2258 823 clericorum
2308 768 2404 840 qui
2450 771 2645 823 contra
2687 769 2857 824 fidem
2896 767 3269 825 Christianam
3307 772 3400 825 Ju-

117 863 220 934 quid
255 861 314 915 de
350 859 728 914 ecclesiasticis
772 859 1108 915 utilitatibus
1151 860 1500 932 providerint
1544 862 1676 934 quid
1780 863 1917 916 desis
1945 863 2283 934 suffragium
2309 868 2602 934 praestant.

117 955 349 1025 agendum
376 954 461 1007 sit.
1852 961 1938 1011 58.
1967 959 2042 1011 De
2076 956 2537 1028 praevaricatione
2567 972 2765 1011 eorum
2792 956 2890 1027 qui
2921 956 3136 1012 dudum
3161 957 3228 1012 ad
3252 957 3405 1012 Chri-

165 1053 235 1103 37.
273 1047 626 1102 Praebendum
654 1065 686 1101 a
712 1047 1100 1101 sacerdotibus
1131 1048 1260 1102 vitae
1287 1048 1550 1102 solatium
1587 1048 1676 1102 in-
1778 1051 2020 1105 stianam
2055 1052 2223 1105 ﬁdem
2255 1051 2506 1122 promoti
2534 1055 2683 1105 sunt.

113 1142 397 1212 digentibus,
433 1147 488 1196 et
516 1141 762 1196 maxime
797 1141 885 1195 his
911 1141 1117 1213 quibus
1146 1142 1497 1197 restituenda
1521 1143 1678 1197 vicis-
1853 1149 1939 1200 59.
1969 1147 2047 1199 De
2091 1145 2419 1199 Iudaeorum
2451 1145 2580 1198 ﬁliis
2607 1146 2692 1198 vel
2736 1144 2974 1213 ﬁliabus,
3002 1161 3074 1200 ne
3106 1152 3401 1216 parentum

112 1236 257 1289 situdo
279 1241 372 1289 est.
1621 1274 1631 1281 -
1776 1240 1921 1296 ultra
1946 1240 2304 1293 involvantur
2329 1239 2638 1294 erroribus.

161 1333 230 1384 38.
259 1329 503 1382 Nonnulli
531 1329 795 1384 diacones
821 1329 878 1382 in
901 1333 1118 1383 tantam
1147 1334 1459 1402 erumpunt
1483 1347 1676 1402 super-
1848 1337 1936 1388 60.
1994 1336 2068 1388 De
2112 1333 2322 1387 Judaeis
2361 1332 2676 1404 baptizatis,
2723 1332 2768 1387 si
2813 1337 3004 1405 postea
3052 1333 3403 1405 praevaricati

109 1423 240 1489 biam,
271 1427 322 1476 ut
344 1423 686 1493 presbyteris
715 1440 773 1476 se
806 1423 1132 1493 prteferant.
1775 1428 1986 1482 fuerint
2010 1429 2069 1482 in
2097 1427 2340 1483 Christo.

160 1520 228 1570 39.
258 1517 306 1571 Si
340 1533 452 1571 non
485 1517 615 1571 licet
643 1516 938 1588 episcopis,
967 1533 1071 1572 nec
1109 1517 1450 1589 presbyteris
1491 1518 1674 1572 oraria
1846 1526 1932 1576 61.
1985 1523 2061 1576 De
2107 1522 2388 1576 malorum
2439 1521 2758 1592 consortiis,
2795 1523 2946 1594 quod
2994 1522 3166 1578 etiam
3223 1523 3403 1579 bonos

111 1610 193 1663 duo
240 1610 398 1674 indui,
447 1615 665 1682 quanto
716 1610 904 1681 magis
971 1610 1222 1666 diaconis
1273 1612 1371 1683 qui
1425 1611 1674 1666 ministri
1775 1620 2172 1687 corrumpunt.

109 1721 258 1758 eorum
285 1710 426 1758 sunt.
1698 1769 1745 1784 ἢ
1845 1714 1931 1765 62.
1968 1711 2042 1765 De
2072 1709 2281 1764 Judzeis
2312 1710 2412 1782 qui
2442 1710 2790 1766 Christianas
2816 1711 3082 1766 mulieres
3110 1711 3168 1767 in
3201 1712 3398 1784 conju-

158 1799 224 1852 40.
253 1800 311 1852 Ut
343 1815 539 1853 omnes
585 1799 772 1854 clerici
811 1799 894 1853 vel
937 1800 1172 1854 lectores
1215 1800 1360 1853 sicut
1400 1799 1585 1853 levitas
1618 1769 1750 1854 etB
1775 1805 1869 1876 gio
1901 1805 2136 1859 habent.

106 1896 364 1950 sacerdotes
405 1897 648 1951 detonso
697 1897 960 1968 superius
991 1898 1174 1968 capite
1213 1897 1448 1953 inferius
1491 1899 1671 1953 solam
1845 1902 1931 1953 63.
1963 1900 2085 1954 Non
2112 1901 2299 1969 potest
2340 1915 2476 1970 erga
2506 1899 2772 1954 homines
2798 1915 2917 1954 esse
2947 1899 3148 1968 ﬁdelis,
3178 1901 3274 1972 qui
3301 1917 3396 1956 ex-

105 1990 252 2043 circuli
276 2007 534 2045 coronam
563 1991 907 2062 relinquant.
1772 1992 1948 2047 titerit
1975 1992 2185 2063 impius
2213 1992 2270 2046 in
2298 1993 2501 2047 Deum.

155 2090 222 2142 it.
247 2091 305 2143 Ut
347 2092 630 2144 extraneae
661 2090 890 2144 feminae
931 2107 1061 2145 cum
1089 2090 1304 2144 clericis
1349 2106 1463 2144 non
1505 2089 1668 2144 habi-
1843 2087 1930 2140 63:.
1983 2086 2349 2157 Praecipiente
2390 2087 2652 2153 Domino,
2704 2091 2875 2158 atque
2925 2088 3395 2144 excellentissimo

103 2183 207 2236 teut.
1773 2180 2083 2236 Sisenando
2111 2197 2270 2252 rege,
2302 2185 2363 2235 ut
2391 2181 2574 2235 Judasi
2618 2184 2717 2234 aut
2760 2182 2857 2252 qui
2901 2197 2970 2236 ex
3013 2182 3222 2236 Judwis
3265 2189 3398 2238 sunt

151 2277 219 2330 42.
249 2277 314 2330 De
337 2277 554 2332 clericis
588 2279 685 2348 qui
719 2295 831 2332 non
869 2278 1144 2332 habentes
1186 2276 1510 2348 legitimum
1536 2293 1666 2332 con-
1771 2275 1952 2330 ofﬁcia
1981 2274 2202 2346 publica
2226 2274 2551 2329 nullatenus
2577 2280 2866 2346 appetant.

94 2368 271 2439 jugium
293 2375 689 2426 extranearum
716 2372 1041 2439 mulierum,
1070 2373 1155 2426 vel
1182 2371 1520 2426 ancillarum
1547 2388 1670 2427 sua-
1842 2373 1927 2424 65.
1960 2371 2030 2426 Ut
2053 2368 2402 2424 Christianos
2448 2385 2641 2423 servos
2689 2385 2801 2424 non
2842 2369 3004 2426 liceat
3041 2371 3248 2427 Iudaeis
3294 2373 3395 2428 ha-

99 2479 210 2531 rum,
237 2465 523 2520 interdicta
552 2466 658 2520 sibi
686 2466 967 2520 consortia
995 2469 1292 2537 appetunt.
1769 2463 1922 2518 bere,

148 2557 215 2611 i3.
243 2559 310 2612 De
338 2559 557 2614 clericis
578 2560 675 2632 qui
703 2559 824 2615 sine
856 2560 1113 2615 consultu
1143 2559 1502 2632 episcopisui
1529 2576 1666 2614 uxo-
1840 2561 1927 2612 66.
1959 2559 2033 2612 De
2081 2557 2168 2610 his
2199 2557 2297 2628 qui
2335 2558 2402 2612 de
2451 2556 2620 2612 rebus
2649 2555 2765 2611 suis
2810 2556 3157 2628 pauperibus
3193 2559 3396 2616 Christi

98 2665 184 2704 rem
211 2650 498 2709 duxerunt.
1767 2651 2094 2706 nullatenus
2132 2651 2501 2706 distribuunt.

147 2744 212 2801 44.
241 2745 304 2801 De
339 2747 560 2802 clericis
594 2749 690 2819 qui
725 2749 787 2804 in
824 2763 1164 2821 quacunque
1199 2747 1472 2802 seditione
1510 2764 1668 2804 arma
1838 2749 1925 2801 67.
1969 2748 2044 2800 De
2088 2745 2368 2816 episcopis
2407 2746 2504 2816 qui
2551 2745 2900 2817 mancipium
2944 2746 3090 2817 juris
3145 2748 3395 2804 ecclesiae

95 2840 292 2896 volentes
314 2847 701 2914 sumpserunt.
1765 2857 1881 2895 non
1918 2843 2143 2896 retento
2180 2839 2560 2895 ecclesiastico
2589 2839 2905 2912 patrocinio
2931 2840 3264 2897 manumitti
3294 2842 3392 2898 de-

241 2935 434 3008 Siquis
463 2936 706 2993 clericus
746 2936 805 2992 in
837 2935 1208 2992 demoliendis
1243 2935 1514 3008 sepulcris
1541 2936 1661 2991 fue-
1765 2933 2036 2989 siderant.

94 3027 142 3078 rit
161 3029 542 3100 deprehensus.
1837 3031 1925 3084 68.
1957 3029 2029 3083 Ut
2056 3027 2371 3083 sacerdotes
2399 3026 2498 3099 qui
2529 3030 2629 3082 aut
2657 3044 2749 3082 res
2773 3044 2901 3082 suas
2941 3029 3189 3085 ecclesia:
3217 3031 3389 3086 relin-

141 3123 207 3177 46.
245 3124 315 3179 De
364 3131 654 3199 praecepto
705 3126 919 3182 domini
976 3125 1153 3181 nostri
1209 3125 1510 3196 Sisenangi
1570 3142 1658 3180 re-
1684 3145 1738 3220 ρ
1766 3126 1968 3194 quunt,
2019 3125 2130 3187 aut_
2159 3120 2302 3176 nihil
2337 3121 2608 3176 habentes
2657 3120 2847 3192 aliqua
2885 3123 3097 3194 praadia
3144 3126 3396 3181 ecclesiis

95 3217 169 3284 gis.
1698 3214 1736 3220 V
1765 3217 1880 3271 suis
1919 3215 2287 3287 conquirunt,
2338 3215 2383 3269 si
2426 3214 2712 3270 voluerint
2761 3221 2996 3287 possunt
3038 3217 3109 3273 de
3149 3220 3394 3288 ecclesiae

142 3313 209 3365 47.
237 3314 300 3369 De
329 3316 610 3388 eligendis
635 3315 966 3370 mconomis.
1763 3310 1990 3366 famulis
2020 3309 2237 3381 aliquos
2262 3308 2493 3364 libertos
2518 3309 2729 3364 facere.

141 3406 207 3460 48.
236 3408 301 3462 De
345 3410 706 3481 professione
745 3409 1031 3475 monachi,
1067 3412 1128 3462 ut
1169 3406 1447 3480 quidquid
1491 3407 1665 3461 fuerit
1835 3407 1923 3459 69.
1956 3405 2034 3458 De
2074 3403 2290 3458 libertis
2331 3401 2601 3469 ecclesia,
2631 3403 2764 3473 quia
2810 3421 3102 3476 nunquam
3149 3407 3396 3462 moritur

93 3496 340 3570 allegatum
373 3507 588 3558 teneat.
1763 3515 1965 3555 eorum
2021 3501 2280 3568 patrona,
2339 3513 2373 3551 a
2424 3495 2736 3568 patrocinio
2787 3497 3042 3568 ejusdem
3095 3516 3386 3572 nunquam

139 3592 206 3646 I9.
230 3595 298 3650 De
327 3597 550 3653 clericis
581 3597 678 3668 qui
706 3597 1118 3651 monachorum
1160 3593 1515 3667 propositum
1556 3609 1657 3663 apo
1764 3591 2076 3646 discedant.

90 3690 258 3752 petunt.
1832 3689 1921 3740 70.
1951 3685 2028 3739 De
2057 3682 2279 3740 libertis
2303 3681 2556 3738 ecclesiae
2582 3682 2681 3754 qui
2723 3701 2755 3738 a
2785 3684 3101 3755 patrocinio
3131 3687 3388 3758 ejusdem

138 3784 205 3835 50.
251 3783 411 3847 Quale
454 3784 558 3855 jus
619 3782 870 3854 episcopi
926 3783 984 3837 in
1031 3781 1389 3837 monasteriis
1450 3780 1658 3835 habere
1761 3779 2076 3835 discedunt.

90 3870 295 3931 debeant.
1829 3877 1916 3929 71.
1961 3873 2040 3926 De
2093 3870 2308 3926 libertis
2359 3869 2456 3942 qui
2497 3887 2530 3925 a
2576 3870 3010 3942 quibuscunque
3056 3873 3389 3928 manumissi

135 3972 289 4026 5t.Dc
317 3973 618 4028 monachis
664 3972 759 4044 qui
790 3970 1150 4042 egredientes
1194 3970 1264 4024 de
1311 3969 1656 4024 monasterio
1760 3973 1892 4024 sunt
1947 3971 2119 4038 atque
2159 3963 2410 4020 ecclesiae
2463 3964 2776 4035 patrocinio
2837 3965 3230 4021 commendati
3280 3968 3391 4022 exi-

86 4075 164 4115 non
187 4065 347 4122 solum
375 4068 444 4122 ad
473 4066 754 4120 saeculum
787 4067 1172 4132 revertuntur,
1197 4064 1298 4118 sed
1323 4063 1495 4118 etiam
1521 4080 1659 4118 uxo-
1759 4066 1935 4118 stunt.

87 4169 147 4205 res
169 4159 445 4229 accipiunt.
1827 4160 1916 4211 72.
1945 4157 2015 4211 Ut
2055 4154 2151 4226 qui
2195 4154 2516 4210 libertatem
2559 4171 2592 4208 a
2640 4153 2886 4209 dominis
2928 4153 3042 4208 suis
3088 4154 3164 4210 ita
3208 4156 3390 4226 perci-

136 4253 201 4304 52.
229 4252 291 4307 De
319 4254 602 4325 religiosis
644 4251 890 4323 pr0priaa
937 4251 1182 4322 regionis
1226 4251 1323 4322 qui
1364 4267 1468 4304 nec
1511 4250 1658 4304 inter
1757 4250 1942 4321 piunt,
1972 4253 2037 4303 ut
2063 4248 2284 4302 nullum
2313 4247 2372 4302 in
2406 4247 2487 4301 eis
2512 4247 2846 4319 obsequium
2876 4252 3150 4320 patronus
3184 4249 3386 4304 deten-

87 4341 282 4410 t'lCI'ICOS,
312 4365 412 4402 nec
441 4349 603 4402 inter
627 4345 935 4401 monachos
962 4345 1261 4399 habentur.
1758 4347 1858 4411 tet,
1889 4342 2267 4414 suscipiantur
2292 4342 2362 4395 ad
2395 4342 2632 4396 clerum.

135 4439 202 4490 53.
229 4439 293 4493 De
321 4442 398 4495 eis
427 4441 536 4513 qui
573 4441 629 4494 in
681 4438 1005 4494 discrimine
1045 4438 1330 4493 constituti
1374 4438 1653 4508 poeniten-
1827 4440 1912 4491 ’73.
1946 4437 2024 4490 De
2067 4435 2299 4490 famulis
2342 4435 2590 4490 ecclesiae
2635 4435 2982 4491 constituere
3029 4438 3388 4509 presbyteros

83 4526 182 4582 tiam
214 4535 500 4605 accipiunt.
1675 4513 1734 4586 D
1759 4530 1842 4585 vel
1869 4529 2132 4584 diaconos
2157 4545 2261 4600 per
2288 4528 2584 4599 parochias
2609 4528 2760 4583 licet.

131 4623 197 4676 54.
222 4625 289 4679 De
328 4627 697 4683 saecularibus
738 4643 836 4698 qui
883 4626 1225 4697 accipientes
1263 4624 1652 4695 paenitentiam
1825 4625 1913 4678 74.
1947 4624 2025 4677 De
2057 4621 2415 4676 ecclesiastici
2459 4621 2675 4676 ordinis
2703 4621 2976 4677 institutis
3005 4623 3092 4678 vel
3121 4623 3382 4691 decretis,

80 4729 120 4764 se
141 4721 474 4778 totonderant
517 4726 575 4778 et
607 4737 799 4775 rursus
849 4719 1283 4792 przevaricantes
1312 4718 1439 4774 laici
1467 4718 1651 4774 etl‘ecti
1754 4734 1882 4790 quae
1902 4717 1971 4771 ad
2003 4714 2385 4790 quorumdam
2419 4715 2712 4788 pertinent
2742 4715 3120 4789 disciplinam.

83 4815 192 4864 sunt.

417 5069 836 5161 INCIPIT
921 5066 1537 5162 CONCILIUM
1624 5064 2317 5160 TOLETANUM
2387 5063 2974 5178 QUARTUM.

133 5275 292 5353 112
311 5284 676 5339 (ΣΑΡ.Ι.Αηῐιο
699 5283 866 5337 tertio
889 5286 1166 5354 regnante
1194 5281 1439 5337 Domino
1463 5286 1652 5336 nostro
1753 5280 2004 5335 ecclesias
2043 5279 2352 5352 disciplinis
2399 5284 2694 5336 tractatus.
2725 5281 2976 5336 Primum
3006 5279 3216 5352 gratias
3257 5279 3378 5332 Sal-

82 5367 432 5433 glcriosissimo
465 5376 723 5448 principe
749 5376 1079 5444 Sisenando,
1101 5375 1190 5430 die
1222 5392 1402 5430 nonas
1425 5376 1653 5430 Decem-
1752 5375 1932 5429 vatori
1985 5378 2179 5428 nostro
2238 5375 2348 5428 Deo
2397 5375 2771 5446 omnipotenti
2825 5375 3082 5446 egimus,
3135 5372 3381 5442 posthaec

82 5458 182 5528 bris,
217 5484 321 5522 aera
366 5487 610 5537 DCLXXX],
669 5469 810 5524 dum
857 5469 1044 5524 studio
1087 5468 1296 5523 amoris
1341 5468 1548 5522 Christi
1589 5485 1651 5522 ac
1751 5469 2000 5523 antefato
2045 5467 2304 5523 ministro
2353 5469 2825 5523 excellentissimo
2857 5473 2913 5522 et
2956 5465 3200 5538 glorioso
3234 5457 3376 5533 regi,

83 5551 324 5622 diligentia
375 5563 784 5634 religiosissimi
831 5562 1122 5618 Sisenandi
1175 5562 1328 5633 regis
1372 5561 1650 5632 Hispaniae
1752 5561 1913 5631 cujus
1942 5566 2099 5616 tanta
2134 5578 2272 5632 erga
2308 5563 2487 5617 Deum
2510 5561 2736 5616 devotio
2763 5565 3042 5626 cxstat,ut
3062 5573 3174 5612 non
3199 5556 3379 5610 solum

81 5649 210 5716 atque
230 5654 494 5711 Gallzeciaa
512 5656 828 5711 sacerdotes
850 5655 1003 5727 apud
1019 5656 1346 5711 Toletanam
1371 5655 1571 5709 urbem
1595 5653 1651 5708 in
1751 5654 1810 5708 in
1841 5654 2008 5709 rebus
2033 5655 2319 5723 humanis,
2352 5656 2447 5711 sed
2481 5656 2654 5710 etiam
2685 5655 2743 5708 in
2769 5653 2951 5707 causis
2973 5649 3176 5706 divinis
3223 5650 3375 5705 solli-

81 5743 262 5800 nomine
289 5748 508 5804 Domini
533 5750 1012 5817 convenissemus,
1043 5753 1108 5803 ut
1137 5750 1258 5819 ejus
1285 5747 1540 5819 imperiis
1565 5753 1650 5801 at-
1751 5747 1892 5801 citus
1914 5751 2159 5817 maneat,
2186 5749 2278 5803 hic
2307 5749 2517 5820 quippe
2543 5750 2678 5804 dum
2707 5747 2761 5801 in
2791 5745 3014 5799 basilica
3040 5743 3378 5798 beatissima:

84 5849 164 5905 "lue
183 5838 334 5911 jussis
354 5845 619 5900 commoti
645 5863 680 5902 a
706 5844 865 5902 nobis
887 5844 1203 5918 agitaretur
1224 5842 1294 5898 de
1315 5841 1652 5916 quibusdam
1753 5842 1813 5898 et
1840 5846 2046 5897 sanctae
2075 5843 2340 5918 martyris
2371 5841 2660 5902 Leocadia?
2694 5837 2950 5897 omnium
2997 5842 3250 5896 nostrum
3280 5854 3374 5916 ρᾶς
