3964 6178
545 300 645 353 463

1431 256 1732 350 ΑΡΡΕΝΙ).
1757 296 1842 350 AD
1880 295 2038 351 sese.
2081 295 2182 377 1x.

2303 294 2554 350 lSlDORl
2593 295 3018 352 MERCATORIS
3731 307 3807 363 464

545 408 683 463 riter
695 408 819 479 jam
844 410 1019 462 coetus
1036 375 1391 477 adesset,pro
1411 407 1614 461 merito
1636 406 2036 462 ﬁdeisuaecum
2056 375 2182 460 ma-H
2198 415 2257 490 Α
2277 405 2378 460 Dei
2417 404 2663 460 Ecclesia
2702 407 3066 477 praedicatur,
3099 407 3306 477 placuit
3342 423 3523 464 omnes
3558 413 3811 471 sacerdotes

549 499 1032 573 gniﬁcentissimis
1073 505 1131 554 et
1157 499 1530 555 nobilissimis
1558 500 1694 554 viris
1726 501 2031 570 ingressus,
2058 499 2175 570 pri-

546 612 707 651 mum
738 612 929 650 coram
962 594 1347 650 sacerdotibus
1373 593 1471 648 Dei
1504 594 1664 648 humi
1690 598 2023 665 prostratus,
2047 610 2178 648 cum

548 690 811 762 lacrymis
826 692 884 744 et
901 689 1204 760 gemitibus
1222 705 1324 759 pro
1343 705 1402 742 se
1424 687 1924 743 interveniendum
1938 687 2179 742 Domino

547 783 869 856 postulavit.
901 783 1110 838 Deinde
1159 782 1428 851 religiosa
1474 781 1869 852 persecutione
1899 782 2180 853 synodum

549 878 878 933 exhortatus
923 881 1024 942 est,
1052 880 1119 930 ut
1147 878 1523 947 paternorum
1557 875 1918 930 decretorum
1957 891 2178 930 memo-

549 989 640 1027 res
663 971 734 1025 ad
768 969 1164 1026 conﬁrmanda
1214 969 1272 1023 in
1300 968 1462 1024 nobis
1479 969 1615 1039 jura
1645 968 2022 1023 ecclesiastica
2070 974 2182 1024 stu-

552 1066 712 1120 dium
759 1064 1169 1136 praaberemus,
1205 1067 1262 1118 et
1303 1062 1397 1117 illa
1441 1062 1726 1134 corrigere
1757 1079 1882 1134 qua}
1909 1063 2045 1117 dum
2081 1079 2184 1133 per

550 1156 968 1229 negligentiam
991 1156 1051 1210 in
1073 1153 1238 1210 usum
1259 1158 1540 1210 venerunt
1565 1159 1760 1210 contra
1781 1155 2183 1210 ecclesiasticos

555 1268 744 1306 mores
786 1249 1076 1305 licentiam
1130 1249 1235 1304 sibi
1305 1249 1850 1320 usurpationemque
1903 1250 2179 1304 fecerunt.

551 1345 773 1400 Talibus
799 1360 936 1416 ergo
959 1343 1080 1414 ejus
1095 1342 1326 1398 monitis
1353 1343 1780 1414 congaudentes
1802 1343 2183 1397 necessarium

555 1438 814 1507 exstitit,
867 1438 1033 1508 juxta
1073 1437 1196 1508 ejus
1262 1440 1634 1508 nostrumque
1701 1441 1893 1490 votum
1945 1439 2184 1491 tractare

551 1550 679 1605 quae
728 1535 1063 1603 competunt
1113 1531 1227 1585 sive
1274 1531 1336 1584 in
1383 1530 1748 1585 sacramentis
1798 1530 2022 1597 divinis,
2059 1547 2185 1601 quas

551 1626 769 1681 diverso
799 1630 969 1696 atque
1013 1624 1208 1678 illicito
1250 1623 1422 1678 modo
1461 1623 1521 1677 in
1560 1622 1958 1694 Hispaniarum
2005 1623 2184 1678 eccle-

552 1720 647 1775 siis
699 1719 1077 1788 celebrantur,
1106 1733 1207 1773 seu
1235 1734 1364 1790 quae
1413 1715 1474 1771 in
1503 1716 1758 1771 moribus
1802 1733 1972 1788 prave
2015 1733 2184 1771 usur-

2280 499 2379 571 qui
2421 500 2707 555 catholicae
2750 500 2884 554 ﬁdei
2914 501 3134 555 unitate
3173 501 3591 573 complectimur,
3619 509 3672 560 ut
3705 508 3812 564 nihil

2276 595 2426 648 ultra
2454 594 2745 649 diversum
2774 598 2874 648 aut
2903 594 3196 649 dissonum
3225 595 3282 648 in
3309 596 3656 652 ecclesiasticis
3676 616 3814 656 sacra-

2278 688 2486 744 mentis
2515 705 2770 759 agamus,
2807 705 2877 743 ne
2907 688 3181 761 quaelibet
3207 694 3391 744 nostra
3414 690 3671 747 diversitas
3702 696 3816 764 apud

2279 781 2491 853 ignitos
2535 799 2632 836 seu
2665 783 2916 836 carnales
2948 783 3315 837 schismaticis
3354 799 3584 839 errorem
3620 786 3820 841 videatur

2281 877 2602 943 ostendere,
2633 881 2689 930 et
2724 876 2918 930 multis
2947 878 3128 931 exstet
3167 877 3486 931 scandalum
3530 878 3731 934 varietas
3759 897 3822 934 ec-

2283 969 2603 1024 clesiarum.
2634 972 2787 1025 Unus
2813 986 2952 1040 ergo
2985 969 3126 1024 ordo
3157 971 3350 1024 orandi
3373 975 3529 1042 atque
3555 973 3782 1042 psallendi
3801 992 3822 1026 a

2281 1063 2443 1118 nobis
2468 1081 2573 1134 per
2600 1080 2835 1118 omnem
2873 1064 3196 1135 Hispaniam
3225 1068 3390 1135 atque
3424 1065 3708 1120 Gallaciam
3732 1083 3825 1120 con-

2285 1161 2558 1227 servetur,
2590 1175 2737 1212 unus
2775 1158 2981 1212 modus
3018 1157 3076 1211 in
3103 1157 3406 1211 missarum
3432 1159 3822 1226 solemnitatibus,

2283 1269 2432 1305 unus
2466 1251 2526 1306 in
2557 1251 2889 1322 vespertinis
2936 1250 3156 1318 ofﬁciis,
3186 1268 3288 1305 nec
3319 1251 3525 1306 diversa
3553 1252 3614 1306 sit
3638 1253 3759 1306 ultra
3786 1254 3826 1307 in

2284 1345 2448 1400 nobis
2477 1344 2851 1401 ecclesiastica
2879 1344 3251 1414 consuetudo,
3282 1345 3413 1416 quia
3441 1362 3545 1400 una
3567 1345 3664 1401 ﬁde
3699 1347 3829 1401 conti-

2285 1456 2493 1493 nemur
2522 1442 2579 1493 et
2608 1455 2808 1510 regno.
2842 1441 2953 1494 Hoc
2985 1439 3140 1494 enim
3175 1441 3231 1492 et
3260 1439 3470 1510 antiqui
3503 1440 3672 1494 Patres
3693 1439 3830 1496 decre-

2283 1535 2509 1599 verunt,
2574 1533 2630 1584 et
2672 1545 3029 1600 unaquaeque
3075 1529 3366 1601 provincia
3410 1531 3465 1581 et
3501 1527 3756 1599 psallendi,
3792 1532 3831 1582 et

2286 1623 2652 1678 ministrandi
2677 1639 2875 1694 parem
2906 1623 3381 1678 consuetudinem
3409 1625 3605 1677 teneat.

2361 1719 2441 1771 lII.
2473 1717 2633 1771 Nulla
2675 1733 2823 1788 pene
2864 1733 2956 1771 res
2991 1717 3298 1788 disciplina:
3338 1732 3519 1771 mores
3556 1715 3618 1770 ab
3655 1714 3833 1770 ecclesia

552 1817 683 1886 pata
707 1814 1038 1867 noscuntur.
1064 1786 1136 1865 Et
1158 1786 1431 1882 quoniam
1454 1809 1720 1882 generale
1742 1786 2044 1865 concilium
2071 1809 2187 1882 agi-
2205 1786 2262 1858 B
2287 1811 2495 1866 Christi
2521 1786 2708 1882 magis
2727 1810 2963 1882 depulit,
2979 1786 3153 1883 quam
3184 1810 3533 1866 sacerdotum
3555 1808 3833 1880 negligentia

553 1924 700 1976 mus,
735 1909 962 1978 oportet
1002 1905 1258 1977 primum
1302 1907 1512 1959 nostrae
1561 1903 1710 1958 vocis
1759 1920 2085 1958 sermonem
2114 1904 2184 1959 de

552 2003 664 2057 Deo
695 2017 837 2068 esse,
859 2004 924 2054 ut
947 2001 1077 2071 post
1094 1997 1510 2070 professionem
1535 1996 1668 2052 ﬁdei
1687 1997 1983 2070 sequentia
2000 1997 2187 2069 operis

551 2094 730 2150 nostri
756 2097 903 2161 vota,
938 2092 1096 2164 quasi
1123 2108 1293 2163 super
1318 2091 1762 2146 fundamentum
1790 2091 2187 2146 ﬁrmissimum

553 2189 948 2259 disponantur.
985 2185 1483 2249 Quemadmodum
1509 2203 1539 2238 a
1569 2185 1780 2239 sanctis
1807 2185 2067 2239 Patribus
2093 2201 2184 2239 ac-

555 2281 828 2352 cepimus,
881 2281 1109 2334 Patrem
1155 2281 1212 2333 et
1255 2277 1484 2344 Filium,
1514 2281 1570 2332 et
1610 2277 1885 2348 Spiritum
1931 2281 2188 2332 sanctum

557 2374 724 2429 unius
764 2373 991 2428 deitatis
1023 2375 1194 2443 atque
1223 2370 1553 2425 substantiae
1582 2371 1938 2439 conﬁtemur,
1970 2371 2029 2425 in
2056 2388 2187 2442 per-

557 2483 825 2522 sonarum
874 2465 1193 2521 diversitate
1234 2464 1565 2519 Trinitatem
1616 2463 1928 2534 credentes,
1958 2463 2016 2518 in
2055 2463 2191 2519 divi-

553 2563 730 2618 nitate
771 2559 1059 2616 unitatem
1089 2558 1485 2630 praedicantes,
1517 2573 1623 2612 nec
1661 2574 1935 2628 personas
1960 2558 2192 2613 confun-

558 2656 764 2724 dimus,
792 2671 900 2709 nec
927 2653 1299 2709 substantiam
1334 2667 1680 2723 separamus.
1709 2653 1933 2706 Patrem
1965 2668 1998 2705 a
2031 2651 2190 2706 nullo

556 2751 770 2806 factum
819 2749 905 2803 vel
952 2747 1212 2818 genitum
1245 2744 1504 2813 dicimus,
1547 2744 1752 2799 Filium
1796 2762 1829 2798 a
1869 2746 2034 2799 Patre
2078 2761 2193 2799 non

557 2844 792 2911 factum,
825 2841 924 2896 sed
980 2840 1242 2912 genitum
1271 2838 1598 2893 asserimus.
1630 2837 1905 2910 Spiritum
1935 2839 2189 2893 sanctum

557 2953 687 2992 vero
719 2951 822 2989 nec
850 2939 1129 3004 creatum,
1166 2949 1268 2987 nec
1322 2931 1605 3004 genitum,
1638 2931 1738 2986 sed
1781 2931 2192 3003 procedentem

557 3048 622 3084 ex
651 3031 809 3084 Patre
837 3030 894 3083 et
918 3026 1055 3082 Filio
1077 3027 1430 3098 proﬁtemur.
1456 3027 1645 3097 lpsum
1672 3029 1867 3080 autem
1888 3025 2192 3080 Dominum

557 3127 747 3179 Jesum
767 3120 1054 3177 Christum
1081 3120 1183 3175 Dei
1225 3119 1450 3187 Filium,
1481 3124 1538 3174 et
1577 3121 1900 3174 creatorem
1928 3119 2186 3173 omnium

559 3235 625 3273 ex
653 3214 970 3272 substantia
1011 3213 1194 3269 Patris
1230 3218 1361 3268 ante
1409 3213 1609 3268 smcula
1664 3213 1923 3284 genitum
1970 3213 2197 3268 descen-

561 3311 707 3366 disse
735 3309 942 3380 ultimo
970 3312 1228 3379 tempore
1254 3324 1358 3378 pro
1388 3307 1787 3378 redemptione
1813 3306 2014 3361 mundi
2039 3323 2071 3360 a
2097 3308 2198 3361 Pa-

559 3409 666 3476 tre,
695 3403 794 3476 qui
831 3417 1121 3473 nunquam
1153 3399 1360 3456 desinit
1409 3416 1528 3455 esse
1557 3417 1688 3454 cum
1732 3401 1916 3454 Patre.
1942 3401 2200 3454 Incarna—

559 3504 650 3554 tus
701 3500 786 3553 est
830 3495 984 3551 enim
1018 3511 1082 3550 ex
1128 3494 1338 3566 Spiritu
1391 3498 1584 3549 sancto
1629 3498 1686 3549 et
1719 3493 1966 3565 gloriosa
2011 3497 2200 3548 sancta

562 3592 660 3648 Dei
690 3589 962 3663 genitrice
1009 3588 1232 3660 virgine
1262 3588 1454 3659 Maria,
1485 3591 1544 3643 et
1589 3592 1754 3643 natus
1789 3604 1859 3642 ex
1898 3587 2018 3660 ipsa
2046 3588 2200 3642 solus

563 3686 723 3740 idem
751 3683 1022 3739 Dominus
1043 3685 1199 3738 Jesus
1222 3681 1495 3752 Christus,
1530 3698 1676 3737 unus
1707 3681 1768 3736 in
1795 3685 1987 3737 sancta
2013 3681 2198 3736 Trini-

560 3783 693 3850 tate,
738 3777 927 3833 anima
955 3783 1011 3833 et
1047 3792 1216 3831 carne
1261 3776 1567 3848 perfectus,
1601 3774 1722 3829 sine
1771 3779 2004 3847 peccato
2031 3775 2201 3830 susci~

562 3873 724 3946 piens
755 3871 1067 3940 hominem,
1092 3887 1334 3926 manens
1363 3869 1518 3941 quod
1546 3872 1687 3939 erat,
1721 3885 2017 3924 assumens
2047 3869 2200 3941 quod

565 3984 680 4023 non
730 3969 868 4034 erat,
898 3964 1129 4038 aequalis
1159 3965 1309 4019 Patri
1340 3963 1654 4018 secundum
1693 3961 2070 4030 divinitatem,
2101 3961 2202 4016 mi-

567 4079 673 4116 nor
699 4063 866 4116 Patre
892 4059 1205 4114 secundum
1240 4057 1684 4126 humanitatem,
1715 4056 1933 4110 habens
1983 4055 2039 4108 in
2083 4072 2202 4110 una

565 4170 811 4226 persona
852 4153 1096 4207 duarum
1142 4154 1479 4205 naturarum
1516 4148 1942 4220 proprietatem.
1977 4150 2202 4203 Naturae

570 4247 727 4302 enim
776 4245 837 4300 in
886 4245 984 4299 illo
1013 4245 1162 4313 duae,
1192 4246 1338 4298 Deus
1387 4248 1443 4298 et
1476 4244 1672 4297 homo.
1702 4243 1826 4296 Non
1855 4243 2049 4296 autem
2090 4242 2202 4296 duo

569 4339 692 4410 ﬁlii,
722 4355 830 4394 nec
855 4337 933 4393 dii
973 4337 1105 4405 duo,
1134 4337 1232 4392 sed
1258 4336 1411 4391 idem
1437 4352 1549 4390 una
1579 4351 1826 4408 persona
1867 4337 1929 4390 in
1960 4339 2201 4406 utraque

569 4437 775 4490 natura
801 4432 1096 4505 perferens
1125 4429 1468 4502 passionem,
1503 4433 1559 4484 et
1597 4433 1841 4484 mortem
1871 4446 1976 4500 pro
2009 4432 2204 4484 nostra

2285 1905 2381 1977 qui
2409 1904 2751 1976 contemptis
2775 1905 3087 1960 canonibus
3111 1904 3184 1960 ad
3211 1903 3564 1976 corrigendos
3581 1902 3836 1957 ecclesiasti-

2285 2016 2378 2054 cos
2407 2015 2593 2053 mores
2618 1999 2899 2070 synodum
2919 1999 3107 2054 facere
3133 1999 3454 2070 negligunt,
3472 1997 3538 2052 ob
3562 1997 3656 2052 hoc
3676 1994 3836 2050 anobis

2287 2091 2675 2147 universaliter
2692 2091 2989 2147 deﬁnitum
3010 2095 3114 2160 est,
3131 2097 3195 2147 ut
3210 2092 3346 2164 quia
3353 2093 3511 2162 juxta
3526 2092 3725 2145 Patrum
3737 2087 3837 2142 anti-

2289 2203 2403 2256 qua
2417 2185 2639 2240 decreta
2651 2185 2738 2239 bis
2760 2185 2816 2239 in
2830 2202 2980 2239 anno
3002 2185 3301 2240 difﬁcultas
3314 2183 3571 2256 temporis
3586 2182 3694 2236 ﬁeri
3707 2180 3838 2236 conci-

2288 2279 2429 2333 lium
2452 2295 2566 2333 non
2587 2278 2737 2346 sinit,
2754 2279 2958 2333 saltem
2972 2279 3061 2334 vel
3077 2279 3259 2334 semel
3273 2296 3306 2334 a
3319 2277 3475 2333 nobis
3489 2275 3773 2342 celebretur,
3784 2274 3838 2327 ita

2293 2375 2490 2426 tamen
2515 2375 2614 2426 aut
2641 2372 2688 2426 si
2710 2372 2844 2427 ﬁdei
2873 2390 3044 2428 causa
3063 2376 3166 2440 est,
3193 2377 3294 2428 aut
3320 2372 3580 2444 quaelibet
3600 2371 3692 2425 alia
3710 2367 3837 2424 eccle-

2292 2466 2375 2520 sia
2400 2466 2724 2520 communis
2751 2466 3047 2537 generalis,
3071 2466 3244 2521 totius
3264 2465 3537 2538 Hispania:
3558 2469 3609 2519 et
3629 2461 3838 2518 Callaecia:

2292 2559 2540 2630 synodus
2591 2563 2956 2614 convocetur.
3003 2559 3059 2615 Si
3109 2575 3238 2614 vero
3289 2577 3392 2615 nec
3431 2559 3499 2613 de
3536 2557 3653 2622 ﬁde,
3685 2571 3766 2610 nec
3793 2553 3839 2607 de

2292 2648 2586 2704 communi
2635 2648 2885 2703 ecclesia:
2932 2648 3177 2703 utilitate
3241 2648 3600 2716 tractabitur,
3645 2644 3723 2699 sed
3759 2658 3841 2714 spe-

2292 2743 2429 2798 ciale
2464 2744 2570 2797 erit
2594 2742 2917 2810 concilium,
2946 2746 3115 2813 prout
3144 2742 3580 2814 uniuscujusque
3608 2735 3841 2813 provincia

2291 2836 2763 2908 metropolitanus
2811 2835 3053 2907 elegerit
3094 2836 3492 2907 peragendum
3541 2849 3666 2889 esse.
3691 2832 3843 2886 Omnes

2292 2934 2482 2986 autem
2526 2929 2625 3002 qui
2662 2946 2855 2984 causas
2893 2933 3091 2985 contra
3133 2930 3449 3002 episcopos,
3477 2945 3538 2983 ac
3573 2925 3772 3000 judices,
3801 2937 3843 2976 ac

2294 3027 2551 3096 potentes
2591 3025 2689 3078 aut
2713 3029 2907 3078 contra
2937 3024 3219 3094 quoslibet
3254 3025 3395 3079 alios
3419 3024 3622 3078 honore
3656 3032 3840 3075 noscun-

2293 3123 2407 3186 tur,
2423 3117 2493 3172 ad
2507 3117 2661 3172 idem
2681 3116 2986 3172 concilium
3003 3121 3429 3186 concurrant,et
3438 3125 3842 3188 queecunqueem-

2295 3212 2448 3267 mine
2467 3211 2718 3282 synodali
2741 3227 2774 3264 a
2793 3211 3138 3282 quibuslibet
3157 3229 3335 3282 prave
3351 3214 3610 3282 usurpata
3622 3203 3847 3262 inveniun-

2295 3310 2389 3361 tur
2415 3305 2558 3376 regii
2587 3305 2930 3360 exsecutoris
2974 3305 3247 3360 instantia
3268 3305 3572 3376 justissime
3597 3301 3673 3356 his
3698 3297 3847 3371 quibus

2291 3401 2422 3470 jura
2468 3402 2602 3453 sunt
2652 3398 3070 3469 reformentur,
3122 3398 3201 3454 ita
3244 3403 3309 3453 ut
3355 3415 3459 3470 pro
3519 3388 3847 3466 compellendis

2290 3492 2576 3565 judicibus
2618 3493 2705 3547 vel
2752 3492 3119 3547 saecularibus
3173 3492 3311 3546 viris
3373 3493 3439 3548 ad
3485 3488 3736 3562 synodum
3770 3497 3848 3537 me-

2297 3585 2628 3658 tropolitani
2660 3584 2848 3640 studio
2889 3585 3120 3657 quidam
3158 3590 3460 3643 exsecutor
3484 3602 3516 3640 a
3542 3580 3758 3656 principe
3780 3592 3847 3647 p0-

2299 3681 2560 3736 stuletur.

2371 3772 2805 3838 Quintadecima
2831 3775 3026 3828 autem
3055 3772 3446 3828 Kalendarum
3474 3771 3736 3828 Iuniarum
3758 3779 3850 3819 con-

2302 3867 2588 3940 greganda
2614 3869 2698 3922 est
2723 3867 2782 3921 in
2812 3883 3153 3939 quacunque
3193 3867 3484 3937 provincia
3518 3863 3735 3938 synodus
3757 3873 3848 3930 pro-

2300 3967 2426 4033 pter
2458 3961 2689 4016 vernale
2722 3964 2966 4032 tempus,
2994 3960 3227 4031 quando
3259 3960 3452 4016 herbis
3483 3964 3624 4015 terra
3657 3953 3850 4012 vestitur,

2302 4061 2357 4111 et
2382 4055 2588 4126 pabula
2623 4053 2946 4126 germinum
2991 4054 3387 4110 inveniuntur.
3422 4056 3566 4109 Hora
3594 4053 3756 4122 itaque
3775 4041 3852 4100 diei

2299 4147 2490 4220 prima
2514 4151 2646 4202 ante
2676 4147 2805 4202 solis
2833 4149 3020 4202 ortum
3043 4147 3347 4219 ejiciantur
3365 4165 3557 4203 omnes
3576 4147 3640 4201 ab
3662 4138 3850 4198 ecclesia,

2301 4242 2680 4313 obseratisque
2710 4241 2928 4296 foribus
2973 4242 3207 4310 cunctis,
3239 4242 3314 4296 ad
3346 4259 3520 4297 unam
3553 4241 3758 4311 januam
3785 4245 3852 4303 per

2301 4353 2472 4408 quam
2503 4335 2822 4390 sacerdotes
2863 4335 3086 4406 ingredi
3133 4338 3386 4406 oportet,
3417 4333 3618 4391 ostiarii
3659 4327 3850 4384 sedeant.

2300 4432 2370 4484 Et
2399 4429 2799 4485 convenientes
2830 4445 3030 4484 omnes
3072 4428 3322 4500 episcopi
3384 4429 3586 4501 pariter
3621 4419 3853 4482 introeant,

571 4529 768 4595 salute,
806 4543 923 4582 non
953 4525 1011 4580 in
1042 4524 1250 4580 virtute
1281 4522 1609 4594 divinitatis,
1641 4523 1738 4578 sed
1790 4523 1848 4577 in
1873 4522 2284 4602 inﬁrmitateD
2309 4527 2366 4578 et
2405 4523 2711 4578 secundum
2746 4522 3115 4577 ordinationis
3160 4539 3276 4578 suae
3325 4527 3581 4595 tempora
3618 4515 3851 4574 residcant.

570 4621 965 4676 humanitatis.
1019 4618 1318 4674 Descendit
1350 4618 1420 4673 ad
1468 4616 1705 4687 inferos,
1738 4622 1802 4672 ut
1830 4622 2052 4672 sanctos
2105 4616 2203 4688 qui

574 4715 653 4770 ibi
683 4715 1047 4784 tenebantur,
1081 4717 1329 4782 erueret,
1363 4717 1422 4767 ct
1473 4711 1694 4767 devicto
1726 4711 1926 4766 mortis
1963 4711 2202 4783 imperio

576 4809 904 4864 resurrexit.
953 4809 1290 4879 Assumptus
1350 4806 1409 4861 in
1454 4806 1608 4861 caelis
1659 4809 1929 4860 venturus
1987 4807 2075 4858 est
2144 4805 2206 4858 in

574 4903 837 4957 futurum
883 4901 956 4956 ad
989 4901 1268 4973 judicium
1303 4900 1556 4955 vivorum
1589 4904 1647 4954 et
1692 4904 2069 4954 mortuorum.
2097 4899 2204 4953 Cu-

569 4997 665 5067 jus
714 4998 902 5050 morte
935 4999 991 5049 et
1032 4995 1307 5067 sanguine
1345 4993 1622 5061 mundati,
1655 4991 2052 5047 remissionem
2083 5008 2209 5064 pec-

575 5092 830 5144 catorum
855 5088 1144 5144 consecuti
1171 5104 1388 5156 sumus,
1419 5086 1792 5143 rcsuscitandi
1821 5086 1892 5140 ab
1922 5102 1988 5140 eo
2014 5085 2072 5140 in
2117 5085 2207 5140 die

575 5183 905 5251 novissima,
934 5181 990 5236 in
1023 5198 1088 5236 ea
1117 5197 1231 5253 qua
1257 5197 1409 5235 nunc
1457 5180 1699 5234 vivimus
1743 5197 1912 5234 carne
1955 5183 2010 5234 et
2051 5178 2111 5233 in
2144 5197 2210 5234 ea

578 5294 690 5350 qua
715 5275 1032 5332 resurrexit
1059 5274 1214 5330 idem
1259 5273 1538 5329 Dominus
1565 5274 1751 5328 forma
1787 5273 2108 5346 percepturi
2138 5273 2208 5327 ab

575 5373 724 5444 ipso,
756 5370 854 5426 alii
881 5386 986 5442 pro
1033 5367 1270 5440 justitize
1318 5367 1537 5423 meritis
1566 5367 1741 5422 vitam
1792 5372 2087 5433 aeternam,
2115 5365 2210 5420 alii

574 5483 681 5539 pro
710 5463 951 5538 peccatis
993 5461 1254 5535 supplicii
1300 5461 1498 5517 interni
1548 5461 1912 5517 sententiam.
1959 5461 2084 5514 llaec
2128 5462 2213 5514 est

577 5559 838 5616 Ecclesia:
865 5557 1161 5614 catholica
1189 5556 1352 5625 ﬁdes,
1386 5556 1536 5610 hanc
1573 5555 1982 5611 confessionem
2026 5570 2212 5607 serva-

579 5670 708 5708 mus
736 5658 908 5726 atque
940 5658 1199 5709 tenemus
1225 5667 1396 5724 quam
1417 5650 1655 5722 quisque
1687 5648 2011 5704 ﬁrmissime
2034 5650 2213 5702 custo-

578 5747 746 5801 dierit
771 5751 1109 5819 perpetuam
1136 5745 1377 5802 salutem
1409 5744 1662 5800 habebit.

650 5840 709 5892 ll.
739 5841 867 5896 Post
903 5845 1070 5898 recte
1116 5840 1248 5898 ﬁdei
1273 5839 1694 5898 confessionem
1741 5854 1870 5912 quae
1919 5837 1978 5893 in
2019 5838 2212 5894 sancta

2303 4620 2434 4672 Post
2472 4617 2795 4687 ingressum
2847 4615 3104 4671 omnium
3150 4617 3544 4688 episcoporum
3577 4619 3723 4684 atque
3756 4622 3853 4661 cou-

2305 4725 2542 4778 sessum,
2570 4713 2841 4764 vocentur
2863 4709 3070 4764 deinde
3099 4709 3421 4781 presbyteri
3449 4725 3585 4782 quos
3612 4718 3754 4761 causa
3769 4710 3856 4770 pro'

2303 4803 2521 4859 baverit
2551 4803 2805 4857 introire.
2836 4803 3034 4857 Nullus
3066 4819 3125 4857 se
3169 4803 3321 4857 inter
3351 4820 3449 4858 eos
3489 4801 3693 4873 ingerat
3717 4793 3854 4849 diaco-

2305 4915 2531 4953 norum.
2565 4899 2699 4951 Post
2742 4897 2844 4951 hos
2871 4895 3272 4967 ingrediantur
3301 4897 3559 4952 diacones
3586 4885 3855 4966 probabiles.

2309 5009 2451 5064 quos
2481 4992 2617 5046 ordo
2646 4989 2966 5063 poposcerit
3010 4990 3299 5046 interesse.
3331 4992 3400 5045 Et
3441 5003 3636 5045 corona
3674 4983 3788 5038 facta
3809 4974 3856 5027 de

2309 5085 2534 5141 sedibus
2553 5085 2972 5156 episcoporum,
2990 5084 3306 5156 presbyteri
3334 5101 3367 5138 a
3397 5087 3557 5156 tergo
3583 5092 3752 5135 eorum
3768 5065 3860 5125 resi'

2310 5180 2500 5246 deant,
2535 5178 2758 5233 diaconi
2784 5177 2842 5231 in
2870 5181 3172 5249 conspectu
3202 5194 3407 5232 eorum
3437 5181 3598 5242 stent,
3623 5165 3790 5229 deinde
3805 5161 3860 5215 in-

2313 5273 2644 5346 grediantur
2693 5271 2821 5327 laici
2846 5314 2860 5340 ,
2921 5272 3019 5344 qui
3079 5271 3335 5327 electioni
3399 5267 3612 5326 concilii
3654 5265 3859 5319 interesse-

2309 5368 2661 5421 meruerunt.
2706 5367 2861 5420 Tunc
2889 5382 3121 5436 quoque
3167 5370 3224 5420 et
3265 5364 3474 5420 notarii
3517 5377 3650 5435 quos
3689 5355 3748 5410 ad
3769 5345 3861 5405 rcci-

2317 5460 2560 5515 tandum
2588 5459 2674 5514 vel
2707 5458 3105 5530 excipiendum
3131 5460 3270 5515 ordo
3298 5457 3552 5531 requirit,
3581 5457 3635 5510 et
3657 5451 3859 5506 obseren-

2312 5557 2404 5609 tur
2425 5554 2642 5625 januaz.
2667 5552 3122 5624 Sedentibusque
3149 5553 3208 5608 in
3229 5553 3497 5608 diuturno
3521 5544 3720 5605 silentio
3735 5547 3862 5594 δέκετ’

2311 5647 2558 5714 dotibus,
2590 5651 2645 5702 et
2688 5663 2784 5702 cor
2813 5649 3032 5701 tantum
3077 5646 3412 5702 habentibus
3454 5644 3522 5699 ad
3551 5643 3727 5702 Deum,
3753 5627 3862 5684 dicat

2311 5741 2745 5796 archidiaconus
2773 5757 2786 5795 :
2837 5740 3024 5805 Orate,
3055 5739 3352 5812 statimque
3385 5752 3579 5795 omnes
3610 5734 3660 5788 in
3701 5731 3862 5819 terrain

2312 5837 2763 5909 prosternantur,
2795 5838 2852 5890 ct
2877 5833 3172 5891 orantibus
3197 5833 3406 5892 diutius
3435 5830 3596 5889 tacite
3622 5837 3734 5883 cum
3754 5817 3863 5875 ﬂeti.
