3964 6178
180 289 268 343 465

1371 287 1844 344 DECRETALIUM
1881 286 2267 342 COLLECTIO.

3403 291 3505 347 466

176 399 269 453 bus
295 399 460 467 atque
487 394 804 467 gemitibus,
835 398 973 450 tunc
1003 411 1151 451 unus
1175 413 1242 451 ex
1272 396 1553 468 episcopis
1597 397 1776 453 senio—
1797 414 1855 487 Α
1875 396 2229 451 consuetudo
2257 394 2501 451 diversa.
2529 397 2642 453 Nos
2672 401 2866 453 autem
2889 398 3041 469 quod
3085 398 3253 453 tertio
3285 399 3502 470 mergi-

176 492 312 547 ribus
345 506 597 561 surgens,
620 489 938 544 orationem
964 489 1154 562 palam
1193 490 1263 546 ad
1303 490 1613 546 Dominum
1651 491 1778 545 fun-

177 587 276 648 dat,
301 585 510 639 cunctis
533 584 717 639 adhuc
745 584 804 638 in
835 587 990 640 terra
1003 584 1342 655 jacentibus.
1375 584 1560 640 Finita
1585 589 1776 640 autem

176 679 428 746 oratione,
474 681 530 734 et
567 695 840 750 responso
889 679 961 733 ab
1011 678 1316 733 omnibus:
1355 680 1554 747 Amen,
1583 695 1777 732 rursus

175 774 421 828 diaconus
469 772 664 827 dicat:
697 772 906 843 Erigite
958 788 1076 839 vos,
1138 775 1196 826 et
1238 772 1535 826 confestim
1579 787 1776 826 omnes

172 870 402 938 surgant,
435 871 492 922 et
516 883 646 921 cum
674 866 881 922 timore
914 865 1073 921 omni
1095 872 1151 921 et
1175 866 1491 936 disciplina,
1524 869 1642 920 tam
1663 865 1778 936 epi-

171 962 302 1032 sc0pi
341 977 515 1032 quam
573 960 886 1032 presbyteri
943 960 1194 1015 sedeant.
1252 959 1458 1031 Sicque
1510 959 1776 1014 omnibus

172 1055 220 1110 in
243 1055 348 1109 suis
375 1055 513 1109 locis
537 1054 592 1109 in
622 1053 847 1109 silentio
873 1053 1319 1120 considentibus,
1348 1052 1618 1109 diaconus
1649 1053 1776 1107 alba

170 1149 378 1204 indutus
396 1148 651 1203 codicem
670 1163 952 1202 canonum
977 1147 1035 1201 in
1054 1147 1246 1202 medio
1273 1145 1592 1218 proferens,
1615 1147 1771 1218 capi-

169 1243 268 1298 tula
295 1243 362 1297 de
391 1242 644 1297 conciliis
671 1241 910 1312 agendis
935 1240 1285 1313 pronuntiet.
1307 1240 1621 1311 Finitisque
1646 1240 1776 1295 titu-

170 1337 226 1391 lis
247 1335 710 1408 metropolitanus
739 1335 1034 1407 episcopus
1080 1333 1384 1390 concilium
1434 1334 1771 1405 alloquetur,

172 1429 336 1485 dicens
366 1447 378 1484 :
409 1431 574 1498 Ecce,
610 1429 947 1484 sanctissimi
989 1428 1328 1497 sacerdotes,
1358 1427 1610 1482 recitata
1644 1430 1777 1482 sunt

171 1541 227 1578 ex
242 1523 540 1579 canonibus
557 1524 870 1595 priscorum
883 1525 1114 1578 Patrum
1130 1521 1430 1577 sententia
1446 1521 1514 1576 de
1535 1521 1773 1576 concilio

170 1618 502 1673 celebrando.
526 1617 722 1689 Siqua
740 1633 875 1688 ergo
897 1615 1224 1688 quempiam
1242 1616 1431 1670 virum
1459 1615 1606 1669 actio
1628 1632 1775 1670 com-

169 1714 331 1765 movet
370 1727 567 1766 coram
611 1711 726 1765 suis
774 1709 1042 1764 fratribus
1081 1711 1378 1780 proponat.
1412 1710 1568 1762 Tunc
1594 1708 1636 1762 si
1670 1708 1770 1762 ali-

1875 505 2002 544 mus
2033 488 2312 543 triduana
2353 490 2656 561 sepultura
2705 495 3060 546 sacramenta
3092 490 3411 561 signamus,
3439 495 3507 547 ut

1877 583 2016 637 dum
2041 581 2212 637 tertio
2241 582 2431 637 infans
2459 583 2531 638 ab
2561 584 2723 656 aquis
2749 583 3028 652 educitur,
3051 585 3387 640 resurrectio
3409 586 3508 641 tri-

1875 675 2051 731 duani
2081 675 2357 746 temporis
2389 677 2760 746 exprimatur.
2789 678 2948 742 Quod
2965 678 3149 750 siquis
3167 679 3314 734 forte
3329 679 3503 736 etiam

1875 787 1977 841 pro
2019 787 2258 824 summa
2300 770 2583 825 Trinitatis
2624 771 2984 826 veneratione
3022 772 3305 828 existimet
3355 773 3499 842 ﬁeri,

1875 879 2061 935 neque
2088 863 2158 918 ad
2187 864 2292 917 hoc
2323 863 2544 935 aliquid
2575 863 2793 918 obsistit
2809 864 3213 935 baptizandum
3245 868 3418 923 semel
3441 867 3502 922 in

1873 973 2048 1028 aquas
2074 972 2359 1027 mergere,
2391 956 2527 1028 quia
2547 956 2685 1011 dum
2710 957 2770 1011 in
2793 957 2973 1011 tribus
2996 958 3370 1014 subsistentiis
3389 977 3504 1015 una

1875 1049 2192 1105 substantia
2238 1054 2341 1116 est,
2401 1053 2592 1121 potest
2637 1050 2913 1105 infantem
2959 1051 3016 1104 in
3067 1052 3408 1123 baptismate
3444 1054 3504 1109 in

1874 1160 2080 1214 aquam
2125 1145 2213 1200 vel
2257 1148 2362 1210 ter,
2413 1145 2497 1198 vel
2547 1145 2723 1199 semel
2770 1161 3049 1214 mergere,
3095 1146 3324 1216 quando
3363 1147 3503 1201 etin

1874 1237 2054 1292 tribus
2081 1237 2457 1292 mersionibus
2488 1253 2861 1309 personarum
2903 1238 3148 1306 trinitas,
3198 1242 3256 1294 et
3292 1239 3351 1293 in
3391 1257 3507 1295 una

1874 1334 2064 1403 potest
2079 1331 2386 1386 divinitatis
2402 1331 2765 1403 singularitas
2781 1331 3092 1403 designari.
3111 1333 3217 1388 Sed
3235 1333 3389 1404 quod
3405 1333 3508 1388 hu-

1875 1442 2086 1498 cusque
2111 1426 2181 1480 ab
2201 1425 2485 1481 hareticis
2510 1425 2702 1480 infans
2726 1425 2785 1479 in
2809 1425 3146 1498 baptismate
3167 1427 3337 1482 tertio
3359 1443 3509 1484 mer-

1876 1520 2138 1591 gebatur,
2163 1519 2514 1575 faciendum
2562 1520 2713 1591 apud
2741 1536 2837 1574 vos
2872 1536 2992 1575 esse
3032 1536 3147 1575 non
3183 1536 3404 1591 censeo,
3435 1538 3508 1578 ne

1876 1613 2012 1669 dum
2069 1615 2384 1670 mersiones
2436 1618 2780 1683 numerant,
2831 1613 3185 1669 divinitatem
3233 1615 3506 1685 dividant,

1873 1707 2124 1779 dumque
2151 1708 2303 1779 quod
2329 1707 2632 1776 faciebant,
2661 1706 2898 1775 faciunt,
2921 1724 3144 1764 morem
3168 1711 3431 1764 nostrum
3449 1725 3510 1764 se

170 1805 274 1876 quis
328 1821 731 1876 quamcunque
783 1803 1074 1875 querelam
1106 1819 1232 1874 qua
1257 1804 1453 1856 contra
1490 1818 1772 1857 canonem
1793 1783 1850 1856 Β
1875 1801 2070 1855 fecisse
2099 1801 2802 1872 glorientur.Quapr0pter
2821 1800 2956 1872 quia
2978 1802 3047 1856 de
3065 1805 3309 1874 utroque
3329 1818 3510 1858 sacra-

173 1900 271 1969 agit
312 1899 368 1952 in
423 1898 784 1953 audientiam
837 1897 1247 1952 sacerdotalem
1296 1895 1617 1967 protulerit,
1657 1911 1775 1950 non

169 1993 302 2063 prius
337 1992 406 2048 ad
446 1992 607 2046 aliud
645 1993 970 2046 transeatur
1008 1989 1341 2062 capitulum,
1378 1989 1485 2043 nisi
1524 1989 1776 2061 primum

169 2086 297 2156 quod
322 2085 614 2158 proposita
645 2090 730 2140 est
755 2085 903 2140 actio
931 2084 1289 2141 terminetur.
1318 2084 1458 2138 Nam
1487 2087 1543 2138 et
1569 2082 1614 2137 si
1643 2099 1774 2153 pre-

169 2179 336 2250 sbyter
361 2179 591 2251 aliquis,
635 2183 733 2234 aut
775 2178 1066 2247 diaconus,
1109 2178 1193 2232 vel
1224 2176 1484 2246 clericus,
1523 2175 1639 2231 sive
1669 2175 1773 2230 lai-

168 2289 266 2339 cus,
291 2274 352 2328 de
380 2273 468 2328 his
515 2273 620 2344 qui
665 2272 804 2327 foris
853 2271 1131 2339 steterint,
1164 2270 1474 2326 concilium
1503 2285 1607 2341 pro
1634 2286 1772 2342 qua-

167 2365 284 2421 libet
322 2384 380 2421 re
411 2367 724 2422 crediderit
750 2365 1177 2439 appellandum,
1206 2365 1454 2420 ecclesia
1485 2367 1775 2435 metropo-

166 2460 331 2515 litana
371 2460 776 2516 archidiacono
820 2475 1050 2514 causam
1097 2475 1259 2513 suam
1304 2457 1548 2525 intimet,
1582 2462 1640 2513 et
1679 2457 1775 2512 ille

167 2554 375 2609 concilio
404 2554 729 2610 denuntiet.
763 2555 831 2608 Et
859 2556 996 2608 tunc
1022 2552 1102 2607 illi
1131 2555 1188 2606 et
1213 2551 1542 2607 introeundi
1570 2555 1626 2606 et
1648 2568 1778 2622 pro-

165 2648 388 2719 ponendi
414 2647 652 2702 licentia
681 2647 1045 2702 concedatur.
1095 2646 1294 2702 Nullus
1335 2649 1527 2700 autem
1559 2645 1772 2716 episco-

166 2757 342 2813 porum
383 2759 416 2796 a
463 2746 618 2796 coetu
661 2739 957 2796 communi
1006 2739 1229 2794 secedat
1277 2742 1587 2810 antequam
1632 2738 1776 2794 hora

166 2836 422 2906 generalis
434 2835 770 2891 secessionis
781 2833 1067 2889 adveniat.
1081 2833 1392 2888 Concilium
1411 2848 1640 2904 quoque
1654 2832 1777 2888 nul-

166 2929 237 2983 lus
262 2930 467 2985 solvere
498 2929 735 2996 audeat,
766 2927 875 2982 nisi
900 2926 1116 2982 fuerint
1143 2932 1344 2982 cuncta
1375 2926 1771 2995 determinata,

166 3023 230 3077 ita
253 3028 309 3077 ut
335 3039 697 3095 quacunque
724 3020 1123 3076 deliberationi
1151 3019 1443 3075 communi
1474 3019 1772 3087 finiuntur,

166 3117 532 3188 episcoporum
567 3116 930 3188 singulorum
957 3113 1220 3168 manibus
1251 3113 1589 3168 scribantur.
1619 3113 1773 3167 Tunc
1793 3153 1848 3228 Ο

173 3209 283 3228 -.Α’κν
339 3212 396 3228 n,
435 3227 441 3228 ,
540 3225 758 3228 ,,A_,_,,-_-
819 3207 1164 3228 s____r_‘l_1___-
1228 3205 1452 3228 --μ-212-
1503 3205 1769 3228 :_L-_-__-

169 3209 294 3264 enim
335 3212 481 3266 Deus
530 3225 766 3264 suorum
810 3207 1171 3263 sacerdotum
1221 3205 1458 3262 concilio
1503 3205 1774 3262 interesse

168 3303 447 3359 credendus
491 3307 604 3372 est,
651 3303 697 3357 si
746 3302 994 3357 tumultu
1041 3301 1199 3356 omni
1245 3301 1488 3371 abjecto,
1534 3299 1774 3355 sollicite

166 3399 308 3467 atque
333 3397 643 3470 tranquille
682 3395 1057 3452 ecclesiastica
1102 3393 1333 3466 negotia
1368 3393 1771 3449 terminentur.

225 3491 297 3545 IV.
324 3491 472 3547 Solet
505 3491 571 3545 in
599 3489 882 3561 Hispaniis
917 3489 987 3544 de
1013 3487 1372 3543 solemnitate
1401 3487 1650 3558 paschali
1674 3504 1772 3541 va-

166 3583 308 3638 rietas
346 3585 590 3641 existere
635 3582 1068 3654 pradicationis,
1105 3582 1329 3637 diversa
1374 3580 1528 3635 enim
1577 3580 1772 3635 obser-

165 3677 323 3732 vantia
361 3678 792 3734 Laterculorum
831 3675 1108 3747 paschalis
1137 3674 1452 3730 festivitatis
1485 3673 1774 3729 interdum

167 3786 390 3827 errorem
443 3771 718 3844 parturit.
764 3769 1008 3825 Proinde
1074 3769 1303 3840 placuit,
1358 3771 1421 3823 ut
1473 3772 1606 3822 ante
1658 3771 1775 3822 tres

168 3879 364 3921 menses
405 3865 862 3939 Epiphaniorum
902 3862 1329 3934 metropolitani
1359 3862 1676 3916 sacerdotes
1702 3861 1773 3916 1i-

166 3956 262 4012 bris
283 3977 339 4014 se
363 3960 611 4015 invicem
642 3958 952 4029 inquirant,
1001 3962 1063 4011 ut
1099 3955 1390 4012 communi
1417 3954 1655 4010 scientia
1679 3955 1778 4009 do-

167 4050 243 4119 cli,
272 4053 416 4108 diem
463 4051 902 4108 resurrectionis
952 4049 1159 4106 Christi
1202 4048 1776 4121 comprovincialibus

167 4145 261 4199 suis
285 4147 586 4202 insinuent
611 4149 675 4201 ut
700 4162 814 4200 uno
835 4149 1094 4216 tempore
1125 4143 1528 4199 celebrandum
1555 4159 1778 4199 annun-

169 4236 305 4296 lient.

222 4334 278 4388 ν.
307 4335 380 4390 De
410 4332 694 4407 baptismi
718 4335 1096 4398 sacramento,
1126 4335 1358 4403 propter
1395 4329 1550 4402 quod
1586 4329 1646 4385 in
1679 4331 1775 4385 Hi-

168 4427 348 4497 spaniis
376 4429 621 4501 quidam
645 4427 970 4482 sacerdotes
991 4425 1225 4494 trinam,
1247 4424 1508 4496 simplam
1539 4423 1776 4496 quidam

1876 1900 2069 1950 mento
2096 1895 2247 1966 quod
2277 1895 2342 1950 fit
2374 1895 2432 1948 in
2462 1897 2657 1952 sancto
2683 1894 2969 1965 baptismo
2997 1912 3031 1950 a
3057 1899 3215 1950 tanto
3238 1896 3358 1951 viro
3383 1896 3508 1951 red-

1877 1987 1995 2044 dita
2031 1990 2118 2042 est
2159 1987 2324 2056 ratio,
2368 1988 2522 2060 quod
2562 1992 2871 2059 utrumque
2909 1987 3408 2060 irreprehensibile
3446 1989 3507 2044 in

1875 2086 2067 2136 sancta
2095 2081 2191 2136 Dei
2219 2081 2465 2137 Ecclesia
2491 2081 2787 2150 habeatur,
2816 2086 3052 2153 propter
3079 2081 3373 2137 vitandum
3402 2098 3506 2137 au-

1875 2179 1992 2230 tem
2048 2175 2370 2230 schismatis
2408 2175 2760 2245 scandalum,
2801 2175 2886 2230 vel
2936 2175 3188 2231 haretici
3224 2176 3508 2248 dogmatis

1873 2285 2044 2323 usum
2083 2268 2345 2340 simplam
2387 2273 2683 2324 teneamus
2719 2268 2990 2340 baptismi
3027 2269 3392 2338 mersionem,
3433 2287 3509 2324 ne

1874 2361 2176 2417 videantur
2202 2362 2356 2434 apud
2373 2379 2481 2417 nos
2501 2362 2597 2434 qui
2618 2363 2788 2419 tertio
2818 2367 3089 2435 mergunt
3111 2363 3510 2419 hareticorum

1875 2455 2192 2527 approbare
2231 2455 2630 2525 assertionem,
2662 2456 2800 2511 dum
2839 2461 3158 2529 sequuntur
3184 2460 3241 2513 et
3265 2474 3506 2514 morem.

1874 2550 1941 2604 Et
1968 2565 2042 2602 ne
2074 2549 2217 2604 forte
2246 2548 2511 2620 cuiquam
2535 2549 2608 2604 sit
2633 2548 2872 2605 dubium
2898 2550 3072 2622 hujus
3090 2550 3281 2623 simpli
3305 2556 3509 2622 myste-

1875 2643 2023 2697 rium
2055 2643 2413 2712 sacramenti,
2443 2643 2628 2699 videat
2656 2643 2713 2698 in
2743 2659 2812 2700 eo
2839 2649 3107 2713 mortem,
3157 2648 3214 2699 et
3253 2661 3505 2700 resurre-

1873 2735 2147 2805 ctionem,
2179 2737 2317 2791 dum
2356 2741 2677 2808 sequuntur
2701 2741 2756 2792 et
2782 2753 3002 2793 morem
3042 2737 3246 2793 Christi
3285 2739 3506 2810 signiﬁ-

1873 2845 2017 2884 care.
2050 2830 2187 2884 Nam
2216 2830 2277 2884 in
2309 2846 2484 2902 aquas
2509 2830 2718 2886 mersio
2769 2831 2934 2903 quasi
2964 2831 3039 2885 ad
3068 2831 3361 2886 infernum
3406 2832 3510 2886 de-

1873 2923 2091 2978 scensio
2148 2928 2234 2978 est
2262 2927 2320 2979 et
2344 2941 2538 2979 rursus
2576 2924 2646 2978 ab
2688 2925 2852 2996 aquis
2896 2925 3143 2980 emersio
3171 2925 3509 2980 resurrectio

1877 3022 1979 3072 est.
2011 3019 2153 3072 Item
2180 3017 2369 3072 videat
2395 3018 2454 3073 in
2487 3033 2554 3073 eo
2583 3017 2866 3074 unitatem
2898 3018 3229 3086 divinitatis,
3257 3022 3315 3074 et
3341 3018 3504 3074 trini-

1872 3113 2050 3165 tatem
2098 3127 2474 3182 personarum
2520 3112 2742 3166 ostendi
2775 3128 2789 3166 :
2824 3111 3124 3179 unitatem,
3169 3113 3308 3166 dum
3334 3112 3510 3168 semel

1874 3203 2222 3274 mergimus;
2251 3204 2588 3272 trinitatem,
2613 3205 2748 3259 dum
2770 3205 2829 3259 in
2849 3205 3086 3260 nomine
3109 3205 3287 3260 Patris
3307 3210 3364 3260 et
3385 3205 3512 3260 Filii

1873 3301 1930 3352 et
1958 3296 2202 3369 Spiritus
2228 3297 2404 3353 sancti
2447 3297 2821 3369 baptizamus.
2868 3298 3141 3353 Panditur
3175 3299 3345 3370 hujus
3389 3298 3508 3352 sin-

1873 3390 2089 3461 gularis
2142 3390 2412 3462 baptismi
2468 3392 2804 3463 mysterium
2861 3392 3039 3446 etiam
3088 3391 3508 3462 Scripturarum

1873 3487 2201 3539 sanctarum
2261 3484 2553 3556 exemplis,
2607 3485 2778 3539 Paulo
2836 3485 3092 3555 apostolo
3145 3488 3448 3540 attestante
3490 3502 3505 3540 :

1876 3603 1903 3632 ‹‹
1931 3583 2070 3637 Nolo
2096 3598 2192 3637 vos
2220 3582 2513 3653 ignorare,
2543 3582 2764 3650 fratres,
2793 3581 3068 3654 quoniam
3105 3586 3296 3653 patres
3332 3581 3508 3638 nostri

1875 3698 2078 3736 omnes
2102 3680 2204 3736 sub
2224 3680 2378 3735 nube
2403 3681 2651 3749 fuerunt,
2669 3685 2725 3736 et
2745 3697 2944 3736 omnes
2964 3697 3119 3736 mare
3132 3680 3506 3752 transierunt,

1875 3778 1933 3829 et
1985 3791 2186 3830 omnes
2241 3773 2300 3828 in
2355 3775 2538 3845 Moyse
2588 3773 2855 3844 baptizati
2893 3777 3028 3828 sunt
3064 3773 3125 3828 in
3161 3774 3312 3829 nube
3353 3778 3409 3828 et
3447 3774 3508 3830 in

1872 3868 2020 3923 mari
2054 3869 2101 3938 (Ι
2125 3870 2243 3926 Cor.
2277 3884 2330 3933 x,
2360 3869 2430 3936 1).
2465 3889 2492 3917 ››
2522 3868 2671 3922 Mare
2698 3867 2908 3939 quippe
2935 3867 3195 3922 Rubrum
3226 3867 3510 3938 significat

1873 3961 2222 4033 baptismum
2290 3960 2497 4017 Christi
2563 3961 2841 4032 sanguine
2903 3966 3298 4016 consecratum
3328 4002 3342 4030 ,
3406 3977 3510 4031 per

1874 4056 2027 4128 quod
2084 4055 2331 4127 populus
2371 4055 2469 4109 Dei
2531 4054 2634 4108 sub
2695 4056 2964 4109 columna
3025 4054 3176 4126 ignis
3231 4056 3289 4110 et
3343 4053 3510 4109 nubis

1875 4149 2054 4204 semel
2079 4148 2322 4216 transiit,
2351 4147 2449 4203 ubi
2478 4151 2668 4203 tamen
2696 4151 2816 4203 tota
2865 4154 2989 4203 erat
3029 4147 3268 4203 Trinitas
3295 4164 3506 4220 prace-

1875 4243 2043 4298 dente
2075 4241 2267 4316 113
2295 4243 2571 4315 populum
2613 4242 2878 4297 columna
2926 4241 3079 4312 ignis
3133 4245 3191 4297 et
3233 4241 3418 4297 nubis.
3447 4244 3511 4298 In

1874 4336 2009 4407 igne
2032 4335 2246 4408 quippe
2268 4335 2620 4408 signiﬁcatur
2644 4337 2832 4403 Pater,
2863 4335 2923 4391 in
2949 4336 3217 4391 columna
3237 4335 3426 4403 Filius,
3451 4335 3511 4392 in

1875 4429 2026 4484 nube
2088 4430 2330 4502 Spiritus
2391 4432 2642 4484 sanctus.
2699 4428 2959 4484 Iordanis
3016 4445 3239 4500 quoque
3293 4429 3511 4483 ﬂuenta

169 4522 489 4578 mersionem
514 4520 754 4588 faciunt,
776 4538 809 4575 a
838 4520 1127 4575 nonnullis
1142 4518 1390 4573 schisma
1411 4534 1531 4574 esse
1552 4518 1856 4596 conspi-D
1879 4539 2009 4576 cum
2045 4539 2174 4577 arca
2228 4524 2475 4594 populus
2532 4522 2634 4577 Dei
2689 4522 2865 4577 semel
2917 4522 3162 4591 transiit,
3203 4538 3308 4592 per
3357 4522 3512 4593 quod

170 4611 307 4684 citur,
339 4621 393 4671 et
422 4615 620 4670 unitas
645 4613 777 4669 fidei
805 4613 986 4668 scindi
1005 4612 1248 4668 videtur.
1272 4613 1409 4666 Nam
1432 4611 1570 4666 dum
1586 4615 1780 4682 partes

173 4705 375 4763 diversae
400 4710 461 4764 in
485 4707 854 4780 baptizandis
873 4706 1064 4778 aliqua
1083 4705 1365 4760 contrario
1386 4706 1556 4761 modo
1576 4709 1776 4776 agunt,

175 4800 232 4855 ab
279 4802 394 4857 aliis
449 4820 572 4858 non
613 4801 926 4873 baptizatos
966 4817 1087 4855 esse
1127 4799 1496 4855 contendunt.
1537 4798 1779 4854 Proinde

175 4895 289 4963 quid
307 4914 337 4950 a
359 4897 524 4952 nobis
547 4897 609 4951 in
629 4893 971 4950 sacramenti
1001 4892 1323 4949 diversitate
1349 4891 1665 4946 ﬁniendum
1686 4892 1776 4959 sit,

176 4991 470 5058 apostolica
501 4988 661 5046 Sedis
680 4988 1067 5044 informemur
1086 4987 1402 5058 praceptis,
1428 5001 1543 5040 non
1562 4989 1777 5056 nostra,

177 5081 256 5135 sed
281 5089 578 5154 paternam
620 5082 1039 5138 institutionem
1074 5082 1396 5153 sequentes.
1429 5079 1612 5133 Beata
1642 5095 1779 5149 ergo

175 5178 436 5233 memoria
475 5177 783 5248 Gregorius
819 5177 1091 5231 Romana
1120 5173 1368 5229 ecclesia
1398 5172 1652 5244 pontifex
1685 5172 1781 5244 qui

175 5281 273 5322 non
302 5271 485 5326 solum
515 5275 706 5342 partes
734 5269 902 5324 Italia
932 5268 1256 5334 illustravit,
1277 5267 1374 5322 sed
1401 5271 1458 5322 et
1477 5267 1648 5337 longe
1669 5265 1783 5320 exi-

176 5364 359 5418 stentes
387 5364 650 5420 ecclesias
668 5379 772 5418 sua
799 5362 1058 5417 doctrina
1081 5359 1398 5432 perdocuit,
1427 5359 1781 5430 efﬂagitante

178 5456 504 5512 sanctissimo
528 5456 784 5512 Leandro
814 5455 1080 5527 episcopo
1125 5453 1196 5509 de
1244 5453 1352 5508 hac
1387 5451 1668 5523 Hispania
1691 5451 1780 5506 di-

177 5549 418 5604 versitate
447 5551 585 5622 quid
610 5549 802 5622 potius
832 5554 982 5604 esset
1010 5547 1385 5620 sequendum,
1409 5545 1559 5601 inter
1581 5551 1785 5601 catera

179 5643 493 5710 rescribens,
541 5645 619 5699 sic
664 5644 744 5699 ait
771 5661 785 5699 :
816 5645 892 5698 De
923 5641 1074 5697 trina
1118 5658 1252 5697 vero
1286 5640 1571 5696 mersione
1596 5639 1781 5712 bapti-

182 5735 349 5790 smatis
373 5737 515 5792 nihil
541 5738 873 5810 responderi
900 5737 1090 5790 verius
1113 5741 1314 5807 potest,
1338 5751 1509 5806 quam
1530 5733 1634 5804 ipsi
1655 5750 1780 5787 sen-

183 5824 329 5898 sistis,
373 5831 506 5902 quia
547 5832 601 5890 iu
633 5849 743 5891 una
772 5832 883 5888 (ide
917 5830 1058 5891 nihil
1085 5828 1262 5890 ofﬁcit
1287 5830 1497 5885 sancta
1528 5827 1784 5886 Ecclesia

1879 4615 2230 4687 signiﬁcatur
2275 4617 2481 4686 simpla
2526 4615 2737 4670 mersio
2781 4615 3164 4686 baptismatis,
3215 4614 3376 4685 cujus
3422 4631 3510 4668 sa-

1878 4712 2174 4763 cramento
2203 4708 2444 4763 Ecclesia
2473 4707 2741 4774 abluitur,
2774 4710 2832 4761 et
2858 4707 2928 4761 de
2958 4707 3090 4762 fidei
3134 4707 3306 4778 hujus
3351 4707 3510 4762 labo-

1878 4801 2037 4856 ribus
2067 4818 2170 4872 per
2195 4801 2545 4872 baptismum
2568 4799 2726 4871 quasi
2753 4816 2856 4870 per
2878 4800 3188 4856 Jordanem
3205 4800 3276 4856 ad
3297 4803 3512 4856 terram

1879 4894 2121 4950 calestis
2152 4893 2606 4965 repromissionis
2635 4892 2976 4964 ingreditur.

1951 4990 2032 5042 Vl.
2062 4987 2464 5060 Comperimus
2493 4987 2646 5059 quod
2674 5003 2777 5058 per
2803 4987 3113 5043 nonnullas
3153 4987 3412 5043 ecclesias
3452 4988 3510 5042 in

1881 5082 1974 5136 die
2001 5085 2170 5136 sexta
2199 5081 2353 5137 feria
2378 5080 2652 5152 passionis
2681 5080 2907 5136 Domini
2933 5080 3134 5136 clausis
3152 5081 3512 5136 basilicarum

1879 5175 2095 5229 foribus
2123 5191 2240 5230 non
2270 5174 2585 5230 celebratur
2611 5174 2888 5242 officium,
2923 5191 3029 5231 nec
3070 5175 3250 5247 passio
3284 5171 3512 5228 Domini

1880 5269 2106 5340 populis
2137 5267 2498 5339 pradicatur,
2527 5268 2665 5322 dum
2691 5267 2846 5322 idem
2875 5268 3130 5324 Salvator
3159 5271 3352 5322 noster
3379 5282 3512 5335 apo-

1880 5361 2038 5417 stolis
2068 5361 2182 5416 suis
2212 5361 2481 5432 pracepit
2509 5359 2722 5430 dicens,
2751 5361 3072 5432 passionem
3101 5364 3158 5414 et
3183 5360 3426 5413 mortem
3454 5358 3513 5411 et

1881 5454 2356 5510 resurrectionem
2386 5469 2572 5508 meam
2602 5454 2866 5509 omnibus
2904 5452 3234 5524 pradicate.
3265 5450 3510 5520 Ideoque

1884 5551 2108 5619 oportet
2123 5548 2323 5603 eodem
2343 5546 2436 5602 die
2453 5547 2788 5618 mysterium
2813 5545 2994 5600 crucis
3011 5543 3179 5616 (quod
3204 5543 3326 5614 ipse
3349 5558 3513 5596 cunc-

1880 5641 1953 5696 tis
1977 5640 2439 5696 annuntiandum
2466 5639 2661 5710 voluit)
2689 5638 2987 5710 pradicari
3013 5640 3184 5708 atque
3208 5635 3509 5707 indulgen-

1882 5735 2020 5789 tiam
2051 5735 2357 5789 criminum
2388 5734 2537 5788 clara
2558 5748 2692 5787 voce
2721 5747 2952 5785 omnem
2979 5729 3255 5801 populum
3287 5733 3516 5800 prasto-

1881 5827 2008 5898 lari,
2035 5832 2102 5885 ut
2123 5827 2472 5901 poenitentia
2510 5824 2949 5898 compunctione
2979 5823 3240 5882 mundati
3271 5839 3511 5884 venera-
