3964 6178
480 282 580 344 467

1377 288 1659 352 .tl’l‘END.
1701 293 1788 347 AD
1823 292 1982 349 διες.
2022 292 2105 349 IX.
2140 321 2206 337 -ι
2242 288 2481 348 ISIDORI
2515 290 2939 347 MEltCATUltiS
3680 294 3752 355 £178

477 395 591 452 bile
627 395 836 452 festum
877 396 1180 453 Dominicze
1220 400 1647 456 resurrectionis
1696 401 1946 458 remissis
1994 402 2102 458 ini-
2126 415 2186 489 Α
2208 402 2353 471 Ergo
2377 398 2524 455 sicut
2546 400 2802 457 Christus
2834 398 3125 473 prmcepit,
3155 398 3236 455 sic
3262 399 3535 473 Apostolus
3558 404 3753 461 monuit.

484 491 791 562 quitatibus
845 492 1131 564 suscipere
1182 510 1530 561 mereamur,
1582 497 1947 568 corporisque
1986 499 2106 568 ejus

481 588 539 639 et
588 586 883 659 sanguinis
931 591 1351 645 sacramentum
1403 588 1605 647 mundi
1655 606 1689 646 a
1739 596 1970 664 peccato
2009 609 2104 646 su-

481 696 725 738 1118111118.

551 776 657 830 VII.
692 775 934 840 Quidam
966 778 1025 831 in
1072 778 1160 833 die
1189 778 1441 849 ejusdem
1489 780 1769 853 passionis
1799 781 2106 836 Dominicze

477 867 546 922 ab
584 869 727 924 hora
759 887 912 926 nona
941 872 1230 942 jejunium
1254 875 1497 940 solvunt,
1531 875 1799 931 conviviis
1827 876 2103 931 adhiben-

478 966 590 1031 tur,
623 969 679 1017 et
706 963 843 1018 dum
874 966 956 1019 sol
1002 965 1121 1036 ipse
1149 967 1351 1021 eadem
1396 968 1487 1021 die
1525 969 1775 1024 tenebris
1822 970 2102 1041 palluerit,

474 1055 668 1113 lumen
699 1058 1051 1126 subduxerit,
1090 1061 1326 1132 ipsaque
1374 1062 1658 1117 elementa
1700 1063 1931 1118 turbata
1961 1080 2102 1120 mos-

478 1150 687 1205 stitiam
715 1151 885 1206 totius
914 1153 1112 1208 mundi
1143 1155 1513 1225 ostenderint,
1537 1157 1618 1211 illi
1641 1157 1929 1229 jejunium
1958 1158 2104 1213 tanti

476 1243 589 1299 diei
616 1244 901 1314 polluunt,
936 1248 1231 1319 epulisque
1274 1249 1607 1305 inserviunt.
1640 1253 1706 1306 Et
1750 1251 1881 1323 quia
1921 1255 2104 1307 totum

474 1337 743 1393 eumdem
771 1337 922 1394 diem
939 1340 1269 1397 universalis
1285 1344 1522 1399 ecclesia
1536 1349 1767 1416 propter
1781 1346 2104 1417 passionem

475 1431 701 1487 Domini
722 1433 781 1487 in
810 1450 1051 1490 maerore
1073 1439 1129 1491 et
1147 1437 1488 1493 abstinentia
1514 1439 1756 1510 peragit,
1778 1439 2104 1511 quicunque

474 1524 531 1579 in
563 1542 631 1581 eo
656 1526 943 1598 jejunium
972 1534 1183 1600 praeter
1207 1532 1474 1602 parvulos
1515 1549 1676 1587 senes
1713 1536 1769 1588 et
1802 1533 2104 1605 languidos

474 1623 605 1674 ante
636 1626 891 1692 peractas
921 1622 1289 1696 indulgentiae
1317 1642 1512 1697 preces
1547 1628 1902 1699 persolverit,
1931 1644 1964 1683 a
1994 1645 2101 1700 pa-

475 1713 647 1768 schali
692 1716 906 1786 gaudio
948 1717 1284 1791 depellatur,
1328 1737 1435 1775 nec
1474 1720 1533 1776 in
1574 1737 1640 1777 eo
1682 1725 2103 1777 sacramentum

2205 496 2274 549 Et
2325 494 2817 567 quemadmodum
2864 494 3124 549 doctores
3171 493 3506 549 ecclesiastici
3544 495 3753 553 institue-

2206 593 2358 656 runt,
2388 588 2523 661 quia
2553 587 2808 659 quotidie
2830 588 2918 644 vel
2944 587 3311 659 cogitatione,
3341 588 3423 642 vel
3444 588 3595 644 verbo
3621 589 3761 645 delin-

2121 695 2125 700 ’
2205 681 2433 753 quimus
2461 681 2716 753 quotidie
2737 684 2793 737 et
2818 681 2964 736 hanc
2985 680 3296 737 orationem
3316 680 3577 737 effundere
3598 682 3649 736 in
3661 699 3760 739 con.

2207 778 2399 846 spectu
2429 775 2531 830 Dei
2558 775 2854 830 debemus.
2886 774 3154 847 Quisquis
3178 790 3313 846 ergo
3357 775 3675 831 sacerdotum
3694 778 3762 833 vel

2206 868 2620 939 subjacentium
2662 869 2995 924 clericorum
3038 868 3184 923 hanc
3222 868 3518 923 orationem
3561 869 3764 924 Domini-

2205 978 2328 1016 cam
2360 961 2635 1033 quotidie,
2669 967 2768 1017 aut
2809 963 2869 1017 in
2908 962 3156 1034 publico,
3186 965 3286 1016 aut
3312 962 3370 1016 in
3393 962 3591 1033 privato
3617 963 3763 1018 ofﬁcio

2205 1056 2542 1127 praeterierit
2566 1060 2805 1128 propter
2828 1055 3178 1131 superbiam,
3200 1055 3473 1128 judicatus
3497 1054 3683 1113 ordinis
3698 1056 3765 1113 sui

2204 1150 2421 1205 honore
2448 1149 2720 1221 privetur.

2274 1245 2335 1298 X.
2364 1246 2525 1311 Item,
2554 1243 2925 1315 cognovimus
2950 1244 3233 1315 quosdam
3257 1244 3529 1316 Hispania:
3548 1243 3768 1308 sacerdo-

2203 1342 2308 1406 tes,
2344 1338 2444 1409 qui
2471 1338 2532 1392 in
2561 1337 3023 1409 quadragesimae
3052 1338 3251 1393 diebus
3284 1338 3500 1394 alleluia
3521 1338 3770 1394 decantant

2202 1436 2412 1503 praeter
2436 1432 2494 1486 in
2522 1431 2721 1486 ultima
2744 1431 3104 1487 hebdomada
3129 1432 3371 1500 Pascha,
3388 1432 3532 1504 quod
3553 1431 3771 1503 deinceps

2202 1525 2325 1580 ﬁeri
2358 1524 2768 1593 interdicimus,
2802 1530 3117 1581 statuentes
3162 1531 3228 1581 ut
3271 1527 3329 1581 in
3376 1526 3623 1581 omnibus
3654 1541 3770 1597 prte-

2205 1619 2365 1675 dictis
2407 1619 2871 1691 Quadragesimee
2899 1619 3098 1675 diebus
3143 1619 3297 1693 (quia
3327 1624 3544 1691 tempus
3580 1634 3681 1673 non
3709 1624 3773 1674 est

2204 1713 2413 1783 gaudii,
2444 1713 2544 1769 sed
2582 1713 2865 1786 maeroris)
2894 1714 3118 1769 alleluia
3153 1730 3270 1769 non
3301 1714 3626 1770 decantetur.
3652 1714 3773 1768 Tunc

473 1808 724 1880 corporis
774 1813 830 1865 et
873 1811 1171 1883 sanguinis
1209 1813 1436 1869 Domini
1473 1815 1769 1887 percipiat,
1810 1816 1910 1889 qui
1949 1804 2180 1876 diemB
2204 1807 2359 1862 enim
2390 1823 2534 1879 opus
2577 1811 2665 1862 est
2706 1808 2933 1864 ﬂetibus
2965 1824 3030 1863 ac
3051 1808 3287 1879 jejuniis
3320 1808 3585 1875 inSistEI‘e.
3611 1821 3774 1877 οοτριιε

471 1902 748 1975 passionis
778 1904 898 1975 ejus
929 1922 1032 1977 per
1056 1906 1461 1963 abstinentiam
1490 1926 1608 1965 non
1637 1909 1957 1965 honoravit.

541 1994 676 2049 VIII.
703 1995 958 2050 Lucerna
1003 1999 1061 2051 et
1101 2013 1296 2053 cereus
1324 1998 1474 2053 infra
1498 1998 1722 2070 vigilias
1749 1999 1901 2071 apud
1927 2017 2101 2071 quas-

474 2086 607 2142 dam
638 2089 897 2144 ecclesias
926 2107 1042 2146 non
1067 2091 1444 2163 benedicitur,
1472 2098 1527 2148 et
1552 2110 1584 2147 a
1610 2094 1775 2149 nobis
1802 2111 1903 2149 cur
1926 2094 2097 2150 bene-

476 2180 713 2249 dicatur,
745 2183 1062 2254 inquirunt.
1107 2188 1345 2257 Propter
1383 2187 1691 2258 gloriosum
1731 2188 1886 2243 enim
1922 2189 2102 2244 noctis

470 2274 647 2346 ipsius
674 2281 1098 2332 sacramentum
1116 2278 1238 2334 haec
1259 2280 1589 2335 solemniter
1604 2281 2016 2349 benedicimus,
2037 2288 2103 2339 ut

472 2384 642 2423 sacras
673 2370 1103 2425 resurrectionis
1140 2372 1347 2427 Christi
1390 2373 1723 2444 mysterium
1760 2376 1913 2447 quod
1950 2379 2097 2430 tem-

469 2477 608 2532 pore
640 2462 809 2533 hujus
837 2465 1017 2519 noctis
1053 2465 1235 2521 votive
1279 2466 1506 2522 advenit
1540 2467 1933 2524 benedictione
1964 2487 2098 2524 san-

472 2554 698 2610 ctiﬁcati
729 2557 965 2613 luminis
994 2559 1384 2631 suscipiamus.
1416 2561 1482 2616 Et
1508 2560 1641 2633 quia
1670 2562 1793 2617 haec
1839 2563 2101 2619 observa-

468 2648 549 2704 tio
580 2666 684 2721 per
715 2651 1027 2708 multarum
1067 2653 1189 2709 loca
1213 2659 1518 2725 terrarum,
1551 2656 1929 2729 regionesque
1973 2658 2096 2713 His-

468 2743 654 2812 paniae
673 2744 732 2798 in
757 2746 1014 2801 Ecclesiis
1031 2748 1489 2819 commendatur,
1509 2749 1749 2819 dignum
1766 2756 1850 2805 est
1868 2755 2101 2822 propter

471 2836 749 2892 unitatem
782 2839 954 2910 pacis,
999 2844 1065 2895 ut
1107 2841 1167 2895 in
1195 2842 1490 2897 Gallicanis
1518 2843 1766 2899 ecclesiis
1796 2860 2095 2900 conserve-

470 2932 586 2985 tur.
618 2930 764 2985 Nulli
792 2936 983 2988 autem
1008 2933 1243 3005 impune
1271 2936 1382 2989 erit
1409 2935 1508 3007 qui
1535 2936 1640 2992 hoc
1668 2939 2096 3011 contempserit,

471 3022 570 3078 sed
598 3027 828 3095 patrum
853 3026 1066 3098 regulis
1095 3028 1429 3100 subjacebit.

537 3118 620 3173 IX.
645 3119 918 3175 Nonnulli
946 3123 1299 3177 sacerdotum
1320 3123 1380 3177 in
1404 3123 1686 3195 Hispaniis
1707 3126 2076 3198 reperiuntur

2202 1901 2382 1956 cilicio
2396 1906 2451 1956 et
2462 1900 2651 1957 cinere
2661 1902 2924 1972 induere,
2942 1902 3202 1957 animum
3215 1901 3544 1958 maeroribus
3554 1900 3773 1970 dejicere,

2203 1994 2478 2066 gaudium
2506 1994 2564 2050 in
2589 1995 2881 2051 tristitiam
2908 2000 3133 2051 vertere
3152 2011 3450 2068 quousque
3469 1993 3643 2049 veniat
3662 1999 3773 2049 tem-

2201 2106 2306 2159 pus
2338 2089 2768 2145 resurrectionis
2795 2089 3020 2157 Christi,
3054 2090 3282 2161 quando
3327 2091 3581 2161 oporteat
3609 2088 3711 2158 jam
3731 2087 3776 2141 in

2200 2182 2393 2237 laetitia
2435 2199 2690 2250 manere,
2731 2188 2788 2239 et
2831 2200 3135 2239 maerorem
3177 2182 3236 2238 in
3280 2182 3551 2255 gaudium
3575 2186 3775 2236 mutare.

2200 2278 2312 2331 Hoc
2337 2277 2493 2331 enim
2520 2276 2782 2332 Ecclesiae
2807 2277 3143 2333 universalis
3173 2276 3474 2334 consensio
3515 2277 3570 2331 in
3607 2273 3780 2330 cunctis

2199 2374 2483 2425 terrarum
2512 2366 2772 2442 partibus
2791 2371 3101 2442 roboravit,
3132 2371 3287 2444 quod
3314 2375 3373 2427 et
3397 2388 3431 2426 a
3452 2368 3604 2425 nobis
3630 2366 3776 2423 omni-

2198 2464 2304 2519 bus
2337 2469 2397 2519 ut
2426 2468 2787 2520 conservetur
2813 2481 2919 2537 per
2942 2466 3241 2537 Hispanias
3278 2464 3657 2536 Gallaeciasqne
3676 2477 3780 2534 pro-

2200 2557 2415 2611 vincias
2437 2558 2742 2629 oportebit.
2767 2559 2827 2613 In
2846 2558 3202 2631 temporibus
3228 2575 3368 2614 vero
3389 2556 3627 2630 reliquis,
3650 2556 3699 2611 id
3718 2557 3782 2608 est

2198 2651 2425 2707 Calend.
2457 2652 2734 2719 Januarii,
2767 2669 2895 2724 quae
2927 2656 3161 2724 propter
3207 2670 3461 2709 errorem
3502 2648 3781 2723 gentilitatis

2197 2750 2463 2816 aguntur,
2498 2745 2733 2801 omnino
2765 2746 2996 2801 alleluia
3022 2764 3136 2802 non
3163 2747 3574 2819 decantabitur,
3601 2746 3654 2799 in
3677 2742 3778 2815 qui-

2198 2839 2303 2894 bus
2325 2840 2499 2894 etiam
2520 2844 2732 2912 praeter
2756 2839 2971 2911 piscem
3000 2845 3058 2895 et
3077 2840 3222 2911 olus,
3242 2841 3391 2897 sicut
3408 2847 3464 2897 et
3479 2841 3537 2896 in
3554 2839 3651 2894 illis
3668 2853 3779 2909 qna-

2198 2932 2461 3004 draginta
2505 2933 2704 2989 diebus
2746 2934 2966 2989 caeteris
3004 2934 3272 2989 carnibus
3319 2935 3639 3001 abstinetur,
3675 2935 3722 2986 et
3756 2945 3781 2983 τι

2198 3026 2539 3099 quibusdam
2567 3027 2741 3082 etiam
2775 3044 2879 3083 nec
2923 3028 3120 3083 vinum
3162 3027 3398 3084 bibitur.
3445 3028 3499 3084 Si
3535 3026 3650 3099 quis
3673 3039 3781 3095 ergo

2199 3121 2516 3193 episcopus,
2542 3124 2640 3176 aut
2664 3121 2981 3193 presbyter,
3012 3127 3112 3177 aut
3139 3121 3433 3190 diaconus,
3462 3124 3557 3176 aut
3587 3117 3782 3192 quilibet

589 3171 617 3173 η
646 3171 661 3173 -
704 3171 918 3175 ν--ην-τ-
947 3171 1299 3177 --ννν--ν--οκ
1321 3171 1380 3177 ---
1405 3171 1686 3195 ---Ἷ;ι------ι
1710 3171 2093 3199 “vr-unauna,
2205 3171 2516 3193 vnn—"1"";
2544 3171 2637 3176 “w'
2665 3171 2857 3193 ι---”-.1
2880 3171 2981 3189 "'7
3015 3171 3111 3177 '""
3144 3171 3433 3213 """"“"7
3463 3171 3555 3176 "‘"
3593 3171 3703 3192 τιθῇ

469 3210 568 3282 qui
595 3212 951 3270 Dominicam
977 3215 1297 3271 orationem
1323 3234 1496 3289 quam
1519 3218 1775 3274 Salvator
1802 3220 2013 3290 docuit,
2043 3226 2099 3278 et
2118 3177 2172 3252 Ο
2198 3230 2261 3268 ex
2281 3214 2479 3269 ordine
2511 3214 2847 3269 Clericorum
2888 3214 3065 3269 fuerit
3100 3218 3368 3286 repertus
3397 3215 3495 3286 qui
3522 3211 3779 3268 arbitrium

473 3306 745 3376 praecepit
772 3324 887 3363 non
918 3309 1188 3381 quotidie,
1219 3310 1317 3366 sed
1344 3314 1567 3367 tantum
1599 3312 1688 3368 die
1718 3313 2097 3370 Dominicadi-

467 3402 621 3455 cunt.
656 3402 722 3455 Et
748 3402 881 3473 quia
903 3403 1026 3458 sine
1054 3403 1478 3460 intermissione
1504 3410 1570 3461 ut
1593 3423 1839 3477 oremus,
1869 3412 2095 3480 aposto-

462 3491 551 3547 lus
575 3493 787 3565 docuit,
819 3497 1066 3567 qualiter
1089 3501 1283 3553 autem
1308 3515 1556 3570 oremus,
1591 3502 1845 3558 Christus
1882 3520 2091 3574 praece-

465 3585 551 3656 pit
576 3586 787 3656 dicens,
810 3606 941 3645 cum
966 3594 1160 3647 autem
1188 3593 1379 3661 oratis,
1411 3593 1581 3649 dicito
1610 3611 1624 3650 :
1662 3617 1691 3646 «
1716 3598 1881 3652 Pater
1903 3602 2096 3653 noster

462 3680 561 3751 qui
587 3698 648 3735 es
673 3681 734 3737 in
763 3682 915 3738 caelis
950 3686 1164 3755 (Matth.
1197 3703 1272 3755 v1,
1304 3690 1377 3759 9).
1407 3708 1435 3740 ››
1461 3688 1759 3753 Quomodo
1790 3708 1928 3762 ergo
1959 3708 2096 3763 quo-

463 3773 601 3829 tidie
633 3792 748 3831 non
778 3776 1006 3847 dicitur,
1035 3780 1185 3851 quod
1216 3781 1339 3836 sine
1370 3781 1788 3838 intermissione
1809 3784 1918 3839 dici
1932 3784 2096 3855 jube-

462 3867 594 3923 tur?
624 3870 763 3924 Nam
786 3871 847 3925 in
874 3874 1101 3928 tantum
1117 3874 1374 3945 quotidie
1388 3875 1512 3930 haec
1529 3876 1711 3932 oratio
1727 3877 1961 3933 dicenda
1986 3883 2089 3947 est,

458 3966 524 4016 ut
550 3963 721 4017 etiam
749 3963 871 4036 ipso
900 3966 1064 4021 titulo
1089 3971 1301 4023 utatur.
1325 3970 1467 4023 Nam
1484 3975 1719 4025 vocatur
1745 3970 1925 4026 oratio
1955 3987 2093 4042 quo-

462 4054 693 4123 tidiana,
727 4057 805 4112 sic
833 4075 960 4113 eam
992 4060 1169 4115 sancti
1196 4063 1393 4117 Patres
1413 4068 1911 4134 nuncupaverunt,
1940 4065 2092 4135 quod

462 4148 636 4203 etiam
664 4151 815 4221 apud
843 4152 1121 4221 doctores,
1150 4171 1393 4225 quorum
1435 4155 1671 4211 illustris
1699 4156 1958 4212 doctrina
1986 4163 2087 4228 est,

460 4240 767 4296 invenitur.
801 4244 1038 4299 Sanctus
1064 4262 1294 4318 quoque
1334 4249 1647 4319 Cyprianus
1684 4249 1858 4305 dicit:
1893 4252 2089 4322 Itaque

460 4334 518 4388 in
577 4335 833 4391 oratione
890 4338 1204 4408 Dominica,
1265 4358 1478 4412 panem
1539 4346 1820 4413 nostrum,
1888 4344 1945 4399 id
2005 4349 2091 4399 est

456 4427 743 4484 Christum
786 4430 910 4486 dari
948 4432 1114 4487 nobis
1152 4434 1404 4506 quotidie
1442 4435 1706 4507 petimus,
1760 4440 1826 4491 ut
1879 4438 1977 4509 qui
2028 4438 2087 4493 in

455 4521 675 4578 Christo
714 4541 1015 4581 manemus
1072 4531 1130 4583 et
1185 4528 1446 4597 vivimus,
1480 4545 1513 4582 a
1551 4530 1991 4587 sanctiﬁcatione
2031 4536 2088 4587 et

454 4632 695 4688 corpore
718 4619 839 4689 ejus
870 4637 985 4676 non
1007 4621 1361 4677 recedamus.
1390 4623 1631 4679 Sanctus
1650 4624 1889 4680 Hilarius
1912 4625 2047 4681 dicit
2070 4644 2083 4681 :

460 4711 740 4765 «Panem
796 4718 1060 4770 nostrum
1119 4717 1521 4788 quotidianum
1576 4718 1647 4773 da
1704 4719 1865 4773 nobis
1920 4720 2087 4776 hodie

456 4802 675 4872 (Matth.
704 4821 777 4873 v1,
809 4808 971 4876 11).»
1007 4810 1153 4873 Quid
1198 4811 1351 4865 enim
1394 4815 1517 4866 tam
1564 4813 1685 4867 vult
1725 4813 1871 4869 Deus
1911 4829 2086 4884 quam

453 4899 520 4950 ut
547 4898 797 4967 quotidie
826 4900 1083 4956 Christus
1112 4903 1329 4959 habitet
1367 4904 1426 4959 in
1464 4905 1650 4973 nobis,
1683 4906 1781 4979 qui
1811 4911 1897 4961 est
1925 4907 2088 4978 panis

452 4988 581 5043 vitae
612 4995 669 5044 et
694 4990 857 5061 panis
884 5010 914 5047 e
940 4994 1102 5062 coelo,
1131 5001 1186 5051 et
1214 4997 1350 5068 quia
1385 4998 1721 5068 quotidiana
1751 4999 1933 5054 oratio
1980 5005 2083 5066 est,

454 5082 706 5155 quotidie
732 5102 957 5157 quoque
980 5092 1045 5143 ut
1069 5089 1240 5143 detur
1265 5095 1462 5145 oratur
1482 5091 1509 5146 ‘I
1541 5091 1783 5147 Sanctus
1825 5093 2085 5164 Augusti-

450 5192 560 5230 nus
585 5177 721 5232 dicit
750 5195 763 5232 :
794 5180 873 5233 De
907 5180 1253 5250 quotidianis
1301 5187 1496 5238 autem
1544 5184 1921 5257 brevibusque
1948 5202 2081 5256 pec-

450 5269 589 5324 catis
633 5271 751 5327 sine
799 5273 1005 5344 quibus
1032 5274 1148 5329 vita
1184 5275 1305 5330 haec
1334 5293 1446 5330 non
1475 5276 1722 5346 ducitur,
1750 5278 2084 5348 quotidiana

450 5364 631 5420 oratio
656 5365 909 5420 fidelium
941 5366 1227 5422 satisfecit.
1269 5370 1481 5424 Eorum
1527 5374 1613 5424 est
1650 5371 1801 5425 enim
1842 5371 2029 5426 dicere
2064 5389 2078 5426 :

444 5459 615 5513 Pater
640 5465 839 5515 noster
877 5460 977 5532 qui
1020 5478 1081 5516 es
1124 5462 1182 5516 in
1231 5462 1403 5531 dalis,
1450 5463 1586 5534 quia
1607 5464 1730 5535 jam
1767 5465 1916 5519 Patri
1944 5466 2083 5521 tales

448 5555 776 5621 regenerati
821 5558 956 5610 sunt
1002 5572 1070 5611 ex
1114 5572 1265 5627 aqua
1315 5558 1374 5610 et
1418 5556 1634 5628 Spiritu
1671 5562 1884 5613 sancto.
1926 5559 2085 5614 Delet

449 5660 585 5713 ergo
612 5646 735 5702 haec
764 5648 1095 5719 quotidiana
1125 5650 1309 5705 oratio
1335 5650 1579 5705 minima
1608 5650 1940 5722 quotidiana
1957 5668 2082 5723 pcc-

451 5739 595 5800 cata,
625 5739 775 5795 delet
802 5742 894 5795 illa
940 5760 973 5796 a
1008 5743 1217 5814 quibus
1259 5742 1372 5797 vita
1425 5743 1698 5809 fidelium,
1745 5744 1915 5799 etiam
1959 5761 2077 5803 sce-

451 5826 632 5884 lerate
663 5838 838 5902 gesta,
869 5836 1201 5907 paenitendo
1243 5836 1303 5897 in
1339 5838 1545 5907 melius
1573 5837 1811 5897 discedit
1837 5842 2075 5897 mutata.

2196 3324 2363 3363 suum
2389 3307 2521 3362 huic
2547 3307 2940 3363 constitutioni
2978 3307 3221 3362 aestimet
3264 3306 3689 3379 prmierendum,
3716 3319 3783 3359 or-

2194 3402 2343 3456 dinis
2367 3402 2552 3457 oi‘licio
2578 3418 2769 3457 carere
2785 3406 3044 3475 cogatur,
3069 3406 3128 3457 et
3145 3403 3554 3458 communione
3568 3399 3782 3473 ejusdem

2193 3496 2414 3567 paschae
2440 3496 2711 3567 privetur.

2263 3591 2343 3645 XI.
2362 3592 2423 3646 In
2446 3589 2785 3662 quibusdam
2794 3605 3027 3661 quoque
3040 3590 3443 3661 Hispaniarum
3460 3586 3784 3645 ecclesiislau-

2194 3683 2291 3737 des
2311 3687 2439 3754 post
2462 3684 2799 3755 Apostolum
2815 3682 3194 3739 decantantur
3217 3684 3551 3757 priusquam
3575 3684 3785 3751 Evange-

2194 3777 2332 3831 lium
2346 3777 2707 3849 praedicetur,
2723 3776 2862 3831 dum
2877 3777 3212 3848 pracipiant
3222 3783 3356 3849 post
3365 3776 3681 3850 Apostolnm
3692 3789 3783 3827 non

2189 3870 2385 3925 laudes
2410 3870 2508 3925 sed
2537 3870 2906 3941 Evangelium
2929 3870 3294 3939 annuntiare,
3342 3868 3699 3943 praesumptio
3719 3868 3787 3921 est

2192 3964 2348 4018 enim
2365 3966 2426 4018 ut
2438 3968 2860 4035 anteponantur
2878 3980 2946 4019 ea
2961 3981 3090 4035 qua:
3106 3964 3266 4036 sequi
3283 3964 3512 4021 debent.
3526 3966 3657 4020 Nam
3670 3962 3782 4016 Lan-

2191 4058 2291 4112 des
2303 4057 2430 4113 ideo
2442 4057 2810 4128 Evangelium
2831 4062 3146 4130 sequuntur
3165 4063 3403 4130 propter
3417 4058 3646 4131 gloriam
3658 4051 3785 4111 Chri-

2190 4150 2280 4220 sti,
2296 4167 2424 4222 quee
2436 4167 2541 4223 per
2557 4150 2714 4206 idem
2728 4152 2876 4205 Evan
2884 4151 3097 4223 gelium
3111 4151 3461 4222 praedicatur
3470 4152 3785 4207 circaomnes

2191 4250 2406 4315 gentes.
2429 4247 2475 4299 A
2502 4244 2889 4299 sacerdotibus
2908 4244 3001 4300 hic
3021 4244 3160 4300 ordo
3186 4244 3461 4319 deinceps
3485 4245 3782 4307 retineatur,

2189 4342 2798 4397 excommunicationis
2847 4359 3073 4414 pmnam
3119 4344 3490 4415 suscepturis,
3529 4341 3620 4415 qui
3659 4341 3782 4394 hunc

2190 4436 2448 4491 ordinem
2473 4435 2948 4507 perturbaverint.

2257 4531 2368 4585 XII.
2415 4530 2491 4585 De
2538 4529 2771 4600 hymnis
2796 4529 2967 4585 etiam
3000 4529 3275 4585 canendis
3316 4534 3378 4585 et
3420 4526 3705 4587 Salvatoris
3738 4525 3785 4577 et

2189 4624 2578 4695 apostolorum
2604 4622 2883 4677 habemus
2914 4624 3259 4695 exemplum.
3292 4625 3438 4678 Nam
3480 4628 3535 4679 et
3562 4623 3671 4693 ipse
3693 4618 3781 4672 Do-

2186 4717 2375 4771 minus
2424 4717 2708 4788 hymnum
2760 4716 2965 4771 dixisse
2998 4716 3339 4789 perhibctnr
3377 4716 3632 4773 Matthazo
3664 4715 3781 4767 atte-

2186 4814 2371 4866 stante
2406 4827 2419 4865 :
2454 4832 2481 4861 ι(
2506 4811 2575 4865 Et
2602 4810 2819 4882 hymno
2852 4811 3002 4866 dicto
3034 4810 3295 4866 exierunt
3323 4810 3383 4865 in
3415 4813 3665 4865 montem
3690 4801 3783 4860 Oli-

2186 4904 2297 4959 vcti
2332 4904 2542 4973 (Matth.
2572 4920 2718 4973 xxv1,
2750 4902 2901 4973 30),»
2923 4909 2976 4958 et
3005 4903 3207 4958 Paulus
3230 4902 3606 4975 apostolusad
3626 4898 3782 4970 Ephe-

2185 4999 2293 5053 sios
2319 4998 2541 5070 scripsit
2578 4998 2772 5053 dicens
2803 5015 2817 5052 :
2852 5019 2878 5046 α
2915 4994 3237 5069 lmplemini
3274 4997 3477 5069 spiritu
3522 4992 3787 5067 loquentes

2186 5092 2242 5145 in
2298 5092 2553 5163 psalmis,
2616 5096 2672 5146 et
2721 5091 2974 5161 hymnis,
3028 5095 3085 5146 et
3138 5090 3375 5145 canticis
3433 5085 3784 5161 spiritualibus

2189 5186 2396 5256 (Ephes.
2422 5202 2472 5256 v,
2505 5185 2610 5255 I9).
2641 5205 2669 5234 »
2699 5186 2767 5241 Et
2793 5184 2926 5255 quia
2953 5200 2986 5238 a
3014 5184 3302 5239 nonnullis
3330 5183 3533 5255 hymni
3565 5182 3784 5237 humano

2185 5278 2368 5333 studio
2398 5278 2456 5333 in
2486 5278 2715 5333 Iaudem
2746 5276 2848 5332 Dei
2877 5282 3049 5349 atque
3075 5277 3464 5348 apostolorum
3506 5279 3563 5333 et
3596 5273 3780 5341 marty-

2183 5388 2311 5426 rum
2332 5371 2656 5443 triumphos
2685 5370 2986 5442 compositi
3014 5387 3136 5426 esse
3180 5373 3518 5437 noscuntur,
3563 5368 3699 5423 sicut
3734 5360 3784 5417 hi

2184 5481 2326 5535 quos
2353 5463 2662 5519 beatissimi
2688 5464 2951 5519 doctores
2985 5462 3226 5518 Hilarius
3271 5467 3443 5535 atque
3486 5455 3785 5516 Ambrosius

2181 5557 2503 5625 ediderunt,
2519 5574 2662 5629 quos
2684 5561 2878 5612 tamen
2894 5556 3127 5628 quidam
3144 5556 3467 5629 specialiter
3480 5549 3783 5626 reprobanl,

2180 5667 2284 5721 pro
2310 5667 2378 5705 eo
2406 5651 2562 5722 quod
2593 5652 2663 5707 de
2690 5650 2985 5722 scripturis
3030 5655 3352 5707 sanctorum
3401 5661 3676 5704 canonum
3709 5637 3784 5695 vel

2181 5744 2485 5817 apostolica
2515 5744 2820 5800 traditione
2849 5761 2964 5799 non
2991 5743 3258 5799 existunt.
3284 5744 3572 5814 Respuent
3593 5737 3783 5809 ergoet

2180 5839 2341 5897 illum
2391 5839 2673 5915 hymnum
2716 5838 2790 5897 ab
2831 5837 3166 5899 hominibus
3204 5835 3597 5914 compositum,
3628 5841 3779 5904 quem
