3964 6178
225 258 314 317 469

1451 253 1924 310 DECRETALIUM
1964 253 2349 309 COLLECTIU.

3457 259 3557 312 εἱἷῦ

221 367 449 441 quotidie
477 365 696 439 publico
726 365 1061 439 privatoque
1096 365 1284 422 ofﬁcio
1317 366 1373 421 in
1412 367 1523 421 fine
1563 363 1821 420 omnium
1843 374 1901 448 Α
1923 366 2142 420 tionem
2164 367 2221 420 in
2251 366 2458 436 populo
2491 366 2650 433 dant,
2669 364 2826 437 quod
2849 366 3114 437 deinceps
3141 364 3554 435 interdicimus,

220 464 543 535 psalmorum
575 461 848 517 dicimus:
879 462 1065 516 Gloria
1105 465 1162 516 et
1193 462 1381 516 honor
1399 459 1551 515 Patri
1571 463 1628 514 et
1659 458 1816 523 Filio,

218 563 266 611 et
310 555 529 626 Spiritui
584 560 792 623 sancto,
841 557 896 610 in
943 555 1146 610 smeula
1211 555 1571 609 saeculorum.
1620 557 1816 607 Amen.

219 651 341 704 Nam
369 654 423 702 et
447 649 541 703 ille
568 650 812 719 hymnus
831 666 1005 721 quem
1033 653 1167 703 nato
1195 649 1252 702 in
1281 664 1451 703 carne
1478 647 1701 703 Christo
1725 664 1821 700 an-

219 743 315 814 geli
358 742 681 797 cecinerunt
727 760 740 796 :
790 764 816 792 ‹‹
866 743 1055 796 Gloria
1101 743 1158 796 in
1204 741 1436 796 excelsis
1474 744 1608 809 Deo,
1655 745 1712 795 et
1760 740 1818 794 in

214 841 347 891 terra
370 853 476 907 pax
500 836 829 890 hominibus
856 837 1022 890 bona:
1049 835 1350 891 voluntatis
1381 837 1522 902 (Luc.
1553 851 1610 900 ιι,
1646 836 1750 898 14).
1785 856 1813 883 ››

214 930 430 1000 Reliqua
475 947 604 1001 quae
660 930 740 984 ibi
793 933 1112 1000 sequuntur
1157 929 1516 984 ecclesiastici
1561 929 1817 983 doctores

214 1028 649 1093 composuerunt.
690 1024 838 1092 Ergo
871 1041 976 1076 nec
1021 1023 1125 1094 ipsi
1169 1023 1228 1076 in
1281 1022 1527 1077 ecclesiis
1573 1022 1816 1076 canendi

213 1120 343 1183 sunt,
374 1117 502 1186 quia
545 1116 605 1170 in
649 1122 976 1171 sanctarum
1023 1116 1445 1187 Scripturarum
1490 1115 1650 1170 libris
1700 1131 1815 1170 non

214 1210 572 1265 inveniuntur.
615 1211 1053 1282 Componuntur
1090 1210 1276 1264 missas
1319 1210 1434 1264 sive
1483 1226 1696 1279 preces,
1727 1210 1812 1263 vel

215 1305 488 1368 orationes,
520 1304 632 1358 sive
665 1304 1190 1359 commendationes
1235 1321 1336 1358 seu
1378 1320 1586 1358 manus
1626 1303 1810 1373 imp0~

212 1396 433 1463 sitiones,
466 1414 536 1452 ex
565 1399 774 1468 quibus
811 1399 855 1452 si
901 1399 1054 1452 nulla
1101 1399 1432 1454 decantetur
1458 1397 1517 1451 in
1559 1397 1809 1465 ecclesia,

214 1494 384 1544 vacant
407 1490 592 1545 oﬂicia
611 1492 798 1546 omnia
819 1491 1214 1546 ecclesiastica.
1243 1491 1527 1546 Admonet
1549 1491 1670 1545 hmo
1689 1490 1812 1546 ﬁeri

212 1590 354 1654 atque
380 1584 638 1638 hortatur
666 1585 1031 1640 Timotheum
1061 1586 1364 1655 Apostolus
1395 1585 1614 1639 dicens:
1643 1607 1670 1633 ‹‹
1695 1584 1807 1638 Ob-

211 1694 345 1731 secro
375 1695 510 1748 ergo
539 1679 728 1749 primo
759 1679 1020 1734 omnium
1049 1678 1175 1733 ﬁeri
1207 1678 1648 1746 obsecrationes,
1679 1695 1806 1732 ora-

1921 459 2020 515 sed
2048 465 2175 530 post
2204 459 2524 514 orationem
2554 460 2909 514 Dominicam
2939 459 3263 514 benedictio
3285 460 3343 514 in
3369 477 3551 531 popu-

1920 555 2036 608 lum
2065 556 2356 624 sequatur,
2385 557 2441 607 et
2467 559 2601 609 tunc
2627 554 2857 608 demum
2888 553 3137 625 corporis
3169 557 3228 608 et
3263 555 3554 625 sanguinis

1922 647 2147 701 Domini
2177 649 2598 701 sacramentum
2643 651 2920 713 sumatur,
2954 664 3022 701 eo
3056 646 3313 701 videlicet
3351 647 3551 702 ordine

1920 745 1983 796 ut
2006 741 2323 796 sacerdotes
2354 745 2412 794 et
2439 740 2621 794 levitae
2653 746 2784 794 ante
2813 742 2991 795 altare
3019 742 3460 810 communicent,
3489 742 3548 796 in

1918 835 2092 890 choro
2117 835 2319 903 clerus,
2348 838 2510 889 extra
2543 834 2785 888 chorum
2817 835 3080 906 populus.

1989 931 2163 984 XVIII.
2192 928 2513 984 Perniciosa
2544 928 2897 982 consuetudo
2935 945 3297 999 nequaquam
3335 933 3420 984 est
3458 946 3546 983 re-

1916 1022 2176 1093 cipienda
2209 1038 2336 1092 qua
2368 1021 2654 1092 majorum
2685 1025 2895 1076 statuta
2926 1021 3280 1092 praeteriens,
3317 1040 3547 1078 omnem

1916 1117 2165 1171 ecclesiae
2209 1116 2474 1170 ordinem
2513 1114 2948 1186 perturbaverit,
2979 1115 3117 1168 dum
3148 1115 3243 1168 alii
3292 1133 3394 1186 per
3421 1134 3544 1170 am-

1914 1210 2066 1264 bitus
2109 1209 2422 1264 sacerdotia
2466 1212 2767 1279 appetunt,
2820 1209 2914 1262 alii
2965 1208 3168 1263 oblatis
3212 1210 3548 1264 muneribus

1914 1303 2307 1374 pontificatum
2352 1307 2672 1370 assumunt,
2721 1302 2980 1357 nonnulli
3026 1302 3199 1357 etiam
3241 1303 3548 1358 sceleribus

1914 1396 2204 1468 implicati,
2255 1397 2343 1452 vel
2389 1397 2647 1452 saeculari
2689 1396 2904 1452 militiae
2951 1396 3149 1464 dediti,
3197 1396 3418 1467 indigni
3470 1398 3544 1452 ad

1912 1493 2189 1546 honorem
2231 1491 2442 1546 summi
2478 1507 2542 1545 ac
2589 1491 2733 1546 sacri
2780 1491 2992 1545 ordinis
3043 1495 3446 1562 pervenerunt,
3476 1492 3544 1546 de

1910 1602 2157 1658 quorum
2200 1585 2409 1641 scilicet
2452 1603 2616 1640 causa
2661 1591 2829 1657 atque
2871 1585 3187 1640 remotione
3216 1588 3548 1656 oportuerat

1909 1680 2141 1751 quidem
2187 1684 2454 1746 statuere,
2500 1680 2595 1734 sed
2636 1696 2708 1734 ne
2753 1679 3074 1749 pertubatio
3121 1679 3542 1750 quamplurima

210 1770 382 1840 tiones,
422 1773 852 1842 postulationes,
885 1773 1202 1844 gratiarum
1241 1771 1492 1826 actiones
1534 1789 1635 1843 pro
1680 1789 1806 1826 om-
1829 1747 2161 1828 B'ecclesiee
2186 1774 2430 1828 oriretur
2454 1772 2755 1844 praeteritis
2774 1773 2992 1826 omissis
3021 1772 3288 1843 deinceps
3305 1773 3402 1844 qui
3425 1789 3543 1828 non

213 1865 351 1918 nibus
377 1866 721 1932 hominibus,
745 1882 847 1937 pro
876 1865 1105 1936 regibus
1135 1872 1192 1921 et
1219 1883 1321 1937 pro
1351 1865 1614 1920 omnibus
1633 1865 1730 1937 qui
1750 1865 1810 1920 in

213 1958 618 2013 sublimitatibus
649 1965 781 2014 sunt
819 1962 865 2026 (Ι
896 1963 1034 2014 Tim.
1062 1976 1122 2028 ιι,
1155 1962 1225 2028 l).
1257 1982 1283 2009 »
1326 1959 1477 2014 Sicut
1507 1976 1645 2030 ergo
1679 1975 1807 2014 ora-

211 2052 379 2120 tiones,
399 2053 471 2105 ita
491 2059 547 2107 et
574 2054 826 2124 hymnos
849 2053 905 2107 in
927 2054 1091 2108 laude
1121 2053 1222 2108 Dei
1252 2053 1597 2124 compositos
1618 2053 1809 2108 nullus

211 2150 433 2200 nostrum
461 2146 704 2200 ulterius
736 2147 1037 2218 improbet,
1069 2148 1163 2202 sed
1207 2148 1326 2218 pari
1369 2147 1541 2202 modo
1583 2147 1641 2201 in
1686 2146 1809 2224 Gal-

209 2238 337 2292 lzecia
361 2240 742 2312 Hispaniaque
769 2241 1043 2308 celebret;
1065 2241 1655 2296 excommunicatione
1683 2241 1803 2312 ple-

209 2332 366 2387 etendi
391 2335 480 2404 qui
511 2334 764 2405 hymnos
791 2335 1026 2405 rejicere
1053 2333 1263 2390 fuerint
1287 2335 1427 2389 ausi.

263 2427 377 2480 Xlll.
407 2429 697 2498 Hymnum
743 2445 968 2499 quoque
1013 2427 1186 2482 trium
1235 2445 1544 2498 puerorum
1588 2429 1645 2484 in
1688 2446 1803 2500 quo

210 2520 431 2574 universa
455 2522 576 2576 caeli
608 2525 890 2592 terraeque
927 2528 1190 2576 creatura
1230 2523 1409 2576 Deum
1445 2523 1723 2576 collaudat
1749 2528 1806 2577 et

210 2628 348 2682 quem
393 2615 640 2668 Ecclesia
681 2615 958 2670 catholica
1004 2632 1108 2686 par
1139 2618 1323 2670 totum
1363 2616 1562 2669 orbem
1605 2616 1805 2670 diffusa

211 2706 438 2776 celebrat,
467 2708 707 2779 quidam
731 2709 1052 2763 sacerdotes
1078 2710 1137 2763 in
1167 2709 1336 2764 missa
1378 2709 1803 2764 Dominicorum

211 2798 420 2866 dierum,
451 2807 506 2855 et
532 2802 592 2856 in
637 2802 1087 2857 solemnitatibus
1118 2807 1435 2874 martyrum
1466 2819 1668 2858 canere
1700 2820 1799 2857 ne-

211 2891 418 2962 gligunt.
468 2895 713 2949 Proinde
767 2898 1023 2950 sanctum
1075 2896 1385 2950 concilium
1426 2895 1690 2965 instituit,
1743 2901 1804 2951 ut

207 3001 290 3054 per
301 3003 479 3042 omnes
492 2989 779 3060 Hispaniae
795 2989 1057 3044 ecclesias
1072 2989 1162 3044 vel
1181 2990 1458 3044 Gallaacize
1469 2990 1526 3044 in
1543 2990 1803 3046 omnium

1909 1870 2354 1938 promoveantur
2382 1867 2452 1922 ad
2479 1866 2858 1921 sacerdotium
2898 1882 2967 1920 ex
2996 1866 3208 1937 regulis
3233 1883 3538 1933 canonum,

1908 1961 2224 2016 necessario
2252 1961 2534 2016 credimus
2579 1960 2974 2028 inserendum,
3004 1959 3060 2013 id
3087 1964 3192 2028 est,
3220 1960 3317 2030 qui
3345 1960 3404 2014 in
3434 1960 3537 2014 ali-

1909 2072 2022 2126 quo
2046 2055 2283 2110 crimine
2309 2054 2515 2108 detecti
2548 2059 2700 2121 sunt,
2731 2053 2830 2124 qui
2861 2052 3114 2107 infamiae
3148 2056 3285 2107 nota
3323 2053 3540 2124 aspersi

1909 2153 2059 2215 sunt,
2089 2149 2185 2220 qui
2230 2149 2442 2203 scelera
2491 2147 2725 2218 antiqua
2773 2164 2876 2218 per
2918 2147 3205 2218 publicam
3257 2147 3535 2218 poeniten-

1906 2244 2048 2297 tiam
2078 2242 2374 2297 admisisse
2403 2241 2645 2296 confessi
2673 2244 2827 2309 sunt,
2860 2241 2958 2311 qui
2997 2241 3058 2295 in
3091 2240 3359 2295 haeresim
3396 2242 3536 2312 lapsi

1907 2342 2055 2405 sunt,
2089 2337 2186 2408 qui
2234 2336 2294 2390 in
2343 2335 2544 2390 haeresi
2588 2334 2854 2406 baptizati
2897 2338 2996 2388 aut
3044 2335 3370 2405 rebaptizati
3419 2351 3538 2390 esse

1905 2435 2239 2499 noscuntur,
2272 2430 2369 2501 qui
2397 2429 2733 2501 semetipsos
2766 2428 3146 2495 absciderunt,
3177 2431 3274 2482 aut
3299 2432 3534 2483 natura-

1904 2525 2031 2580 liter
2059 2524 2278 2579 defectu
2309 2523 2696 2578 membrorum
2738 2527 2835 2577 aut
2873 2522 3155 2576 decisione
3181 2521 3392 2593 aliquid
3423 2521 3531 2576 mi-

1903 2636 2010 2673 nus
2040 2618 2274 2684 habere,
2304 2620 2636 2685 noscuntur,
2669 2618 2767 2688 qui
2812 2617 3074 2671 secundae
3113 2616 3302 2670 uxoris
3343 2616 3534 2686 cogni-

1905 2712 2121 2767 tionem
2144 2710 2324 2766 sortiti
2345 2716 2493 2778 sunt,
2522 2714 2621 2763 aut
2644 2726 2954 2764 numerosa
2982 2708 3247 2780 conjugia
3269 2708 3534 2780 frequen-

1902 2810 2184 2872 taverunt,
2200 2804 2297 2876 qui
2312 2805 2400 2858 vid
2410 2804 2653 2873 uam,vel
2669 2822 2701 2858 a
2718 2803 2926 2858 marito
2946 2802 3205 2857 relictam
3222 2802 3530 2871 duxerunt,

1902 2904 2001 2954 aut
2026 2903 2423 2971 corruptarum
2452 2898 2642 2952 mariti
2665 2898 2919 2964 fuerunt,
2937 2898 3036 2969 qui
3056 2896 3418 2964 concubinas,
3435 2901 3534 2951 aut

1900 2993 2234 3048 fornicarias
2260 2993 2604 3060 habuerunt,
2625 2991 2722 3063 qui
2743 2991 2930 3047 servili
2960 2990 3274 3046 conditioni
3301 2991 3532 3046 obnoxii

208 3078 464 3136 missarum
493 3083 853 3138 solemnitate
880 3083 1032 3138 idem
1081 3084 1139 3138 in
1184 3084 1412 3154 publico
1445 3071 1796 3152 décantetur,
1820 3119 1874 3192 Ο
1901 3085 3215 3158 sunt,quiignotisunt,quineophyti,vellaici1
3233 3084 3282 3157 1
3299 3084 3359 3156 4
3377 3090 3526 3152 sunt,

207 3176 634 3231 communionem
679 3176 944 3232 amissuri
972 3177 1071 3249 qui
1098 3178 1396 3249 antiquam
1428 3177 1599 3248 hujus
1630 3177 1797 3248 hym-

208 3265 254 3318 ni
276 3270 746 3338 consuetudinem,
781 3274 1151 3344 nostramque
1183 3271 1574 3327 deﬁnitionem
1606 3287 1796 3326 exces-

209 3361 369 3416 serint.

261 3455 366 3510 XIV.
395 3459 451 3512 ln
487 3458 609 3514 ﬁne
638 3460 988 3530 psalmorum
1028 3477 1146 3514 non
1193 3459 1337 3514 sicut
1376 3477 1408 3512 a
1455 3459 1798 3530 quibusdam

207 3546 455 3622 hucusque
491 3553 680 3608 Gloria
705 3553 878 3620 Patri,
913 3554 1009 3608 sed
1035 3553 1215 3624 gloria
1243 3556 1300 3608 et
1324 3555 1505 3608 honor
1531 3554 1676 3608 Patri
1709 3553 1793 3608 di-

208 3648 354 3710 catur,
383 3646 545 3702 David
583 3648 871 3719 propheta
917 3647 1140 3702 dicente
1173 3665 1186 3703 :
1227 3668 1255 3696 «
1296 3647 1505 3703 Atferte
1549 3648 1796 3702 Domino

210 3735 406 3803 gloriam
456 3746 511 3795 et
565 3742 849 3795 honorem
893 3740 1058 3812 (Psal.
1111 3758 1233 3807 xcv,
1276 3741 1350 3811 7),
1402 3764 1428 3790 ››
1481 3746 1536 3796 et
1578 3743 1796 3797 Joanne

207 3833 541 3903 evangelista:
576 3857 604 3884 ‹‹
634 3835 922 3889 Exercitus
952 3835 1287 3903 dicentium,
1312 3835 1500 3889 honor
1527 3839 1585 3889 et
1615 3835 1794 3906 gloria

208 3921 296 3976 Deo
323 3932 498 3982 nostro
527 3928 755 3983 sedenti
782 3929 841 3982 in
867 3929 1075 3983 throno
1104 3929 1294 4000 (Apoc.
1322 3945 1377 3994 v,
1407 3930 1513 3999 l3).
1537 3950 1564 3977 »
1591 3931 1666 3983 Ac
1693 3945 1795 4000 per

208 4012 303 4070 hac
326 4018 426 4074 duo
455 4022 530 4076 sic
557 4025 783 4093 oportet
812 4021 871 4076 in
902 4022 1066 4077 terris
1112 4022 1223 4076 dici
1263 4022 1407 4077 sicut
1435 4022 1492 4076 in
1523 4022 1672 4077 caelis
1697 4039 1790 4076 re-

208 4115 388 4167 sonant.
420 4115 702 4170 Universis
734 4132 872 4186 ergo
909 4115 1294 4170 ecclesiasticis
1339 4117 1489 4171 hanc
1528 4116 1790 4172 observa-

207 4200 385 4260 tionem
410 4208 625 4277 damus,
655 4226 828 4280 quam
876 4209 1113 4282 quisque
1159 4209 1498 4280 praeterierit
1532 4225 1790 4264 commu-

209 4294 355 4351 nionis
372 4300 648 4368 jacturam
680 4303 930 4359 habebit.

261 4390 349 4446 XV.
377 4393 509 4449 Sunt
531 4397 767 4467 quidam
797 4397 896 4467 qui
920 4397 978 4451 in
1012 4398 1124 4451 ﬁne
1149 4396 1639 4468 responsoriorum
1667 4398 1788 4468 glo-

1901 3183 2000 3252 qui
2027 3180 2284 3235 saeculari
2313 3179 2530 3234 militia
2557 3179 2736 3234 dediti
2767 3183 2920 3247 sunt,
2955 3179 3052 3250 qui
3079 3179 3251 3234 curia:
3293 3178 3529 3234 nexibus

1900 3275 2134 3346 obligati
2179 3278 2330 3342 sunt,
2362 3273 2457 3344 qui
2505 3273 2662 3327 inscii
2705 3273 3020 3328 litterarum
3066 3276 3215 3339 sunt,
3248 3273 3345 3344 qui
3377 3289 3526 3327 non~

1898 3370 2033 3424 dum
2059 3369 2128 3423 ad
2155 3368 2390 3439 triginta
2416 3383 2593 3421 annos
2621 3367 3006 3438 pervenerint,
3038 3366 3138 3438 qui
3183 3383 3287 3437 per
3317 3367 3529 3436 gradus

1896 3462 2297 3518 ecclesiasticos
2325 3477 2439 3514 non
2467 3464 2844 3526 accesserunt,
2872 3459 2970 3530 qui
2997 3459 3219 3513 ambitu
3245 3459 3526 3513 honorem

1897 3558 2179 3627 quaerunt,
2201 3555 2300 3626 qui
2328 3554 2662 3609 muneribus
2688 3554 2966 3608 honorem
2993 3553 3251 3608 obtinere
3279 3551 3520 3606 moliun-

1899 3655 2008 3718 tur,
2033 3649 2131 3721 qui
2173 3666 2207 3704 a
2252 3647 2638 3704 decessoribus
2679 3647 2739 3702 in
2782 3647 3160 3702 sacerdotium
3208 3647 3520 3717 eliguntur.

1894 3744 2002 3800 Sed
2027 3760 2134 3798 nec
2161 3743 2254 3797 ille
2281 3742 2546 3813 deinceps
2570 3741 2828 3796 sacerdos
2859 3741 2985 3807 erit,
3009 3757 3179 3812 quem
3210 3756 3311 3795 nec
3341 3741 3523 3794 clerus

1894 3855 2001 3892 nec
2029 3837 2272 3908 populus
2315 3836 2562 3908 propria:
2603 3835 2840 3890 civitatis
2871 3835 3062 3905 elegit,
3091 3834 3176 3889 vel
3218 3834 3522 3888 auctoritas

1894 3930 2337 4002 metropolitani,
2361 3929 2449 3983 vel
2471 3928 3034 4000 comprovincialium
3063 3928 3416 3984 sacerdotum
3441 3944 3524 3981 as-

1894 4024 2078 4080 sensio
2107 4023 2426 4095 exquisivit.
2457 4024 2789 4094 Quicunque
2813 4039 2951 4093 ergo
2982 4022 3244 4092 deinceps
3266 4021 3336 4076 ad
3365 4021 3519 4076 ordi-

1895 4135 2025 4173 nem
2069 4117 2370 4172 sacerdotii
2419 4117 2758 4188 postulatus,
2789 4120 2846 4170 et
2872 4117 2930 4169 in
2954 4115 3042 4170 his
3079 4131 3208 4186 quae
3250 4114 3523 4185 praedicta

1893 4215 2023 4266 sunt
2050 4211 2361 4282 exquisitus
2391 4210 2450 4265 in
2476 4211 2634 4264 nullo
2667 4211 2874 4264 horum
2905 4209 3292 4280 deprehensus
3326 4207 3518 4273 fuerit,

1892 4310 1949 4360 et
1973 4305 2330 4360 examinatus
2356 4303 2636 4375 probabili
2666 4303 2777 4358 vita
2820 4307 2990 4374 atque
3017 4302 3275 4357 doctrina
3303 4302 3523 4356 exstite-

1891 4400 1982 4466 rit,
2015 4404 2150 4453 tunc
2181 4398 2491 4453 secundum
2522 4398 2810 4469 synodica,
2842 4399 2927 4451 vel
2969 4395 3273 4451 decretalia
3308 4395 3518 4450 consti-

211 4480 323 4537 riam
346 4503 452 4541 non
482 4489 696 4556 dicunt,
728 4496 959 4560 propter
995 4490 1152 4562 quod
1193 4491 1484 4545 interdum
1521 4491 1786 4545 inconve-
1809 4487 1868 4558 D
1892 4495 2013 4547 tuta
2042 4508 2172 4546 cum
2199 4492 2456 4545 omnium
2487 4491 2823 4546 clericorum
2851 4491 2940 4544 vel
2985 4489 3191 4544 civium
3233 4489 3520 4542 voluntate

210 4574 392 4633 nienter
427 4586 673 4652 resonat,
703 4584 798 4637 sed
846 4584 968 4638 haec
999 4588 1082 4638 est
1121 4584 1402 4652 discretio,
1435 4588 1500 4638 ut
1540 4584 1598 4638 in
1649 4584 1793 4638 laetis

212 4677 439 4738 Sequatur
487 4676 689 4747 gloria,
741 4677 798 4730 in
845 4677 1188 4732 tristioribus
1237 4683 1531 4749 repetatur
1581 4677 1789 4749 princi-

211 4775 352 4828 pium.

266 4856 375 4914 XVI.
401 4865 796 4937 Apocalypsin)
828 4866 1039 4919 librum
1074 4866 1389 4920 multorum
1418 4866 1788 4921 conciliorum

210 4953 466 5009 auctoritas
493 4963 549 5012 et
573 4959 844 5029 synodica
875 4963 1197 5013 sanctorum
1243 4960 1548 5030 praesulum
1579 4961 1788 5014 Roma-

213 5055 377 5099 norum
397 5049 614 5105 decreta
628 5053 860 5106 Joannis
877 5069 1016 5107 evan
1024 5052 1239 5125 gelistae
1261 5069 1381 5107 esse
1397 5053 1786 5122 praescribunt,

213 5138 256 5186 et
272 5135 398 5194 inter
417 5143 634 5199 divinos
659 5147 828 5200 libros
854 5147 1237 5218 recipiendam
1268 5148 1700 5202 constituerunt.
1723 5148 1792 5200 Et

212 5228 315 5294 (Ιυίει
340 5234 553 5303 plurimi
587 5244 718 5294 sunt
742 5240 838 5311 qui
879 5241 1001 5312 ejus
1043 5241 1444 5295 auctoritatem
1486 5257 1598 5294 non
1644 5241 1788 5296 reci-

214 5318 363 5393 Piunt,
388 5344 612 5403 eamque
658 5334 716 5387 in
766 5334 1017 5388 Ecclesia
1049 5333 1148 5388 Dei
1185 5333 1497 5404 praedicare
1527 5339 1786 5388 contem-

215 5420 344 5471 nunt.
375 5419 428 5475 Si
454 5425 574 5494 quis
603 5443 737 5481 eum
768 5426 1034 5498 deinceps
1077 5430 1175 5480 aut
1204 5444 1319 5481 non
1360 5427 1661 5498 receperit,
1694 5433 1791 5482 aut

215 5516 238 5552 δ
257 5505 436 5570 Pascha
458 5533 628 5589 usque
647 5520 719 5574 ad
749 5522 1124 5575 Pentecosten
1154 5521 1216 5576 in
1236 5520 1481 5574 Ecclesia
1506 5537 1620 5574 non
1649 5537 1789 5591 prae-

216 5595 456 5675 dicaverit,
491 5613 1091 5669 excommunicationis
1133 5613 1482 5669 sententiam
1532 5613 1784 5668 habebit.

272 5692 400 5753 XVII.
430 5703 680 5762 Nonnulli
709 5708 1035 5764 sacerdotes
1062 5713 1188 5780 post
1220 5707 1430 5762 dictam
1473 5707 1787 5762 orationem

221 5781 519 5852 00minicam
548 5803 734 5859 statim
762 5802 1207 5873 communicant,
1228 5806 1284 5858 et
1297 5804 1492 5876 postea
1517 5800 1784 5860 benedic-

1894 4585 1964 4638 ab
1990 4584 2268 4638 universis
2300 4584 2867 4654 comprovincialibus
2909 4581 3205 4653 episcopis,
3236 4585 3335 4636 aut
3368 4585 3518 4636 certe

1893 4695 1926 4731 a
1953 4677 2133 4731 tribus
2160 4677 2218 4730 in
2247 4677 2603 4732 sacerdotem
2632 4677 2722 4732 die
2749 4676 3040 4731 Dominica
3069 4674 3514 4743 consecrabitur,

1892 4770 2359 4826 convenientibus
2420 4771 2641 4824 caeteris
2689 4769 2788 4841 qui
2834 4769 3095 4824 absentes
3141 4773 3274 4823 sunt
3313 4768 3517 4823 litteris

1891 4863 2025 4932 suis,
2053 4868 2111 4918 et
2136 4863 2320 4933 magis
2347 4863 2680 4918 auctoritate
2711 4863 2796 4918 vel
2831 4863 3129 4934 praesentia
3158 4863 3280 4934 ejus
3307 4862 3405 4934 qui
3433 4867 3519 4916 est

1891 4957 2191 5028 metr0poli
2241 4956 2600 5011 constitutus.
2654 4957 2961 5028 EpiscOpus
3014 4961 3205 5012 autem
3247 4972 3513 5026 compro-

1890 5050 2139 5106 vincialis
2183 5050 2264 5106 ibi
2307 5051 2724 5106 consecrandus
2770 5056 2871 5119 est,
2903 5051 3002 5106 ubi
3049 5051 3515 5122 metropolitanus

1891 5144 2143 5215 elegerit.
2192 5144 2657 5215 Metropolitanus
2697 5150 2885 5201 autem
2919 5161 3036 5200 non
3066 5145 3170 5199 nisi
3201 5145 3261 5198 in
3289 5143 3512 5197 civitate

1889 5237 2192 5308 metropoli
2218 5240 2275 5290 et
2300 5237 2871 5308 comprovincialibus
2899 5239 3111 5295 ibidem
3134 5234 3513 5292 convenienti-

1888 5332 2012 5385 bus.
2042 5331 2096 5385 Si
2131 5330 2256 5401 quis
2284 5335 2476 5386 autem
2507 5332 2768 5404 deinceps
2808 5337 3006 5388 contra
3048 5330 3318 5402 praedicta
3345 5327 3513 5381 vetita

1888 5441 2172 5478 canonum
2197 5425 2265 5478 ad
2292 5425 2534 5494 gradum
2561 5426 2918 5481 sacerdotum
2961 5425 3227 5494 indignus
3256 5421 3510 5491 aspirare

1887 5517 2259 5586 contenderit,
2292 5535 2421 5572 cum
2447 5518 2868 5574 ordinatoribus
2895 5519 3010 5572 suis
3037 5516 3231 5587 adepti
3280 5515 3510 5569 honoris

1886 5610 2139 5683 periculo
2171 5610 2495 5681 subjacebit.

1956 5705 2085 5759 XIX.
2119 5706 2180 5758 In
2205 5705 2379 5759 veteri
2419 5705 2546 5776 lege
2591 5707 2661 5758 ab
2702 5722 2850 5759 anno
2875 5703 3148 5776 vigesimo
3176 5703 3392 5775 quinto,
3423 5702 3506 5757 le-

1887 5797 2014 5854 vitae
2035 5797 2094 5854 in
2111 5797 2476 5858 tabernaculo
2494 5798 2701 5857 servire
2721 5798 3083 5870 mandantur,
3101 5799 3260 5874 cujus
3273 5797 3509 5857 auctori-
