3964 6178
435 273 529 332 471
1325 276 1610 330 APPEND.
1649 275 1741 330 AD
1779 276 1943 330 StEC.
1984 276 2071 329 IX.
2103 303 2172 314 —
2201 274 2447 329 ISIDORI
2481 273 2904 330 MERCATORIS
3651 277 3733 336 472

434 386 611 438 tatem
641 375 701 437 in
732 383 1046 438 canonibus
1073 383 1130 436 et
1155 382 1335 438 sancti
1360 383 1555 437 Patres
1580 382 1757 438 secuti
1783 387 1933 438 sunt.
1961 384 2067 437 Nos
2087 395 2147 469 Α
2167 386 2384 437 sanctas
2412 385 2470 436 et
2489 398 2737 437 canones
2762 381 3135 450 meditentur,
3154 386 3215 437 ut
3235 398 3403 438 omne
3422 399 3550 454 opus
3568 401 3736 442 eorum

438 481 495 532 et
522 476 730 532 divinae
748 475 892 547 legis
915 481 972 531 et
987 476 1359 531 conciliorum
1385 476 1656 548 praecepti
1676 477 2063 547 immemores,

436 569 679 626 infantes
705 573 762 625 et
790 587 996 642 pueros
1037 570 1236 626 levitas
1287 569 1524 625 facimus
1565 575 1698 626 ante
1743 569 2065 641 legitimam

437 667 684 731 aetatem,
705 665 839 718 ante
862 664 1274 735 experientiam
1298 664 1445 719 vitae.
1463 664 1710 736 Ideoque
1737 680 1808 718 ne
1833 663 2068 719 ulterius

433 757 583 812 ﬁata
603 757 786 827 nobis,
811 760 868 812 et
892 758 1097 812 divinae
1128 758 1268 829 legis
1293 761 1352 812 et
1377 774 1665 813 canonum
1689 758 2069 813 admonemur

435 849 750 921 sententiis,
780 851 879 906 sed
901 850 1101 923 viginti
1122 851 1376 923 quinque
1395 867 1678 906 annorum
1701 856 1866 906 aetate
1887 851 2068 907 levita:

435 949 860 1012 consecrentur,
890 948 949 999 et
976 945 1217 1016 triginta
1255 945 1576 1017 presbyteri
1605 945 1960 1012 ordinentur,
1991 946 2068 1000 ita

433 1041 498 1092 ut
523 1039 838 1093 secundum
870 1042 1224 1110 praeceptum
1253 1039 1566 1110 probentur
1601 1039 1879 1110 primum,
1907 1043 1962 1093 et
1989 1039 2068 1093 sic

434 1131 764 1186 ministrent
787 1133 1007 1186 nullum
1033 1133 1251 1187 crimen
1276 1132 1569 1188 habentes.

504 1225 610 1280 XX.
645 1225 980 1297 Quicunque
1011 1226 1071 1280 in
1117 1226 1430 1282 sacerdotio
1475 1226 1574 1282 Dei
1614 1225 1779 1298 positi
1804 1228 1954 1293 sunt,
1987 1226 2066 1280 ir-

431 1319 912 1390 reprehensibiles
928 1335 1047 1374 esse
1063 1319 1292 1388 debent,
1306 1320 1480 1375 Paulo
1496 1323 1824 1375 attestante:
1848 1341 1876 1370 «
1895 1321 2072 1391 Opon

434 1415 516 1467 tet
536 1411 868 1484 episcopum
898 1412 1457 1484 irreprehensibilem
1478 1428 1601 1468 esse
1616 1413 1663 1483 (Ι
1682 1416 1818 1468 Tim.
1845 1430 1924 1480 III,
1945 1413 2017 1485 2).
2038 1433 2065 1465 »

437 1505 746 1560 lnoffensos
772 1522 910 1577 ergo
929 1510 986 1562 et
1004 1506 1402 1562 immaculatos
1428 1507 1589 1563 decet
1619 1506 1862 1562 existere
1889 1524 2070 1562 sacer-

435 1599 614 1666 dotes,
642 1615 748 1654 nec
777 1599 945 1654 ullius
986 1617 1081 1654 eos
1118 1599 1512 1655 fornicationis
1559 1600 1817 1672 contagio
1870 1600 2066 1672 pollui,

2165 476 2226 531 in
2257 475 2660 547 praedicatione
2691 475 2882 530 divina
2924 478 2983 530 et
3022 475 3276 530 doctrina
3312 476 3574 545 consistat,
3599 485 3738 551 atque

2167 569 2449 625 aediﬁcent
2474 572 2706 624 cunctos
2733 575 2850 625 tam
2875 569 3007 624 ﬁdei
3041 569 3294 637 scientia,
3323 586 3489 641 quam
3516 573 3740 642 Operibus

2167 663 2485 734 disciplina.

2235 758 2384 811 XXV.
2411 757 2646 820 Quando
2692 755 3009 828 presbyteri
3033 756 3092 810 in
3125 756 3403 828 parochiis
3429 757 3740 826 ordinantur,

2166 849 2421 904 libellum
2465 849 2767 905 officialem
2791 867 2824 904 a
2862 866 2963 904 suo
3003 851 3292 905 sacerdote
3327 850 3585 920 accipiant
3610 859 3662 905 ut
3687 852 3744 906 ad

2167 944 2428 998 ecclesias
2463 943 2569 998 sibi
2602 943 2898 1014 deputatas
2936 943 3196 998 instructi
3237 943 3542 1012 succedant,
3570 961 3634 998 ne
3663 962 3746 1016 per

2166 1037 2553 1108 ignorantiam
2574 1038 2742 1092 etiam
2763 1037 2822 1091 in
2842 1037 2976 1107 ipsis
3002 1036 3206 1091 divinis
3228 1037 3576 1091 sacramentis
3594 1037 3745 1092 offen-

2167 1131 2324 1198 dant,
2348 1134 2413 1186 ut
2441 1131 2671 1202 quando
2691 1131 2777 1185 vel
2810 1130 2883 1185 ad
2911 1130 3160 1200 litanias,
3183 1132 3268 1186 vel
3288 1130 3358 1184 ad
3385 1130 3660 1185 concilium
3678 1149 3749 1186 ve-

2166 1224 2378 1294 nerint,
2411 1224 2688 1280 rationem
2722 1223 2988 1296 episcopo
3015 1224 3275 1293 reddant,
3309 1223 3539 1296 qualiter
3561 1240 3749 1296 suscep-

2166 1327 2291 1374 tum
2319 1318 2571 1373 ofﬁcium
2595 1317 2882 1374 celebrent
2909 1318 2995 1373 vel
3024 1317 3329 1389 baptizent.

2238 1413 2408 1468 XXVI.
2439 1412 2674 1476 Quando
2715 1411 3034 1482 presbyteri
3078 1414 3178 1466 aut
3221 1411 3441 1466 diaconi
3482 1427 3576 1482 per
3614 1427 3750 1482 paro-

2169 1506 2323 1560 chias
2346 1505 2791 1575 constituuntur,
2823 1510 3048 1576 oportet
3077 1523 3174 1560 eos
3202 1505 3453 1576 primum
3485 1504 3751 1576 professio-

2166 1616 2300 1654 nem
2327 1599 2595 1670 episcopo
2640 1615 2740 1653 suo
2783 1599 2966 1654 facere
2993 1604 3053 1654 ut
3085 1603 3236 1654 caste
3265 1603 3320 1653 et
3345 1597 3436 1670 pie
3464 1598 3636 1652 vivant
3669 1599 3752 1652 sub

435 1692 531 1746 sed
565 1696 713 1747 caste
740 1693 1012 1765 viventes,
1045 1694 1291 1749 mundos
1334 1693 1668 1765 semetipsos
1716 1694 2068 1750 celebrandis
2169 1693 2264 1748 Dei
2289 1692 2516 1761 timore,
2545 1697 2606 1747 ut
2631 1693 2769 1747 dum
2799 1708 2892 1748 eos
2919 1692 3013 1746 tali
3047 1692 3402 1764 professione
3443 1691 3751 1763 obligaverit,

435 1786 740 1841 exhibeant
783 1787 1179 1843 sacramentis.
1223 1787 1622 1843 Abstineamus
1667 1773 1805 1859 ergo
1854 1804 1958 1842 nos
1994 1789 2064 1843 ab
2087 1769 2143 1840 Β
2167 1789 2422 1841 sanctam
2453 1786 2811 1857 disciplinam
2844 1786 3153 1842 retineant.

433 1879 590 1934 omni
619 1897 792 1951 opere
819 1881 969 1936 malo
1007 1884 1064 1936 et
1093 1881 1164 1936 ab
1201 1881 1359 1936 omni
1403 1881 1836 1953 inquinamento
1881 1882 2066 1936 carnis

431 1973 597 2028 liberi
625 1990 974 2042 maneamus,
1004 1978 1068 2028 ut
1099 1975 1302 2030 mundi
1329 1992 1587 2046 corpore,
1621 1975 1846 2046 purgati
1873 1979 2067 2031 mente

429 2067 712 2138 possimus
740 2068 811 2122 ad
852 2067 1188 2122 sacrificium
1235 2068 1440 2123 Christi
1487 2069 1648 2140 digni
1691 2069 1978 2137 accedere,
2009 2073 2068 2125 et

432 2161 610 2216 Deum
640 2178 745 2232 pro
772 2161 989 2216 delictis
1019 2161 1278 2216 omnium
1317 2162 1633 2233 deprecari.

501 2255 627 2308 XXI.
675 2254 940 2318 Quamvis
989 2254 1396 2309 conscientiam
1439 2271 1641 2326 puram
1684 2255 1836 2326 apud
1883 2258 2064 2311 Deum

431 2363 538 2401 nos
562 2346 775 2402 habere
804 2350 1080 2418 oporteat,
1104 2349 1298 2402 tamen
1319 2352 1376 2404 et
1399 2348 1554 2419 apud
1573 2348 1835 2404 homines
1852 2349 2065 2404 famam

432 2439 706 2511 optimam
752 2439 1037 2495 custodire
1081 2441 1362 2512 convenit,
1399 2445 1466 2496 ut
1504 2442 1671 2513 juxta
1713 2449 2065 2514 praeceptum

430 2533 800 2605 apostolicum
824 2551 939 2589 non
970 2538 1196 2590 tantum
1227 2553 1419 2591 coram
1456 2537 1590 2606 Deo,
1619 2535 1718 2591 sed
1752 2536 1930 2591 etiam
1967 2554 2061 2591 co-

430 2645 553 2682 ram
580 2627 909 2683 hominibus
927 2628 1058 2684 vita:
1086 2633 1289 2684 sanctae
1316 2630 1708 2685 testimonium
1728 2630 2059 2686 habeamus.

430 2721 673 2785 Quidam
700 2722 854 2776 enim
879 2721 992 2776 huc
1021 2739 1201 2794 usque
1227 2724 1591 2778 sacerdotum
1617 2740 1730 2778 non
1772 2725 2064 2778 modicum

433 2815 763 2869 scandalum
813 2821 1168 2886 creaverunt,
1197 2816 1335 2870 dum
1375 2817 1434 2871 in
1485 2817 1906 2872 conversatione
1934 2818 2063 2872 vitae

431 2924 547 2962 non
570 2907 739 2961 bona:
766 2908 937 2962 famae
980 2909 1248 2963 existunt.
1277 2911 1347 2964 Ut
1375 2925 1512 2980 ergo
1540 2910 1872 2964 excludatur
1899 2910 2060 2965 dein-

431 3017 564 3072 ceps
588 2999 776 3055 omnis
799 3001 1049 3056 nefanda
1077 3001 1415 3072 suspicionis
1445 3002 1682 3071 occasio,
1712 3008 1768 3057 et
1791 3020 1864 3057 ne
1897 3003 2064 3058 detur

430 3094 579 3148 ultra
609 3094 974 3150 saecularibus
1003 3095 1156 3150 locus
1180 3095 1555 3164 obtrectandi,
1587 3099 1810 3167 oportet
1839 3096 2059 3168 episco-

429 3205 534 3259 pos
553 3187 944 3243 testimonium
964 3187 1343 3260 probabilium
1371 3205 1747 3260 personarum
1767 3207 2064 3245 conversa-

430 3281 601 3336 tionis
628 3284 686 3336 et
703 3281 832 3337 vitae
854 3282 915 3336 in
941 3282 1194 3337 conclavi
1218 3300 1318 3337 suo
1339 3283 1572 3352 habere,
1597 3288 1660 3338 ut
1677 3285 1792 3339 Deo
1805 3285 2064 3356 placeant

429 3391 535 3446 per
563 3374 1045 3432 conversationem
1071 3375 1302 3448 bonam,
1325 3379 1383 3432 et
1402 3377 1651 3432 ecclesiae
1678 3394 1782 3449 per
1803 3378 2061 3433 omnium

429 3468 664 3525 famam.

498 3563 650 3618 XXII.
683 3563 808 3618 Non
835 3563 1001 3619 aliter
1031 3563 1264 3634 placuit,
1288 3567 1354 3619 ut
1378 3565 1870 3636 quemadmodum
1889 3565 2063 3620 antis-

428 3655 576 3723 tites,
593 3655 672 3710 ita
690 3655 1006 3728 presbyteri
1025 3661 1195 3729 atque
1215 3657 1397 3713 levitas
1423 3675 1562 3730 quos
1589 3659 1734 3714 forte
1761 3659 2062 3714 inﬁrmitas

425 3753 596 3820 atque
623 3750 806 3804 aetatis
833 3750 1082 3821 gravitas
1111 3750 1171 3806 in
1201 3753 1452 3807 conclavi
1471 3769 1573 3808 suo
1599 3769 1833 3808 manere
1852 3771 1969 3808 non
1995 3754 2063 3808 si-

429 3842 535 3910 nit,
562 3848 624 3898 ut
647 3842 821 3898 iidem
847 3844 908 3898 in
936 3844 1151 3900 cellulis
1189 3845 1303 3900 suis
1331 3849 1502 3903 testes
1525 3846 1652 3902 vitae
1681 3847 1954 3916 habeant,
1977 3848 2060 3902 vi-

425 3939 663 4009 tamque
691 3955 853 3992 suam
880 3937 1023 3993 sicut
1045 3938 1302 4010 nomine,
1336 3939 1417 3995 ita
1449 3940 1669 3997 meritis
1693 3945 1950 3996 teneant.

497 4031 674 4085 XXIII.
705 4033 894 4087 Prona
926 4035 1011 4087 est
1047 4033 1235 4087 omnis
1277 4036 1411 4088 aetas
1455 4033 1526 4088 ab
1572 4033 1954 4089 adolescentia
1999 4034 2060 4089 in

428 4124 662 4191 malum,
672 4123 815 4178 nihil
831 4124 983 4180 enim
998 4125 1270 4180 incertius
1284 4142 1456 4197 quam
1467 4126 1582 4180 vita
1592 4127 2058 4196 adolescentium;

429 4215 502 4269 ob
548 4216 654 4269 hoc
699 4216 1160 4271 constituendum
1204 4218 1479 4289 oportuit,
1508 4223 1574 4274 ut
1599 4219 1646 4273 si
1680 4219 1778 4290 qui
1817 4219 1876 4274 in
1913 4220 2062 4275 clero

431 4308 592 4379 pueri
620 4311 718 4363 aut
749 4308 1138 4364 adolescentes
1164 4311 1431 4378 existunt,
1459 4328 1657 4367 omnes
1691 4313 1750 4366 in
1779 4329 1893 4368 uno
1923 4330 2058 4368 con-

427 4401 566 4456 clavi
614 4402 744 4456 atrii
791 4407 1236 4473 commorentur,
1281 4407 1348 4459 ut
1388 4405 1618 4460 lubrica:
1661 4406 1841 4461 aetatis
1883 4423 2062 4463 annos

2082 3139 2136 3213 C

2237 1881 2430 1935 XXVII.
2471 1880 2803 1952 Episcopus,
2850 1879 3171 1952 presbyter,
3219 1885 3320 1935 aut
3365 1880 3620 1935 diaconus
3653 1881 3691 1934 si
3729 1897 3754 1933 a

2166 1973 2348 2044 gradu
2375 1989 2475 2028 suo
2503 1973 2714 2043 injuste
2755 1973 3003 2044 dejectus
3032 1972 3091 2028 in
3130 1978 3325 2028 sancta
3369 1973 3575 2044 synodo
3615 1974 3754 2028 inno-

2165 2083 2298 2122 cens
2329 2066 2663 2139 reperiatur,
2695 2083 2814 2122 non
2860 2069 3047 2138 potest
3092 2083 3212 2122 esse
3257 2066 3408 2138 quod
3452 2067 3642 2133 fuerat,
3669 2066 3755 2120 nisi

2165 2159 2374 2230 gradus
2427 2159 2661 2214 amissos
2714 2159 2950 2231 recipiat
3019 2176 3212 2215 coram
3261 2159 3462 2215 altario
3503 2160 3567 2214 de
3613 2175 3756 2213 manu

2164 2253 2580 2324 episcoporum,
2612 2254 2657 2308 si
2684 2253 2980 2325 episcopus
3007 2257 3112 2320 est,
3142 2253 3415 2320 orarium,
3438 2254 3687 2308 annulum
3712 2256 3758 2306 et

2162 2346 2449 2416 baculum,
2480 2345 2525 2400 si
2552 2346 2865 2418 presbyter,
2899 2346 3148 2400 orarium
3181 2351 3240 2401 et
3277 2350 3561 2417 patenam,
3591 2346 3633 2400 si
3658 2345 3756 2400 dia-

2163 2456 2358 2507 conus,
2387 2439 2644 2494 orarium
2688 2445 2745 2496 et
2789 2440 2996 2506 albam,
3033 2440 3080 2493 si
3129 2439 3505 2494 subdiaconus
3533 2443 3755 2511 patenam

2165 2538 2222 2587 et
2262 2533 2515 2601 calicem,
2566 2533 2644 2588 sic
2687 2539 2744 2588 et
2789 2532 2996 2605 reliqui
3043 2532 3258 2604 gradus
3309 2550 3437 2588 cum
3485 2532 3756 2603 reparatio-

2163 2643 2295 2680 nem
2319 2626 2404 2681 sui
2435 2627 2714 2698 recipiant
2740 2643 2915 2698 quem
2939 2643 3068 2681 cum
3096 2626 3496 2682 ordinarentur
3522 2641 3755 2699 percepe-

2163 2726 2309 2776 rant.

2234 2816 2452 2870 XXVIII.
2481 2814 2535 2870 Si
2563 2814 2859 2886 episcopus
2883 2819 2981 2869 aut
3003 2814 3322 2886 presbyter,
3352 2814 3466 2870 sive
3497 2815 3755 2879 diaconus,

2160 2909 2249 2963 vel
2275 2908 2516 2979 quilibet
2539 2924 2605 2962 ex
2632 2908 2830 2963 ordine
2857 2907 3192 2963 clericorum
3221 2925 3423 2981 magos
3447 2913 3541 2964 aut
3567 2905 3757 2977 aruspi-

2163 3019 2274 3071 ces,
2312 3008 2410 3059 aut
2449 3003 2674 3071 ariolos,
2707 3008 2808 3058 aut
2847 3009 3000 3059 certe
3043 3020 3317 3075 augures,
3349 3005 3438 3060 vel
3478 3005 3755 3074 sortilegos,

2163 3098 2250 3150 vel
2277 3115 2371 3153 eos
2399 3097 2497 3169 qui
2520 3099 2863 3168 proﬁtentur
2885 3102 3070 3152 artem
3105 3098 3378 3168 aliquam,
3402 3101 3501 3152 aut
3529 3097 3756 3167 aliquem

2162 3207 2362 3246 eorum
2385 3191 2594 3245 similia
2624 3193 2985 3245 exercentem
3011 3191 3364 3246 consuluisse
3392 3191 3561 3246 fuerit
3595 3189 3759 3259 depre-

2163 3285 2392 3351 hensus,
2413 3284 2484 3339 ab
2506 3284 2723 3339 honore
2743 3283 3038 3355 dignitatis
3064 3301 3182 3339 suae
3209 3284 3497 3356 depositus
3515 3284 3761 3338 monaste-

2160 3377 2230 3432 rii
2256 3395 2454 3433 curam
2479 3378 2739 3448 excipiat,
2772 3377 2966 3448 ibique
2994 3382 3292 3449 perpetuae
3317 3376 3653 3450 paenitentiae
3677 3375 3758 3430 de~

2162 3471 2312 3526 ditus
2335 3472 2516 3526 scelus
2545 3471 2860 3526 admissum
2889 3470 3173 3543 sacrilegii
3211 3473 3414 3527 solvat.

2230 3567 2402 3621 XXIX.
2433 3564 2782 3622 Conﬁnitimi
2820 3565 3071 3620 hostium
3110 3566 3426 3621 sacerdotes
3470 3570 3659 3637 praeter
3680 3578 3758 3617 eos

2160 3659 2315 3730 quia
2341 3658 2516 3729 regias
2544 3658 2840 3728 potestatis
2876 3658 3105 3713 sublimi
3145 3659 3484 3714 auctoritate
3509 3656 3758 3712 licentiam

2160 3754 2520 3823 acceperunt,
2534 3769 2567 3806 a
2581 3751 2834 3822 quolibet
2848 3752 3180 3807 mandatum
3196 3757 3440 3824 agentes
3464 3759 3757 3807 extraneum

2162 3845 2394 3900 occultae
2420 3845 2672 3915 accipere
2698 3845 2784 3899 vel
2825 3844 3070 3915 dirigere
3117 3862 3232 3899 non
3283 3840 3756 3917 praesumant;qui

2162 3943 2354 3994 autem
2381 3937 2854 4010 deprehenditur,
2883 3942 2984 3992 aut
3027 3939 3386 3994 convincitur
3424 3937 3757 3995 donuntiatus

2162 4032 2399 4104 principi
2428 4032 2582 4103 apud
2607 4031 2914 4087 concilium
2975 4031 3260 4104 condigna
3305 4029 3757 4088 animadversione

2163 4126 2520 4181 multabitur.

2232 4220 2378 4275 XXX.
2429 4219 2591 4291 Smpe
2632 4219 2918 4291 principes
2961 4224 3158 4275 contra
3199 4221 3486 4292 quoslibet
3530 4219 3754 4289 majesta-

2161 4314 2231 4368 tis
2265 4313 2544 4369 obnoxios
2571 4313 2961 4369 sacerdotibus
2996 4315 3226 4386 negotia
3265 4332 3372 4371 sua
3408 4314 3756 4373 committunt,

2161 4411 2218 4462 et
2246 4408 2381 4479 quia
2407 4407 2722 4462 sacerdotes
2747 4423 2782 4461 a
2811 4407 3035 4462 Christo
3071 4408 3143 4463 ad
3184 4408 3566 4464 ministerium
3594 4402 3758 4460 salutis

429 4512 546 4551 non
572 4496 630 4551 in
650 4496 892 4565 luxuria,
915 4497 1014 4552 sed
1033 4496 1094 4552 in
1115 4497 1430 4570 disciplinis
1459 4499 1849 4555 ecclesiasticis
1866 4505 2055 4573 agant,
2078 4508 2137 4580 D
2161 4501 2325 4556 electi
2353 4505 2504 4570 sunt,
2528 4500 2604 4555 ibi
2634 4501 2996 4556 consentiunt
3028 4502 3258 4573 regibus
3283 4503 3410 4558 ﬁeri
3432 4501 3658 4574 judices,
3680 4494 3757 4550 ubi

429 4590 701 4661 deputato
729 4591 1127 4663 probatissimo
1159 4593 1403 4663 seniore,
1429 4609 1603 4665 quem
1631 4598 1688 4648 et
1718 4595 2058 4666 magistrum
2151 4594 2522 4665 jurejurando
2535 4594 2798 4666 supplicii
2814 4594 3168 4666 indulgentia
3183 4596 3552 4666 promittitur,
3569 4609 3668 4647 non
3681 4586 3756 4643 ubi

427 4682 740 4754 disciplinae
785 4690 840 4740 et
885 4690 1087 4741 testem
1127 4686 1258 4741 vitae
1304 4687 1571 4743 habeant.
1616 4688 1778 4752 Quod
1810 4689 1856 4742 si
1887 4690 2062 4762 aliqui
2161 4686 2499 4742 discriminis
2538 4687 2823 4743 sententia
2865 4691 3237 4759 praeparatur.
3272 4689 3332 4744 Si
3378 4689 3502 4761 quis
3530 4703 3656 4758 ergo
3681 4699 3755 4737 sa-

429 4792 499 4829 ex
525 4776 612 4830 his
637 4777 835 4848 pupilli
868 4778 1139 4847 existunt,
1172 4779 1506 4836 sacerdotali
1530 4782 1706 4837 tutela
1740 4782 2058 4851 foveantur,
2159 4780 2455 4835 cerdotum
2491 4783 2691 4835 contra
2719 4781 2829 4836 hoc
2871 4782 3276 4836 communione
3321 4783 3631 4838 consultum
3668 4776 3757 4831 dis-

426 4873 489 4924 ut
519 4872 576 4923 et
606 4869 716 4924 vita
747 4887 947 4926 eorum
978 4889 1011 4927 a
1039 4872 1369 4928 criminibus
1410 4875 1618 4929 intacta
1646 4875 1737 4942 sit,
1770 4879 1827 4930 et
1867 4893 1960 4930 res
1990 4877 2061 4932 ab
2159 4890 2349 4928 cussor
2382 4874 2443 4928 in
2475 4875 2676 4929 alienis
2706 4874 2974 4946 periculis
3019 4875 3317 4946 exstiterit,
3350 4877 3415 4931 ﬁt
3456 4892 3582 4932 reus
3622 4866 3756 4928 effusi

423 4961 634 5033 injuria
660 4963 1050 5035 reproborum.
1071 4965 1175 5030 Qui
1192 4973 1383 5022 autem
1399 4968 1487 5022 his
1507 4969 1806 5040 praeceptis
1826 4971 2064 5025 resulta-
2157 4968 2450 5039 sanguinis
2475 4969 2630 5040 apud
2653 4968 2964 5046 Christum,
2997 4971 3056 5023 et
3082 4969 3233 5040 apud
3267 4970 3558 5025 ecclesiam
3586 4962 3758 5038 perdi!t

423 5055 629 5124 verint,
661 5057 1024 5113 monasteriis
1050 5059 1418 5131 deputentur,
1436 5066 1495 5116 ut
1515 5066 1792 5134 vagantes
1811 5063 1988 5118 animi
2005 5067 2064 5118 et
2161 5061 2456 5133 proprium
2483 5063 2742 5133 gradum.

424 5149 655 5221 superbi
688 5150 954 5205 severiori
975 5153 1177 5224 regula
1200 5154 1636 5225 distringantur.
2230 5155 2398 5209 XXXI.
2435 5155 2695 5226 Episcopi
2720 5155 2780 5209 in
2817 5157 3190 5226 protegendis
3233 5157 3462 5229 papulis
3496 5172 3558 5210 ac
3597 5150 3758 5207 defen-

2161 5247 2362 5304 dendis
2390 5248 2712 5320 impositam
2745 5265 2779 5303 a
2809 5250 2920 5304 Deo
2947 5249 3055 5304 sibi
3094 5267 3291 5305 curam
3327 5268 3444 5306 non
3476 5247 3755 5317 ambigam,

2160 5342 2403 5413 ideoque
2447 5343 2585 5396 dum
2627 5342 2985 5414 conspiciunt
3015 5343 3236 5414 judices
3262 5361 3326 5399 ac
3357 5349 3603 5415 potentes
3635 5353 3754 5409 pau-

2157 5452 2357 5506 perum
2387 5451 2746 5507 oppressores
2775 5436 3038 5502 existere,
3067 5441 3125 5490 et
3151 5437 3308 5508 prius
3335 5454 3429 5492 eos
3455 5426 3756 5491 sacerdotali

2161 5529 2546 5584 admonitione
2572 5529 2936 5600 redarguant,
2955 5533 3012 5584 et
3041 5529 3086 5583 si
3117 5529 3565 5602 contempserint
3582 5537 3754 5581 emen-

2160 5622 2300 5691 dari,
2335 5639 2536 5677 eorum
2563 5621 2929 5678 insolentiam
2956 5623 3105 5694 regis
3151 5624 3382 5679 auribus
3414 5623 3682 5684 intiment,
3707 5617 3756 5666 ut

2157 5733 2299 5788 quos
2327 5715 2693 5770 sacerdotalis
2717 5716 3032 5771 admonitio
3059 5733 3174 5772 non
3207 5717 3384 5773 ﬂectit
3413 5716 3482 5770 ad
3502 5709 3752 5784 justitiam

2158 5809 2366 5882 regalis
2410 5813 2659 5882 potestas
2707 5810 2777 5872 ab
2827 5809 3192 5884 improbitate
3244 5813 3514 5869 coerceat.
3559 5805 3609 5862 Si
3649 5800 3753 5874 quis

492 5243 664 5298 XXIV.
731 5244 1062 5316 Ignorantia
1123 5251 1306 5302 mater
1368 5252 1707 5304 cunctorum
1775 5266 2058 5317 errorum,

423 5336 670 5392 maxime
697 5336 758 5392 in
787 5323 1167 5394 sacerdotibus
1199 5339 1294 5394 Dei
1324 5341 1554 5397 vitanda
1582 5348 1685 5412 est,
1703 5343 1801 5415 qui
1820 5342 2060 5398 docendi

428 5430 685 5486 ofﬁcium
706 5431 765 5486 in
795 5432 1022 5503 populis
1053 5438 1447 5505 susceperunt,
1475 5436 1790 5491 sacerdotes
1813 5435 1966 5491 enim
1989 5437 2063 5491 le-

419 5540 565 5595 gere
591 5530 811 5580 sanctas
840 5525 1158 5597 Scripturas
1187 5525 1518 5599 frequenter
1547 5530 1822 5584 admonet
1856 5530 2061 5584 Paulus

422 5618 704 5688 apostolus
738 5619 930 5675 dicens
955 5621 1025 5675 ad
1059 5621 1420 5677 Timotheum
1455 5639 1468 5678 :
1504 5643 1533 5672 ‹‹
1567 5623 1797 5678 Intende
1837 5623 2060 5678 lectioni

423 5714 479 5764 et
525 5710 904 5768 exhortationi
937 5713 984 5783 (Ι
1025 5717 1162 5770 Tim.
1198 5731 1272 5783 1v,
1305 5715 1468 5786 13).»
1519 5717 1786 5771 Doctores
1838 5732 2062 5788 semper

425 5817 658 5858 manere
689 5803 747 5859 in
773 5805 862 5862 his
889 5823 948 5864 se
970 5807 1168 5864 sciant.
1194 5809 1376 5883 Igitur
1400 5809 1718 5868 sacerdotes
1744 5810 2060 5892 $cripturas
