3964 6178
353 294 417 346 73
1565 281 2038 342 DECRETALIUM
2077 282 2463 340 COLLECTIO.

3583 279 3689 339 474

324 402 517 453 autem
567 397 966 470 episcoporum
1037 397 1092 451 id
1155 395 1515 467 neglexerit,
1567 394 1804 450 concilio
1852 393 1962 448 erit
1982 390 2471 478 Asustinentibus
2512 407 2616 463 pro
2659 393 2777 447 solo
2823 389 3114 464 religionis
3163 390 3371 446 intuitu
3415 389 3473 444 in
3524 408 3693 446 usum

332 509 476 545 reus.

391 586 585 639 XXXII.
631 585 883 639 Avaritia
925 582 1084 638 radix
1134 586 1219 637 est
1267 585 1606 636 cunctorum
1648 582 1954 647 malorum,

325 679 484 748 cujus
514 678 638 732 sitis
665 679 840 732 etiam
881 678 1240 732 sacerdotum
1279 679 1506 730 mentes
1539 675 1774 730 obtinet.
1802 673 1958 728 Multi

321 771 575 827 fidelium
602 772 660 826 in
693 788 884 826 amore
909 770 1114 825 Christi
1147 775 1205 824 et
1234 773 1557 840 martyrum
1584 770 1643 822 in
1675 767 1958 840 parochiis

319 866 713 937 episcOporum
734 864 995 918 basilicas
1015 869 1376 931 construunt,
1399 863 1716 916 oblationes
1738 865 1959 915 sanctas

318 959 601 1026 tribuunt,
645 958 963 1012 sacerdotes
1005 958 1128 1011 haec
1177 957 1464 1023 auferunt,
1505 961 1675 1027 atque
1723 956 1782 1009 in
1827 971 1960 1008 usus

317 1069 449 1106 suos
497 1056 859 1117 convertunt,
893 1051 1024 1105 inde
1069 1055 1154 1104 est
1193 1051 1343 1121 quod
1376 1050 1623 1104 cultores
1667 1064 1958 1102 sacrorum

320 1145 615 1212 deficiunt,
635 1145 773 1199 dum
794 1144 1082 1215 stipendia
1099 1161 1199 1198 sua
1216 1145 1482 1214 perdunt,
1497 1143 1627 1197 inde
1643 1142 1957 1196 labentium

317 1239 682 1293 basilicarum
712 1238 897 1292 ruinae
925 1254 1043 1292 non
1074 1240 1434 1308 reparantur,
1455 1235 1588 1307 quia
1607 1235 1844 1289 avaritia
1867 1252 1954 1288 sa-

318 1328 593 1382 cerdotali
643 1327 850 1381 omnia
883 1327 1244 1380 auferuntur.
1295 1327 1399 1379 Pro
1467 1341 1582 1394 qua
1630 1341 1692 1377 re
1748 1324 1954 1377 consti-

316 1426 506 1476 tutum
558 1425 646 1475 est.
680 1437 714 1474 a
757 1420 1023 1491 praesenti
1078 1418 1318 1473 concilio
1361 1417 1654 1489 episcopos
1696 1417 1773 1471 ita
1814 1417 1954 1471 diaz-

317 1531 469 1569 ceses
515 1531 646 1568 suas
684 1530 903 1584 regere,
932 1516 994 1566 ut
1037 1512 1179 1566 nihil
1226 1528 1297 1566 ex
1342 1527 1540 1566 earum
1576 1511 1708 1581 jure
1739 1527 1953 1582 praesu-

314 1614 481 1662 mant
505 1608 754 1674 auferre,
784 1607 884 1661 sed
904 1607 1072 1677 juxta
1112 1606 1366 1677 priorum
1395 1604 1789 1660 auctoritatem
1817 1620 1954 1658 con-

313 1702 608 1768 ciliorum,
638 1705 757 1755 tam
787 1701 856 1754 de
885 1699 1260 1754 oblationibus
1306 1715 1478 1770 quam
1519 1698 1591 1751 de
1619 1697 1862 1763 tributis,
1892 1714 1955 1750 ac.

2061 502 2150 540 res
2194 485 2582 539 ccclesiasticze
2631 485 2970 555 largiuntur,
3001 489 3218 558 quanto
3261 483 3446 556 magis
3489 501 3692 540 consu-

2061 579 2294 634 lendum
2321 583 2425 647 est,
2461 578 2664 648 quibus
2694 579 2990 633 retributio
3011 580 3167 649 justa
3195 577 3456 633 debetur.

2131 673 2394 727 XXXVIII.
2427 671 2697 727 Nonnulli
2740 672 3010 726 diacones
3037 673 3096 726 in
3124 676 3339 726 tantam
3385 677 3697 744 erumpunt

2059 766 2402 837 superbiam,
2448 771 2509 820 ut
2553 781 2672 820 sese
2723 766 3066 837 presbyteris
3111 768 3485 836 anteponant,
3523 772 3695 837 atque

2059 859 2117 914 in
2148 860 2332 930 primo
2363 859 2470 930 ipsi
2497 859 2717 929 priores
2749 863 2900 913 stare
2950 865 3320 930 przesumant,
3348 859 3695 932 presbyteris

2058 953 2117 1007 in
2148 953 2398 1007 secundo
2443 952 2620 1007 choro
2664 952 3005 1007 constitutis.
3038 954 3184 1022 Ergo
3230 955 3297 1006 ut
3338 952 3696 1008 sublimiores

2058 1046 2162 1100 sibi
2213 1045 2567 1118 presbyteros
2615 1050 2960 1117 agnoscant,
3011 1051 3131 1100 tam
3184 1046 3242 1100 hi
3291 1063 3461 1118 quam
3510 1046 3589 1102 illi
3637 1048 3696 1102 in

2057 1143 2304 1210 utroque
2333 1141 2504 1195 choro
2536 1141 2868 1194 consistant.

2127 1234 2340 1288 XXXIX.
2373 1232 2426 1288 Si
2459 1233 2644 1288 oraria
2677 1233 2789 1286 duo
2834 1249 2937 1287 nec
2969 1232 3238 1304 episc0po
3287 1232 3523 1287 induere
3571 1232 3695 1304 qui-

2060 1326 2190 1380 dem
2217 1325 2348 1381 licet
2374 1343 2478 1381 nec
2498 1327 2854 1398 presbytero,
2877 1327 3076 1398 utique
3106 1327 3285 1381 multo
3309 1326 3498 1380 minus
3515 1326 3701 1382 diaco-

2057 1436 2131 1474 no
2153 1419 2251 1491 qui
2273 1419 2530 1475 minister
2551 1437 2748 1474 eorum
2773 1423 2876 1489 est,
2893 1437 3073 1474 unum
3099 1436 3238 1491 ergo
3261 1419 3511 1474 orarium
3535 1436 3702 1492 opor-

2057 1518 2136 1567 tet
2161 1514 2384 1568 levitam
2412 1520 2632 1584 gestare
2661 1513 2718 1567 in
2747 1513 2976 1568 sinistro
3002 1514 3264 1580 humero,
3286 1517 3522 1586 propter
3545 1514 3699 1585 quod

2059 1605 2108 1677 1
2127 1605 2174 1678 1
2192 1605 2249 1678 5
2271 1611 2416 1672 orat,
2431 1608 2486 1661 id
2507 1611 2590 1662 est
2616 1607 2901 1678 praedicat.
2918 1609 3217 1663 Dexteram
3248 1611 3441 1663 autem
3469 1611 3699 1679 oportet

2058 1700 2269 1754 habere
2301 1701 2566 1768 liberam,
2589 1703 2653 1754 ut
2675 1701 2991 1771 expeditius
3017 1701 3088 1755 ad
3113 1701 3494 1756 ministerium
3521 1718 3701 1757 sacer-

313 1795 581 1865 frugibus
628 1794 860 1850 tertiam
903 1797 1324 1864 consequantur
1349 1834 1363 1861 ,
1413 1791 1564 1862 quod
1620 1791 1665 1845 si
1711 1791 1958 1861 amplius
1978 1777 2034 1848 B
2059 1793 2242 1848 dotale
2269 1793 2566 1848 discurrat.
2583 1797 2828 1849 Caveant
2853 1810 2990 1864 ergo
3019 1794 3228 1849 amodo
3257 1793 3442 1849 levitas
3469 1796 3700 1866 gemino

317 1889 620 1960 quidpiam
649 1888 720 1942 ab
751 1888 833 1942 eis
861 1891 1277 1958 pmsumptum
1306 1885 1600 1952 exstiterit,
1630 1901 1732 1955 per
1765 1884 1942 1938 conci-

319 1983 458 2036 lium
491 1985 871 2047 restauretur,
897 1980 1315 2052 appellantibus
1334 1982 1527 2033 autem
1557 1978 1691 2049 ipsis
1711 1977 1960 2032 condito-

320 2076 492 2145 ribus,
511 2077 617 2130 aut
635 2078 788 2129 certe
806 2073 1144 2146 propinquis
1165 2090 1384 2140 eorum,
1399 2072 1445 2126 si
1458 2073 1585 2143 jam
1605 2071 1688 2126 illi
1707 2089 1739 2125 a
1754 2072 1958 2126 saeculo

325 2170 704 2224 decesserunt.
739 2168 1012 2222 Noverint
1052 2184 1190 2238 ergo
1237 2165 1560 2221 conditores
1598 2165 1958 2219 basilicarum

328 2262 382 2316 in
412 2262 581 2317 rebus
611 2278 753 2332 quas
774 2261 986 2316 eisdem
1019 2259 1268 2315 ecclesiis
1293 2259 1596 2315 conferunt
1623 2259 1839 2313 nullam
1861 2275 1960 2329 po-

325 2360 584 2410 testatem
612 2354 851 2422 habere,
881 2354 978 2408 sed
1017 2353 1186 2424 juxta
1207 2368 1494 2408 canonum
1520 2351 1778 2406 instituta
1817 2351 1961 2405 sicut

330 2449 578 2518 ecclesia,
610 2448 688 2502 ita
729 2452 786 2502 et
829 2448 930 2502 dos
979 2447 1100 2518 ejus
1127 2447 1200 2501 ad
1245 2445 1661 2502 ordinationem
1711 2444 1960 2517 episcopi

331 2542 634 2612 pertineat.

400 2636 610 2690 XXXIII.
663 2634 998 2706 Quicunque
1063 2633 1362 2704 episcopus
1421 2632 1657 2687 alterius
1706 2631 1958 2703 episcopi

338 2727 615 2783 dioecesim
643 2745 748 2800 per
777 2727 1010 2799 triginta
1041 2745 1219 2782 annos
1248 2728 1368 2781 sine
1413 2726 1606 2797 aliqua
1637 2726 1962 2796 interpella-

337 2823 484 2877 tione
512 2821 830 2893 possiderit,
853 2822 989 2894 quia
1010 2821 1323 2876 secundum
1347 2819 1444 2890 jus
1471 2819 1615 2890 legis
1653 2820 1776 2891 ejus
1805 2818 1958 2874 vide-

337 2922 426 2970 tur
456 2933 574 2970 esse
613 2916 884 2985 dioecesis,
914 2914 1272 2969 admittenda
1315 2931 1432 2968 non
1464 2917 1550 2968 est
1593 2919 1786 2968 contra
1827 2929 1961 2967 eum

340 3010 476 3064 actio
519 3009 874 3081 reposcendi,
915 3009 1011 3063 sed
1061 3009 1166 3062 hoc
1218 3009 1369 3062 intra
1412 3024 1584 3062 unam
1633 3007 1962 3078 parochiam

2058 1887 2140 1940 uti
2189 1887 2392 1955 orario,
2427 1888 2519 1941 sed
2557 1904 2736 1941 unum
2781 1893 3008 1942 tantum
3056 1892 3112 1942 et
3155 1903 3389 1958 purum,
3424 1904 3530 1942 nec
3573 1888 3700 1944 ullis

2057 1981 2340 2035 coloribus
2361 1984 2461 2035 aut
2483 1997 2516 2035 a
2542 1985 2666 2051 tyro
2697 1984 2963 2035 ornatum
2997 1980 3207 2035 ferant.

2129 2076 2237 2130 XL.
2288 2075 2498 2129 Omnes
2549 2074 2738 2128 clerici
2792 2075 2878 2129 vel
2932 2074 3173 2129 lectores
3223 2074 3370 2129 sicut
3415 2074 3595 2130 levita:
3643 2077 3702 2130 et

2059 2167 2381 2222 sacerdotes
2442 2167 2675 2222 detonso
2732 2168 2992 2239 superius
3041 2168 3231 2240 capite
3280 2171 3400 2223 toto
3461 2168 3699 2223 inferius

2058 2261 2234 2315 solam
2277 2259 2474 2314 circuli
2511 2277 2779 2315 coronam
2827 2260 3175 2332 relinquant,
3225 2278 3344 2316 non
3392 2261 3537 2316 sicut
3587 2261 3700 2317 huc

2060 2371 2238 2426 usque
2266 2355 2326 2408 in
2347 2355 2620 2409 Callaeciae
2646 2353 2906 2425 partibus
2933 2355 3120 2410 facere
3149 2355 3387 2410 lectores
3407 2355 3696 2424 videntur,

2059 2449 2156 2520 qui
2201 2448 2449 2519 prolixis,
2501 2453 2564 2503 ut
2605 2448 2754 2513 laici,
2804 2448 2982 2502 comis
3024 2449 3084 2502 in
3135 2448 3254 2502 solo
3297 2449 3494 2520 capitis
3541 2449 3700 2520 apice

2058 2541 2352 2597 modicum
2423 2541 2698 2596 circulum
2763 2542 3038 2608 tondent,
3090 2541 3234 2595 ritus
3279 2542 3434 2596 enim
3482 2542 3586 2596 iste
3638 2543 3699 2597 in

2059 2635 2344 2708 Hispaniis
2389 2636 2678 2707 hucusque
2706 2635 3106 2689 haereticorum
3139 2635 3265 2702 fuit,
3291 2635 3444 2689 unde
3475 2641 3700 2706 oportet

2058 2735 2123 2785 ut
2152 2746 2258 2801 pro
2289 2729 2641 2801 amputando
2667 2729 2738 2782 ab
2767 2729 3017 2783 ecclesiis
3037 2728 3306 2783 seandalo
3331 2729 3440 2784 hoc
3469 2729 3699 2800 signum

2060 2823 2350 2878 dedecoris
2397 2823 2708 2891 auferatur,
2739 2825 2795 2876 et
2824 2821 2896 2875 sit
2928 2839 3039 2876 una
3069 2825 3301 2876 tonsura
3340 2824 3425 2876 vel
3470 2823 3699 2878 habitus

2061 2916 2208 2970 sicut
2236 2915 2407 2971 totius
2438 2915 2718 2987 Hispaniae
2746 2918 2832 2968 est
2854 2931 3010 2969 usus.
3045 2915 3154 2979 Qui
3201 2919 3394 2970 autem
3427 2915 3535 2970 hoc
3579 2932 3697 2971 non

2064 3009 2419 3076 custodierit,
2448 3009 2581 3063 dei
2607 3007 2898 3063 catholicae
2927 3024 3056 3063 reus
3089 3008 3214 3062 erit.

340 3110 489 3158 extra
513 3121 644 3159 vero
673 3103 830 3158 nullo
853 3104 1041 3170 modo,
1069 3119 1141 3156 ne
1172 3102 1311 3156 dum
1338 3100 1591 3157 dimcesis
1614 3100 1957 3156 defenditur.
1981 3144 2037 3218 C
2132 3104 2257 3158 XLI.
2312 3105 2454 3160 Cum
2498 3101 2717 3156 clericis
2761 3105 3047 3157 extraneae
3097 3101 3326 3156 feminae
3378 3103 3702 3158 nullatenus

340 3197 752 3218 __.-__24_2__-__-
791 3196 1013 3218 L__.._1_2
1055 3197 1477 3218 --._l-__.l-_1-__
2061 3195 2320 3218 L-L_'L-._A
2368 3196 2471 3218 _2_1
2503 3201 2722 3218 L-_A_-_.
2754 3198 2938 3218 --..
2978 3202 3026 3218 .
3061 3212 3217 3218 --_-_
3267 3197 3376 3218 QII-
3429 3197 3588 3218 __.ll_
3640 3196 3692 3218 2-

336 3197 760 3268 provinciarum
791 3196 1018 3251 termini
1049 3197 1496 3251 confundantur.

402 3293 613 3346 XXXIV.
637 3292 791 3347 Sicut
817 3290 1105 3346 dioecesim
1133 3291 1375 3345 alienam
1400 3289 1727 3344 tricennalis
1753 3305 1966 3360 posses-

326 3385 411 3439 sio
437 3386 604 3451 tollit,
637 3385 714 3440 ita
742 3384 1016 3439 territorii
1043 3387 1390 3439 conventum
1418 3400 1535 3438 non
1561 3383 1791 3449 amittit,
1813 3383 1966 3438 ideo-

319 3500 438 3556 que
486 3483 753 3550 basilicze,
782 3499 910 3554 quae
954 3499 1118 3538 novae
1159 3482 1405 3537 conditae
1454 3481 1688 3551 fuerint,
1717 3481 1788 3536 ad
1831 3497 1965 3536 eum

317 3578 526 3650 procul
551 3577 723 3632 dubio
751 3577 1081 3648 episcopum
1111 3575 1494 3647 pertinebant,
1529 3575 1692 3646 cujus
1714 3564 1962 3631 conven-

312 3677 417 3727 tus
448 3688 572 3726 esse
595 3670 933 3726 constiterit.

396 3766 594 3821 XXXV.
661 3763 1000 3836 Episcopum
1041 3780 1147 3835 per
1193 3766 1424 3819 cunctas
1454 3762 1740 3834 dioeceses,
1793 3779 1962 3835 paro-

308 3859 600 3930 chiasque
643 3875 775 3913 suas
823 3875 926 3929 per
970 3858 1226 3929 singulos
1265 3875 1446 3912 annos
1490 3857 1573 3911 ire
1616 3859 1859 3929 oportet,
1901 3859 1968 3911 ut

313 3954 592 4025 exquirat
616 3952 754 4024 quid
783 3968 1145 4024 unaquaeque
1173 3951 1406 4006 basilica
1448 3951 1508 4006 in
1545 3951 1966 4022 reparationem

311 4047 415 4102 sui
445 4046 690 4118 indiget,
721 4047 876 4118 quod
904 4045 950 4100 si
972 4046 1091 4118 ipse
1121 4051 1220 4101 aut
1247 4045 1528 4117 languore
1561 4044 1842 4114 detentus,
1869 4046 1969 4100 aut

311 4141 453 4195 aliis
484 4140 923 4211 ocupationibus
949 4139 1272 4211 implicatus
1296 4139 1350 4194 id
1372 4139 1681 4210 adimplere
1705 4139 1968 4211 nequive.

313 4230 422 4295 rit,
452 4230 816 4301 presbyteros
845 4229 1172 4301 probabiles
1212 4234 1312 4283 aut
1342 4228 1602 4282 diacones
1631 4229 1840 4294 mittat,
1870 4225 1969 4298 qui

320 4326 392 4376 et
421 4323 671 4377 redditus
689 4322 1050 4377 basilicarum
1073 4326 1132 4376 et
1154 4321 1540 4394 reparationes
1566 4324 1623 4375 et
1644 4321 1967 4375 ministran-

326 4415 480 4470 tium
505 4416 682 4470 vitam
711 4416 1024 4487 inquirant.

2061 3195 2342 3267 habitent,
2368 3196 2476 3250 nisi
2503 3201 2728 3250 tantum
2754 3198 2956 3261 mater,
2973 3202 3030 3250 et
3059 3212 3236 3262 soror,
3266 3197 3403 3263 lilia,
3425 3197 3616 3267 amita,
3640 3196 3700 3251 in

2063 3290 2270 3362 quibus
2321 3289 2581 3362 personis
2657 3288 2800 3344 nihil
2865 3288 3092 3344 sceleris
3145 3290 3418 3345 testimari
3477 3294 3699 3346 naturae

2062 3384 2246 3439 foedus
2270 3383 2569 3455 permittit,
2610 3382 2669 3437 id
2697 3383 2850 3436 enim
2883 3387 2940 3437 et
2959 3382 3293 3438 constitutio
3325 3383 3697 3454 antiquorum

2062 3479 2298 3533 Patrum
2325 3477 2594 3532 decrevit.

2133 3571 2283 3627 XLII.
2318 3569 2566 3634 Quidam
2595 3569 2786 3624 clerici
2810 3569 3072 3642 legitime
3119 3586 3234 3625 non
3263 3568 3537 3626 habentes
3564 3587 3700 3626 con-

2056 3665 2308 3737 jugium,
2334 3667 2739 3718 extranearum
2765 3663 3076 3718 mulierum
3104 3664 3189 3718 vel
3219 3664 3552 3719 ancillarum
3579 3683 3704 3720 sua-

2065 3776 2193 3813 rum
2229 3757 2532 3812 interdicta
2575 3757 2680 3812 sibi
2716 3758 3004 3812 consortia
3053 3761 3349 3829 appetunt,
3398 3759 3528 3813 ideo
3572 3773 3702 3831 quas

2065 3853 2363 3924 conjuncte
2421 3850 2607 3906 taliter
2650 3867 2781 3906 cum
2832 3851 3052 3906 clericis
3107 3857 3240 3906 sunt
3284 3851 3354 3905 ab
3406 3852 3693 3924 episcopo,

2067 3947 2399 4002 auferantur
2427 3950 2483 4000 et
2511 3943 2935 4014 venundentur,
2969 3945 3078 3998 illis
3109 3960 3213 4015 pro
3257 3947 3516 4016 tempore
3567 3947 3700 4000 reli-

2069 4041 2214 4112 gatis
2253 4039 2323 4094 ad
2366 4038 2762 4110 pmnitentiam
2791 4055 2934 4110 quos
2969 4055 3070 4093 sua
3104 4037 3340 4093 libidine
3364 4039 3700 4096 infecerunt.

2138 4132 2316 4190 XLIII.
2360 4132 2559 4189 Clerici
2619 4132 2715 4205 qui
2781 4131 2903 4188 sine
2961 4132 3224 4186 consultu
3296 4133 3551 4205 episcopi
3617 4133 3704 4189 sui

2070 4245 2272 4283 uxores
2323 4227 2610 4295 duxerint,
2640 4230 2738 4281 aut
2777 4227 3030 4293 viduam,
3077 4227 3160 4281 vel
3205 4225 3591 4298 tripudiatam,
3619 4227 3706 4283 vel

2068 4322 2431 4377 meretricem
2460 4321 2519 4376 in
2540 4320 2875 4391 conjugium
2900 4319 3243 4392 acceperint,
3267 4321 3518 4392 separari
3548 4338 3644 4377 eos
3673 4339 3708 4376 a

2068 4415 2300 4488 proprio
2331 4415 2598 4487 episcopo
2627 4415 2931 4486 oportebit.

409 4510 625 4565 XXXVI.
675 4509 1011 4582 Quicunque
1054 4509 1307 4582 episcopi
1355 4507 1626 4581 suffragio
1669 4507 2046 4589 cujuslibetD
2139 4510 2310 4564 XLIV.
2353 4509 2552 4563 Clerici
2595 4509 2694 4580 qui
2736 4508 2796 4562 in
2843 4524 3181 4579 quacunque
3229 4508 3503 4564 seditione
3545 4525 3705 4567 arma

336 4601 555 4674 aliquid
583 4603 972 4659 ecclesiasticae
1005 4603 1256 4658 utilitatis
1286 4603 1660 4674 providerint,
1693 4607 1750 4657 et
1776 4619 1879 4674 pro
1905 4618 1970 4657 eo

337 4697 720 4770 quodcunque
742 4697 1111 4753 commodum
1135 4697 1193 4752 in
1215 4697 1742 4752 remunerationem
1762 4695 1973 4768 promi-

343 4791 536 4858 serint,
569 4792 838 4863 promissi
868 4791 1212 4846 solutionem
1237 4808 1336 4846 eos
1361 4791 1642 4846 exsolvere
1662 4789 1970 4861 oportebit,

345 4883 422 4938 ita
445 4889 508 4939 ut
531 4885 590 4939 id
621 4886 694 4940 ad
718 4885 1022 4941 concilium
1063 4885 1412 4958 provinciale
1441 4884 1748 4951 deferatur,
1784 4889 1845 4938 ut
1875 4900 1971 4938 eo-

349 4993 470 5034 rum
491 4980 852 5036 conniventia
884 4980 1254 5035 conrmetur
1281 4979 1416 5050 quia
1443 4978 1587 5033 sicut
1613 4977 1817 5032 Paulus
1845 4976 1924 5032 ait
1954 4995 1968 5032 :

410 5073 624 5145 Dignus
644 5079 730 5130 est
751 5074 1047 5146 operarius
1072 5074 1338 5129 mercede
1366 5089 1469 5128 sua
1501 5072 1546 5142 (
1573 5073 1708 5126 Tim.
1739 5074 1913 5141 v,18).

415 5168 647 5224 XXXVII.
680 5168 1054 5224 Prazbendum
1089 5171 1174 5222 est
1212 5185 1245 5222 a
1298 5166 1683 5222 sacerdotibus
1728 5165 1855 5220 vita:
1883 5181 1971 5220 so-

351 5259 540 5317 latium
587 5261 1000 5334 indigentibus,
1031 5268 1088 5317 et
1131 5260 1380 5316 maxime
1428 5261 1516 5315 his
1555 5259 1763 5331 quibus
1806 5258 1972 5314 resti-

355 5358 552 5412 tuenda
584 5356 914 5412 vicissitudo
943 5360 1044 5410 est.
1089 5355 1422 5426 Quicunque
1453 5371 1592 5425 ergo
1617 5353 1875 5407 delium
1907 5353 1976 5408 de

352 5449 704 5507 facultatibus
735 5451 850 5505 suis
878 5450 1129 5505 ecclesiae
1157 5447 1375 5520 aliquid
1402 5448 1706 5504 devotione
1747 5446 1978 5519 propria

352 5546 706 5613 contulerint,
720 5545 767 5600 si
790 5546 935 5600 forte
955 5545 1062 5616 ipsi
1087 5551 1184 5599 aut
1199 5544 1300 5598 lilii
1319 5560 1515 5599 eorum
1539 5542 1748 5597 redacti
1766 5541 1979 5596 fuerint

353 5638 415 5693 ad
440 5639 716 5712 inopiam,
749 5639 819 5693 ab
846 5639 1050 5694 eadem
1092 5637 1324 5692 ecclesia
1351 5636 1682 5708 suffragium
1712 5636 1842 5690 vita:
1873 5650 1976 5705 pro

353 5733 615 5806 temporis
646 5750 753 5788 usu
778 5733 1117 5805 percipiant.
1145 5733 1197 5788 Si
1228 5731 1382 5787 enim
1408 5730 1626 5787 clericis
1656 5746 1757 5784 seu
1788 5745 1980 5784 mona-

352 5827 459 5887 chis
500 5827 595 5883 vel
655 5827 976 5902 peregrinis
1039 5831 1137 5881 aut
1210 5825 1527 5898 quamlibet
1583 5823 1980 5880 necessitatem

2069 4603 2322 4658 volentes
2347 4603 2713 4674 sumpserint,
2728 4606 2825 4656 aut
2845 4606 3231 4673 sumpserunt,
3247 4604 3478 4674 reperti,
3495 4605 3705 4661 amisso

2073 4695 2289 4752 ordinis
2343 4695 2428 4750 sui
2483 4696 2666 4767 gradu
2730 4694 2788 4748 in
2835 4695 3244 4750 monasterium
3291 4697 3704 4754 contradantur

2072 4788 2441 4863 poenitentiae.

2141 4885 2288 4939 XLV.
2339 4881 2393 4938 Si
2442 4883 2538 4954 qui
2598 4882 2838 4938 clericus
2903 4880 2960 4938 in
3007 4883 3380 4941 demoliendis
3430 4886 3705 4958 sepulcris

2073 4978 2250 5032 fuerit
2277 4977 2688 5048 deprehensus,
2717 4976 2853 5049 quia
2884 4974 3103 5032 facinus
3144 4979 3251 5034 hoc
3281 4996 3384 5052 pro
3416 4979 3708 5052 sacrilegio

2074 5071 2300 5142 legibus
2326 5070 2570 5143 publicis
2596 5071 2876 5142 sanguine
2905 5071 3248 5140 vindicatur,
3280 5076 3509 5146 oportet
3540 5089 3704 5128 cano-

2074 5165 2240 5220 nibus
2273 5166 2333 5219 in
2379 5165 2476 5220 tali
2530 5165 2740 5220 scelere
2779 5165 3066 5236 proditum
3101 5184 3134 5220 a
3173 5164 3466 5223 clericatus
3507 5165 3705 5222 ordine

2076 5258 2414 5325 submoveri,
2448 5263 2505 5313 et
2535 5259 2882 5329 poenitentiae
2910 5258 3157 5315 triennio
3185 5260 3468 5332 deputari.

2147 5353 2319 5408 XLVI.
2350 5352 2718 5424 Praacipiente
2745 5352 2981 5408 domino
3012 5359 3204 5408 nostro
3241 5356 3411 5424 atque
3437 5352 3710 5408 excellen-

2075 5447 2290 5502 tissimo
2321 5447 2636 5502 Sisenando
2666 5447 2895 5518 rege,id
2928 5447 3220 5502 constituit
3243 5449 3500 5500 sanctum
3528 5446 3710 5500 conci-

2077 5541 2238 5608 lium,
2266 5545 2331 5611 ut
2355 5557 2556 5594 omnes
2584 5540 2821 5612 ingenui
2847 5540 3038 5594 clerici
3067 5557 3172 5611 pro
3198 5539 3386 5593 officio
3418 5538 3708 5610 religionis

2078 5635 2148 5689 ab
2177 5635 2337 5689 omni
2374 5634 2602 5705 publica
2632 5633 2940 5688 indictione
2972 5636 3144 5704 atque
3171 5632 3364 5686 labore
3392 5631 3711 5689 habeantur

2080 5728 2386 5796 immunes,
2419 5731 2485 5784 ut
2510 5727 2670 5784 liberi
2697 5728 2809 5781 Deo
2849 5726 3117 5793 serviant,
3144 5725 3415 5797 nullaque
3456 5725 3713 5799 praedicti

2078 5821 2407 5879 necessitate
2429 5822 2501 5878 ab
2527 5819 2917 5879 ecclesiasticis
2944 5819 3142 5875 officiis
3179 5820 3563 5883 retrahantur.
