3964 6178
469 290 479 305 υ
498 293 558 305 αι.

472 311 491 341 I‘
507 314 562 342 lo)

1340 274 1628 339 APPEND.
1671 281 1761 339 AD
1800 270 1964 339 sec.
2008 278 2191 339 1x.——
2223 281 2461 338 ISIDORI
2501 276 2929 336 unacaroms
3641 284 3715 347 eo

535 397 725 450 XLVII.
772 396 880 448 Eos
927 410 1067 465 quos
1112 408 1434 447 ceconomos
1476 392 1653 447 Graeci
1696 396 1938 459 vocant,
1987 392 2093 446 hoc
2117 392 2280 483 Asia
2303 391 2687 446 anathematis
2710 390 2994 445 sententia
3023 390 3464 447 condemnentur.
3481 394 3581 448 Non
3599 399 3722 453 aliter

461 489 676 561 est,qui
702 488 821 542 vice
855 487 1253 558 episcoporum
1282 502 1372 541 res
1399 486 1800 541 ecclesiasticas
1829 488 2090 554 tractant,

459 585 602 638 sicut
622 584 819 636 sancta
841 581 1094 652 synodus
1113 580 1589 636 Chalcedonensis
1610 580 1874 647 instituit,
1895 596 2094 633 omnes

2196 485 2253 540 hi
2271 486 2370 556 qui
2388 502 2422 538 a
2436 484 2770 556 parentibus
2787 483 3013 537 detonsi
3029 484 3258 539 fuerunt
3271 487 3359 538 aut
3373 490 3547 556 sponte
3558 488 3723 544 amissis

2194 579 2523 650 parentibus
2561 579 2777 649 seipsos
2819 577 3088 649 religioni
3127 576 3463 646 devoverant,
3495 584 3543 634 et
3578 586 3725 650 postea

459 677 753 749 episcopos
793 675 862 729 de
906 674 1136 746 proprio
1185 674 1336 728 clero
1383 673 1455 727 ad
1500 674 1782 745 regendas
1830 673 2096 727 ecclesias
2194 673 2452 727 habitum
2472 672 2800 727 saecularem
2819 670 3727 742 sumpserunt,etiidemasacerdote

458 770 670 825 habere
720 771 963 840 oportet,
994 767 1092 839 qui
1121 772 1313 821 autem
1360 766 1625 837 deinceps
1663 766 2090 838 contempserit,

458 864 742 919 obnoxius
771 862 1031 932 ejusdem
1059 862 1257 933 magni
1288 861 1506 915 concilii
1535 861 1660 915 erit.

528 958 730 1013 XLVII.
765 956 1102 1011 Monachum
1144 959 1244 1009 aut
1286 958 1519 1026 paterna
1554 955 1798 1023 devotio,
1831 957 1929 1008 aut
1957 971 2089 1027 pro-

455 1051 578 1123 pria
625 1049 903 1122 professio
930 1048 1084 1116 facit,
1115 1048 1397 1120 quidquid
1428 1049 1633 1103 horum
1674 1048 1848 1102 fuerit
1889 1049 2088 1118 alliga-

457 1150 582 1199 tum
614 1143 852 1210 tenebit,
884 1142 1121 1214 proinde
1152 1141 1239 1195 his
1267 1141 1336 1195 ad
1363 1141 1643 1196 mundum
1676 1141 1895 1213 reverti.
1915 1142 2089 1196 inter-

456 1237 738 1292 cludimus
784 1236 1025 1305 aditum,
1061 1238 1118 1290 et
1142 1251 1341 1289 omnes
1370 1236 1442 1291 ad
1489 1236 1761 1290 saeculum
1798 1234 2090 1290 interdici-

435 1333 437 1335 ’
462 1348 591 1386 mus
621 1347 930 1402 regressus.

526 1425 693 1479 XLIX.
718 1424 920 1479 Clerici
948 1424 1043 1496 qui
1074 1423 1494 1478 monachorum
1529 1422 1882 1494 propositum
1913 1439 2088 1494 appe-

454 1521 603 1588 tunt,
634 1517 768 1590 quia
796 1518 1092 1573 meliorem
1116 1517 1292 1572 vitam
1322 1518 1477 1588 sequi
1507 1516 1992 1588 cupiuntliberos,
2012 1516 2091 1570 eis

452 1612 523 1667 ab
542 1612 811 1684 episcopo
844 1612 904 1665 in
930 1610 1270 1665 monasteris
1299 1609 1495 1682 largiri
1526 1613 1756 1681 oportet
1779 1609 2087 1681 ingressus,

453 1722 559 1760 nec
586 1704 844 1759 interdici
873 1702 1232 1776 propositum
1265 1719 1465 1758 eorum
1493 1703 1590 1776 qui
1615 1704 1683 1758 ad
1729 1702 2086 1774 contempla-

450 1797 622 1853 tionis
651 1798 993 1854 desiderium
1021 1797 1265 1854 transire
1290 1797 1574 1852 nituntur.

522 1893 583 1947 L.
618 1891 953 1946 Nuntiatum
988 1894 1070 1945 est
1096 1891 1364 1963 praesenti
1396 1890 1658 1961 concilio,
1691 1907 1756 1945 eo
1782 1890 1934 1962 quod
1960 1907 2083 1944 mo-

449 1985 617 2041 nachi
644 1985 946 2058 episc0pali
986 1984 1233 2058 imperio
1261 1985 1450 2039 servili
1477 2001 1647 2057 opere
1685 1984 2088 2056 mancipentur

453 2084 510 2135 et
541 2081 677 2152 jura
737 2079 1217 2135 monasteriorum
1264 2082 1463 2133 contra
1502 2079 1761 2133 instituta
1804 2093 2085 2132 canonum

450 2173 648 2229 illicita
699 2172 1150 2244 praesumptione
1199 2177 1565 2243 usurpentur,
1603 2171 1685 2226 ita
1723 2175 1789 2226 ut
1828 2188 1976 2242 pene
2016 2187 2086 2224 ex

451 2266 709 2322 coenobio
735 2265 1018 2337 possessio
1045 2265 1166 2335 fiat,
1202 2269 1373 2337 atque
1413 2264 1644 2320 illustris
1669 2263 1853 2336 portio
1882 2264 2084 2319 Christi

449 2358 524 2416 ad
537 2359 916 2415 inanitionem
940 2359 1381 2429 servitutemque
1397 2358 1703 2430 perveniat.
1721 2358 2087 2430 Quapropter

452 2469 757 2511 monemus
789 2470 883 2508 eos
912 2453 1012 2524 qui
1057 2451 1304 2507 ecclesiis
1344 2457 1618 2523 praesunt,
1651 2457 1711 2506 ut
1762 2452 1909 2506 ultra
1955 2452 2084 2506 talia

453 2562 566 2600 non
596 2546 965 2616 praesumant,
994 2542 1094 2597 sed
1126 2543 1232 2597 hoc
1261 2547 1486 2597 tantum
1518 2541 1624 2595 sibi
1654 2541 1715 2595 in
1740 2540 2083 2596 monasterio

447 2637 754 2693 vendicent
771 2637 1089 2692 sacerdotes
1105 2636 1259 2708 quod
1279 2635 1620 2707 praecipiunt
1638 2651 1907 2705 canones,
1921 2634 1979 2690 id
1999 2638 2085 2688 est

448 2732 757 2787 monachos
784 2731 855 2785 ad
898 2730 1389 2786 conversationem
1431 2732 1683 2783 sanctam
1725 2744 2082 2800 praemonere

446 2825 699 2891 abbates,
728 2824 952 2895 aliaque
991 2823 1174 2878 ofﬁcia
1200 2826 1554 2890 construere,
1583 2827 1753 2894 atque
1797 2827 1957 2877 extra
1988 2838 2080 2876 re-

448 2916 641 2990 gulam
673 2918 819 2973 facta
845 2916 1154 2988 corrigere,
1186 2916 1338 2987 quod
1370 2915 1415 2970 si
1446 2916 1663 2987 aliquid
1699 2916 1757 2970 in
1789 2915 2084 2971 monachis

446 3011 756 3067 canonibus
776 3010 1144 3064 interdictum
1175 3009 1665 3081 praesumpserint,
1682 3014 1781 3064 aut
1808 3026 2079 3080 usurpare

444 3103 742 3176 quidpiam
787 3103 857 3157 de
904 3102 1233 3157 monasterii
1296 3102 1467 3157 rebus
1529 3103 1912 3169 tantaverint,
1962 3118 2079 3157 non

445 3197 627 3253 deerit
669 3197 740 3251 ab
770 3196 882 3251 illis
913 3195 1198 3250 sententia
1241 3196 1864 3264 excommunicationis,
1894 3195 1990 3267 qui
2023 3213 2079 3250 se

450 3290 719 3363 deinceps
744 3305 1111 3362 nequaquam
1142 3288 1433 3345 sustulerit
1462 3290 1533 3344 ab
1561 3289 1788 3344 illicitis.

515 3387 599 3441 Ll.
629 3384 897 3440 Nonnulli
944 3383 1363 3438 monachorum
1403 3383 1763 3454 egredientes
1800 3400 1835 3438 a
1872 3399 2072 3439 mona-

443 3479 614 3537 sterio
645 3496 759 3534 non
786 3479 969 3533 solum
991 3478 1062 3533 ad
1082 3477 1351 3533 saeculum
1374 3480 1756 3549 revertuntur,
1780 3478 1879 3533 sed
1900 3479 2073 3533 etiam

437 3578 496 3630 et
525 3570 731 3628 uxores
758 3571 1060 3643 accipiunt,
1080 3570 1256 3643 igitur
1283 3570 1529 3627 revocati
1552 3571 1613 3626 in
1642 3572 1847 3628 eodem
1883 3588 2077 3627 mona-

439 3667 613 3723 sterio
639 3683 672 3721 a
698 3682 812 3739 quo
840 3665 1480 3738 exierant,poenitentia3
1497 3666 1864 3737 deputentur,
1880 3666 2075 3738 ibique

440 3760 691 3816 deﬂeant
716 3759 955 3815 crimina
982 3775 1085 3814 sua
1112 3759 1267 3815 unde
1296 3759 1703 3816 discesserunt.

510 3855 622 3910 LII.
654 3852 926 3926 Religiosi
951 3853 1200 3925 proprias
1240 3852 1493 3925 regionis
1520 3854 1617 3926 qui
1647 3870 1754 3909 nec
1785 3854 1935 3910 inter
1960 3854 2072 3910 cle-

437 3946 587 4003 ricos
614 3964 718 4003 nec
744 3946 895 4002 inter
926 3946 1237 4001 monachos
1263 3946 1570 4015 habentur,
1599 3947 1714 4001 sive
1744 3948 1804 4003 hi
1847 3947 1945 4020 qui
1970 3964 2075 4019 per

437 4041 659 4096 diversa
684 4042 809 4095 loca
845 4040 971 4111 vagi
1007 4041 1291 4107 feruntur,
1319 4040 1389 4095 ab
1425 4039 1704 4112 episcopis
1734 4040 1791 4095 in
1818 4057 2071 4114 quorum

438 4137 717 4189 conventu
765 4134 1110 4188 commorari
1174 4140 1488 4189 noscuntur
1517 4175 1531 4203 ,
1579 4134 1806 4189 licentia
1873 4151 2071 4189 eorum

439 4231 783 4294 coerceatur,
816 4230 880 4280 ut
904 4230 1003 4279 aut
1026 4227 1085 4280 in
1115 4228 1265 4281 clero
1297 4232 1395 4280 aut
1420 4228 1482 4281 in
1514 4228 1863 4283 monasterio
1890 4228 2069 4300 depu-

437 4324 632 4375 tentur
656 4323 896 4392 propter
921 4336 1016 4374 eos
1043 4320 1143 4391 qui
1174 4321 1245 4375 ab
1276 4320 1540 4392 episcopo
1577 4338 1678 4376 suo
1710 4324 1810 4376 aut
1836 4325 2073 4394 propter

434 4415 772 4486 languorem
798 4414 1017 4469 fuerint
1042 4414 1305 4469 absoluti.

2193 765 2587 836 comprehensi
2628 764 2699 818 ad
2726 765 2944 819 cultum
2974 763 3260 835 religionis
3287 769 3398 818 acta
3432 764 3567 835 prius
3592 767 3727 836 pumi-

2191 858 2372 914 tentia
2424 860 2783 914 revocentur.
2833 857 2996 922 Quod
3036 857 3083 911 si
3137 857 3374 911 converti
3410 873 3511 911 nou
3546 864 3731 929 possunt

2192 953 2344 1007 velut
2368 955 2639 1023 apostataa
2677 951 3057 1006 anathematis
3090 949 3376 1005 sententia:
3414 950 3731 1019 subjiciantur,

2194 1063 2322 1118 quas
2368 1047 2554 1101 forma
2597 1045 2910 1101 servabitur
2959 1045 3129 1100 etiam
3175 1044 3233 1098 in
3276 1043 3459 1112 viduis,
3484 1042 3734 1113 virginibus

2192 1139 2381 1208 sacris,
2430 1156 2493 1193 ac
2534 1139 2938 1211 paenitentibus
2976 1137 3223 1205 feminis,
3248 1153 3369 1208 quas
3399 1136 3733 1191 sanctimonia-

2193 1235 2306 1288 lem
2335 1232 2590 1287 habitum
2634 1216 2964 1299 induerunt,
2995 1235 3053 1285 et
3090 1233 3283 1302 postea
3310 1233 3402 1285 aut
3423 1234 3610 1285 vestem
3637 1245 3735 1283 mu-

2193 1328 2476 1394 taverunt,
2509 1330 2609 1381 aut
2631 1326 2701 1381 ad
2727 1325 2956 1396 nuptias
2991 1325 3355 1379 transierunt.

2263 1427 2366 1483 LV.
2410 1427 2529 1480 Duo
2592 1428 2727 1479 sunt
2781 1439 2997 1495 genera
3044 1423 3365 1488 viduarum,
3408 1420 3659 1476 saeculares
3698 1423 3739 1474 et

2190 1518 2670 1586 sanctimoniales,
2714 1518 3013 1573 sa-culares
3059 1517 3247 1571 viduae
3290 1518 3562 1586 suntquae
3599 1512 3740 1567 adhuc

2190 1612 2555 1684 disponentes
2592 1610 2812 1666 nubere
2854 1609 3116 1666 laicalem
3157 1610 3409 1664 habitum
3451 1623 3553 1661 non
3606 1605 3738 1676 depo-

2189 1709 2446 1773 suerunt,
2463 1704 2922 1760 sanctimoniales
2941 1708 3075 1758 sunt
3097 1720 3226 1776 quas
3240 1703 3355 1773 jam
3375 1704 3572 1755 mutato
3588 1697 3742 1752 habitu

2107 1789 2165 1861 B
2189 1799 2447 1855 saaculari
2472 1799 2575 1853 sub
2605 1798 2875 1870 religioso
2904 1798 3060 1853 cultu
3090 1798 3149 1852 in
3175 1798 3471 1867 conspectu
3493 1790 3744 1847 sacerdotis

2187 1897 2243 1948 et
2267 1891 2515 1949 ecclesiae
2539 1896 2946 1964 apparuerunt,
2965 1891 3056 1946 hae
3076 1891 3124 1946 si
3147 1891 3219 1946 ad
3237 1888 3456 1961 nuptias
3480 1882 3747 1942 transierint

2179 1987 2349 2057 juxta
2386 1988 2725 2058 Apostolum
2766 2002 2886 2041 non
2926 1985 3047 2040 sine
3078 1983 3433 2040 damnatione
3455 1984 3622 2045 erunt,
3644 1975 3747 2048 quia

2187 2099 2245 2136 se
2282 2082 2537 2154 primum
2574 2082 2688 2136 Deo
2719 2086 2987 2136 voventes
3028 2081 3227 2151 postea
3255 2074 3512 2133 castitatis
3544 2069 3747 2145 proposi-

2183 2178 2307 2230 tum
2333 2175 2678 2246 abjecerunt.

2256 2270 2385 2324 LVI.
2428 2270 2507 2323 De
2553 2267 2760 2324 Iudaeis
2789 2272 2981 2323 autem
3027 2266 3298 2339 praecepit
3336 2268 3518 2319 sancta
3553 2257 3752 2332 synodus

2186 2362 2404 2417 nemini
2450 2362 2716 2435 deinceps
2758 2362 2831 2416 ad
2877 2361 3227 2417 credendum
3273 2358 3386 2414 vim
3426 2356 3635 2412 inferre.
3674 2349 3750 2407 Cui

2185 2456 2339 2512 enim
2385 2457 2505 2511 vult
2548 2457 2695 2511 Deus
2738 2455 3060 2525 miseretur,
3100 2461 3157 2510 et
3197 2469 3371 2526 quem
3413 2451 3527 2505 vult
3552 2446 3751 2510 indurat,

2185 2567 2297 2606 non
2325 2550 2480 2605 enim
2510 2551 2649 2604 tales
2679 2548 2840 2604 inviti
2870 2547 3125 2603 salvandi
3164 2552 3319 2617 sunt,
3332 2544 3429 2600 sed
3464 2541 3755 2605 volentes,ut

2182 2643 2406 2715 integra
2434 2644 2508 2697 sit
2531 2643 2719 2698 forma
2736 2642 2993 2713 justitiaz.
3022 2641 3175 2698 Sicut
3201 2641 3358 2696 enim
3386 2638 3548 2693 homo
3569 2630 3757 2707 propria

2180 2737 2397 2792 arbitrii
2439 2737 2732 2792 voluntate
2778 2735 3029 2808 serpenti
3069 2735 3342 2791 obediens
3382 2730 3561 2805 periit,
3589 2727 3656 2781 sic
3681 2740 3755 2777 vo-

2181 2834 2344 2886 cante
2397 2848 2456 2886 se
2505 2831 2689 2902 gratia
2740 2830 2841 2885 Dei
2887 2828 3132 2902 proprie
3174 2827 3388 2883 mentis
3428 2820 3758 2885 conversione,

2180 2921 2353 2975 homo
2378 2920 2618 2992 quisque
2646 2919 2934 2974 credendo
2980 2919 3246 2973 salvatur.
3280 2918 3428 2988 Ergo
3458 2928 3568 2969 non
3592 2910 3655 2976 vi,
3685 2907 3757 2961 sed

2180 3014 2357 3069 libera
2392 3013 2613 3068 arbitrii
2648 3014 2961 3081 voluntate,
2988 3017 3054 3068 ut
3086 3011 3496 3067 convertantur
3533 2999 3762 3065 suadendi

2180 3111 2312 3162 sunt
2337 3124 2452 3162 non
2498 3106 2683 3179 potius
2718 3105 3073 3179 impellendi.
3101 3106 3209 3170 Qui
3243 3107 3438 3160 autem
3463 3095 3758 3172 jampridem

2179 3203 2249 3257 ad
2300 3200 2771 3256 christianitatem
2826 3198 3007 3256 coacti
3062 3203 3196 3255 sunt
3266 3199 3412 3253 sicut
3471 3195 3661 3250 factum
3700 3189 3763 3242 est

2178 3295 2533 3368 temporibus
2578 3293 2987 3366 religiosissimi
3028 3293 3305 3367 principis
3363 3287 3622 3353 Sisebuti,
3661 3280 3763 3354 quia

2171 3390 2296 3461 jam
2336 3394 2553 3444 constat
2595 3405 2691 3443 eos
2749 3387 3120 3444 sacramentis
3172 3385 3386 3442 divinis
3424 3380 3693 3439 associatos
3724 3376 3766 3428 et

2176 3481 2448 3555 baptismi
2488 3483 2733 3553 gratiam
2775 3481 3117 3553 suscepisse,
3162 3484 3222 3536 et
3267 3479 3565 3535 chrismate
3606 3472 3765 3526 unctos

2176 3595 2333 3646 esse,
2377 3583 2433 3632 et
2498 3576 2748 3648 corporis
2797 3576 3025 3631 Domini
3078 3580 3135 3631 et
3196 3572 3493 3647 sanguinis
3532 3564 3767 3625 exstitisse

2175 3670 2499 3744 participes,
2530 3673 2752 3742 oportet
2780 3674 2844 3724 ut
2870 3670 3045 3724 ﬁdem
3089 3669 3269 3724 etiam
3295 3682 3473 3740 quam
3496 3664 3549 3718 vi
3578 3660 3654 3715 vel
3688 3669 3763 3711 ne-

2163 3765 2428 3821 cessitate
2468 3768 2860 3837 susceperunt,
2898 3768 3095 3819 tenere
3140 3765 3449 3835 cogantur,
3487 3775 3557 3814 ne
3596 3764 3767 3810 nomen

2176 3858 2395 3914 Domini
2436 3858 2883 3932 blasphemetur,
2927 3860 2986 3912 et
3028 3857 3170 3912 ﬁdes
3221 3873 3402 3929 quam
3446 3844 3769 3922 susceperunt

2172 3953 2295 4008 vilis
2322 3970 2386 4008 ac
2414 3951 2855 4025 contemptibilis
2884 3951 3178 4007 habeatur.

2242 4048 2391 4102 LVII.
2408 4047 2584 4102 Tanta
2600 4050 2685 4101 est
2703 4045 3082 4119 quorumdam
3104 4066 3133 4097 «
3160 4045 3473 4118 cupiditas,
3488 4046 3549 4096 ut
3569 4034 3768 4112 quidam

2174 4159 2301 4197 eam
2334 4146 2666 4215 appetentes
2694 4141 2874 4212 (juxta
2908 4140 3059 4212 quod
3100 4140 3180 4195 ait
3216 4138 3536 4212 Apostolus)
3565 4133 3715 4189 etiam
3747 4141 3772 4178 τι

2172 4236 2284 4292 ﬁde
2309 4240 2640 4292 erraverunt
2672 4236 2715 4305 (1
2752 4236 2889 4290 Tim.
2919 4250 2997 4301 v1,
3043 4234 3149 4304 10).
3182 4254 3217 4285 ››,
3252 4233 3417 4288 Multi
3454 4229 3654 4303 quippe
3683 4222 3767 4276 lm-

2172 4347 2381 4403 cusque
2423 4348 2491 4386 ex
2538 4327 2924 4384 sacerdotibus
2963 4332 3132 4399 atque
3182 4325 3352 4382 laicis
3396 4322 3716 4396 accipientes
3748 4329 3773 4365 ε

2169 4426 2376 4481 Judaeis
2408 4440 2691 4490 munera,
2733 4421 3031 4494 perﬁdiam
3094 4437 3305 4477 eorum
3353 4436 3458 4475 suo
3500 4408 3772 4490 patrocinio

504 4511 635 4566 LIII.
664 4509 723 4566 Si
747 4509 845 4583 qui
882 4508 941 4564 in
970 4507 1297 4563 discrimine
1343 4508 1631 4564 constituti
1671 4492 2066 4582 paenitentiam
2085 4538 2145 4611 Ι)
2168 4520 2383 4587 favent,
2398 4518 2495 4590 qui
2525 4533 2641 4572 non
2665 4492 2954 4571 immerito
2974 4532 3041 4571 ex
3063 4530 3308 4587 corpore
3339 4507 3772 4570 Antichristiesse

434 4603 722 4676 accipiunt
756 4604 917 4659 nulla
960 4602 1257 4658 manifesta
1302 4603 1513 4658 scelera
1555 4604 1928 4674 conﬁtcntes,
1971 4607 2067 4662 sed

428 4702 660 4753 tantum
686 4715 744 4752 se
769 4702 1102 4770 peccatores
1130 4714 1249 4753 esse
1265 4698 1658 4770 prmdicantes,
1675 4699 2005 4770 hujusmodi
2023 4701 2069 4756 si

433 4792 827 4860 revelaverint,
854 4797 1093 4863 possunt
1118 4792 1291 4848 etiam
1328 4809 1431 4864 per
1468 4810 1692 4849 morum
1723 4794 2067 4866 probitatem

434 4884 506 4939 ad
552 4884 764 4956 gradus
818 4885 1227 4941 ecclesiasticos
1278 4887 1598 4958 pervenire.
1642 4888 1748 4953 Qui
1797 4905 1928 4944 vero
1984 4890 2068 4944 ita

431 4977 819 5050 pcenitentiam
847 4978 1149 5050 accipiunt,
1171 4983 1236 5034 ut
1259 4980 1490 5052 aliquod
1508 4982 1746 5037 mortale
1771 4986 2065 5055 peccatum

430 5076 787 5144 perpetrasse
813 5071 1037 5144 publice
1057 5072 1360 5143 fateantur,
1381 5074 1450 5129 ad
1476 5076 1691 5131 clerum
1710 5078 1797 5132 vel
1816 5077 2065 5133 honores

432 5166 838 5222 ecclesiasticos
866 5166 1163 5238 pervenire
1193 5167 1517 5223 nullatenus
1545 5175 1836 5241 poterunt,
1854 5172 1987 5243 quia
2007 5188 2065 5226 se

429 5261 787 5316 confessione
816 5259 1052 5333 propria
1078 5265 1438 5317 notaverunt.

499 5356 630 5411 LIV.
661 5354 1111 5426 Quicunqueex
1157 5355 1518 5411 saecularibus
1560 5357 1900 5430 accipientes
1941 5376 2062 5432 poe-

426 5449 731 5506 nitentiam
765 5448 1138 5505 tetenderunt
1178 5465 1256 5519 se,
1286 5454 1343 5504 et
1385 5467 1583 5506 rursus
1628 5453 2064 5524 praevaricantes

426 5542 553 5598 laici
594 5543 778 5598 effecti
822 5545 972 5613 sunt,
1019 5543 1418 5615 comprehensi
1458 5545 1528 5600 ab
1565 5547 1830 5619 episcopo
1860 5566 1960 5604 suo
1989 5550 2062 5605 ad

426 5635 821 5705 pcenitentiam
863 5653 932 5691 ex
972 5654 1081 5709 qua
1120 5643 1480 5694 recesserunt
1514 5645 1869 5697 revocentur.
1899 5642 2063 5708 Quod

425 5728 471 5781 si
521 5727 692 5800 aliqui
741 5745 847 5801 per
890 5730 1291 5804 paenitentiam
1336 5732 1735 5789 irrevocabiles
1782 5739 1917 5792 sunt
1958 5754 2062 5794 nec

426 5817 708 5876 admoniti
734 5829 1120 5898 revertuntur,
1141 5832 1205 5883 ut
1228 5844 1362 5885 vere
1382 5832 1654 5910 apostatae.
1674 5847 1867 5888 coram
1892 5834 2064 5890 eccle-

2167 4618 2500 4681 noscuntur,
2537 4611 2668 4683 quia
2709 4615 2909 4666 contra
2954 4609 3243 4665 Christum
3294 4607 3535 4663 faciunt.
3567 4599 3773 4667 Quicun-

2169 4723 2278 4779 que
2305 4722 2444 4777 ergo
2472 4704 2744 4776 deinceps
2763 4703 3061 4775 episcopus
3088 4703 3201 4758 sive
3222 4702 3473 4759 clericus
3495 4700 3605 4754 sive
3628 4705 3774 4749 saecu-

2168 4800 2300 4856 laris
2325 4800 2436 4854 illis
2477 4801 2679 4854 contra
2705 4797 2883 4852 ﬁdem
2909 4796 3301 4853 Christianam
3331 4792 3679 4866 suffragium,
3705 4780 3776 4837 γει

2166 4911 2403 4950 munere
2432 4893 2517 4949 vel
2547 4893 2740 4947 favore
2771 4890 3121 4962 praestiterit,
3156 4893 3219 4945 ut
3242 4891 3534 4963 profanus
3558 4888 3613 4940 et
3637 4876 3775 4937 sacri-

2165 4989 2327 5060 legus
2396 4987 2707 5042 anathema
2760 4983 2993 5040 effectus
3051 4984 3123 5039 ab
3193 4984 3457 5039 Ecclesia
3533 4970 3778 5035 catholica

2166 5082 2445 5137 habeatur
2474 5085 2797 5146 extraneas,
2826 5079 2959 5151 quia
2999 5078 3207 5150 dignus
3252 5082 3365 5147 est,
3404 5081 3467 5132 ut
3508 5092 3542 5129 a
3574 5078 3779 5142 corpore

2164 5176 2364 5233 Christi
2429 5178 2724 5248 separetur
2746 5217 2761 5243 ,
2812 5174 2909 5248 qui
2961 5172 3208 5228 inimicis
3265 5170 3485 5229 Christi
3540 5171 3780 5241 patronus

2166 5270 2427 5326 efﬁcitur.

2235 5365 2411 5421 LVIII.
2431 5362 2688 5436 Plerique
2718 5363 2816 5436 qui
2851 5380 2918 5419 ex
2944 5360 3151 5418 Judaeis
3180 5360 3411 5418 dudum
3438 5358 3512 5415 ad
3539 5348 3780 5415 Christiac

2162 5475 2298 5514 nam
2341 5459 2515 5513 ﬁdem
2566 5458 2815 5531 promoti
2854 5464 3006 5527 sunt,
3036 5473 3189 5513 nunc
3232 5454 3706 5529 blasphemantes
3736 5444 3784 5497 in

2162 5553 2406 5621 Christo,
2436 5570 2553 5608 non
2580 5552 2767 5608 solum
2792 5551 3052 5624 judaicos
3077 5551 3221 5606 ritus
3256 5554 3625 5621 perpetrasse
3670 5552 3781 5596 nos-

2162 5650 2407 5714 cuntur,
2459 5647 2559 5702 sed
2624 5647 2799 5702 etiam
2860 5644 3272 5701 abominandas
3341 5636 3786 5698 circumcisione!!!

2162 5757 2427 5797 exercere
2450 5742 2960 5815 praesumpserunt,
2994 5739 3066 5795 de
3100 5737 3317 5813 quibus
3356 5735 3623 5792 consultu
3661 5725 3783 5804 piis-

2161 5834 2287 5891 simi
2314 5851 2377 5890 ac
2401 5834 2817 5909 religiosissimi
2841 5833 3060 5891 domini
3105 5830 3287 5888 nostri
3319 5825 3628 5888 Sisenandi
3655 5817 3788 5894 regis

3914 3024 3915 3059 ι

3913 3118 3915 3155 l

3914 3366 3915 3387 ι

3914 3620 3915 3651 ι

3914 3720 3915 3749 ι
