3964 6178
187 316 257 369 'm
682 360 703 367 _
1354 302 1824 365 DECRETALIUM
1861 306 2250 363 COLLECTIO.

3371 314 3473 373 i78

180 425 263 476 hoc
309 422 538 473 sanctum
593 416 841 473 decrevit
900 417 1236 487 concilium,
1297 422 1359 472 ut
1412 417 1745 489 hujusmodi
1768 420 1998 501 Actum
2032 416 2203 488 elegit
2232 406 2639 483 concilium,ut
2662 419 2866 474 Judais
2882 436 2998 476 non
3026 420 3189 476 liceat
3210 424 3475 480 Christia-

178 522 563 585 transgressores
626 510 931 583 pontiﬁcali
997 512 1331 567 auctoritate
1382 512 1618 567 correcti
1676 512 1747 566 ad

170 608 347 662 cultum
387 605 680 662 Christiani
719 605 1007 677 dogmatis
1036 610 1374 662 revocentur
1401 612 1459 661 ut
1483 623 1623 677 quos
1647 622 1747 660 vo-

169 702 321 755 luntas
352 699 565 771 propria
596 716 714 754 non
744 699 1011 755 emendat
1036 699 1455 755 animadversio
1486 699 1743 754 sacerdo-

166 795 269 849 talis
293 796 545 848 coerceat.
573 795 680 848 Eos
706 798 897 848 autem
934 810 1076 865 quos
1104 793 1539 861 circumcidunt,
1571 792 1617 847 si
1642 792 1746 847 ﬁlii

164 904 327 943 eorum
365 890 507 956 sunt,
536 903 570 941 a
615 891 921 959 parentum
963 887 1245 942 consortio
1301 889 1655 959 separentur,
1699 886 1743 940 si

160 981 295 1047 servi,
320 997 415 1051 pre
442 980 650 1050 injuria
674 981 927 1052 corporis
958 980 1043 1036 sui
1072 981 1323 1036 libertati
1352 981 1670 1035 tradantur.

215 1074 323 1129 LIX.
351 1073 667 1128 Judaorum
702 1074 850 1130 ﬁlios
874 1076 962 1129 vel
1000 1074 1141 1130 ﬁlias
1165 1090 1238 1129 ne
1268 1079 1572 1146 parentum
1600 1074 1745 1129 ultra

157 1167 471 1223 involvantur
496 1168 801 1238 erroribus,
831 1169 903 1223 ab
933 1185 1131 1224 eorum
1173 1168 1458 1223 consortio
1489 1168 1743 1240 separari

158 1262 467 1317 decernimus
517 1260 835 1333 deputatus,
886 1267 986 1317 aut
1033 1262 1388 1317 monasteriis
1437 1267 1534 1316 aut
1578 1261 1742 1315 Chri-

156 1354 315 1409 stianis
335 1355 480 1423 viris,
505 1358 607 1410 aut
624 1355 960 1410 mulieribus
979 1357 1161 1411 Deum
1184 1355 1535 1422 timentibus,
1556 1359 1622 1410 ut
1640 1355 1743 1409 sub

156 1464 319 1502 eorum
347 1448 767 1504 conversatione
814 1449 1031 1504 cultum
1066 1449 1199 1504 ﬁdei
1225 1448 1459 1515 discant,
1485 1450 1655 1520 atque
1682 1449 1740 1502 in

152 1542 319 1596 melius
341 1542 603 1610 instituti,
633 1547 753 1598 tam
782 1542 843 1599 in
873 1542 1147 1613 moribus,
1178 1558 1352 1613 quam
1377 1542 1436 1596 in
1469 1542 1578 1597 ﬁde
1608 1558 1739 1613 pro-

152 1634 327 1690 ﬁciant.

205 1729 292 1783 LX.
326 1728 504 1785 Judai
546 1729 831 1801 baptizati,
886 1730 931 1785 si
971 1732 1166 1802 postea
1207 1729 1640 1801 pravaricantes
1682 1728 1742 1784 in

1846 527 1948 565 nos
1974 526 2181 578 servos,
2210 527 2314 565 nec
2339 511 2653 567 Christiana
2688 514 2968 585 mancipia
2997 532 3211 586 emere,
3240 534 3342 572 nec
3373 536 3470 574 cu-

1839 605 2113 676 jusquam
2161 604 2432 676 consequi
2483 606 2826 677 largitatem.
2858 609 3023 662 Nefas
3065 609 3219 669 enim
3269 615 3372 681 est,
3413 618 3475 667 ut

1846 698 2108 752 membra
2172 697 2381 755 Christi
2454 698 2700 754 serviant
2770 701 3100 756 Antichristi
3173 704 3470 772 ministris,

1846 792 1995 862 quod
2026 791 2071 845 si
2101 792 2371 862 deinceps
2398 808 2588 847 servos
2613 792 2961 849 Christianos
2990 796 3079 850 vel
3113 798 3345 853 ancillas
3373 801 3469 854 Ju-

1845 884 1951 939 dai
1977 884 2187 939 habere
2217 886 2701 956 prasumpserint,
2734 888 2941 941 sublati
2968 888 3038 943 ab
3066 906 3265 945 eorum
3294 892 3474 948 domi-

1842 982 1980 1032 natu
2008 978 2327 1033 libertatem
2357 996 2391 1033 a
2418 979 2674 1051 principe
2711 966 3150 1052 consequantur.

1916 1072 2085 1125 LXVI.
2115 1073 2184 1126 Et
2214 1071 2259 1126 si
2288 1072 2371 1126 illi
2400 1072 2498 1144 qui
2540 1074 2693 1128 nulla
2737 1091 2803 1129 ex
2850 1075 3021 1129 rebus
3052 1076 3167 1131 suis
3206 1080 3471 1151 pauperi-

1842 1164 1947 1219 bus
1992 1164 2196 1219 Christi
2237 1165 2608 1231 distribuunt,
2642 1167 2840 1222 aterni
2883 1168 3093 1239 judicis
3122 1186 3255 1225 voce
3303 1172 3359 1227 in
3392 1174 3475 1227 fu-

1842 1262 1971 1312 turo
1998 1259 2552 1327 condemnabuntur,
2584 1267 2801 1331 quanto
2846 1262 3029 1333 magis
3066 1263 3125 1317 hi
3169 1266 3266 1335 qui
3312 1267 3472 1322 aufe-

1843 1357 1979 1405 runt
1995 1352 2344 1424 pauperibus
2363 1370 2490 1424 qua
2510 1370 2624 1408 non
2640 1354 2969 1409 dederunt?
2988 1356 3348 1428 Quapropter
3361 1360 3477 1432 epi-

1844 1445 1998 1517 scopi
2025 1445 2125 1517 qui
2152 1445 2293 1500 nihil
2325 1463 2393 1500 ex
2422 1446 2653 1518 proprio
2682 1464 2781 1501 suo
2810 1448 3060 1503 ecclesia
3083 1448 3289 1505 Christi
3317 1468 3472 1507 com-

1841 1545 2245 1609 pensavcrunt,
2273 1540 2416 1593 hanc
2444 1540 2695 1594 divinam
2733 1541 3072 1596 sententiam
3111 1549 3388 1611 metuant,
3421 1551 3477 1601 et

1842 1631 2077 1686 libertos
2123 1649 2189 1686 ex
2238 1632 2473 1686 familiis
2523 1633 2775 1688 ecclesia
2820 1634 2894 1688 ad
2940 1636 3474 1694 condemnationem

1844 1741 2006 1779 suam
2034 1726 2217 1780 facere
2258 1742 2373 1780 non
2418 1730 2788 1797 praesumant,
2818 1727 3063 1799 impium
3102 1734 3189 1784 est
3230 1732 3384 1787 enim
3415 1738 3476 1788 ut

149 1821 391 1877 Christum
414 1822 671 1894 qualibet
688 1840 857 1895 pugna
882 1822 1140 1879 damnati
1160 1823 1496 1891 exstiterint,
1524 1840 1557 1878 ει
1573 1822 1743 1877 rebus
1761 1805 1819 1877 B
1844 1818 2053 1890 quires
2073 1835 2200 1874 suas
2222 1820 2471 1873 ecclesia
2490 1836 2602 1874 non
2625 1820 2931 1875 contulerit
2953 1822 3227 1879 damnum
3247 1825 3473 1894 inferat,

149 1932 312 1970 eorum
360 1916 561 1971 ﬁdeles
604 1916 749 1972 ﬁlios
796 1916 1019 1972 excludi
1067 1930 1211 1973 non‘
1243 1917 1550 1988 oportebit,
1607 1916 1741 1988 quia

148 2010 378 2080 scriptum
400 2014 506 2065 est.
531 2031 558 2059 ››
582 2011 756 2066 Filius
772 2027 886 2067 non
908 2010 1156 2082 portabit
1173 2011 1355 2083 patris
1376 2010 1738 2081 iniquitatem

147 2102 315 2173 (Ezech.
344 2119 496 2171 xvm,
534 2104 645 2176 20).
687 2128 714 2154 ››

200 2196 308 2251 LXI.
334 2197 490 2269 Sape
534 2198 821 2254 malorum
861 2198 1149 2254 consortia
1182 2198 1355 2255 etiam
1394 2198 1578 2254 bonos
1614 2215 1738 2253 cor-

145 2294 395 2361 rumpunt,
426 2294 650 2363 quanto
676 2292 863 2364 magis
891 2309 988 2347 eos
1013 2293 1114 2365 qui
1137 2293 1212 2347 ad
1237 2292 1373 2347 vitia
1394 2292 1563 2366 proni
1587 2296 1737 2348 sunt.

146 2381 273 2437 Nulla
312 2400 440 2456 ergo
487 2386 824 2441 communio
867 2387 1017 2443 ultra
1056 2386 1129 2443 sit
1170 2387 1417 2442 Hebrais
1456 2386 1529 2441 ad
1569 2386 1739 2442 ﬁdem

143 2475 475 2533 Christianam
508 2479 802 2535 translatis
830 2497 960 2536 cum
987 2480 1077 2535 his
1118 2480 1217 2553 qui
1263 2480 1448 2535 adhuc
1476 2480 1535 2535 in
1568 2480 1740 2535 veteri

142 2568 233 2623 ritu
267 2572 593 2640 consistunt,
625 2590 695 2628 ne
733 2574 878 2629 forte
922 2591 1124 2630 eorum
1171 2574 1470 2647 participio
1518 2573 1742 2629 subver-

140 2664 314 2719 tantur.
341 2664 682 2738 Quicunque
722 2684 862 2739 ergo
887 2668 1098 2724 amodo
1126 2685 1193 2723 ex
1228 2667 1316 2722 his
1346 2667 1446 2739 qui
1474 2667 1738 2740 baptizati

142 2760 247 2810 sunt
266 2757 581 2815 inﬁdelium
608 2762 891 2817 consortia
918 2779 1033 2817 non
1058 2761 1377 2828 vitaverint,
1406 2764 1464 2817 et
1488 2761 1550 2816 hi
1575 2761 1738 2817 Chri-

141 2849 302 2905 stianis
327 2851 637 2922 donentur,
661 2858 717 2909 et
734 2854 819 2910 illi
839 2856 1079 2927 publicis
1096 2855 1347 2911 cadibus
1366 2855 1736 2926 deputentur.

196 2943 324 3000 LXII.
348 2947 533 3002 Judai
563 2947 660 3020 qui
696 2947 1041 3004 Christianas
1086 2948 1357 3003 mulieres
1385 2948 1444 3003 in
1470 2949 1739 3021 conjugio

1842 1915 1900 1965 et
1918 1912 2013 1982 jus
2040 1912 2290 1967 ecclesia
2319 1912 2568 1967 alienare
2599 1914 2922 1969 contendat.
2951 1916 3109 1970 Tales
3136 1933 3273 1988 ergo
3302 1918 3473 1975 liber-

1838 2009 1925 2059 tos
1951 2022 2242 2061 successor
2276 2005 2579 2078 episcOpus
2623 2007 2839 2078 absque
2883 2008 3075 2080 aliqua
3115 2012 3473 2082 oppositione

1840 2099 1912 2153 ad
1936 2098 2031 2169 jus
2056 2099 2305 2154 ecclesia
2331 2099 2638 2169 revocabit,
2665 2101 2799 2172 quia
2824 2117 2920 2156 eos
2948 2118 3064 2157 non
3094 2105 3351 2175 aquitas,
3373 2108 3473 2163 sed

1842 2191 2175 2263 improbitas
2199 2193 2456 2248 absolvit.

1920 2289 2119 2345 LXVII.
2162 2288 2467 2359 Episcopus
2494 2287 2595 2359 qui
2638 2288 2990 2362 mancipium
3030 2291 3180 2363 juris
3225 2293 3473 2353 ecclesia

1840 2403 1961 2442 non
1987 2385 2211 2440 retento
2236 2381 2611 2437 ecclesiastico
2638 2383 2951 2454 patrocinio
2978 2388 3307 2443 manumitti
3334 2389 3478 2446 desi-

1842 2480 2024 2547 derat,
2046 2478 2187 2533 duos
2206 2476 2398 2532 meriti
2416 2475 2670 2546 ejusdem
2697 2479 2756 2531 et
2772 2478 2984 2547 peculii
3007 2495 3200 2535 coram
3231 2484 3473 2540 concilio

1839 2572 2090 2630 ecclesia
2119 2570 2210 2626 cui
2234 2569 2570 2641 praeminet
2588 2586 2691 2641 per
2704 2572 3210 2629 commutationem
3236 2576 3475 2633 subscri-

1838 2667 2102 2723 bentibus
2132 2662 2519 2719 sacerdotibus
2550 2662 2771 2735 offerat,
2798 2670 2863 2720 ut
2891 2670 3018 2720 rata
3049 2670 3107 2721 et
3124 2668 3282 2738 justa
3313 2669 3471 2728 inve-

1841 2761 2035 2816 niatur
2063 2757 2321 2813 deﬁnitio
2367 2758 2793 2813 commutantis.
2836 2758 2991 2813 Tunc
3038 2760 3191 2816 enim
3234 2762 3469 2821 liberam

1839 2852 2366 2921 manumissionem,
2395 2851 2514 2906 sine
2538 2851 2856 2923 patrocinio
2880 2853 3133 2909 ecclesia
3159 2859 3472 2915 concedere

1836 2948 2071 3020 poterit,
2111 2946 2208 3018 qui
2253 2960 2384 2999 eum
2430 2961 2601 3016 quem
2639 2944 2886 3000 libertati
2930 2948 3155 3004 tradere
3196 2950 3467 3023 disponit,

142 3035 779 3107 habent,,admoneantur
808 3042 877 3097 ab
909 3042 1171 3115 episcOpo
1197 3042 1435 3097 civitatis
1455 3042 1653 3115 ipsius,
1678 3046 1741 3098 ut
1831 3041 1956 3113 jam
1971 3039 2090 3113 juri
2105 3038 2341 3112 proprio
2360 3036 2679 3109 acquisivit.
2700 3038 3039 3109 Hujusmodi
3058 3047 3249 3098 autem
3268 3045 3471 3101 liberto

143 3131 299 3187 sicum
321 3133 397 3188 eis
422 3151 777 3206 permanere
804 3136 1063 3208 cupiunt,
1080 3136 1378 3191 Christiani
1400 3136 1735 3203 efficiantur,
1759 3176 1814 3251 Ο
1838 3135 2104 3189 adversus
2129 3132 2426 3188 ecclesiam
2456 3131 2615 3202 cujus
2634 3130 2779 3202 juris
2807 3133 3021 3189 exstitit
3052 3137 3355 3194 accusandi
3381 3140 3471 3197 vel

143 3225 260 3251 ...ειμι
295 3226 334 3251 -:
382 3229 511 3251 -.ι-η
532 3229 667 3251 -..χλι
720 3229 1013 3251 ..-1---.έμι
1063 3232 1395 3251 --..-..-..ι--μ
1449 3231 1565 3251 _.__:-
1620 3246 1728 3251 ..--
1838 3226 2170 3251 ι--ιεα--...ιε
2208 3224 2520 3251 .J-.........l....
2548 3224 2772 3251 ιεηλκιε..
2837 3227 2989 3251 Α---]
3022 3227 3064 3251 ,ξ
3093 3246 3331 3251 __.____-,_,

140 3225 264 3294 quod
295 3226 338 3281 si
380 3229 669 3284 admoniti
720 3229 1034 3297 noluerint,
1060 3232 1413 3301 separentur,
1442 3231 1575 3302 quia
1620 3246 1735 3285 non

140 3322 288 3387 potest
309 3321 558 3377 inﬁdelis
581 3322 642 3377 in
663 3323 784 3394 ejus
802 3339 1147 3395 permanere
1169 3324 1591 3395 conjunctione,
1609 3340 1736 3396 qua

134 3410 227 3480 jam
250 3415 302 3470 in
325 3416 711 3472 Christianam
752 3418 1024 3472 translata
1066 3420 1153 3473 est
1186 3418 1379 3487 ﬁdem,
1412 3418 1507 3472 ﬁlii
1541 3422 1737 3473 autem

141 3508 301 3577 quiex
322 3511 528 3567 talibus
569 3510 691 3566 nati
736 3504 993 3567 existunt
1020 3511 1196 3567 ﬁdem
1238 3516 1410 3584 atque
1454 3511 1735 3567 conditio-

141 3617 247 3657 nem
272 3605 459 3661 matris
483 3610 825 3677 sequantur,
854 3605 1118 3664 similiter
1146 3609 1204 3661 et
1232 3604 1289 3660 hi
1317 3605 1415 3677 qui
1456 3606 1737 3677 procreati

141 3701 245 3751 sunt
290 3698 356 3754 de
405 3698 743 3755 inﬁdelibus
796 3698 1133 3755 mulieribus
1188 3701 1247 3753 et
1294 3699 1559 3753 ﬁdelibus
1604 3698 1738 3753 viris

136 3789 471 3849 Christianam
522 3792 869 3865 religionem
910 3796 1243 3866 sequantur,
1288 3808 1403 3847 non
1446 3791 1738 3849 Iudaicam

139 3887 591 3955 superstitionem.

192 3978 341 4036 LXIII.
368 3983 489 4037 Non
522 3983 722 4054 potest
768 3997 906 4053 erga
946 3979 1206 4037 homines
1255 3997 1372 4037 esse
1416 3980 1595 4035 ﬁdelis
1640 3979 1737 4052 qui

140 4070 228 4127 Deo
280 4076 552 4131 exstiterit
617 4074 882 4130 inﬁdelis.
942 4073 1125 4130 Judai
1173 4091 1313 4146 ergo
1366 4074 1464 4145 qui
1520 4074 1738 4129 dudum

138 4165 397 4224 Christiani
444 4169 639 4225 effecti
683 4171 836 4238 sunt,
868 4172 925 4224 et
952 4184 1106 4223 nunc
1149 4168 1351 4223 Christi
1398 4168 1569 4223 ﬁdem
1601 4184 1739 4239 pra-

138 4260 332 4317 varicati
382 4269 537 4333 sunt,
588 4263 659 4317 ad
715 4262 1110 4318 testimonium
1172 4262 1475 4317 dicendum
1544 4259 1736 4335 116

139 4352 326 4411 admitti
370 4374 486 4412 non
533 4356 772 4423 debent,
817 4355 1074 4428 quamvis
1128 4372 1249 4410 esse
1291 4372 1349 4409 se
1390 4353 1738 4409 Christianos

141 4450 463 4519 annuntient,
497 4449 639 4524 quia
665 4449 813 4504 sicut
840 4449 898 4503 in
926 4449 1038 4504 ﬁde
1075 4449 1283 4504 Christi
1308 4447 1553 4519 suspecti
1583 4453 1733 4518 sunt,

1838 3226 2174 3284 testiﬁcandi
2205 3224 2520 3297 denegatur
2548 3224 2796 3281 licentia.
2836 3227 2993 3295 Quod
3020 3227 3066 3282 si
3093 3246 3471 3305 prasumpse«

1839 3322 1932 3389 rit,
1952 3322 2138 3393 placet
2150 3325 2210 3375 ut
2225 3322 2409 3373 stante
2430 3319 2878 3375 commutatione
2904 3320 2963 3376 in
2991 3323 3322 3381 servitutem
3341 3343 3471 3398 pro-

1838 3415 2021 3487 priam
2045 3416 2337 3469 revocetur
2360 3412 2453 3467 cui
2482 3428 2688 3467 nocere
2717 3416 2977 3469 conatur.

1909 3508 2130 3563 LXVIII.
2164 3509 2481 3562 Consensus
2508 3506 2683 3560 totius
2720 3507 2941 3561 concilii
2977 3508 3251 3582 deﬁnivit,
3284 3515 3349 3569 ut
3374 3531 3467 3571 sa-

1837 3603 2094 3657 cerdotes
2122 3600 2219 3672 qui
2259 3603 2357 3653 aut
2398 3615 2488 3654 res
2529 3615 2660 3654 suas
2701 3600 2950 3655 ecclesia
2994 3601 3343 3677 relinquunt,
3371 3616 3470 3667 aut

1838 3694 1982 3750 nihil
2023 3693 2320 3762 habentes,
2353 3692 2545 3764 aliqua
2581 3697 2775 3748 tamen
2819 3694 3057 3765 pradia,
3085 3706 3183 3753 aut
3222 3700 3468 3758 familias

1837 3787 2083 3845 ecclesiis
2108 3787 2222 3842 suis
2247 3786 2615 3858 conquirunt,
2642 3779 2837 3841 licebit
2888 3787 2997 3843 illis
3033 3790 3251 3863 aliquos
3277 3795 3347 3849 de
3378 3797 3465 3851 fa-

1836 3882 2005 3938 mulis
2032 3881 2290 3951 ejusdem
2320 3878 2572 3934 ecclesia
2602 3879 3013 3936 manumittere
3040 3882 3206 3953 juxta
3243 3888 3325 3942 rei
3361 3890 3469 3944 colo

1837 3977 1963 4031 lata
1984 3975 2215 4030 modum
2242 3989 2413 4045 quem
2444 3972 2665 4045 antiqui
2694 3990 2937 4029 canones
2968 3974 3364 4049 decreverunt,
3390 3982 3469 4039 ita

1840 4074 1901 4125 ut
1926 4086 2055 4124 cum
2076 4066 2297 4140 peculio
2320 4069 2378 4121 et
2403 4066 2730 4138 posteritate
2758 4084 2858 4121 sua
2882 4068 3121 4139 ingenui
3145 4072 3248 4127 sub
3271 4078 3469 4145 patro-

1837 4164 1986 4219 cinio
2007 4162 2259 4217 ecclesia
2282 4164 2568 4229 maneant,
2585 4161 2862 4217 utilitates
2882 4162 3165 4233 injunctas
3185 4166 3291 4222 sibi
3305 4168 3470 4240 juxta

1838 4258 1989 4330 quod
2015 4255 2305 4329 potuerint
2329 4258 2752 4326 prosequentes.

1906 4352 2072 4405 LXIX.
2112 4349 2323 4404 Liberti
2374 4348 2626 4404 ecclesia
2671 4348 2825 4421 (quia
2881 4367 3174 4423 nunquam
3227 4355 3471 4415 moritur

1838 4460 2041 4499 eorum
2070 4442 2336 4515 patrona)
2365 4458 2399 4496 a
2428 4442 2745 4513 patrocinio
2779 4442 3034 4514 ejusdem
3061 4462 3353 4519 nunquam
3381 4452 3468 4508 di-

138 4537 200 4593 ita
223 4541 274 4597 in
296 4544 628 4600 testimonio
652 4544 905 4598 humano
930 4542 1087 4598 dubii
1125 4542 1431 4597 habentur.
1462 4542 1741 4596 Inﬁrmari
1760 4550 1820 4623 D
1844 4538 2094 4604 scedant,
2125 4554 2229 4592 nec
2254 4536 2554 4608 posteritas
2579 4535 2811 4606 quidem
2851 4554 3048 4592 eorum
3084 4539 3226 4595 sicut
3255 4541 3471 4613 priores

138 4647 247 4703 ergo
283 4642 505 4709 oportet
548 4653 757 4693 eorum
808 4635 1198 4692 testimonium
1236 4636 1334 4707 qui
1377 4635 1436 4689 in
1472 4634 1583 4690 ﬁde
1616 4635 1740 4689 falsi

139 4724 397 4802 docentur,
425 4749 535 4787 nec
566 4730 650 4787 eis
679 4747 801 4786 esse
832 4730 1186 4785 credendum
1216 4729 1314 4801 qui
1345 4729 1595 4784 veritatis
1628 4747 1661 4783 a
1683 4745 1741 4784 se

138 4817 277 4877 ﬁdem
300 4825 656 4897 abjecerunt.

193 4916 345 4974 LXIV.
374 4918 752 4991 Pracipiente
780 4917 1027 4974 Domino
1057 4920 1226 4991 atque
1268 4915 1743 4973 excellentissimo

139 5006 410 5069 Sisenando
435 5029 581 5085 rege
608 5013 899 5068 constituit
922 5012 982 5066 id
1024 5016 1282 5067 sanctum
1328 5010 1651 5079 concilium,
1683 5013 1746 5064 ut

136 5100 287 5159 Judai
310 5111 406 5162 aut
421 5108 483 5162 hi
506 5107 612 5178 qui
639 5124 703 5161 ex
728 5106 937 5161 Judais
956 5110 1087 5160 sunt
1113 5106 1300 5160 ofﬁcia
1319 5104 1547 5176 publica
1568 5105 1745 5159 nulla-

140 5196 277 5253 tenus
300 5206 599 5273 appetant,
632 5200 768 5273 quia
794 5201 899 5255 sub
928 5200 1033 5255 hac
1075 5200 1367 5255 occasione
1410 5198 1743 5255 Christianis

138 5289 374 5360 injuriam
399 5296 645 5364 faciunt,
662 5294 908 5365 ideoque
930 5293 1150 5366 judices
1170 5294 1592 5365 provinciarum
1614 5310 1742 5346 cum

139 5387 498 5443 sacerdotibus
527 5404 730 5443 eorum
759 5386 1153 5459 subreptiones
1192 5387 1580 5442 fraudulenter
1610 5385 1740 5441 reli-

139 5481 235 5531 ctas
264 5483 633 5554 suspendant,
662 5485 719 5536 et
762 5481 947 5537 ofﬁcia
996 5481 1222 5552 publica
1268 5498 1366 5535 eos
1416 5496 1587 5550 agere
1630 5498 1744 5534 non

142 5573 464 5638 permittant.
493 5576 552 5631 Si
581 5575 708 5647 quis
732 5578 925 5630 autem
952 5575 1073 5629 hac
1117 5573 1467 5646 permiserit,
1498 5574 1654 5628 velut
1688 5573 1747 5627 in

142 5667 448 5740 sacrilegum
500 5667 1017 5725 excommunicatio
1072 5668 1415 5739 proferatur,
1456 5672 1515 5722 et
1555 5667 1602 5721 is
1650 5667 1749 5739 qui

145 5759 461 5835 subrepserit
493 5763 729 5835 publicis
757 5762 1008 5819 cadibus
1034 5762 1360 5834 deputetur.

206 5854 339 5915 LXV.
372 5859 445 5914 Ex
472 5858 698 5915 decreto
744 5855 1133 5932 gloriosissimi
1176 5854 1449 5932 principis
1479 5856 1585 5913 hoc
1615 5872 1748 5911 sau-

1843 4648 2085 4686 canones
2109 4632 2500 4685 decreverunt.
2524 4632 2598 4683 Ac
2624 4646 2695 4683 ne
2722 4629 2952 4684 libertas
2978 4647 3175 4686 eorum
3195 4633 3253 4689 in
3275 4636 3470 4695 futura

1841 4725 2000 4797 prole
2017 4741 2133 4779 non
2150 4726 2360 4795 pateat,
2380 4722 2611 4793 ipsaque
2629 4722 2930 4793 posteritas
2954 4725 3191 4781 naturali
3210 4727 3474 4800 ingenui-

1841 4822 1961 4874 tate
1987 4818 2248 4873 obnitens
2284 4832 2400 4871 sese
2428 4815 2500 4869 ab
2528 4815 2781 4870 ecclesia
2818 4817 3131 4887 patrocinio
3171 4822 3474 4882 subtrahat

1844 4928 2071 4966 necesse
2099 4914 2204 4977 est,
2229 4915 2290 4964 ut
2316 4912 2431 4962 tam
2460 4907 2519 4961 hi
2545 4907 2757 4977 liberti,
2780 4925 2953 4981 quam
2980 4912 3050 4966 ab
3081 4912 3160 4967 eis
3185 4902 3472 4988 progeniti

1843 5004 2244 5076 professionem
2269 5002 2530 5073 episcopo
2562 5018 2663 5055 suo
2690 5001 2922 5071 faciant,
2950 5020 3055 5075 per
3079 5021 3251 5077 quam
3290 5025 3358 5065 ex
3388 5011 3469 5066 fa.

1844 5098 2003 5154 milia
2046 5097 2299 5153 ecclesia
2348 5094 2579 5150 libertos
2627 5094 2858 5151 effectos
2902 5114 2960 5152 se
3003 5115 3124 5154 esse
3169 5101 3469 5172 fateantur,

1846 5193 2081 5264 ejusque
2112 5190 2494 5263 patrocinium
2523 5206 2642 5244 non
2670 5189 3015 5262 relinquant,
3050 5194 3146 5248 sed
3168 5194 3332 5265 juxta
3362 5197 3471 5251 vir-

1844 5290 2023 5343 tutem
2061 5303 2220 5341 suam
2251 5284 2583 5356 obsequium
2610 5284 2698 5338 vel
2740 5284 3121 5340 obedientiam
3158 5287 3471 5358 praebeant.

1917 5382 2063 5437 LXX.
2093 5379 2300 5435 Liberti
2332 5378 2581 5433 ecclesia
2619 5377 2716 5450 qui
2745 5394 2777 5430 a
2804 5379 3117 5450 patrocinio
3143 5379 3267 5450 ejus
3290 5380 3472 5436 disce-

1848 5477 2049 5531 dentes
2073 5472 2417 5546 quibuslibet
2445 5472 2697 5544 personis
2726 5471 3109 5537 adhaserunt,
3134 5471 3182 5525 si
3199 5472 3475 5532 admoniti

1846 5571 2031 5625 redire
2062 5566 2535 5639 contempserint,
2566 5564 2937 5620 manumissio
2964 5579 3164 5618 eorum
3198 5563 3354 5620 irrita
3382 5568 3472 5638 sit,

1849 5663 1980 5736 quia
2005 5679 2110 5735 per
2139 5660 2540 5716 inobedientia
2584 5661 2977 5729 contemptum
3014 5655 3224 5726 ingrati
3251 5658 3475 5720 actione

1849 5761 2137 5815 tenentur.

1921 5852 2089 5909 LXXI.
2118 5849 2325 5907 Liberti
2351 5848 2598 5907 ecclesia
2628 5845 2779 5921 quia
2807 5843 3240 5921 quibuscunque
3274 5864 3476 5911 manu.
