3964 6178
505 276 609 332 479

1389 276 1672 335 API’END.
1715 279 1801 336 AD
1838 279 2000 334 S.EC.
2046 279 2127 333 IX.
2162 308 2229 317 -~
2271 277 2516 333 lSlDOltl
2556 275 2983 333 MERCATORIS
3681 282 3755 337 480

428 436 442 446 ,
510 386 670 439 missi
699 388 850 453 sunt,
883 390 938 439 et
969 386 1217 440 ecclesia:
1250 388 1566 456 patrocinio
1606 387 1988 442 commendati
2031 387 2141 442 exi-
2163 403 2221 474 Α
2245 393 2328 441 est
2348 386 2679 457 perjurium,
2703 402 2807 438 nec
2833 384 3058 454 regibus
3081 382 3283 437 inferre
3307 383 3760 443 exitium.llostibus

507 482 684 545 stunt,
712 478 855 533 sicut
900 480 1112 550 regula:
1152 481 1524 552 antiquorum
1565 483 1800 536 Patrum
1841 481 2143 535 constitue-

510 577 662 641 runt,
690 572 1026 626 sacerdotali
1059 573 1390 629 defensione
1418 592 1448 628 a
1491 573 1793 645 cujuslibet
1835 575 2143 629 insolentia

507 669 886 738 protegantur
927 665 1040 720 sive
1070 667 1129 720 in
1170 670 1316 721 statu
1362 668 1658 736 libertatis,
1693 668 1806 722 sive
1837 668 1895 722 in
1922 668 2142 739 peculio

507 759 660 832 quod
690 760 903 814 habere
934 764 1268 814 noscuntur.

579 855 777 909 LXXII.
820 853 1156 924 Quicunque
1204 854 1522 909 libertatem
1570 873 1603 908 a
1648 854 1896 909 dominis
1924 854 2038 909 suis
2063 854 2143 909 ita

506 947 848 1019 percipiunt,
865 951 925 1000 ut
948 947 1170 1000 nullum
1199 947 1304 1001 sibi
1326 947 1383 1001 in
1407 947 1486 1002 eis
1508 948 1843 1019 obsequium
1870 953 2144 1019 patronus

511 1033 774 1108 retentet,
806 1039 897 1094 isti
929 1040 974 1093 si
995 1041 1116 1094 sine
1145 1041 1386 1094 crimine
1414 1047 1545 1096 sunt
1572 1041 1644 1095 ad
1676 1042 1974 1096 clericatus
1997 1041 2146 1096 ordi-

512 1151 646 1189 nem
686 1133 1088 1204 suscipiantur,
1121 1135 1258 1205 quia
1298 1135 1512 1189 directa
1551 1134 1998 1190 manumissione
2041 1135 2142 1188 ab-

515 1227 682 1282 soluti
711 1231 1050 1297 noscuntur;
1081 1227 1176 1298 qui
1208 1244 1338 1282 vero
1365 1233 1592 1284 retento
1625 1228 1900 1298 obsequio
1941 1245 2142 1282 manu-

513 1320 667 1374 missi
697 1326 845 1388 sunt,
876 1338 980 1391 pro
1011 1337 1080 1375 eo
1110 1321 1261 1392 quod
1290 1321 1473 1376 adhuc
1501 1323 1723 1392 patroni
1762 1322 2029 1376 servitute
2054 1325 2142 1375 te-

513 1418 722 1468 nentur
764 1413 1012 1482 obnoxii,
1052 1415 1373 1469 nullatenus
1415 1419 1550 1469 sunt
1592 1414 1665 1470 ad
1712 1414 2147 1469 ecclesiasticum

513 1507 771 1562 ordinem
814 1509 1210 1578 promovendi,
1239 1526 1312 1562 ne
1353 1508 1584 1579 quando
1623 1508 1902 1564 voluerint
1947 1525 2145 1562 eorum

515 1600 749 1671 domini,
779 1602 920 1656 fiant
961 1618 1030 1655 ex
1061 1601 1278 1656 clericis
1303 1601 1467 1656 servi.

585 1695 798 1750 LXXIII.
828 1697 904 1750 De
931 1694 1163 1749 familiis
1191 1695 1442 1750 ecclesiae
1483 1695 1826 1750 constituere
1863 1695 2146 1766 presbyte-

2241 481 2453 552 quippe
2501 479 2643 532 Iides
2693 479 2841 550 pacti
2887 478 3072 545 datur,
3102 493 3203 531 nec
3226 478 3462 532 violatur.
3501 479 3636 542 Quod
3663 482 3762 535 siin

2241 573 2389 627 bello
2419 573 2560 626 ﬁdes
2587 572 2795 643 vigeat,
2822 573 3036 642 quanto
3064 569 3244 640 magis
3263 569 3318 624 in
3341 570 3532 625 ceteris
3554 575 3767 629 servanda

2245 665 2357 720 est!
2399 664 2759 736 sacrilegium
2786 663 3000 736 quippe
3028 667 3130 729 est,
3161 663 3208 716 si
3239 662 3461 717 violetur
3497 681 3526 716 a
3561 665 3768 734 gentibus

2242 775 2444 831 regum
2489 774 2725 813 suorum
2771 757 3051 828 promissa
3091 757 3248 826 ﬁdes,
3273 756 3396 828 quia
3423 773 3523 810 non
3547 757 3694 811 solum
3729 759 3771 813 in

2244 869 2341 908 eos
2365 853 2428 906 ﬁt
2454 853 2603 923 pacti
2627 851 3022 923 transgressio,
3056 851 3152 906 sed
3177 856 3234 905 et
3263 851 3319 904 in
3360 851 3538 917 Deum,
3571 850 3620 904 in
3651 851 3771 920 cujus

2244 946 2476 1001 nomine
2525 946 2826 1018 pollicetur
2860 944 2983 1016 ipsa
3028 943 3343 1016 promissio.
3392 943 3515 998 lnde
3553 947 3623 997 est
3661 944 3774 1014 quod

2244 1039 2427 1094 multa
2453 1056 2634 1110 regna
2676 1044 2964 1094 terrarum
3009 1038 3245 1093 caelestis
3283 1036 3564 1104 iracundia,
3589 1035 3653 1091 ita
3675 1053 3774 1108 pcr-

2244 1133 2484 1187 mutavit
2515 1138 2576 1186 nt
2604 1149 2707 1204 pro
2739 1132 3029 1204 impietate
3072 1131 3205 1186 ﬁdei
3249 1133 3305 1186 et
3350 1146 3574 1200 morum,
3597 1130 3777 1184 alterab

2244 1228 2421 1281 altero
2449 1228 2786 1281 solveretur.
2817 1226 2975 1281 Unde
3005 1229 3062 1281 et
3088 1242 3192 1280 nos
3233 1240 3420 1278 cavere
3459 1228 3650 1293 oportet
3682 1240 3778 1276 cau-

2245 1336 2367 1373 sam
2411 1319 2737 1390 hujusmodi
2782 1319 3061 1390 gentium,
3088 1335 3160 1372 ne
3188 1316 3434 1372 similiter
3465 1317 3613 1387 plaga
3651 1316 3778 1370 feria-

2246 1430 2377 1467 mur
2400 1413 2700 1484 praecipiti,
2734 1416 2793 1466 et
2822 1429 2989 1484 pmna
3017 1412 3319 1483 puniamur
3341 1409 3554 1464 crudeli.
3591 1409 3638 1464 Si
3670 1410 3783 1464 enim

2247 1507 2391 1561 Deus
2413 1505 2633 1577 angelis
2652 1505 2710 1560 in
2733 1522 2792 1560 se
2816 1505 3314 1576 praevaricantibus
3335 1519 3445 1558 non
3468 1501 3700 1574 pepercit,
3714 1503 3784 1573 qui

2246 1616 2349 1670 per
2361 1599 2814 1655 inobedientiam
2829 1599 3056 1655 caeleste
3072 1598 3449 1654 habitaculum
3465 1595 3782 1667 perdiderunt,

2247 1693 2397 1748 unde
2429 1696 2486 1747 et
2523 1709 2629 1766 per
2657 1692 2860 1748 Isaiam
2900 1692 3053 1762 dicit,
3090 1712 3117 1744 «
3162 1691 3463 1748 inebriatus
3508 1692 3583 1744 est
3619 1688 3786 1760 gladius

513 1804 628 1854 ros,
662 1793 718 1843 et
760 1788 1027 1843 diacones
1072 1805 1174 1859 per
1222 1789 1516 1860 parochias
1556 1789 1746 1859 liceat,
1772 1805 1912 1860 quos
1951 1792 2144 1843 tamen
2166 1777 2222 1848 B
2248 1803 2412 1840 meus
2442 1786 2501 1840 in
2539 1786 2677 1841 coelo
2707 1788 2854 1856 (1εαὶ.
2887 1803 3074 1856 xxxrv,
3109 1787 3178 1857 5),
3210 1807 3237 1835 ››
3285 1787 3489 1856 quanto
3533 1782 3690 1853 magis
3715 1798 3788 1836 nos

513 1879 642 1936 vitae
686 1881 988 1952 rectitude,
1020 1885 1076 1937 et
1104 1881 1352 1953 probitas
1395 1899 1622 1937 morum
1666 1882 2044 1949 commendat,
2077 1897 2145 1936 ea

510 1977 703 2030 tamen
728 1975 952 2031 ratione
980 1978 1043 2031 ut
1066 1980 1231 2030 antea
1259 1976 1595 2031 manumissi
1621 1975 1941 2032 libertatem
1968 1978 2145 2029 status

515 2067 603 2123 sui
634 2067 970 2140 percipiant,
1012 2073 1069 2124 et
1105 2069 1290 2124 denuo
1332 2070 1405 2124 ad
1446 2069 1857 2124 ecclesiasticos
1902 2069 2145 2123 honores

513 2161 835 2216 succedant.
864 2163 960 2217 Est
989 2161 1145 2216 enim
1177 2162 1565 2234 irreligiosum
1592 2163 1872 2234 obligatos
1908 2163 2145 2217 existere

512 2252 786 2322 servituti,
831 2253 928 2325 qui
975 2255 1120 2312 sacri
1167 2255 1381 2310 ordinis
1425 2256 1742 2327 suscipiunt
1786 2255 2143 2327 dignitatem,

515 2346 797 2418 quidquid
839 2353 1033 2402 autem
1065 2347 1274 2404 talibus
1303 2352 1402 2402 aut
1431 2366 1532 2420 per
1561 2349 1882 2404 libertatem
1913 2365 2144 2404 conces-

517 2457 662 2508 sum,
695 2446 793 2496 aut
822 2441 1175 2497 successione
1218 2442 1496 2498 exstiterit
1525 2443 1742 2512 datum,
1770 2445 1868 2497 aut
1895 2441 2148 2514 quolibet

514 2534 814 2589 commodo
839 2535 1128 2606 collatum,
1152 2553 1267 2591 non
1291 2536 1479 2591 licebit
1504 2535 1584 2590 eis
1616 2535 1909 2608 quippiam
1932 2535 2065 2591 inde
2089 2536 2146 2590 in

514 2632 809 2685 extraneas
839 2646 1106 2701 personas
1146 2629 1553 2698 transmittere,
1583 2630 1678 2686 sed
1705 2629 1899 2684 omnia
1929 2629 2000 2684 ad
2026 2629 2146 2701 ejus

517 2723 812 2777 ecclesiam
841 2739 956 2793 qua
997 2723 1338 2778 manumissi
1364 2728 1498 2778 sunt
1527 2728 1654 2796 post
1693 2740 1890 2778 eorum
1925 2722 2146 2778 obitum

517 2814 820 2888 pertinere.
844 2817 938 2870 His
961 2833 1185 2888 quoque
1214 2817 1358 2871 sicut
1382 2821 1439 2871 et
1463 2817 1678 2871 caeteris
1703 2816 1953 2872 ecclesia:
1979 2815 2148 2872 liber-

516 2910 587 2963 tis
614 2909 918 2964 accusandi
935 2910 1022 2964 vel
1042 2909 1384 2965 testilicandi
1415 2909 1681 2965 adversus
1710 2910 2004 2966 ecclesiam
2031 2911 2145 2966 adi-

517 3005 607 3056 tus
635 3001 1048 3072 intercluditur,
1071 3003 1142 3058 ad
1164 3003 1312 3074 quod
1341 3003 1387 3058 si
1414 3003 1804 3075 aspiraverint,
1827 3021 1942 3059 non
1966 3005 2146 3059 solum

516 3094 792 3150 libertatis
810 3095 1080 3150 beneficio
1105 3101 1352 3163 careant,
1370 3097 1466 3152 sed
1487 3096 1660 3151 etiam
1681 3097 1915 3152 honoris
1943 3098 2142 3170 gradu,

517 3205 691 3259 quem
712 3205 830 3243 non
848 3189 1120 3260 dignitate
1137 3150 1378 3258 naturae,
1399 3189 1498 3245 sed
1519 3194 1775 3262 tempore
1797 3150 2147 3247 necegsitatis
2168 3150 2223 3225 Ο

517 3287 975 3354 promeruerunt.

587 3377 805 3432 LXXIV.
832 3377 965 3432 Post
995 3375 1254 3433 instituta
1295 3378 1560 3449 quaedam
1599 3378 1959 3435 ecclesiastici
2001 3380 2150 3436 ordi-

521 3470 609 3525 nis
635 3471 722 3525 vel
756 3469 981 3526 decreta
1006 3487 1134 3543 quae
1159 3471 1231 3526 ad
1255 3473 1633 3544 quorumdam
1675 3473 1963 3545 pertinent
1989 3473 2150 3530 disci-

518 3564 754 3636 plinam,
774 3567 1066 3637 postrema
1097 3565 1258 3620 nobis
1284 3566 1497 3621 cunctis
1526 3567 1907 3623 sacerdotibus
1926 3571 2149 3624 senten-

519 3658 601 3711 tia
626 3663 730 3728 est,
755 3674 859 3729 pro
887 3659 1088 3714 robore
1132 3665 1458 3715 nostrorum
1489 3676 1711 3732 regum,
1743 3666 1800 3715 et
1843 3661 2148 3717 stabilitate

517 3750 702 3822 gentis
731 3751 1044 3808 Gothorum
1075 3753 1393 3824 pontiﬁcale
1426 3753 1692 3809 ultimum
1710 3755 1814 3810 sub
1832 3754 2150 3827 Deojudice

515 3845 667 3900 ferre
698 3842 1010 3902 decretum.
1040 3846 1342 3903 Multarum
1373 3847 1851 3920 quippegentium
1879 3849 1963 3920 (ut
1999 3849 2150 3905 fama

519 3941 616 4010 est)
644 3943 802 3994 tanta
827 3943 1009 3995 exstat
1035 3941 1275 4013 perﬁdia
1301 3941 1651 4012 animorum,
1686 3945 1746 3996 ut
1770 3943 1942 3998 fidem
1972 3960 2150 3998 sacra-

519 4037 712 4089 mento
725 4034 1067 4104 promissam
1081 4033 1309 4107 regibus
1321 4035 1436 4091 suis
1448 4036 1743 4090 observare
1758 4041 2146 4104 contemnant,

520 4131 576 4181 et
606 4143 702 4180 ore
728 4126 997 4180 simulent
1024 4125 1337 4197 juramenti
1380 4128 1815 4199 professionem,
1844 4129 1984 4184 dum
2020 4129 2151 4184 reti-

522 4225 694 4274 neant
721 4224 916 4274 mente
939 4219 1188 4291 perﬁdia:
1233 4221 1606 4292 impietatem,
1628 4221 1830 4292 jurant
1867 4221 2024 4277 enim
2064 4239 2151 4277 re-

522 4311 686 4384 gibus
715 4312 850 4380 suis,
884 4317 941 4368 et
975 4313 1142 4368 fidem
1170 4329 1345 4386 quam
1388 4314 1746 4386 pollicentur,
1781 4315 2150 4387 praevarican-

523 4409 635 4477 tur,
688 4421 794 4462 nec
836 4409 1103 4462 metuunt
1145 4408 1413 4462 volumen
1461 4407 1598 4464 illud
1643 4407 1845 4479 judicii
1885 4409 2002 4480 Dei,
2050 4427 2152 4482 per

2247 1883 2457 1935 nostrae
2475 1879 2670 1934 salutis
2690 1879 2990 1935 interitum
3009 1879 3213 1934 timere
3235 1879 3514 1945 debemus,
3527 1893 3591 1932 ne
3609 1893 3694 1947 per
3704 1875 3790 1929 inli-

2247 1973 2539 2029 delitatem
2565 1973 2766 2028 eodem
2793 1973 3058 2029 saaviente
3097 1971 3427 2045 pereamusl
3454 1971 3600 2036 Quod
3628 1970 3667 2023 si
3686 1969 3790 2024 divi-

2247 2083 2382 2121 nam
2406 2067 2758 2122 iracundiam
2779 2067 2954 2122 vitare
2985 2067 3270 2136 volumus,
3285 2071 3343 2121 et
3365 2065 3688 2122 severitatem
3705 2063 3792 2133 ejus

2247 2161 2320 2215 ad
2348 2160 2711 2216 clementiam
2750 2177 3052 2233 provocare
3096 2160 3380 2232 cupim‘us,
3409 2175 3665 2215 servemus
3692 2171 3792 2226 erga

2244 2256 2420 2309 Deum
2441 2254 2732 2326 religionis
2757 2255 2975 2309 cultum
2995 2257 3167 2326 atque
3184 2255 3464 2323 timorem,
3478 2251 3794 2308 custodiamus

2247 2365 2386 2420 erga
2415 2348 2701 2419 principes
2733 2353 2956 2404 nostros
2984 2349 3293 2420 pollicitam
3325 2347 3491 2402 tidem
3511 2350 3660 2416 atque
3677 2359 3795 2414 spon-

2246 2441 2488 2496 sionem.
2520 2442 2645 2496 Non
2674 2442 2746 2497 sit
2770 2442 2830 2497 in
2856 2442 3020 2497 nobis
3046 2445 3107 2496 ut
3139 2441 3196 2496 in
3239 2439 3562 2514 quibusdam
3596 2435 3797 2509 gentibus

2246 2535 2592 2590 inﬁdelitatis
2608 2535 2885 2590 subtilitas
2903 2535 3108 2608 impia,
3125 2552 3246 2590 non
3260 2534 3504 2590 subdolae
3520 2531 3697 2588 mentis
3709 2546 3798 2601 per-

2245 2628 2400 2695 ﬁdia,
2427 2645 2544 2684 non
2573 2628 2809 2701 perjurii
2843 2631 3019 2698 nefas,
3053 2632 3110 2684 et
3142 2629 3587 2701 conjurationum
3611 2623 3800 2680 nefanda

2247 2720 2566 2778 molimina.
2607 2723 2802 2778 Nullus
2838 2723 2990 2794 apud
3015 2740 3118 2778 nos
3143 2721 3580 2794 praesumptione
3611 2732 3800 2789 regnum

2246 2815 2504 2887 accipiat,
2533 2815 2726 2871 nullus
2761 2816 2967 2872 excitet
3013 2821 3248 2872 mutuas
3298 2816 3588 2872 seditiones
3627 2811 3800 2873 civium,

2247 2925 2419 2963 nemo
2465 2909 2772 2964 meditetur
2813 2909 3074 2965 interitus
3114 2913 3344 2982 regum,
3372 2909 3468 2965 sed
3505 2907 3729 2963 defuncto
3761 2903 3801 2955 in

2249 3018 2389 3074 pace
2412 3002 2689 3075 principe,
2704 3003 2977 3075 primates
3001 3004 3186 3075 gentis
3206 3021 3340 3059 cum
3358 2999 3701 3058 sacerdotibus
3713 3013 3802 3050 suc-

2248 3113 2532 3152 cessarem
2544 3097 2706 3168 regni
2719 3097 2955 3153 concilio
2977 3098 3275 3153 communi
3297 3096 3625 3153 constituant
3641 3089 3806 3147 utdum

2249 3189 2484 3244 unitatis
2512 3189 2817 3246 concordia
2845 3207 2879 3246 a
2905 3190 3069 3247 nobis
3097 3190 3404 3260 retinetur,
3430 3189 3634 3244 nullum
3655 3181 3804 3256 patria

2250 3283 2552 3355 gentisque
2582 3283 2882 3339 dissidium
2914 3301 3017 3357 per
3044 3284 3160 3340 vim
3193 3283 3524 3340 ambitionis
3555 3281 3803 3336 moveatur.

2249 3376 2412 3442 Quod
2429 3377 2475 3431 si
2495 3378 2619 3432 haec
2647 3377 2960 3433 admonitio
2985 3383 3206 3435 mentes
3234 3383 3455 3434 nostras
3481 3393 3589 3432 non
3609 3369 3806 3441 corrigit,

2249 3476 2308 3525 et
2333 3470 2405 3524 ad
2433 3471 2674 3527 salutem
2703 3488 3073 3527 communem
3100 3489 3196 3528 cor
3229 3478 3484 3528 nostrum
3507 3476 3807 3540 nequaquam

2248 3563 2527 3635 perducit,
2551 3565 2684 3620 audi
2713 3566 3054 3621 sententiam
3085 3570 3364 3622 nostram.
3395 3565 3694 3634 Quicunque
3710 3570 3809 3626 ergo

2249 3675 2318 3713 ex
2342 3657 2525 3726 nobis,
2554 3659 2639 3714 vel
2660 3659 2834 3714 totius
2857 3659 3143 3732 Hispanias
3169 3660 3401 3732 populis
3421 3656 3651 3731 qualibet
3666 3649 3810 3720 conju-

2248 3751 2482 3821 ratione,
2505 3753 2593 3806 vel
2614 3751 2804 3808 studio
2825 3759 3251 3809 sacramentum
3278 3753 3416 3809 fidei
3443 3745 3714 3821 SlltB,ql10d
3737 3756 3810 3814 1)¹“0

2248 3845 2448 3918 patriae
2477 3846 2779 3918 gentisque
2807 3848 3120 3904 Gothorum
3150 3851 3320 3918 statu,
3343 3848 3430 3903 vel
3459 3839 3808 3902 conservatione

2250 3940 2425 4011 regias
2455 3940 2654 3995 salutis
2679 3941 2962 4012 pollicitus
3005 3945 3109 4010 est,
3142 3940 3523 4008 temeraverit,
3553 3941 3644 3992 aut
3666 3944 3811 4003 regem

2247 4049 2387 4089 nece
2409 4035 2804 4104 attrectaverit,
2847 4040 2946 4091 aut
2978 4038 3256 4107 potestate
3301 4034 3467 4107 regni
3513 4028 3722 4093 exuerit,
3744 4024 3813 4077 aut

2247 4127 2692 4199 prmsumptione
2721 4129 3019 4200 tyrannica
3046 4129 3210 4201 regni
3240 4129 3533 4202 fastigium
3570 4132 3813 4194 usurpave-

2247 4220 2342 4290 rit,
2372 4222 2675 4277 anathema
2701 4223 2774 4277 sit
2807 4223 2867 4278 in
2895 4227 3199 4296 conspectu
3238 4224 3342 4279 Dei
3385 4222 3577 4289 Patris,
3605 4222 3656 4274 et
3682 4226 3812 4283 ange-

2248 4314 2454 4384 lorum,
2484 4320 2653 4388 atque
2693 4316 2764 4371 ab
2805 4317 3046 4373 Ecclesia
3075 4317 3362 4374 catholica
3408 4333 3572 4390 quam
3618 4309 3814 4384 perjurw

2248 4409 2649 4480 profanaverit,
2682 4409 2961 4466 efficiatur
2989 4416 3307 4480 extraneus,
3341 4415 3398 4467 et
3431 4411 3501 4466 ab
3537 4405 3675 4463 omni
3706 4401 3815 4456 coll“

520 4500 672 4574 quod
696 4499 989 4556 inducitur
1005 4501 1351 4566 maledictio,
1366 4502 1658 4575 multaque
1677 4519 1976 4574 poenarum
1999 4521 2152 4560 com-
2167 4525 2228 4598 D
2250 4503 2698 4560 Christianorum
2726 4504 2945 4560 alienus
2970 4521 3103 4561 cum
3129 4506 3400 4561 omnibus
3425 4498 3708 4576 impietatis
3731 4506 3815 4548 δαδὶ

521 4595 758 4651 minatio
789 4612 962 4668 super
991 4613 1105 4664 eos,
1131 4596 1227 4669 qui
1245 4596 1442 4668 jurant
1467 4597 1524 4650 in
1556 4597 1786 4653 nomine
1808 4598 1905 4654 Dei
1923 4599 2152 4654 menda-

522 4687 680 4744 citer.
709 4691 842 4758 Quae
875 4706 1011 4762 ergo
1036 4707 1162 4764 spes
1209 4691 1414 4746 talibus
1455 4692 1680 4764 populis
1723 4697 1920 4747 contra
1959 4693 2152 4749 hostes

523 4780 911 4839 laborantibus
940 4785 1086 4841 erit?
1103 4786 1241 4851 Quae
1258 4785 1396 4841 fides
1415 4786 1562 4842 ultra
1587 4803 1719 4841 cum
1744 4787 1866 4841 aliis
1886 4787 2152 4858 gentibus

526 4874 585 4930 in
611 4892 750 4948 pace
777 4878 1060 4934 credenda
1088 4884 1217 4952 post
1241 4879 1421 4936 fmdus
1450 4897 1564 4936 non
1593 4879 1928 4936 violandum
1949 4880 1976 4935 ?
2017 4882 2151 4946 Qua:

520 4967 583 5024 in
637 4968 890 5025 hostibus
931 4973 1064 5043 jura
1115 4973 1300 5028 stabili
1345 4975 1770 5045 permanebunt
1819 4974 2148 5046 sponsione,

524 5063 754 5135 quando
774 5080 878 5118 nec
903 5063 1038 5135 ipsis
1063 5065 1304 5138 propriis
1324 5067 1557 5138 regibus
1566 5067 1813 5139 juratam
1835 5068 2005 5124 tidem
2023 5085 2154 5124 con-

523 5161 768 5228 servant,
794 5157 919 5229 quis
946 5159 1101 5214 enim
1127 5159 1266 5215 adeo
1289 5159 1536 5215 furiosus
1567 5163 1671 5229 est,
1688 5161 1786 5234 qui
1801 5167 1967 5234 caput
1984 5179 2152 5218 suum

523 5267 697 5306 manu
741 5268 844 5306 sua
882 5253 1112 5324 propria
1158 5252 1421 5309 desecet?
1451 5254 1549 5321 Illi,
1586 5260 1648 5310 ut
1678 5258 1878 5310 notum
1906 5261 2008 5326 est,
2041 5257 2148 5310 im-

522 5362 811 5402 memores
853 5346 1045 5403 salutis
1073 5363 1188 5402 suae
1213 5347 1442 5418 propria
1486 5365 1660 5404 manu
1706 5348 1920 5422 seipsos
1961 5349 2153 5404 interi-

522 5443 690 5496 munt
713 5440 772 5495 in
801 5441 1131 5512 semetipsos
1161 5457 1404 5513 suosque
1431 5459 1597 5514 reges
1623 5443 1883 5515 proprias
1912 5459 2148 5498 conver-

523 5535 696 5590 tendo
719 5534 886 5589 vires.
910 5536 1119 5592 Etcum
1141 5534 1417 5591 Dominus
1444 5536 1622 5592 dicat:
1655 5557 1681 5589 «
1704 5537 1887 5592 Nolite
1910 5539 2150 5609 tangere

526 5627 775 5684 Christus
819 5645 977 5684 meos
1003 5629 1050 5701 (Ι
1086 5631 1216 5685 Par.
1246 5645 1356 5700 xvr,
1389 5631 1497 5700 22),
1530 5651 1558 5680 »
1605 5635 1662 5685 et
1707 5631 1878 5699 David
1910 5647 1922 5685 :
1956 5653 1983 5681 «
2016 5631 2152 5696 Quis

526 5721 784 5777 extendit
808 5738 1045 5778 manum
1074 5739 1235 5778 suam
1253 5722 1312 5778 in
1329 5723 1615 5779 Christum
1647 5723 1894 5791 Domini,
1917 5729 1972 5780 et
1995 5725 2151 5781 inno-

529 5826 662 5868 cens
709 5814 854 5871 erit?
882 5839 909 5868 »
945 5817 994 5890 (I
1031 5819 1158 5888 Reg.
1188 5833 1335 5886 xxv1,
1367 5818 1418 5890 9)
1447 5816 1556 5873 illis
1605 5834 1711 5873 nec
1748 5818 1925 5874 vitare
1969 5823 2153 5876 metus

2252 4597 2434 4666 sociis,
2465 4597 2598 4669 quia
2641 4602 2864 4670 oportet
2902 4603 2969 4655 ut
3003 4616 3119 4654 una
3157 4616 3332 4671 pcena
3376 4600 3562 4655 teneat
3597 4587 3814 4650 obnoxios

2249 4707 2391 4762 quos
2411 4690 2611 4746 similis
2631 4708 2793 4748 error
2807 4693 3089 4749 invenerit
3114 4694 3462 4765 implicatos.
3489 4689 3635 4756 Quod
3659 4687 3818 4742 iterum

2251 4785 2502 4840 secundo
2553 4785 2911 4857 replicamus,
2955 4787 3205 4842 dicentes
3249 4805 3262 4843 :
3301 4787 3624 4858 Quicunque
3660 4773 3818 4834 amodo

2253 4895 2321 4934 ex
2351 4879 2538 4950 nobis,
2571 4881 2658 4936 vel
2686 4881 2904 4936 cunctis
2931 4881 3215 4953 Hispaniae
3240 4881 3470 4953 populis
3495 4876 3725 4952 quolibet
3743 4876 3821 4924 tm-

2251 4977 2422 5041 ctatu,
2451 4973 2540 5028 vel
2570 4974 2758 5030 studio
2801 4978 3228 5030 sacramentum
3273 4975 3412 5031 fidei
3442 4991 3553 5029 sua:
3577 4967 3708 5044 quod
3747 4976 3819 5034 P“0

2252 5067 2449 5139 Patriae
2481 5067 2776 5140 gentisque
2802 5068 3112 5124 Gothorum
3137 5072 3308 5140 statu,
3340 5069 3431 5124 vel
3459 5059 3820 5124 conservatione

2255 5161 2431 5232 regia:
2481 5162 2672 5216 salutis
2719 5162 3004 5234 pollicitus
3051 5167 3154 5232 est,
3193 5163 3508 5230 violaverit,
3544 5162 3636 5215 aut
3671 5162 3820 5224 regem

2250 5271 2390 5310 nece
2433 5256 2835 5325 attrectaverit,
2863 5260 2962 5311 aut
2989 5263 3267 5329 potestate
3311 5258 3481 5330 regni
3519 5250 3728 5314 exuerit,
3753 5244 3823 5298 allt

2252 5349 2693 5421 praesumptione
2711 5351 3005 5421 tyrannica
3015 5351 3179 5423 regni
3192 5351 3488 5424 fastigium
3503 5336 3821 5417 usurpaverit,

2253 5443 2560 5498 anathema
2588 5442 2644 5497 in
2673 5448 2974 5516 conspectu
2999 5444 3207 5500 Christi
3238 5448 3296 5500 et
3336 5444 3704 5517 apostolorum
3736 5431 3824 5501 ejus

2252 5536 2343 5605 sit,
2372 5543 2542 5610 atque
2569 5537 2639 5592 ab
2681 5538 2922 5593 Ecclesia
2951 5539 3230 5595 catholica
3262 5555 3439 5611 quam
3466 5531 3697 5609 pexjul'io
3723 5540 3820 5598 Pm'

2252 5629 2546 5702 fanaverit,
2575 5632 2854 5688 efficiatur
2879 5636 3198 5703 extraneus,
3227 5639 3282 5688 et
3310 5633 3384 5687 ab
3413 5629 3568 5686 omni
3593 5616 3824 5682 consortio

2251 5724 2701 5782 Christianorum
2730 5727 2948 5782 alienus
2977 5733 3034 5782 et
3053 5727 3353 5782 damnatus
3377 5726 3438 5782 in
3459 5725 3639 5780 futuro
3651 5709 3823 5791 judicio

2253 5819 2370 5876 Dei.
2387 5819 2810 5877 Habeaturcum
2824 5820 3193 5893 participibus
3212 5819 3346 5890 suis,
3359 5821 3496 5893 quia
3510 5818 3725 5890 dignum
3743 5811 3824 5876 est:
