3964 6178
549 338 647 404 itis

1434 342 1716 404 APPEND.
1755 349 1844 405 an
1881 348 2041 404 saec.
2083 334 2171 403 ix.
2202 376 2270 385 -

2311 346 2559 402 lSlDOBl
2595 331 3017 402 MERCATORIS
3730 332 3804 402 ist

616 461 667 512 5.
738 457 809 509 De
874 454 959 509 his
1023 453 1119 527 qui
1190 455 1473 528 principes
1538 455 1879 513 maledicere
1945 472 2166 529 prmsu-
2190 454 2660 541 Aprobationem
2702 454 2852 509 vocis
2890 453 3037 509 clare
3081 452 3153 508 ob
3197 450 3494 507 custodiam
3528 452 3604 507 sui
3641 456 3810 508 caneth

543 555 730 605 munt.

616 646 667 697 6.
698 644 767 698 Ut
822 659 1024 714 regum
1064 642 1258 699 fideles
1315 660 1348 698 a
1387 642 1804 699 successoribus
1840 658 2043 715 regum
2078 659 2169 697 re-

545 754 673 794 rum
697 737 829 807 jure
856 754 973 792 non
1001 737 1337 792 fraudentur
1364 754 1469 809 pro
1491 738 1773 793 servitutis
1812 738 2099 792 mercede.

617 836 670 886 7.
720 830 884 894 Quod
938 830 997 884 in
1048 829 1376 885 celebritate
1426 836 1759 885 cunctorum
1808 831 2175 885 conciliorum

545 924 797 997 synodus
834 924 1106 979 Toletana
1136 923 1485 995 temporibus
1515 924 1807 979 Sisenandi
1843 924 2037 979 habita
2076 939 2178 995 per

2271 550 2475 605 debeat
2503 550 2871 604 innotescere.

2343 646 2394 698 8.
2428 646 2504 699 De
2530 642 2887 715 indulgentia
2909 641 3229 713 principum
3256 639 3430 695 noxiis
3452 643 3664 694 servata.

2345 739 2396 791 9.
2448 739 2527 792 De
2575 738 2768 792 favore
2838 735 3162 807 principum
3225 733 3434 789 concilii
3486 734 3821 789 acclamatione

2274 847 2559 886 concesso.

989 1210 1403 1303 INCIPIT
1472 1211 2089 1306 CONCILIUM
2155 1209 2847 1307 TOLETANUM
2916 1205 3460 1322 QUINTUM.

624 1394 785 1465 Apud
849 1393 1047 1448 urbem
1092 1395 1422 1449 Toletanam
1484 1395 1716 1450 diversis
1762 1413 1832 1450 ex
1880 1395 2180 1467 provinciis

554 1476 837 1559 Hispaniae
867 1488 1181 1542 sacerdotes
1206 1488 1425 1543 Domini
1459 1489 1555 1559 qui
1582 1489 1639 1542 in
1662 1505 1776 1543 uno
1806 1489 1956 1560 pacis
1994 1490 2180 1543 osculo

550 1582 606 1635 in
657 1580 890 1636 basilica
942 1585 1153 1636 sanctae
1216 1582 1479 1652 martyris
1541 1582 1873 1637 Leochadiaa
1934 1582 2183 1637 consedi-

550 1691 680 1729 mus
712 1674 1025 1745 gratiarum
1064 1675 1312 1729 actiones
1345 1676 1723 1746 omnipotenti
1760 1677 1872 1730 Deo
1907 1675 2178 1746 persolvi-

554 1784 701 1833 mus,
735 1771 968 1839 propter
996 1784 1155 1822 suam
1197 1768 1646 1823 misericordiam
1696 1786 1990 1840 magnam,
2024 1769 2182 1839 cujus
2225 1796 2232 1804 ι

2281 1395 2385 1449 sita
2420 1393 2669 1465 laedendi
2704 1409 2801 1448 eos
2834 1392 3183 1464 praebeatur,
3212 1406 3319 1444 nec
3352 1403 3668 1461 quocunque
3699 1386 3833 1440 modo

2282 1487 2625 1559 quibuslibet
2694 1487 2862 1542 rebus
2909 1489 3102 1556 spreta
3155 1482 3457 1539 dilectione
3507 1481 3833 1536 molestentur.

2281 1584 2410 1637 Haec
2450 1582 2604 1636 enim
2640 1581 2871 1635 licentia
2901 1580 3077 1635 efficit
3118 1582 3176 1632 et
3211 1576 3490 1648 principes
3532 1575 3588 1630 in
3625 1572 3837 1644 subjectis

2283 1679 2587 1747 suspectos,
2617 1678 2673 1728 et
2699 1674 2976 1744 subjectos
3006 1673 3063 1726 in
3094 1671 3257 1725 bonis
3294 1669 3605 1742 principum
3631 1665 3834 1738 cupidos.

2280 1769 2554 1834 Quocirca
2572 1784 2643 1822 ne
2671 1771 2729 1821 et
2748 1767 3042 1838 praemissa
3063 1766 3522 1831 contemnantur,
3538 1766 3590 1816 et
3602 1765 3660 1816 ut
3673 1759 3841 1830 cupidi-

552 1867 696 1917 nutu
735 1861 794 1915 in
834 1861 981 1916 hanc
1017 1862 1393 1916 convenimus
1432 1862 1817 1933 concordiam,
1850 1868 1905 1917 et
1954 1862 2179 1933 gloriosi
2202 1850 2259 1921 B
2283 1866 2367 1917 tas
2392 1862 2547 1917 radix
2576 1860 2834 1915 omnium
2862 1860 3145 1915 malorum
3178 1858 3487 1923 auferatur,
3518 1856 3841 1909 contestamur

550 1954 822 2027 principis
848 1956 1028 2009 nostri
1058 1955 1393 2011 Chintillani
1422 1956 1572 2027 regis
1598 1954 1778 2025 initia,
1809 1956 1880 2011 ob
1907 1956 2067 2026 cujus
2092 1973 2180 2010 sa-

553 2049 686 2103 lutis
714 2052 771 2102 et
788 2049 1067 2104 felicitatis
1088 2049 1460 2104 constantiam
1485 2066 1784 2120 supernam
1811 2049 2185 2121 imploramus

554 2141 941 2209 clementiam,
969 2142 1067 2212 qui
1094 2159 1152 2196 se
1180 2142 1239 2195 in
1275 2142 1674 2197 medio-nostri
1702 2148 1877 2198 costus
1896 2143 2185 2214 ingressus

555 2250 686 2289 cum
719 2233 1086 2304 optimatibus
1125 2240 1179 2288 et
1210 2234 1525 2289 senioribus
1562 2236 1758 2306 palatii
1786 2237 2016 2308 supplex
2057 2253 2182 2291 om-

558 2327 716 2381 nium
760 2327 1106 2381 orationibus
1144 2327 1583 2398 commendavit,
1614 2344 1857 2401 suosque
1884 2330 2077 2383 fideles
2109 2330 2187 2383 ita

557 2421 742 2475 facere
768 2423 957 2475 sancta
983 2420 1373 2476 exhortatione
1403 2422 1610 2493 coegit,
1640 2425 1810 2494 atque
1849 2423 1995 2478 hanc
2020 2423 2184 2477 insti-

554 2514 835 2570 tutionem
859 2531 1031 2585 quam
1067 2530 1136 2569 ex
1164 2520 1444 2586 praecepto
1474 2515 1595 2586 ejus
1642 2519 1699 2569 et
1740 2516 1966 2572 decreto
1993 2520 2187 2572 nostro

555 2608 861 2676 sancimus,
891 2607 1080 2663 divina
1107 2608 1475 2679 inspiratione
1502 2608 1798 2680 praemisit.

626 2704 753 2758 CAP.
783 2702 822 2755 l.
852 2702 1076 2758 Scilicet
1099 2707 1164 2756 ut
1190 2701 1247 2756 in
1277 2706 1479 2757 cuncto
1504 2719 1686 2775 regno
1715 2720 1745 2757 a
1779 2705 1892 2759 Deo
1921 2720 2186 2760 concesso

556 2793 879 2865 specialiter
895 2797 953 2849 et
974 2794 1209 2865 propria
1230 2795 1351 2849 haec
1372 2795 1639 2866 religiosa
1659 2796 1817 2850 omni
1837 2802 2092 2868 tempore
2111 2802 2189 2852 te-

556 2890 763 2943 neatur
800 2886 1178 2954 observantia,
1228 2889 1290 2939 ut
1332 2904 1366 2941 a
1409 2887 1502 2941 die
1543 2888 1743 2943 Iduum
1788 2890 2186 2945 Decembrium

557 2979 751 3035 litania
775 2978 965 3034 triduo
1011 2979 1224 3051 ubique
1266 2997 1453 3034 annua
1480 2982 1827 3038 successione
1854 2989 2186 3055 peragatur.

560 3080 615 3130 et
639 3073 998 3144 indulgentia
1017 3073 1355 3129 delictorum
1375 3074 1637 3146 lacrymis
1655 3076 2009 3149 impetratur.
2026 3078 2189 3143 Quod

559 3168 605 3222 si
642 3167 764 3222 dies
805 3166 1095 3222 Dominica
1133 3167 1539 3239 intercesserit,
1578 3170 1637 3224 in
1674 3171 1932 3242 sequenti
1974 3172 2191 3227 hebdo-

557 3260 729 3316 mada
762 3260 1096 3328 celebretur,
1128 3266 1192 3315 ut
1218 3262 1852 3332 quoniamabundante
1891 3265 2190 3336 iniquitate

561 3354 822 3422 efﬁcitur,
841 3357 908 3408 ut
938 3370 1345 3425 usquequaque
1376 3356 1597 3426 prolata
1625 3357 1845 3412 malitia
1874 3375 2016 3413 nova
2036 3376 2192 3414 exer-

560 3454 683 3504 ceat
735 3448 991 3503 facinora
1019 3490 1035 3515 ,
1081 3464 1228 3502 nova
1273 3464 1499 3520 quoque
1544 3450 1667 3505 haec.
1722 3451 1841 3523 ipsa
1889 3458 2195 3525 consurgat

562 3541 927 3609 consuetudo,
975 3557 1102 3613 quae
1150 3542 1328 3613 possit
1378 3547 1511 3599 ante
1553 3545 1959 3616 omnipotentis
2005 3548 2195 3602 oculos

561 3638 751 3691 nostra
780 3650 900 3689 esse
932 3633 1214 3705 purgatio.

636 3730 697 3784 ll.
742 3728 976 3784 Summa
1002 3732 1194 3783 autem
1226 3727 1389 3783 nobis
1418 3729 1708 3801 vigilantia
1743 3736 1801 3786 et
1831 3733 2032 3805 grandi
2057 3733 2192 3789 reli-

566 3822 747 3897 gionis
777 3839 911 3877 cura
955 3821 1370 3894 providendum
1401 3827 1503 3891 est,
1533 3830 1593 3879 ut
1628 3826 1781 3881 mala
1808 3843 1934 3898 quae
1971 3828 2195 3883 assidue

565 3916 845 3989 perhibita
866 3920 1272 3988 perpetrantur
1285 3916 1699 3989 circumspecta
1716 3920 2010 3992 disciplina
2026 3923 2198 3977 eccle-

566 4010 791 4067 siastica
827 4008 1227 4080 exstirpentur.
1274 4010 1397 4064 Non
1435 4012 1588 4065 enim
1621 4018 1703 4067 est
1739 4014 2023 4069 incassum
2060 4016 2194 4070 scri-

568 4109 730 4176 ptum
764 4119 777 4158 :
819 4102 1117 4157 Pestilente
1164 4102 1449 4175 ﬂagellato
1490 4105 1691 4159 stultus
1732 4107 2043 4177 sapientior
2068 4109 2194 4165 erit.

569 4195 954 4262 Quamobrem
981 4194 1249 4266 quoniam
1277 4197 1752 4268 praeponderante
1778 4217 1949 4258 onere
1978 4203 2201 4258 delicto-

571 4306 701 4345 rum
730 4287 1082 4359 experientia
1109 4304 1293 4359 paenae
1322 4305 1549 4360 semper
1590 4307 1657 4346 ac
1693 4310 1843 4365 saepe
1880 4296 2002 4351 fieri
2031 4297 2196 4353 disci-

571 4399 702 4439 mus
727 4381 877 4455 quod
916 4398 1261 4453 magnopere
1287 4382 1462 4438 vitare
1503 4384 1793 4443 debemus.
1822 4390 1987 4453 Quod
2028 4392 2202 4448 etiam

571 4476 887 4534 custoditur
922 4472 1053 4532 cum
1098 4476 1207 4532 hoc
1236 4476 1388 4549 quod
1424 4476 1626 4534 divinis
1652 4482 2025 4540 sacramentis
2066 4504 2199 4560 spo-

575 4572 908 4644 pendimus,
956 4570 1274 4627 temeritate
1323 4589 1438 4627 non
1483 4573 1777 4631 violamus.
1829 4578 2073 4652 Ideoque
2118 4584 2281 4674 estD

573 4666 1045 4739 compescendum
1067 4665 1222 4737 quod
1242 4666 1442 4721 crebro
1458 4666 2199 4745 inveniturtransgressum.

579 4757 690 4816 Sed
716 4776 788 4814 ne
814 4760 1176 4815 succedentes
1204 4760 1548 4831 praecedant,
1577 4778 1639 4818 ac
1668 4764 1873 4821 deinde
1902 4775 2207 4839 sequentes

580 4852 872 4908 invideant
898 4852 1212 4920 altioribus,
1246 4858 1303 4909 et
1328 4858 1533 4911 cuncta
1557 4858 1747 4929 quieta
1775 4865 1830 4915 et
1853 4866 2055 4932 pacata
2084 4879 2210 4935 per-

582 4949 874 5014 maneant,
918 4946 1039 5001 hmc
1076 4946 1133 5002 iu
1171 4947 1407 5004 consilio
1444 4953 1825 5008 communiter
1859 4956 2211 5012 considerata

584 5039 842 5095 defertur
866 5039 1167 5108 sententia,
1187 5044 1249 5093 ut
1274 5043 1506 5096 servetis
1536 5061 1887 5119 quaecunque
1910 5048 2212 5105 universali

584 5139 640 5189 et
665 5149 875 5205 magna
905 5132 1117 5203 synodo
1142 5132 1365 5205 provisa
1403 5137 1828 5212 conscriptaque
1866 5142 2015 5197 circa
2050 5145 2208 5217 prin-

586 5226 777 5298 cipum
812 5226 1050 5281 salutem
1079 5230 1135 5281 et
1163 5226 1466 5283 utilitatem
1502 5234 1654 5286 sunt.
1686 5233 1814 5289 Haec
1853 5252 2078 5310 quoque
2111 5239 2211 5294 ad-

578 5321 732 5394 jecta
773 5319 1189 5390 custodiantur,
1224 5320 1483 5377 videlicet
1539 5328 1602 5379 ut
1646 5328 1803 5382 omni
1857 5329 2213 5401 benignitate

585 5415 857 5487 omnique
878 5413 1145 5470 ﬁrmitate
1166 5414 1310 5470 circa
1329 5431 1559 5473 omnem
1580 5422 1920 5490 potestatem
1942 5424 2215 5499 principis

586 5509 763 5564 nostri
793 5507 1129 5562 Chintillani
1156 5508 1304 5580 regis
1330 5513 1589 5567 teneatur
1620 5512 1867 5583 dilectio,
1891 5521 1948 5571 et
1971 5519 2219 5590 praebem

590 5610 684 5658 tur
721 5602 1053 5657 rationabile
1095 5601 1439 5658 defensionis
1477 5606 1905 5680 adminiculum,
1939 5628 2009 5667 ne
2048 5614 2216 5669 rebus

584 5698 735 5767 juste
779 5694 1016 5768 provisis
1053 5700 1155 5752 aut
1210 5698 1383 5753 etiam
1430 5705 1730 5770 parentum
1790 5704 1961 5777 digna
2025 5710 2215 5780 provi«

592 5789 750 5842 sione
780 5790 1095 5861 procuratis
1134 5792 1217 5846 vel
1254 5792 1400 5863 juris
1432 5795 1781 5868 proprietate
1818 5797 2024 5871 injuste
2061 5803 2216 5857 frau-

591 5879 896 5955 dulentur,
953 5898 1057 5941 uec
1106 5904 1139 5941 ει
1188 5898 1477 5962 quoquam
1531 5909 1704 5948 causa
1778 5891 1966 5953 illicite
2019 5898 2216 5972 exquis

2285 1972 2482 2011 omnes
2511 1960 2823 2027 praesentes
2851 1957 2908 2008 et
2926 1954 3207 2020 absentes,
3230 1952 3319 2005 vel
3348 1950 3517 2005 etiam
3536 1946 3718 2003 futuris
3737 1952 3842 2000 tem-

2285 2050 2520 2122 poribus
2562 2050 2991 2119 consequentes,
3032 2063 3225 2100 coram
3274 2047 3387 2099 Deo
3425 2048 3482 2097 et
3526 2041 3720 2113 angelis
3754 2039 3842 2108 ejus

2286 2144 2436 2215 quod
2466 2143 2511 2197 si
2537 2142 2838 2214 quisquam
2859 2138 3282 2196 contestationis
3302 2140 3601 2193 temerator
3625 2131 3843 2188 exstiterit

2284 2243 2454 2309 atque
2502 2240 2883 2307 contemptor,
2928 2238 2985 2288 et
3028 2248 3370 2305 quacunque
3419 2226 3844 2301 argumentatione

2285 2331 2475 2386 odiose
2511 2347 2605 2384 eos
2644 2329 2966 2396 molestare,
3007 2332 3105 2383 aut
3142 2328 3201 2381 in
3232 2326 3424 2398 aliquo
3462 2324 3627 2379 fuerit.
3662 2323 3845 2375 conatus

2286 2424 2510 2492 laedere,
2572 2424 2644 2478 sit
2695 2424 2999 2477 anathema
3050 2422 3107 2476 in
3161 2420 3605 2476 Christianorum
3647 2413 3846 2469 omnium

2287 2522 2454 2585 coetu,
2470 2521 2641 2588 atque
2667 2533 2915 2588 superno
2936 2516 3358 2571 condemnetur
3375 2512 3603 2584 judicio,
3620 2512 3682 2563 sit
3697 2522 3845 2577 expro-

2286 2611 2519 2666 brabilis
2550 2611 2815 2666 omnibus
2851 2610 3140 2665 catholicis
3183 2614 3238 2663 et
3275 2604 3664 2662 abominabilis
3693 2599 3849 2655 sanctis

2288 2705 2505 2777 angelis
2530 2705 2589 2759 in
2617 2704 2929 2759 ministerio
2967 2703 3063 2757 Dei
3106 2701 3449 2769 constitutis,
3478 2699 3547 2754 sit
3573 2699 3669 2752 hoc
3692 2693 3847 2749 saeculo

2286 2799 2564 2870 perditus,
2592 2801 2649 2852 et
2683 2798 2740 2852 in
2782 2798 2973 2852 futuro
3010 2795 3427 2851 condemnatus
3461 2793 3556 2865 qui
3592 2796 3694 2846 tam
3725 2789 3848 2843 recta

2288 2892 2592 2964 provisioni
2624 2892 2809 2947 noluit
2838 2891 3093 2963 prmbere
3123 2905 3488 2945 consensum.

2360 3024 2446 3078 Ill.
2467 3023 2775 3095 Inexpertis
2798 3022 2954 3077 novis
2981 3022 3233 3077 moribus
3253 3037 3462 3075 novam
3487 3019 3638 3074 decet
3654 3011 3849 3071 invenire

2292 3116 2598 3183 medelam,
2645 3120 2992 3187 quapropter
3026 3114 3299 3187 quoniam
3333 3118 3467 3168 sunt
3494 3106 3851 3166 inconsiderata:

2212 3223 2266 3297 ρ
2295 3211 2674 3281 quorumdam
2702 3213 2945 3276 mentes,
2976 3213 3033 3263 et
3069 3225 3127 3263 se
3162 3208 3407 3262 minime
3445 3205 3730 3277 capientes,
3752 3212 3852 3269 quos

2290 3320 2394 3358 nec
2422 3304 2583 3375 origo
2613 3308 2796 3373 ornat,
2825 3320 2927 3357 nec
2958 3302 3134 3357 virtus
3162 3302 3415 3368 decorat,
3448 3299 3545 3371 qui
3573 3294 3754 3369 passim
3774 3304 3850 3361 pu-

2292 3400 2416 3451 tant
2444 3398 2789 3468 licenterque
2824 3397 2895 3451 ad
2929 3396 3142 3467 regalia
3167 3394 3488 3466 majestatis
3515 3388 3775 3465 pervenire
3795 3384 3853 3435 fa-

2293 3490 2498 3563 stigia:
2530 3490 2699 3561 hujus
2726 3490 2810 3545 rei
2840 3507 3007 3545 causa
3039 3493 3233 3544 nostra
3264 3489 3528 3544 omnium
3550 3500 3668 3540 cum
3690 3483 3854 3536 invoca-

2292 3584 2445 3639 tione
2474 3584 2662 3639 divina
2689 3583 2977 3655 praebetur
3007 3582 3308 3649 sententia,
3339 3587 3405 3636 ut
3434 3580 3481 3635 si
3507 3579 3624 3651 quis
3648 3574 3758 3629 talia
3778 3584 3856 3624 me-

2296 3678 2502 3732 ditatus
2523 3677 2712 3743 fuerit,
2728 3693 2900 3748 quem
2920 3693 3027 3731 nec
3053 3676 3253 3731 electio
3273 3674 3540 3730 omnium
3566 3667 3767 3744 prmiicit
3786 3676 3853 3716 uec

2295 3770 2541 3826 Gothica:
2568 3770 2755 3842 gentis
2792 3770 3059 3824 nobilitas
3088 3769 3162 3824 ad
3192 3770 3346 3824 hunc
3375 3768 3591 3841 apicem
3628 3760 3789 3821 trahit,
3811 3754 3858 3806 sit

2297 3863 2583 3920 consortio
2618 3863 3026 3918 catholicorum
3056 3862 3334 3935 privatus,
3368 3868 3425 3918 et
3465 3860 3645 3915 divino
3677 3850 3855 3909 anathe-

2297 3960 2453 4013 mate
2473 3957 2905 4013 condemnatus.

2371 4081 2457 4135 IV.
2486 4080 2633 4151 Ergo
2665 4078 2797 4150 quia
2826 4083 2881 4133 et
2906 4077 3171 4150 religioni
3195 4077 3499 4132 inimicum
3526 4078 3583 4130 et
3602 4064 3861 4128 hominibus

2299 4177 2514 4228 constat
2543 4189 2662 4228 esse
2691 4172 3076 4245 perniciosum
3105 4172 3295 4226 futura
3338 4171 3534 4226 illicite
3574 4165 3803 4237 cogitare,
3824 4158 3860 4207 cl

2301 4284 2457 4322 casus
2503 4266 2829 4338 principum
2899 4266 3227 4338 exquirere,
3269 4282 3335 4319 ac
3390 4264 3497 4319 sibi
3543 4262 3599 4316 in
3637 4258 3860 4331 posterum

2301 4360 2599 4434 providere
2639 4376 2772 4415 cum
2815 4359 3088 4432 scriptum
3127 4359 3199 4413 sit
3242 4373 3255 4413 :
3304 4381 3333 4408 «
3387 4359 3508 4413 Non
3556 4359 3636 4410 est
3672 4352 3859 4403 vestrum

2300 4472 2464 4510 nosse
2502 4458 2800 4509 momenta
2836 4455 2921 4508 vel
2965 4458 3227 4525 tempora
3265 4468 3399 4523 qua:
3432 4444 3596 4507 Pater
3635 4439 3791 4518 posuit
3821 4434 3861 4487 in

2304 4567 2403 4604 sua
2437 4552 2717 4621 potestate
2753 4548 2897 4619 (Act.
2941 4565 2979 4617 ι,
3017 4548 3090 4619 7),
3135 4570 3162 4597 ››
3202 4547 3314 4602 hoc
3349 4547 3577 4601 decreto
3611 4545 3860 4629 censemus.

2306 4649 2369 4699 ut
2398 4642 2654 4713 quisquis
2692 4642 2955 4697 inventus
2996 4641 3171 4696 fuerit
3196 4640 3332 4695 talia
3358 4636 3708 4712 perquisisse,
3731 4631 3777 4683 οἱ
3807 4640 3862 4720 τις

2305 4741 2472 4792 vente
2503 4735 2761 4809 principe
2789 4736 2849 4791 in
2876 4735 3051 4791 alium
3077 4734 3388 4790 attendisse
3419 4750 3524 4805 pro
3552 4732 3726 4786 futura
3747 4728 3865 4787 res!“

2308 4847 2427 4904 spe,
2449 4836 2548 4886 aut
2569 4830 2710 4885 alios
2735 4830 2795 4885 in
2825 4846 2885 4884 se
2917 4834 3148 4902 propter
3171 4828 3231 4883 id
3250 4827 3572 4891 attraxisse,
3592 4840 3624 4879 δ
3649 4812 3868 4876 contentu

2310 4925 2717 4982 catholicorum
2747 4941 2878 4979 cum
2903 4921 3511 4980 excommunicationis
3536 4910 3782 4973 sententia
3802 4917 3866 4956 ex-

2310 5021 2576 5094 pellatur.

2384 5148 2445 5201 V.
2488 5145 2597 5201 Sed
2636 5149 2692 5200 et
2723 5144 2830 5199 hoc
2862 5159 2966 5216 pro
3004 5142 3404 5216 pestilentiosis
3435 5136 3716 5197 hominum
3744 5135 3869 5223 moi“

2312 5238 2419 5295 bus
2444 5239 2654 5295 salubri
2680 5238 3085 5294 deliberatione
3112 5253 3431 5302 censemus,
3455 5250 3527 5289 ne
3555 5229 3674 5302 quis
3694 5225 3744 5280 in
3763 5229 3873 5290 ΡΜ·

2316 5335 2501 5407 cipem
2549 5333 2848 5388 maledicta
2895 5335 3200 5403 congerat,
3260 5327 3531 5400 scriptum
3577 5327 3654 5377 est
3696 5313 3818 5371 enim
3845 5318 3871 5405 V3

2316 5428 2638 5500 legislatore
2667 5443 2681 5485 ;
2715 5448 2743 5476 «
2777 5425 3098 5497 Principem
3140 5423 3333 5497 populi
3366 5420 3449 5475 tui
3476 5437 3547 5474 ne
3586 5408 3875 5497 maledixeui

2320 5522 2510 5591 (Brod.
2543 5537 2672 5591 xxu,
2697 5520 2808 5592 28).
2834 5543 2860 5569 »
2889 5519 3051 5587 Quod
3078 5519 3125 5573 si
3152 5518 3276 5590 quis
3300 5516 3513 5580 fecerit,
3545 5507 3871 5595 excommlllllf

2319 5616 2540 5671 cation'c
2593 5615 2971 5670 ecclesiastica
3018 5614 3343 5684 plectatur:
3391 5625 3521 5662 nam
3571 5605 3613 5658 si
3656 5587 3875 5684 maledicti

2320 5726 2565 5781 regnum
2598 5710 2695 5765 Dei
2727 5726 2838 5764 non
2868 5708 3252 5780 possidebunt,
3274 5706 3486 5777 quanto
3509 5696 3677 5768 magis
3705 5687 3808 5743 talis
3826 5675 3875 5727 ab

2320 5803 2562 5859 Ecclesia
2583 5803 2903 5859 necessario
2931 5802 3177 5873 pellitur,
3196 5800 3293 5873 qui
3321 5797 3526 5852 divina:
3552 5789 3769 5846 violator
3784 5787 3877 5830 δρα·

2321 5899 2516 5955 tentias
2546 5898 2831 5954 invenitur
2853 5896 2881 5954 ?
