3964 6178
146 362 227 427 είμὸ
1327 364 1800 431 DECRETAUL‘M
1839 376 2224 431 COILECTIO.

3345 372 3365 439 ,ᾗ
3380 380 3446 440 κς)

194 484 263 534 \‘l.
289 479 465 534 Simili
485 479 833 551 providentia
860 498 965 551 pro
993 480 1255 535 fidelibus
1288 497 1490 553 regum
1522 489 1714 538 nostra
1736 498 1793 571 Α
1884 487 2014 540 Vlll.
2042 487 2101 540 In
2131 485 2217 540 his
2246 487 2509 542 omnibus
2536 505 2662 559 quas
2694 490 3083 560 praemisimus
3105 498 3442 560 potestatein

128 576 264 629 datur
301 572 599 640 sententia,
645 578 711 627 ut
754 572 1006 645 quisquis
1055 579 1341 645 superstes
1390 575 1712 647 principum

128 666 382 734 exstiterit,
423 666 572 735 juste
619 666 679 720 in
721 666 892 721 rebus
934 664 1250 738 proﬂigatis
1298 673 1397 724 aut
1449 670 1711 740 largitate

125 763 359 836 principis
380 764 661 835 acquisitis
688 766 902 820 nullam
934 765 1140 821 debeat
1166 766 1373 822 habere
1404 767 1708 838 jacturam,

124 880 231 918 nam
272 862 310 915 si
352 862 584 917 licenter
641 866 698 917 et
740 863 948 934 injuste
1001 866 1407 936 perturbentur
1456 864 1711 921 fidelium

123 960 327 1019 mentes,
355 971 523 1011 nemo
554 956 771 1028 optabit
806 957 1106 1029 proprium
1147 975 1212 1013 ac
1251 957 1418 1013 fidele
1456 959 1711 1030 prmbere

124 1048 440 1120 obsequium,
496 1049 630 1103 dum
686 1056 890 1105 cuncta
930 1055 1134 1106 nutant
1181 1051 1238 1105 in
1295 1051 1599 1120 incertum,
1656 1056 1713 1106 et

121 1144 169 1195 in
187 1143 356 1196 futuro
376 1140 716 1197 discriminis
738 1143 1047 1198 formidant
1066 1161 1316 1211 causam,
1337 1143 1437 1199 sed
1466 1145 1632 1199 saluti
1656 1150 1711 1199 et

121 1235 259 1289 rebus
275 1251 463 1290 eorum
489 1235 821 1308 principalis
842 1235 1024 1307 pietas
1046 1236 1219 1292 debet
1244 1238 1499 1309 praebere
1518 1238 1711 1293 suffra-

121 1329 211 1398 gia,
234 1327 495 1400 exemplis
543 1329 695 1384 enim
748 1330 942 1384 caeteri
988 1335 1370 1402 provocantur
1417 1331 1491 1385 ad
1536 1332 1708 1387 fidem

120 1438 222 1474 cum
249 1421 426 1476 fideles
455 1439 573 1477 non
600 1422 937 1477 fraudantur
963 1425 1253 1479 mercede.

174 1515 260 1568 VII.
315 1516 545 1585 Propter
592 1517 875 1570 malarum
931 1518 1213 1571 mentium
1275 1518 1607 1573 facilitatem
1655 1524 1710 1574 et

120 1607 368 1662 memoriae
389 1608 689 1663 oblivionis
711 1610 815 1663 hoc
831 1610 1207 1664 sacratissima
1223 1612 1423 1665 statuit
1440 1612 1706 1682 synodus,

119 1705 166 1753 ut
184 1701 232 1754 in
258 1701 402 1755 omni
422 1702 666 1756 concilio
689 1703 1087 1774 episcoporum
1117 1703 1399 1775 Hispaniae
1419 1705 1707 1759 universa-

117 1792 168 1845 lis
190 1794 386 1848 concilii
413 1795 709 1849 decretum
755 1796 909 1867 quod
956 1799 1193 1867 propter
1242 1796 1564 1868 principum
1600 1815 1706 1852 no-

1813 578 2188 649 indulgentia).
2218 579 2276 633 in
2306 582 2485 651 culpis
2510 582 2963 653 delinquentium
2997 583 3237 653 principi
3270 601 3448 638 rescr-

1811 688 2009 726 vamus
2041 714 2053 738 ,
2113 677 2178 726 ut
2223 673 2387 743 juxta
2436 673 2709 729 bonitatis
2760 692 2874 730 sua:
2925 676 3296 730 moderamen
3349 678 3444 732 ubi

1812 765 2270 820 emendationem
2290 767 2645 838 prospexerit
2664 768 2963 837 mentium,
2981 769 3201 823 veniam
3232 769 3448 825 tribuat

1812 859 2127 930 culparum.

1882 953 1963 1006 1X.
2010 953 2105 1006 His
2157 969 2288 1007 vero
2336 953 2602 1007 omnibus
2654 954 2826 1009 finem
2875 960 2933 1009 et
2983 954 3157 1009 robur
3206 956 3444 1010 subscri-

1811 1045 2003 1116 ptione
2034 1051 2229 1101 nostra
2260 1046 2546 1113 facientes,
2582 1047 2818 1119 gloriam
2850 1052 2907 1102 et
2931 1048 3156 1103 laudem
3179 1049 3439 1120 omnipo-

1810 1139 1951 1193 tenti
1978 1139 2216 1194 Domino
2257 1140 2373 1194 Deo
2404 1141 2462 1194 in
2494 1144 2776 1212 quantum
2821 1140 3146 1195 mortalium
3190 1142 3441 1197 valitudo

1812 1232 1963 1299 sinit,
1993 1232 2317 1301 reddimus;
2349 1238 2471 1304 post
2502 1234 2623 1288 haec
2650 1233 2864 1304 gratias
2883 1233 3353 1289 excellentissimo
3384 1238 3441 1289 et

1811 1324 2217 1397 gloriosissimo
2241 1326 2481 1397 principi
2513 1332 2708 1381 nostro
2744 1327 3097 1383 Chintillano
3136 1328 3258 1399 regi
3304 1344 3434 1399 per-

1809 1419 2050 1489 egimus,
2068 1420 2228 1490 cujus
2243 1419 2412 1473 ardor
2427 1420 2559 1473 fidei
2573 1420 2821 1475 studium
2836 1421 2999 1475 honre
3014 1420 3366 1489 intentionis,
3383 1425 3443 1476 et

1810 1513 2201 1567 unanimitatis
2215 1510 2263 1584 1
2282 1510 2331 1584 1
2347 1510 2408 1585 8
2421 1512 2782 1568 concordiam
2796 1514 2961 1569 nobis
2978 1514 3175 1569 tribuit
3187 1518 3244 1570 et
3262 1514 3443 1569 chari-

1808 1607 2158 1661 tatis.Donet
2186 1606 2238 1659 ei
2269 1606 2543 1661 Dominus
2586 1607 2656 1661 de
2702 1607 2946 1663 inimicis
2970 1607 3350 1679 triumphum,
3384 1612 3442 1662 et

1809 1699 1878 1753 de
1903 1699 2253 1754 beatitudine
2285 1699 2580 1770 gaudium,
2610 1701 2888 1755 custodiat
2917 1718 3052 1756 eum
3085 1702 3439 1773 protectione

1807 1793 2046 1860 assidua,
2073 1798 2125 1847 et
2154 1793 2375 1847 muniat
2399 1793 2563 1847 bona:
2590 1794 2894 1873 voluntatis
2937 1811 3053 1849 suae
3089 1795 3436 1867 circumspe-

119 1891 323 1941 strorum
338 1891 417 1941 est
431 1888 672 1943 salutem
692 1889 1081 1957 constitutum,
1108 1889 1349 1961 peractis
1370 1891 1709 1945 omnibusin
1728 1863 1785 1934 Β
1808 1887 1990 1940 ctione
2034 1886 2334 1953 tutissima,
2387 1887 2546 1957 cujus
2589 1904 2832 1958 regnum
2882 1891 3080 1943 manet
3120 1889 3179 1942 in
3237 1890 3440 1943 saecula

119 1980 294 2048 synodo
320 1981 549 2051 publica
595 1998 727 2037 voce
778 1981 986 2037 debeat
1012 1983 1397 2055 pronuntiari,
1430 1987 1709 2054 quatenus
1809 1980 2166 2035 saeculorum.
2201 1982 2316 2050 Ego
2342 1980 2628 2051 Eugenius
2663 1981 2951 2035 Toletanaa
2981 1981 3256 2051 Ecclesia,
3302 1999 3435 2052 pro-

117 2088 233 2143 szepe
258 2073 586 2144 replicatum
615 2075 848 2130 auribus
878 2075 965 2130 vel
1002 2076 1333 2130 assiduitate
1376 2076 1706 2148 iniquorum
1807 2073 2004 2128 vincite
2034 2074 2491 2145 Carthaginensis
2515 2075 2987 2146 metropolitanus
3016 2075 3437 2147 episcopus,his

116 2181 242 2219 mens
266 2168 447 2221 territa
484 2168 825 2240 corrigatur,
859 2185 988 2239 qua
1027 2170 1096 2224 ad
1128 2169 1621 2241 praevaricandum
1650 2171 1708 2225 et
1806 2167 2071 2221 omnibus
2097 2167 2165 2221 de
2197 2165 2413 2222 caeteris
2445 2183 2704 2222 annuens
2749 2167 2873 2222 sub.
2921 2167 3192 2223 Similiter
3241 2172 3298 2223 et
3340 2169 3437 2223 alii

118 2258 352 2315 oblivione
380 2265 434 2315 et
461 2261 741 2316 facilitate
772 2262 1120 2333 perducitur.

1400 2417 1705 2428 v—u-.————-

1710 2414 2092 2426 ——-——_-.—-—

1806 2261 2053 2343 episcopi
2082 2260 2537 2332 subscripserunt
2563 2277 2803 2316 numero
2832 2261 3054 2333 viginti.

2106 2413 2265 2424 ...η-ο.

784 2520 1184 2588 INCIPIUNT
1229 2522 1619 2588 CAPITULA
1662 2521 1993 2587 CONCILII
2037 2519 2429 2585 TOLETANI
2475 2519 2723 2584 SEXTI.

172 2680 209 2733 l.
235 2679 303 2735 De
325 2680 683 2753 plenitudine
710 2684 845 2739 fidei
864 2684 1177 2741 catholicae.

166 2775 207 2826 2.
231 2774 300 2829 De
325 2775 718 2832 observatione
741 2778 1094 2834 litaniarum.

168 2868 208 2921 3.
237 2868 305 2922 De
330 2870 589 2924 custodia
614 2870 747 2926 fidei
775 2872 1122 2927 Iudaeorum.

166 2960 208 3014 4.
235 2962 299 3015 De
323 2962 702 3019 damnatione
746 2966 1075 3021 clericorum
1119 2983 1222 3039 per
1269 2965 1572 3037 pecuniam
1621 2984 1705 3021 ec-

115 3053 399 3112 clesiasticos
424 3057 645 3129 gradus
671 3059 1115 3130 assequentium.

164 3150 204 3201 5.
229 3148 298 3202 De
324 3150 624 3222 stipendiis
658 3152 991 3207 clericorum
1022 3170 1094 3209 ne
1138 3170 1172 3209 a
1213 3154 1346 3224 jure
1384 3153 1704 3209 alienentur

113 3240 442 3311 ecclesiarum,

161 3336 202 3388 6.
229 3336 293 3390 De
318 3338 445 3393 viris
472 3344 541 3393 et
566 3339 793 3395 feminis
816 3340 992 3395 sacris
1016 3340 1373 3412 propositum
1403 3346 1694 3413 transgre-

111 3424 344 3485 dientibus
367 3449 625 3488 sacrum.

162 3523 202 3575 7.
232 3522 297 3577 De
320 3526 737 3597 paenitentibus
762 3528 1303 3599 transgressoribus.

155 3616 196 3668 8.
224 3616 369 3681 Quod
394 3620 745 3692 quibusdam
772 3622 1181 3693 paenitentibus
1202 3622 1440 3694 pristina
1468 3622 1695 3677 tradan-

104 3707 174 3759 tur
192 3710 433 3783 collegia.

153 3803 194 3854 9.
220 3804 285 3859 De
314 3806 737 3877 professoribus
767 3813 825 3863 et
861 3807 1183 3865 obedientia
1227 3809 1567 3866 libertorum
1612 3829 1697 3867 ec-

101 3891 245 3951 etesiae

152 3990 221 4044 l0.
262 3991 333 4046 De
377 3992 664 4065 progenie
707 3995 1048 4052 libertorum
1083 3995 1331 4053 ecclesias
1380 4014 1453 4054 ne
1492 3998 1571 4054 eis
1606 3998 1696 4054 vel

99 4075 148 4133 de
170 4088 620 4153 pronuntiatione
647 4089 720 4144 ab
745 4090 980 4146 ecclesia
1006 4091 1177 4147 liceat
1206 4092 1452 4164 evagari.

1880 2688 1966 2739 11.
1998 2684 2077 2738 Ne
2106 2685 2162 2739 in
2195 2684 2548 2739 accusatione
2573 2682 2834 2754 legitima
2861 2682 3147 2756 quispiam
3177 2683 3442 2740 condem-

1806 2782 1994 2834 netur.

1880 2875 1965 2927 12.
2000 2872 2075 2925 De
2101 2870 2562 2943 confugientibus
2587 2871 2657 2925 ad
2683 2871 2891 2926 hostes.

1877 2968 1963 3021 13.
1993 2966 2065 3020 De
2092 2965 2308 3020 honore
2335 2964 2641 3036 primatum
2671 2965 2889 3037 palatii.

1878 3061 1962 3115 14.
1992 3060 2070 3114 De
2099 3059 2559 3115 remuneratione
2586 3058 2790 3115 collata
2815 3058 3076 3116 fidelibus
3102 3076 3327 3132 regum.

1876 3156 1960 3209 15.
1985 3153 2061 3208 Ut
2086 3169 2175 3207 res
2202 3152 2455 3207 ecclesia:
2485 3170 2519 3207 a
2544 3153 2892 3226 quibuslibet
2923 3153 3077 3225 justc
3118 3154 3336 3210 collata:
3378 3153 3439 3210 in

1802 3264 1998 3303 earum
2022 3246 2190 3302 ﬁrma
2220 3246 2525 3302 stabilitate
2553 3252 2947 3318 permaneant.

1875 3344 1960 3397 16.
1990 3342 2065 3397 De
2090 3340 2480 3397 incolumitate
2503 3343 2562 3395 et
2586 3341 2906 3396 adhibenda
2931 3342 3233 3397 dilectione
3258 3342 3434 3414 regia

1799 3434 1993 3505 prolis.

1875 3532 1959 3584 17.
1995 3530 2071 3584 De
2101 3527 2188 3583 his
2233 3527 2330 3599 qui
2375 3543 2509 3599 rege
2562 3527 2865 3600 superstite
2908 3534 3007 3583 aut
3052 3528 3159 3583 sibi
3189 3532 3286 3583 aut
3310 3529 3433 3583 aliis

1798 3624 2130 3680 adfuturum
2165 3620 2471 3693 provident
2500 3637 2768 3694 regnum,
2813 3626 2871 3677 et
2908 3623 2977 3678 de
3022 3623 3274 3695 personis
3305 3640 3431 3695 quce

1797 3715 2176 3790 prohibentur
2204 3715 2275 3770 ad
2302 3731 2549 3786 regnum
2583 3716 2872 3770 accedere.

1872 3813 1956 3867 l8.
1991 3811 2066 3865 De
2093 3808 2352 3865 custodia
2372 3809 2499 3865 vita:
2518 3808 2843 3881 principum
2863 3813 2920 3864 et
2946 3808 3273 3865 defensione
3295 3826 3429 3880 pro-

1796 3904 2122 3961 cedentium
2152 3918 2355 3974 regum
2382 3919 2415 3956 a
2444 3902 2814 3975 sequentibus
2843 3901 3189 3959 adhibenda.

1871 4001 1955 4054 19.
1992 3998 2068 4053 De
2099 3997 2418 4070 gratiarum
2438 3996 2757 4052 actionibus
2784 3996 2841 4052 in
2871 3998 3280 4053 communione
3302 4013 3432 4053 con-

1794 4092 1906 4148 cilii
1930 4094 2042 4149 Deo
2070 4093 2127 4146 et
2157 4090 2398 4163 principi
2426 4090 2592 4146 datis.
3254 4102 3255 4105 ‘

492 4398 917 4499 INCIPIT
1005 4403 1623 4502 CONCILIUM
1713 4402 2407 4502 TOLETANUM
2496 4403 2987 4499 SEXTUM.

145 4598 607 4698 convenientibus
658 4607 820 4662 nobis
873 4608 1269 4682 Hispaniarum
1334 4610 1687 4685 Gallicizeque
1707 4624 1767 4698 D
1789 4627 1936 4680 xuv,
1967 4612 2044 4679 2),
2075 4630 2103 4662 η
2134 4613 2189 4663 et
2208 4608 2370 4679 juxta
2396 4607 2736 4679 ρτσριλείδσι
2766 4622 2779 4660 ⁵
2812 4604 3056 4660 verbum
3079 4602 3212 4658 feeit
3230 4601 3421 4698 muni"

92 4693 405 4757 pontificibus
452 4717 588 4755 cum
637 4702 933 4757 orthodoxi
977 4709 1035 4759 et
1082 4704 1305 4776 gloriosi
1358 4706 1688 4761 Chintillani

93 4785 211 4853 rﬁgis
233 4791 573 4849 salutaribus
602 4795 997 4865 hortamentis,
1028 4797 1242 4871 absque
1283 4800 1689 4871 impedimento

91 4872 133 4928 in
170 4885 415 4950 praetorio
459 4888 756 4956 Toletano,
802 4890 861 4945 in
905 4890 1141 4947 ecclesia
1194 4898 1400 4949 sanctas
1439 4894 1685 4948 Leocha-

90 4966 170 5023 ὧδε
193 4980 448 5050 martyris
474 4980 709 5037 sedibus
740 4983 1046 5052 collocatis,
1095 4985 1198 5041 sub
1230 4985 1321 5041 die
1366 4992 1524 5041 sexta
1563 4985 1689 5041 Idus

89 5058 318 5131 Januarii.
340 5086 500 5130 anno
524 5075 710 5147 primo
730 5078 985 5148 priedicti
1004 5080 1278 5153 principis
1299 5085 1356 5135 et
1377 5081 1689 5152 triumpha-

89 5156 199 5211 toris
223 5161 443 5234 Christi,
474 5185 593 5223 mra
624 5186 847 5241 ncnxxx,
880 5173 1180 5228 statuimus
1224 5173 1420 5228 subter
1452 5174 1684 5230 inserta.

143 5251 253 5309 Cir.
277 5260 319 5313 l.
348 5260 493 5315 Cum
529 5262 777 5333 primum
804 5265 1184 5337 omnipotenti
1212 5268 1325 5323 Deo
1356 5285 1460 5341 pro
1480 5284 1688 5323 corona

92 5338 310 5417 fratrum,
340 5353 416 5407 ita
444 5371 771 5413 numerosae
799 5360 995 5431 gratia:
1026 5361 1084 5415 in
1114 5359 1283 5415 nobis
1312 5362 1550 5417 fuissent
1565 5379 1688 5433 per-

94 5441 222 5506 acta,
244 5444 383 5500 nihil
412 5448 641 5519 melius,
694 5451 836 5507 nihil
880 5453 1158 5508 salubrius
1187 5455 1442 5510 omnium
1480 5456 1690 5511 insedit

94 5530 248 5587 ἴίῦῖῐιὶο
285 5555 455 5609 quam
507 5560 662 5598 more
702 5547 906 5617 synodi
951 5547 1280 5604 universalis
1323 5553 1450 5620 post
1493 5551 1688 5605 solem-

98 5621 167 5675 nia
206 5631 511 5698 perfuncta:
557 5639 830 5694 orationis
872 5642 1025 5712 quod
1071 5647 1260 5697 mente
1307 5643 1547 5698 interius
1598 5662 1687 5699 ru-

72 5714 415 5808 ‘lllinabamus
439 5728 634 5801 lingua
661 5749 1043 5802 narraremus,
1090 5738 1147 5790 et
1190 5735 1342 5808 quod
1369 5736 1537 5791 corde
1563 5755 1684 5792 cre-

103 5804 352 5886 debamus,
381 5836 482 5877 ore
510 5829 856 5882 ructaremus
882 5845 1129 5901 superna
1154 5830 1380 5885 favente
1408 5832 1687 5886 sententia

102 5914 202 5982 quae
220 5909 290 5964 ait
310 5928 324 5965 :
352 5934 378 5961 ‹‹
396 5914 674 5977 Eructavit
695 5938 795 5977 cor
814 5938 1006 5979 meum
1029 5923 1265 5980 verbum
1287 5923 1501 5980 bonum
1521 5924 1684 5999 (Psal.

1787 4722 1895 4761 nus
1912 4698 2297 4759 abbreviatum
2317 4716 2492 4772 super
2506 4703 2745 4755 terram.
2762 4698 3145 4763 Quamobrem
3162 4714 3232 4753 ex
3251 4696 3424 4752 abun-

1788 4798 1979 4854 dantia
1996 4796 2174 4853 nostri
2199 4794 2384 4849 cordis
2412 4795 2484 4848 sit
2501 4791 2784 4847 confessio
2806 4792 2955 4846 vocis
2972 4796 3038 4847 ut
3056 4791 3228 4846 fidem
3245 4806 3419 4863 quam

1790 4893 2047 4948 omnium
2079 4907 2243 4945 mens
2267 4886 2605 4943 intrinsecus
2645 4889 2845 4958 gestat,
2870 4885 2929 4940 in
2962 4885 3307 4941 confessione
3333 4886 3418 4941 in-

1788 4990 2009 5058 terpres
2034 4985 2230 5055 lingua
2255 4982 2391 5038 foris
2410 4979 2684 5036 effundat.
2704 4981 2900 5051 Itaque
2917 4979 3202 5035 credimus
3222 4984 3277 5034 et
3298 4996 3422 5052 pro-

1788 5081 2018 5134 fitemur
2041 5076 2480 5132 sacratissimam
2525 5073 3140 5145 omnipotentissimam
3180 5074 3418 5129 Trinita-

1787 5177 1927 5241 tem,
1949 5174 2192 5237 Patrem,
2213 5175 2271 5225 et
2301 5170 2523 5238 Filium,
2557 5174 2614 5223 et
2634 5166 2905 5239 Spiritum
2934 5171 3211 5235 sanctum,
3239 5183 3421 5220 unum

1789 5268 1970 5323 Deum
2007 5267 2187 5321 solum
2243 5282 2377 5334 non,
2425 5261 2763 5329 solitarium,
2797 5261 2966 5316 unius
2995 5260 3275 5325 essentiie,
3309 5260 3417 5312 vir-

1787 5358 1960 5427 tutis,
2019 5360 2307 5432 potestatis
2340 5400 2353 5426 ,
2411 5356 2768 5427 majestatis,
2826 5354 3109 5426 uniusque
3163 5357 3415 5421 naturas,

1790 5454 2097 5509 discretam
2145 5453 2203 5507 in
2258 5450 2666 5523 separabilibus
2719 5448 3006 5521 personis,
3061 5446 3419 5501 indiscretum

1788 5548 2161 5603 essentialiter
2188 5545 2502 5601 substantia
2529 5543 2770 5609 deitatis,
2803 5541 3129 5596 creatriccm
3160 5538 3419 5593 omnium

1788 5645 2203 5710 creaturarum,
2254 5640 2482 5695 Patrem
2534 5637 2855 5709 ingenitum
2907 5633 3238 5701 increatum,
3291 5632 3420 5686 fon-

1788 5739 1906 5790 tem
1939 5739 1996 5789 et
2026 5736 2305 5805 originem
2335 5734 2507 5789 totius
2532 5729 2859 5793 divinitatis,
2878 5726 3082 5781 Filium
3101 5743 3131 5778 ιι
3156 5728 3320 5781 Patre
3341 5727 3424 5781 in-

1789 5830 2182 5901 temporaliter
2212 5834 2342 5883 ante
2370 5808 2603 5881 omnem
2642 5826 2960 5877 creaturam
2990 5819 3113 5875 sine
3140 5818 3299 5875 initio
3333 5836 3428 5892 ge-

1789 5925 1974 5982 nitum
2004 5940 2117 5980 non
2152 5928 2489 5987 creaturam,
2520 5934 2651 5973 natu
2682 5933 2788 5972 nec
2832 5915 2998 5970 Pater
3024 5931 3275 5993 unquam
3307 5917 3428 5975 sine
