3964 6178
523 298 617 350 157

517 408 671 473 1⁵1110,
707 422 806 458 nec
840 404 1006 457 Filius
1029 403 1241 456 exstitit
1270 403 1388 456 sine
1415 406 1598 471 Patre,
1623 403 1718 455 sed
1756 408 1943 455 tamen
1973 402 2143 455 Filius
2179 449 2185 473 ,

519 503 659 552 Deus
705 500 770 551 de
823 500 983 550 Patre
1035 499 1169 564 Deo,
1202 514 1314 550 non
1366 498 1526 550 Pater
1575 499 1717 548 Deus
1747 497 1811 548 de
1849 496 1983 549 Filio
2013 498 2140 562 Deo,
2171 472 2188 496 ί

514 595 605 647 ille
659 597 849 645 autem
906 591 1074 643 Filius
1131 591 1325 656 Patris,
1382 594 1439 642 et
1493 593 1633 642 lleus
1690 590 1758 643 de
1825 592 1987 642 Patre
2046 606 2146 659 per

515 687 702 740 omnia
750 685 1049 754 coaequalis
1089 684 1258 747 Patri,
1315 684 1457 736 Deus
1509 700 1671 735 verus
1716 684 1783 735 de
1832 684 1943 735 Deo
1991 700 2141 750 vero,

516 779 788 849 Spiritum
839 794 1032 829 verum
1098 779 1357 828 sanctum
1415 791 1599 844 neque
1657 777 1912 845 genitum
1962 792 2145 845 neque

514 878 790 935 creatum,
838 871 932 923 sed
981 870 1048 922 de
1096 871 1254 922 Patre
1285 869 1535 938 Filioque
1568 870 1969 939 procedentem
2004 869 2142 921 utri-

512 982 690 1036 usque
739 981 859 1016 esse
922 962 1220 1032 Spiritum.
1272 965 1351 1014 Ac
1404 979 1503 1032 per
1554 963 1657 1014 hoc
1703 963 2148 1014 substai'itialiter

516 1077 693 1113 unum
724 1062 855 1111 sunt
885 1057 984 1126 qui
1016 1060 1069 1108 et
1097 1072 1244 1108 unus
1276 1055 1346 1108 ab
1376 1059 1615 1126 utroque
1645 1055 1918 1126 procedit.
1952 1058 2008 1109 111
2044 1055 2145 1107 hac

513 1163 705 1211 autem
735 1155 1007 1208 Trinitate
1039 1157 1197 1207 tanta
1236 1158 1320 1206 est
1346 1154 1532 1205 unitas
1562 1154 1908 1218 substantize,
1943 1159 2001 1206 ut
2027 1153 2148 1222 plu-

513 1251 734 1304 ralitate
764 1253 970 1314 careat,
999 1252 1054 1299 et
1084 1246 1464 1316 mqualitatem
1494 1252 1700 1300 teneat.
1731 1248 1841 1299 Nec
1870 1246 2059 1299 minor
2091 1246 2145 1297 in

514 1343 752 1412 singulis
777 1358 949 1411 quam
977 1341 1030 1392 in
1065 1340 1348 1407 omnibus,
1383 1357 1486 1392 nec
1521 1341 1704 1408 major
1729 1357 1896 1409 quam
1928 1339 1983 1391 in
2031 1339 2142 1391 sin-

515 1437 659 1508 gulis
687 1435 942 1506 personis
970 1437 1182 1486 manet.
1215 1435 1287 1486 Ex
1316 1433 1402 1485 his
1459 1433 1639 1486 tribus
1683 1433 1988 1485 divinitatis
2016 1449 2142 1501 per-

514 1531 665 1585 sonis
695 1530 874 1582 solum
911 1527 1112 1580 Filium
1142 1527 1385 1580 fatemur
1432 1527 1502 1579 ad
1553 1526 2004 1595 redemj'itionem
2036 1526 2143 1578 hu-

514 1625 668 1678 mani
728 1621 973 1692 generis,
1033 1626 1264 1691 propter
1310 1621 1608 1690 culparum
1658 1619 1844 1672 debita
1883 1637 2007 1688 qua}
2045 1636 2147 1688 per

511 1716 954 1786 iuobedientiam
979 1715 1113 1766 111101
1142 1713 1515 1783 originaliter,
1550 1717 1605 1766 et
1637 1718 1826 1765 nostro
1856 1713 2029 1766 libero
2055 1730 2141 1764 ar-

1417 295 1702 349 APPENU.
1747 295 1832 348 AD
1871 294 2033 349 SEC.
2076 295 2162 349 IX.
2193 323 2259 334 --
2299 293 2537 350 lSlDORI
2577 295 3001 350 MERCATORIS

3702 307 3769 352 ts:

2246 404 2487 457 haereses
2522 405 2920 474 exstirpantur,
2964 405 3022 457 in
3054 403 3158 457 hac
3189 403 3365 457 omnis
3393 406 3597 460 Ecclesia
3627 412 3775 463 0111111

2240 497 2359 567 jaru
2383 497 2592 551 ccelesti
2621 515 2798 567 regno
2830 498 3092 566 deinceps
3132 498 3190 550 in
3218 498 3410 551 szeculo
3439 503 3663 568 pI‘tDSOHll
3689 505 3776 573 glo-

2247 592 2444 656 riatur,
2479 598 2536 644 et
2562 610 2678 646 non
2710 592 2764 644 in
2801 592 2907 644 alia
2934 591 3040 644 tide
3069 597 3152 645 est
3187 611 3212 641 1(
3244 593 3400 658 salus,
3431 610 3520 645 nec
3553 595 3675 648 enim
3706 614 3777 650 110-

2248 702 2380 738 men
2414 686 2564 738 aliud
2610 689 2694 738 est
2740 686 2842 738 sub
2888 686 3026 739 cado
3074 687 3272 738 datum
3325 686 3608 739 hominibus
3632 689 3677 740 111
3701 707 3783 759 quo

2248 783 2506 850 Oporteat
2533 797 2631 832 nos
2674 780 2853 832 salvos
2886 779 3006 831 lieri
3037 779 3176 846 (Act.
3211 796 3282 842 1v,
3321 782 3413 846 l2).
3444 802 3464 827 ››

2320 875 2378 926 ll.
2412 873 2842 943 Iteligiosissimi
2891 873 3163 943 principis
3211 873 3380 925 nostri
3419 874 3721 928 devotionem
3750 882 3789 929 et

2249 971 2574 1021 nostrorum
2618 967 3084 1020 consacerdotum
3141 967 3327 1036 primo
3375 984 3511 1020 anno
3552 969 3687 1037 regni
3729 971 3789 1021 sui

2249 1060 2709 1114 constitutionem
2757 1078 2884 1113 cum
2935 1077 3148 1129 magna
3182 1060 3480 1113 reverentia
3525 1066 3791 1115 0110110111-

2247 1154 2402 1208 tione
2428 1154 2814 1224 suscipientes,
2851 1171 3020 1224 quam
3043 1155 3389 1222 constatjam
3419 1154 3472 1206 in
3499 1155 3632 1206 omni
3659 1172 3793 1222 regno

2249 1265 2348 1300 suo
2375 1265 2562 1300 annua
2595 1248 2708 1300 vice
2745 1248 3034 1314 celebrari,
3054 1264 3223 1317 quam
3253 1248 3454 1317 placuit
3478 1248 3626 1300 etiam
3649 1254 3796 1300 nostra

2249 1341 2561 1394 assertione
2610 1341 2822 1393 1111111111
2855 1360 2866 1394 :
2899 1341 3138 1411 proinde
3187 1341 3499 1393 universalis
3529 1342 3797 1393 auctoritate

2249 1451 2542 1489 censemus
2574 1435 2815 1500 concilii,
2841 1438 2904 1486 ut
2937 1435 2989 1486 111
3022 1435 3140 1487 dies
3166 1434 3477 1487 litaniarum
3504 1451 3614 1504 qua:
3636 1434 3681 1486 in
3705 1451 3799 1501 svu-

2249 1529 2356 1582 odo
2387 1529 2676 1598 prmmissa
2707 1531 2837 1581 sunt
2865 1527 3127 1595 instituti,
3164 1529 3364 1581 eodem
3393 1529 3444 1581 in
3476 1535 3693 1596 tempore
3719 1543 3800 1595 quo

2240 1622 2382 1692 jussi
2405 1625 2537 1675 sunt
2568 1622 2761 1685 excoli,
2793 1639 2984 1674 annuo
3015 1639 3241 1675 recursu
3291 1621 3440 1675 omni
3479 1620 3802 1674 observatinuc

2249 1715 2567 1768 habeantur
2616 1715 2990 1781 celeberrimi,
3047 1719 3106 1769 ut
3160 1733 3262 1785 pro
3311 1717 3414 1768 illis
3463 1714 3642 1785 quibus
3688 1730 3801 1765 nunc

510 1817 679 1871 bitrio
707 1813 1094 1869 contraximus
1120 1811 1452 1865 resolvenda
1485 1815 1701 1864 secreto
1745 1810 1942 1875 Patris,
1968 1828 2034 1863 ex
2063 1828 2147 1862 ar-
2166 1793 2222 1863 B
2247 1825 2425 1879 usque
2458 1809 2626 1862 simul
2655 1826 2848 1861 sumus
2877 1809 3142 1878 implicati
3175 1810 3409 1875 delictis,
3439 1809 3500 1862 sit
3539 1810 3704 1860 nostra
3730 1822 3801 1859 cx-

511 1929 650 1965 cano
679 1908 1016 1980 prodidisse,
1049 1909 1102 1959 et
1130 1905 1424 1959 hominem
1453 1905 1575 1957 sine
1610 1909 1842 1974 peccato
1873 1905 1938 1956 de
1961 1909 2149 1956 saneta

512 2021 738 2076 semper
763 2003 983 2072 virgine
1014 2000 1178 2054 Maria
1200 1998 1582 2068 assumpsisse,
1607 1998 1839 2050 utidem
1863 1997 2027 2049 Filius
2049 1996 2147 2050 Dei

512 2099 685 2153 Patris
714 2100 861 2150 esset
887 2095 1054 2148 Filius
1082 2093 1350 2158 hominis,
1385 2094 1530 2146 Deus
1565 2092 1848 2161 perfectus
1877 2094 1932 2143 et
1970 2092 2144 2143 homo

510 2193 812 2264 perfectus,
855 2189 1137 2254 111-1101110
1187 2187 1467 2256 perfectus
1516 2189 1572 2237 et
1617 2187 1762 2237 Deus
1808 2190 1952 2238 esset
2001 2201 2145 2236 unus

511 2286 786 2348 tlhristus,
821 2281 1039 2334 naturis
1087 2281 1142 2332 in
1188 2279 1405 2333 duabus
1449 2295 1564 2331 una
1611 2293 1868 2347 persona,
1907 2294 1977 2328 ne
2012 2294 2148 2346 qua-

513 2378 746 2432 ternitas
788 2374 1048 2429 Trinitati
1097 2373 1412 2438 accederet,
1445 2371 1487 2423 si
1519 2371 1573 2424 in
1601 2371 1821 2424 Christo
1858 2370 2146 2438 geminata

510 2490 753 2544 persona
787 2474 951 2522 esset.
988 2470 1135 2537 Ergo
1165 2485 1197 2520 a
1228 2468 1408 2531 Patre,
1441 2469 1492 2518 et
1522 2465 1730 2535 Spiritu
1761 2468 1956 2517 sancto
1985 2481 2142 2534 sepa-

509 2567 700 2620 rabilis
723 2565 967 2618 creditur
994 2579 1256 2632 persona,
1281 2560 1348 2613 ab
1372 2560 1606 2612 homine
1626 2564 1816 2612 autem
1852 2562 2143 2627 assumpto

509 2668 730 2725 natura,
751 2659 898 2712 idem
914 2674 1039 2710 cum
1058 2657 1252 2710 eodem
1271 2654 1506 2707 homine
1534 2669 1677 2706 unus
1703 2655 1884 2706 exstat
1907 2668 2146 2722 persona

509 2772 636 2807 cum
659 2756 819 2806 Patre
845 2755 897 2804 et
918 2750 1129 2819 Spiritu
1155 2752 1347 2801 sancto
1370 2751 1590 2812 natura,
1610 2763 1691 2812 ac,
1717 2746 1859 2798 sicut
1881 2745 2142 2810 diximus,

511 2866 576 2901 ex
609 2847 830 2900 duabus
853 2844 1066 2898 naturis
1091 2848 1147 2896 et
1175 2859 1284 2894 una
1306 2857 1562 2910 persona,
1593 2855 1741 2892 unus
1769 2841 1851 2891 est
1875 2839 2144 2891 Dominus

515 2943 710 2994 noster
753 2940 909 2992 Jesus
953 2936 1221 3000 Christus,
1257 2934 1313 2986 in
1363 2933 1545 2986 forma
1573 2932 1884 2985 divinitatis
1917 2931 2144 3001 aequalis

510 3034 677 3100 Patri,
711 3032 770 3086 in
799 3033 979 3085 forma
1022 3028 1166 3082 servi
1215 3027 1405 3080 minor
1448 3029 1634 3080 Patre.
1690 3027 1814 3078 11100
1858 3028 1942 3077 est
1990 3026 2145 3077 enim

511 3145 613 3182 vox
643 3127 763 3197 ejus
789 3126 848 3178 in
882 3125 1098 3194 psalmo
1130 3139 1142 3175 :
1181 3143 1207 3170 ‹‹
1243 3123 1317 3174 De
1355 3126 1552 3175 ventre
1587 3120 1786 3172 matris
1816 3135 1960 3172 meae
2003 3120 2142 3172 Deus

511 3238 670 3275 meus
721 3236 780 3272 es
815 3223 869 3270 tu
903 3217 1062 3284 (Psal.
1121 3231 1233 3280 xxx,
1283 3216 1389 3283 ll).
1423 3234 1448 3264 »
1507 3214 1676 3266 Natus
1723 3213 1914 3281 itaque
1962 3229 1992 3264 a
2035 3214 2142 3265 Deo

510 3315 634 3370 sine
661 3317 861 3377 matre,
894 3315 1062 3364 natus
1089 3327 1120 3362 a
1154 3308 1372 3378 virgine
1412 3308 1530 3360 sine
1561 3308 1747 3372 Patre,
1772 3307 1923 3359 solus
1955 3325 1981 3355 ‹‹
2015 3306 2144 3359 Ver-

508 3411 646 3463 bum
675 3423 804 3462 caro
830 3407 1044 3459 factum
1073 3406 1175 3470 est,
1214 3407 1269 3455 et
1299 3401 1577 3455 habitavit
1616 3400 1673 3453 in
1724 3399 1884 3453 nobis
1925 3400 2139 3471 (Joann.

509 3520 545 3569 1,
581 3504 684 3573 14).
721 3523 746 3550 ››
770 3501 839 3554 Et
864 3516 992 3553 cum
1021 3501 1139 3552 tota
1166 3501 1469 3566 cooperata
1519 3495 1590 3548 sit
1634 3495 1875 3548 Trinitas
1925 3495 2140 3548 forma-

509 3597 696 3652 tiones
724 3593 968 3664 suscepti
1001 3590 1268 3658 hominis,
1293 3589 1565 3660 quoniam
1594 3588 1993 3658 inseparabilia
2013 3590 2146 3640 sunt

511 3687 1001 3762 opera'l‘rinitatis,
1018 3687 1168 3740 solus
1185 3690 1377 3739 tamen
1397 3683 1566 3737 Filius
1583 3682 2142 3753 suscepithominem

510 3786 566 3840 in
583 3782 976 3855 singularitate
993 3795 1273 3854 personae,
1298 3795 1410 3831 non
1433 3777 1492 3830 in
1511 3777 1728 3830 unitate
1749 3775 1952 3830 divina}
1974 3779 2141 3828 natu-

513 3897 611 3946 110,
652 3878 710 3932 id
752 3879 836 3931 est
880 3874 1035 3946 quod
1068 3873 1364 3944 proprium
1399 3877 1483 3925 est
1512 3871 1635 3924 Filii
1661 3887 1775 3924 non
1801 3869 1955 3939 quod
1984 3885 2140 3922 com-

515 3975 685 4028 mune
717 3974 802 4025 est
824 3967 1101 4024 Trinitati.
1131 3968 1270 4020 Nam
1297 3966 1344 4018 si
1373 3981 1548 4019 unam
1586 3964 1703 4018 nati
1750 3963 2012 4027 hominis,
2043 3961 2144 4015 Dei

514 4069 748 4122 alteram
767 4062 1096 4117 confecisset
1116 4076 1437 4131 personam,
1453 4063 1570 4112 tota
1585 4058 1826 4111 Trinitas
1842 4072 2042 4126 corpus
2063 4072 2146 4108 as-

513 4159 860 4231 sumpsisset,
881 4155 1153 4226 quoniam
1185 4157 1410 4207 constat
1437 4157 1694 4206 naturam
1718 4149 2005 4204 Trinitatis
2028 4166 2144 4203 esse

518 4270 708 4319 unam,
764 4267 877 4304 non
921 4253 1115 4302 tamen
1165 4263 1484 4317 personam.
1539 4243 1636 4298 Hic
1689 4261 1824 4314 ergo
1873 4243 2144 4298 Dominus

513 4351 711 4404 noster
737 4347 760 4400 J
769 4361 896 4398 esus
918 4342 1170 4396 Christus
1193 4339 1398 4394 missus
1420 4357 1452 4393 a
1474 4339 1636 4392 Patre
1655 4338 1962 4408 suscipiens
1991 4338 2144 4408 quod

513 4460 631 4500 non
661 4443 800 4507 erat,
851 4454 955 4492 nec
1000 4435 1268 4489 amittens
1313 4433 1463 4503 quod
1512 4437 1650 4499 erat,
1702 4431 2044 4485 inviolabilis
2073 4431 2142 4485 de

2165 3167 2217 3240 C

2249 1903 2421 1972 piatio
2451 1909 2580 1955 ante
2610 1903 2797 1956 oculos
2820 1903 2916 1955 Dei
2947 1903 3372 1973 omnipotentis.

2318 1999 2408 2050 111.
2443 1996 2766 2049 Inllexibilis
2797 1995 3375 2067 1111111110111111[1011111111
3394 1996 3596 2050 deﬂexa
3622 1993 3803 2048 tandem

2245 2089 2690 2160 videturpietate
2712 2094 2767 2142 et
2787 2091 3033 2160 potentia
3054 2109 3322 2162 superna.
3357 2091 3488 2143 Ilinc
3516 2088 3648 2141 enim
3674 2088 3806 2156 liquet

2248 2185 2402 2254 quod
2455 2184 2510 2236 in
2554 2183 2862 2253 spiramine
2897 2186 3104 2238 smnmi
3151 2187 3245 2238 Dei
3287 2181 3752 2239 excellentissimus
3772 2185 3811 2229 ct

2246 2277 2758 2331 Christianissimus
2791 2279 3051 2348 princeps
3078 2279 3278 2331 ardore
3311 2279 3439 2333 lidei
3468 2277 3808 2332 inﬂammatus,

2245 2387 2376 2424 cum
2406 2371 2569 2440 regni
2593 2371 2675 2423 sui
2705 2372 3091 2425 sacerdotilms
3109 2372 3587 2442 praivaricationes
3607 2374 3814 2436 015111101-

2247 2465 2508 2518 5111101105
2540 2482 2739 2518 eormn
2765 2466 3050 2519 eradicarc
3079 2466 3244 2536 elegit
3279 2466 3548 2528 funditus,
3588 2479 3678 2516 nec
3717 2459 3815 2513 sinit

2249 2563 2458 2633 degere
2493 2563 2549 2616 in
2575 2579 2752 2633 regno
2781 2581 2881 2617 suo
2909 2582 3034 2617 eum
3063 2565 3161 2634 qui
3192 2581 3302 2616 non
3333 2569 3414 2617 est
3453 2556 3814 2617 01111111110115,011

2247 2657 2408 2726 cujus
2447 2657 2725 2710 fervorem
2774 2658 2904 2711 ﬁdei
2957 2659 3166 2727 gratias
3210 2656 3578 2728 omnipotenti
3630 2650 3815 2705 Domino

2247 2751 2512 2804 caelorum
2543 2751 2782 2820 agimus,
2822 2768 2888 2803 eo
2924 2752 3074 2820 quod
3122 2755 3236 2804 tam
3284 2753 3554 2804 illustrem
3603 2743 3819 2801 creaverit

2247 2845 2501 2897 animam
2535 2851 2589 2897 et
2621 2862 2722 2897 sua
2751 2846 3054 2914 repleverit
3077 2847 3372 2914 sapientia,
3395 2846 3510 2915 ipse
3533 2858 3731 2912 quoque
3752 2839 3820 2888 du-

2245 2941 2343 2990 net
2370 2938 2418 2990 ei
2446 2943 2501 2990 et
2531 2937 2587 2989 in
2628 2955 2844 3007 praesen
2858 2939 2892 2990 ti
2924 2939 3130 2991 saeculo
3160 2940 3475 3008 longzevam
3505 2937 3684 2992 vitam,
3713 2931 3819 2984 etin

2244 3031 2434 3084 futuro
2463 3032 2697 3099 gloriam
2722 3037 3017 3085 adornant.
3054 3033 3420 3086 Illudautem
3466 3029 3678 3101 provida
3701 3024 3822 3078 nobis

2245 3140 2401 3188 cura,
2427 3130 2479 3176 et
2509 3125 2667 3176 valde
2691 3129 2772 3176 est
2810 3125 3229 3177 decernendum
3255 3125 3513 3194 vigilanti
3540 3119 3754 3175 solertia.
3774 3130 3821 3167 ne

2245 3218 2368 3286 ejus
2394 3217 2522 3269 fidei
2555 3217 2722 3283 calor,
2756 3222 2811 3270 ct
2836 3224 3028 3270 noster
3054 3219 3209 3270 labor
3235 3219 3576 3288 quandoque
3603 3215 3651 3266 in
3681 3216 3820 3281 postc-

2243 3311 2320 3363 ris
2347 3311 2657 3379 tepefactus
2689 3310 2982 3379 liquescat.
3013 3312 3285 3374 Quocirca
3327 3325 3625 3364 consonam
3652 3320 3759 3359 cum
3780 3317 3825 3353 cu

2243 3405 2408 3457 corde
2441 3409 2495 3456 et
2525 3421 2620 3456 ore
2669 3405 3096 3473 promulgamus
3129 3408 3238 3459 Deo
3272 3406 3608 3474 placituram
3645 3403 3824 3452 sentcn-

2242 3499 2401 3562 tiam,
2437 3498 2604 3550 simul
2655 3499 2825 3550 etiam
2872 3515 2997 3551 cum
3051 3516 3283 3552 suorum
3329 3499 3665 3569 optimatum
3705 3492 3824 3544 illus-

2244 3590 2532 3660 triumque
2564 3591 2814 3645 virorum
2845 3609 3124 3645 consensu
3152 3597 3208 3645 et
3235 3592 3645 3646 deliberatione
3686 3582 3825 3639 sanci-

2247 3701 2392 3749 mus,
2423 3690 2484 3737 ut
2510 3684 2763 3755 quisquis
2785 3686 3206 3739 succedentium
3236 3691 3565 3756 temporum
3584 3679 3831 3752 1001111501·-

2242 3778 2376 3831 titus
2410 3778 2581 3831 fuerit
2606 3779 2844 3849 apicem,
2878 3797 2991 3832 non
3022 3786 3151 3833 ante
3181 3781 3526 3835 conscendat.
3561 3791 3739 3846 regum
3766 3785 3828 3821 sc-

2245 3872 2395 3936 dem,
2431 3889 2602 3941 quam
2644 3873 2797 3926 inter
2827 3874 3044 3944 reliqua
3090 3875 3488 3928 conditionum
3538 3866 3834 3925 sacramenta

2244 3964 2531 4035 pollicitus
2545 3965 2717 4018 fuerit.
2738 3967 2885 4020 hanc
2907 3983 2964 4020 se
2983 3967 3319 4021 catholicam
3339 3985 3458 4022 non
3476 3964 3833 4038 permissurum

2247 4075 2344 4112 eos
2372 4058 2580 4112 violare
2607 4060 2802 4121 ﬁdem,
2832 4061 2930 4114 sed
2961 4066 3017 4114 et
3043 4062 3373 4116 nullatenus
3415 4076 3612 4114 eorum
3636 4049 3834 4128 perﬁdia?

2243 4155 2439 4207 favens
2467 4154 2552 4206 vel
2581 4154 2833 4223 quolibet
2863 4156 3146 4224 neglectu,
3181 4161 3278 4209 aut
3305 4155 3615 4225 cupiditate
3643 4150 3833 4205 illectus,

2248 4247 2318 4300 ad
2351 4247 2667 4317 praecipitia
2694 4247 3045 4302 infidelitatis
3068 4248 3286 4301 aditum
3335 4248 3591 4319 praebeat
3619 4234 3835 4315 1111111011-

2245 4341 2499 4407 cationis,
2551 4341 2652 4394 sed
2697 4342 2850 4412 quod
2893 4359 3245 4412 magnopere
3291 4346 3493 4396 nostro
3527 4345 3608 4395 051
3628 4344 3834 4402 tempore

2245 4434 2627 4504 conquisitum
2663 4435 2863 4489 debeat
2899 4435 3176 4490 illibatum
3221 4451 3592 4506 perseverare
3634 4432 3683 4484 in
3719 4428 3834 4481 futu-

515 4557 633 4605 suo,
664 4534 917 4590 mortalis
936 4532 1004 4585 de
1026 4533 1240 4598 nostro,
1264 4528 1418 4582 venit
1444 4528 1501 4581 in
1528 4527 1680 4581 hunc
1708 4526 1988 4580 mundum
2009 4543 2140 4596 pec-
2164 4548 2222 4617 D
2248 4545 2394 4582 rum.
2428 4529 2570 4581 Nam
2597 4528 2882 4583 incassum
2917 4530 3132 4583 bonum
3162 4530 3375 4600 agitur,
3404 4531 3450 4583 si
3483 4545 3595 4582 non
3622 4526 3728 4595 ejus
3746 4533 3838 4588 per

515 4639 725 4688 catores
771 4628 954 4682 salvos
1000 4626 1187 4678 facere
1237 4628 1292 4677 et
1348 4620 1641 4675 credentes
1684 4621 2016 4690 justiticare,
2069 4620 2144 4672 fa-

515 4723 782 4790 ciensquc
817 4716 1101 4771 mirabilia
1150 4711 1390 4767 traditus
1416 4716 1499 4765 est
1531 4716 1760 4781 propter
1791 4711 1993 4765 delicta
2035 4727 2141 4764 no-

516 4823 648 4884 stra,
678 4817 934 4868 mortuus
965 4815 1048 4864 est
1078 4813 1310 4878 prepter
1337 4805 1713 4876 expiationem
1747 4809 2018 4871 nostram,
2052 4821 2141 4856 re-

517 4907 759 4964 surrexit
797 4909 1031 4976 propter
1062 4899 1526 4972 justiﬁcationem
1570 4903 1843 4967 nostram,
1879 4898 2048 4968 hujus
2077 4898 2142 4949 li-

516 5020 648 5058 vore
674 4999 872 5067 sanati,
890 4997 1057 5067 hujus
1087 5003 1265 5049 morte
1283 4997 1391 5048 Deo
1409 4993 1558 5047 Patri
1588 4993 1956 5057 reconciliati,
1977 4993 2145 5061 hujus

517 5094 924 5154 resurrectione
961 5107 1155 5144 sumus
1202 5087 1534 5142 resuscitati.
1587 5086 1772 5149 Quem
1815 5086 1986 5138 etiam
2020 5103 2146 5138 vcn-

515 5199 711 5248 turum
737 5189 798 5242 111
825 5188 935 5241 11110
953 5186 1347 5255 exspectamus
1367 5183 1725 5246 saeculorum,
1743 5197 1870 5233 cum
1900 5196 2146 5233 resurre-

514 5287 699 5343 ctione
727 5281 988 5339 omnium
1029 5276 1354 5350 tequissimo
1396 5292 1496 5329 suo
1536 5273 1748 5344 judicio
1787 5270 2145 5327 redditurum

506 5381 673 5453 justis
686 5376 942 5451 praemia,
957 5372 1145 5443 impiis
1158 5386 1372 5442 punias.
1389 5367 1694 5423 Ecclesiam
1711 5383 1933 5438 quoque
1955 5365 2147 5421 catho-

513 5477 679 5531 licam
697 5471 980 5528 credimus
996 5467 1116 5520 sine
1135 5464 1360 5518 macula
1376 5465 1431 5517 et
1451 5478 1616 5533 ruga,
1641 5479 1844 5533 corpus
1862 5462 1982 5532 ejus
2001 5477 2141 5529 esse,

513 5579 872 5640 regnumque
905 5560 1230 5615 habituram
1262 5574 1388 5611 cum
1417 5555 1602 5627 capite
1631 5572 1731 5610 suo
1763 5553 2143 5626 omnipotenti

514 5660 734 5718 Christo
768 5661 920 5725 Jesu,
945 5657 1248 5726 postquam
1270 5651 1379 5705 hoc
1395 5647 1759 5720 corruptibile
1783 5649 2031 5703 induerit
2057 5642 2140 5704 in~

513 5754 958 5821 corruptionem,
975 5752 1030 5800 et
1043 5747 1277 5801 mortale
1299 5745 1373 5799 im
1386 5744 1815 5810 mortalitatem,
1833 5750 1894 5796 ut
1915 5744 1984 5797 sit
2005 5745 2144 5797 heus

512 5846 702 5902 omnia
732 5845 785 5895 in
825 5843 1107 5910 euntibus.
1145 5843 1247 5895 11.1‹ε
1295 5840 1401 5895 ﬁde
1431 5840 1594 5895 corda
1624 5839 2013 5912 put-itimntur,
2040 5839 2142 5894 hac

2246 4623 2468 4675 videtur
2497 4623 2938 4692 perseverantia.
2973 4624 3119 4692 Ergo
3150 4628 3462 4693 postquam
3497 4619 3686 4675 ordine
3728 4626 3837 4685 11111·

2245 4716 2546 4769 missorum
2574 4716 2643 4769 ad
2677 4716 3067 4786 gubernacula
3110 4717 3416 4770 accesserit.
3464 4713 3645 4786 regni,
3681 4709 3716 4762 si
3755 4707 3839 4772 ipse

2245 4814 2557 4863 temerator
2597 4809 2765 4879 hujus
2811 4809 3084 4864 exstiterit
3129 4809 3418 4880 promissi,
3472 4810 3543 4863 sit
3589 4802 3842 4860 anathema

2247 4903 2578 4957 marathana
2625 4904 2683 4957 in
2722 4910 3020 4975 conspectu
3064 4903 3178 4970 Dei,
3215 4910 3273 4957 et
3300 4906 3584 4976 pabulum
3617 4895 3842 4954 etliciatur

2247 4995 2393 5067 ignis
2423 4998 2637 5066 aeterni,
2672 4997 2951 5068 simulque
2984 5016 3110 5052 cum
3145 5016 3209 5052 eo
3238 4998 3615 5052 damnatione
3647 4979 3843 5064 perculéi

2246 5092 2566 5162 quicunque
2616 5093 2971 5146 sacerdotum
3013 5094 3093 5147 vel
3141 5092 3384 5162 quilibet
3432 5088 3841 5145 Christianorum

2246 5202 2440 5239 eorum
2469 5185 2741 5256 implicati
2768 5185 2986 5239 fuerint
3006 5191 3246 5240 terrore.
3271 5186 3385 5238 Nos
3414 5180 3629 5238 etenim
3658 5177 3723 5232 ita
3737 5186 3845 5244 pra"

2245 5280 2425 5333 sentia
2457 5279 2832 5346 decernimus,
2882 5283 2947 5333 ut
2992 5279 3276 5350 praeterita
3323 5296 3456 5348 qua:
3488 5279 3548 5330 in
3587 5261 3844 5329 universali

2246 5372 2463 5444 synodo
2516 5372 2586 5427 de
2634 5371 2844 5428 Judaeis
2892 5371 3209 5443 conscripta
3267 5378 3401 5426 sunt
3458 5370 3846 5425 confirmenqu.

2245 5467 2512 5539 quoniam
2561 5484 2629 5522 ea
2677 5483 2805 5538 qua:
2851 5466 3165 5522 necessaria
3209 5483 3309 5536 pro
3352 5482 3558 5520 eorum
3587 5455 3845 5516 salvatione

2247 5559 2412 5615 scribi
2458 5565 2780 5633 potuerunt,
2831 5561 2887 5615 in
2935 5555 3144 5615 eisdem
3189 5577 3307 5615 esse
3361 5560 3536 5612 cauta
3584 5552 3846 5610 sancimus.

2245 5656 2602 5727 QuaprOpter
2626 5673 2752 5727 qua:
2784 5659 2914 5709 tunc
2939 5655 3166 5708 decreta
3197 5658 3326 5708 sunt
3353 5651 3603 5706 valitura
3626 5664 3736 5701 esse
3753 5655 3849 5695 cen-

2246 5765 2452 5804 SCUHIS.

2317 5843 2397 5898 lV.
2430 5844 2590 5916 Sa‘pe
2624 5840 2954 5915 pullulantia
3003 5841 3295 5917 pravitatis
3323 5840 3592 5918 germina
3621 5837 3740 5894 licet
3767 5845 3851 5888 se.“
