3964 6178
186 289 264 344 430
1369 282 1839 341 DECRETALIUM
1878 283 2266 341 COLI.ECTlO.

3394 286 3486 339 tua

157 388 360 467 'pfssime
403 389 639 463 primum
679 390 834 463 justa
888 391 1210 448 noverimus
1259 395 1551 449 severitate
1601 394 1892 478 dam-Asi
1929 411 2025 446 eos
2055 395 2305 463 quolibet.
2336 411 2567 449 munere
2616 396 2701 449 vel
2748 395 2939 449 favore
2988 397 3085 449 aut
3133 390 3487 465 negligentia

178 494 291 546 rata,
319 488 433 556 quia
461 489 652 540 tamen
680 487 889 541 crebris
908 488 1334 559 conspiciuntur
1355 490 1545 542 denuo
1563 490 1750 557 vigere

171 579 667 649 nulicibus,justitize
695 582 908 634 acriore
938 582 1128 651 vigore
1159 583 1429 635 radicitus
1457 587 1750 652 illllpllttll'e

170 675 418 726 sancimus.
472 673 709 727 Proinde
741 675 1063 745 quicunque
1112 675 1358 728 Simonis
1402 675 1651 728 imitator
1676 675 1746 727 si-

166 769 393 821 inaniaca)
409 784 634 838 quoque
666 767 892 820 haeresis
924 767 1197 822 exstiterit
1226 773 1466 822 sectator
1494 775 1551 822 ut
1581 769 1749 823 eccle-

167 861 464 914 siasticorum
493 861 762 914 ordinum
791 862 998 931 gradus
1040 879 1155 915 non
1205 862 1478 931 dignitate
1524 879 1748 916 morum

162 956 384 1020 obtineat,
414 954 504 1007 sed
537 972 846 1008 munerum
867 956 1221 1026 impensione
1251 956 1550 1028 conquirat
1573 963 1627 1009 et
1649 974 1750 1026 per

162 1049 308 1100 oblata
337 1064 559 1100 munera
589 1049 796 1118 capiat,
833 1049 1038 1119 quibus
1070 1051 1219 1102 hunc
1249 1067 1352 1102 nec
1402 1050 1637 1103 rationis
1665 1067 1747 1104 or-

158 1143 228 1200 do,
255 1159 342 1194 nec
372 1141 612 1210 dignitas
641 1159 869 1196 morum
921 1144 1034 1197 ulla
1066 1145 1444 1208 commendat,
1489 1145 1611 1196 talis
1657 1144 1742 1197 in-

159 1240 316 1287 ventus
356 1250 636 1288 sacrorum
683 1236 952 1288 ordinum
1007 1238 1190 1307 apices
1243 1237 1469 1308 penitus
1513 1238 1744 1307 adipisci

158 1328 281 1380 nullo
317 1328 473 1380 modo
519 1329 901 1398 permittatur,
938 1330 1035 1383 sed
1075 1336 1127 1384 et
1172 1331 1216 1382 si
1271 1332 1509 1400 adeptus
1553 1332 1740 1398 fuerit,

155 1424 510 1474 eomnmnionc
551 1422 799 1491 privatus
827 1439 956 1476 cum
989 1425 1414 1477 ordinatoribus
1457 1424 1570 1477 suis
1609 1442 1739 1495 pro-

152 1515 360 1583 priorum
385 1516 668 1569 bonorum
703 1517 1003 1570 amissione
1033 1518 1352 1572 damnetur.

208 1609 254 1659 ll.
282 1608 423 1678 Saepe
465 1609 530 1661 fit.
566 1616 627 1663 ut
677 1611 1010 1679 proprietati
1063 1611 1298 1680 originis
1343 1611 1577 1664 obsistat
1614 1610 1729 1663 lon-

152 1702 388 1771 ginquitas
417 1702 708 1772 temporis.
732 1706 1083 1774 Quapropter
1107 1705 1470 1774 providentes
1491 1705 1738 1758 decerni-

1852 487 2160 540 adlnonere
2193 490 2437 542 noluerit
2466 494 2528 542 ut
2561 494 2658 543 aut
2695 493 3044 543 revertentes
3071 487 3357 558 suscipiat,
3388 490 3488 540 aut

1852 585 2282 636 contemnentes
2315 582 2382 634 de
2413 584 2645 636 ecclesia
2695 583 2926 652 rejiciat,
2983 582 3153 635 simili
3207 580 3485 635 sententia

1850 676 2151 746 plectatur,
2175 693 2465 747 quousque
2488 676 2908 730 emendationis
2925 692 3124 730 eorum
3147 675 3232 729 vel
3251 675 3484 730 damna-

1821 768 2020 822 ‘tionis
2049 769 2118 821 ab
2152 785 2216 821 eo
2251 770 2529 823 sententia
2558 771 2966 840 promulgetur.

1921 864 2052 916 Vlll.
2083 863 2311 932 Antiqui
2357 867 2412 915 et
2457 863 2792 916 sanctissimi
2842 868 2925 916 est
2974 862 3151 916 Patris
3201 863 3477 916 sententia

1851 973 2008 1027 papze
2046 957 2267 1024 Leonis,
2304 962 2360 1009 ut
2388 958 2432 1009 is
2464 957 2559 1027 qui
2609 957 2663 1009 in
2711 960 2875 1009 actate
2904 956 3295 1009 adolescentiae
3324 957 3476 1027 posi-

1850 1054 1955 1112 tus,
1988 1050 2124 1102 dum
2158 1051 2351 1103 mortis
2379 1051 2648 1105 formidat
2677 1067 2892 1114 casum,
2926 1050 3243 1120 pervenerit
3266 1050 3337 1102 ad
3363 1067 3479 1121 poc-

1848 1144 2098 1197 nitentite
2130 1145 2471 1212 remedium,
2500 1145 2540 1197 si
2565 1145 2902 1213 eonjugatus
2927 1145 3067 1196 forte
3090 1143 3258 1196 fuerit
3282 1143 3473 1196 incon-

1848 1237 2049 1298 tinens,
2086 1255 2153 1290 ne
2183 1242 2373 1308 postea
2405 1239 2669 1292 adulterii
2718 1239 2967 1292 incurrat
3011 1238 3254 1307 lapsum,
3281 1237 3476 1290 redeat

1845 1332 1913 1384 ad
1957 1332 2261 1401 pristinum
2299 1332 2630 1401 conjugium
2675 1348 2971 1402 quousque
3019 1330 3195 1401 possit
3241 1330 3474 1400 adipisci

1844 1426 2117 1495 temporis
2147 1426 2474 1478 n‘iaturitatc
2505 1425 2872 1478 continentia!
2906 1427 3135 1478 statum.
3171 1424 3334 1487 Quod
3374 1440 3477 1477 nos

1843 1519 1985 1571 sicut
2008 1519 2076 1572 de
2105 1519 2234 1572 viris
2280 1519 2357 1572 ita
2391 1519 2458 1572 de
2489 1518 2716 1573 feminis
2749 1535 2909 1588 (equo
2951 1518 3122 1571 modo
3154 1535 3473 1584 censemus,

1840 1630 1951 1666 non
1983 1613 2208 1682 quidem
2240 1614 2341 1666 hoc
2362 1613 2706 1681 generaliter
2735 1617 2790 1666 ct
2807 1612 3078 1666 canonice
3099 1617 3471 1681 prarccptum,

1843 1707 1934 1758 sed
1957 1711 2172 1759 constat
2198 1723 2229 1759 a
2257 1707 2420 1760 nobis
2441 1724 2540 1776 pro
2559 1707 2806 1759 humana
2842 1706 3142 1775 fragilitate
3163 1705 3470 1769 indultum,

150 1811 261 1859 inus,
287 1800 338 1846 ut
364 1795 485 1864 quis
523 1796 854 1848 clericorum
888 1797 1235 1867 stipendium
1269 1797 1336 1850 de
1365 1798 1530 1851 rebus
1560 1799 1732 1851 eccle-
1759 1777 1812 1846 Β
1840 1819 1901 1852 ea
1934 1800 2208 1853 duntaxat
2237 1801 2474 1867 ratione,
2505 1804 2569 1852 ut
2599 1800 2642 1852 si
2673 1800 2718 1852 is
2745 1800 2842 1869 qui
2870 1799 3223 1868 pamitcntim
3253 1815 3362 1851 non
3388 1802 3472 1851 est

149 1889 222 1937 sia}
246 1888 558 1957 cujusquam
596 1889 842 1959 episcopi
873 1889 1114 1960 percipit
1143 1891 1424 1960 largitate,
1462 1891 1562 1943 sub
1607 1907 1732 1960 pre-

149 1979 279 2032 cante
300 1982 523 2035 nomine
543 1982 746 2035 debeat
765 1984 1177 2052 professionem
1197 1985 1460 2049 scribere,
1482 2001 1583 2037 nec
1600 2001 1737 2054 prte-

144 2074 352 2127 {ratione
402 2075 672 2128 diuturna
732 2077 1125 2146 prmjudicium
1183 2077 1380 2130 afferat
1437 2079 1685 2130 ecclesia:
1720 2121 1732 2144 ,

146 2171 180 2216 et
203 2184 533 2237 i‘puecunque
569 2169 624 2221 in
654 2187 758 2222 usu
792 2170 1105 2240 perceperit
1128 2171 1734 2224 delicz-itutiliterlabo-

142 2276 256 2322 rare,
281 2265 334 2313 ut
364 2279 462 2314 nec
519 2280 609 2315 res
661 2263 830 2316 divini
852 2265 997 2332 juris
1027 2265 1327 2317 videantur
1354 2265 1545 2335 aliqua
1571 2283 1730 2318 occa-

142 2353 265 2405 sione
287 2356 510 2425 negligi,
547 2360 603 2408 et
631 2357 942 2410 subsidium
961 2358 1028 2410 ab
1053 2358 1286 2411 ecclesia
1304 2359 1391 2410 cui
1414 2359 1734 2413 deserviunt

139 2448 383 2517 percipere
409 2451 630 2519 possint
651 2451 855 2503 clerici.
880 2453 1038 2514 Quod
1062 2453 1104 2504 si
1127 2453 1253 2522 quis
1271 2469 1464 2505 eorum
1485 2459 1733 2506 contem-

137 2541 274 2607 pserit
302 2542 496 2612 facere,
526 2545 641 2613 ipse
675 2562 731 2596 se.
756 2545 1035 2614 stipendio
1058 2562 1158 2598 suo
1183 2546 1464 2598 videbitur
1485 2548 1728 2615 privare.

192 2635 256 2686 Vl.
284 2637 545 2690 Proclivis
574 2654 766 2691 cursus
794 2645 874 2691 est
901 2639 970 2691 ad
998 2640 1348 2709 voluptatein
1378 2643 1431 2692 et
1460 2640 1730 2694 imitatrix

136 2731 299 2780 natura
325 2730 589 2784 vitiorum
625 2749 636 2784 :
667 2733 1044 2802 quamobrem
1079 2733 1333 2802 quisquis
1362 2734 1609 2787 virorum
1643 2735 1729 2787 vel

135 2821 394 2876 mulierum
427 2825 696 2877 habitum
742 2825 918 2878 semel
965 2827 1215 2878 induerit
1259 2830 1567 2895 spontanee
1611 2827 1730 2880 reli-

138 2914 335 2982 rosum,
369 2921 463 2970 aut
491 2918 547 2969 si
580 2919 659 2970 vir
686 2918 912 2971 deditus
933 2919 1201 2982 ecclesite,
1229 2920 1310 2972 vel
1330 2921 1540 2972 femina
1562 2921 1730 2975 fuerit

130 3013 198 3058 aut
226 3009 317 3062 fuit
343 3012 614 3081 delegata
651 3012 968 3082 puellarum
1011 3013 1375 3079 monasterio,
1400 3013 1456 3066 in
1488 3017 1726 3084 utroque

131 3116 233 3152 sexu
259 3105 659 3172 pra‘varicator
686 3107 754 3158 ad
790 3107 1146 3175 propositum
1176 3107 1377 3160 invitus
1404 3108 1610 3159 reverti
1640 3124 1727 3160 co-

129 3210 145 3243 ;
169 3201 271 3260 itur,
302 3202 358 3249 ut
385 3199 466 3251 vir
495 3199 894 3264 (fletondeatur,
922 3205 977 3252 et
1007 3202 1191 3268 puella
1221 3201 1292 3253 ad
1321 3201 1726 3254 monasterium

127 3290 447 3353 r-‘urcduitur.
483 3291 550 3344 Si
583 3299 770 3345 autem
796 3294 1048 3363 quolibet
1073 3294 1383 3362 patrocinio
1415 3295 1726 3348 desertores

121 3397 416 3447 permanere
471 3386 783 3451 voluerint,
825 3387 1160 3439 sacerdotali
1210 3388 1487 3441 sententia
1514 3405 1544 3440 a
1574 3388 1726 3440 (Ebri-

124 3474 385 3530 stianorum
415 3484 563 3532 cogtu
599 3480 912 3533 halmxntm'
945 3487 1215 3544 extorres,
1245 3485 1301 3533 ut
1331 3499 1429 3534 ncc
1459 3483 1612 3534 locus
1645 3483 1723 3534 eis

124 3568 235 3619 nilus
260 3571 322 3624 sit
349 3573 796 3626 communionis.
832 3575 1021 3627 Vidua,-
1052 3592 1274 3644 qnoque
1311 3575 1451 3627 sicut
1495 3575 1717 3627 univer-

122 3661 220 3711 i~:'.i~'
261 3667 502 3734 sj‘noiiius
544 3668 669 3736 jam
712 3667 905 3719 statuit.
954 3668 1318 3737 prol‘cssionis
1364 3669 1448 3720 vel
1501 3668 1722 3720 habitus

119 3755 181 3805 sai
205 3755 530 3813 desertritms
558 3760 837 3829 superiori
867 3761 1147 3814 sententia
1179 3761 1646 3814 eomlcmnentur.

369 3855 478 3907 Vll.
513 3853 787 3917 Quamvis
817 3854 1006 3924 priora
1038 3872 1331 3924 nunquam
1363 3854 1618 3907 siluerint
1653 3856 1718 3908 de

115 3942 236 3995 iTlnio
270 3945 525 4000 facinore
577 3947 838 4010 concilia,
882 3948 1020 4000 ratio
1058 3952 1248 4001 tamen
1287 3949 1541 4018 deposcit
1570 3953 1720 4002 utea

115 4049 212 4101 ‘rl‘li‘?
251 4038 526 4109 frequenti
581 4041 1043 4110 praeterieritioue
1078 4042 1371 4109 iterantur,
1431 4044 1719 4113 frequenti

112 4133 352 4185 πηίελειέῖιίίέι
380 4134 866 4186 condenmcntur.
901 4137 961 4187 lit
992 4135 1137 4201 ideo,
1161 4141 1316 4189 tanta
1350 4137 1560 4189 exstitit.
1590 4153 1714 4206 per-

111 4230 302 4276 Yrrsilas
332 4227 648 4280 hominum
683 4232 741 4280 ut
773 4228 849 4294 lii,
880 4245 1018 4298 quos
1064 4229 1165 4280 sub
1217 4229 1482 4299 religioso
1521 4229 1716 4282 habitu

108 4319 415 4381 l,9‘:,'llli('.lltltD
446 4321 732 4390 profe-‘sio
774 4338 874 4390 pro
899 4323 1060 4374 venia
1088 4326 1447 4392 peccatorum
1481 4323 1550 4376 ad
1602 4340 1718 4376 ma-

109 4421 214 4460 num
243 4415 545 4466 s.ii':i'-ixli,»tis
578 4414 806 4466 deducit
839 4416 921 4466 vel
950 4415 1202 4482 adduxit,
1236 4417 1440 4468 iterum
1470 4416 1717 4469 rediviva

1838 1893 2057 1960 legibus
2089 1894 2312 1947 deditus
2342 1899 2474 1946 ante
2502 1893 2571 1945 ab
2604 1893 2706 1946 bac
2732 1892 2841 1945 vita
2871 1891 3171 1946 decesserit.
3203 1908 3372 1961 quam
3401 1909 3466 1944 ex

1837 2003 2114 2039 consensu
2161 1985 2232 2038 ad
2281 1985 2692 2039 continentiam
2737 2001 2936 2038 eorum
2983 1984 3130 2038 unde
3179 1984 3346 2037 fuerit
3374 2001 3464 2036 re-

1839 2097 2084 2148 gressus,
2115 2079 2402 2149 superstiti
2431 2096 2544 2134 non
2575 2079 2738 2132 liceat
2766 2079 2953 2132 denuo
2982 2078 3050 2131 ad
3079 2078 3268 2131 uxoris
3290 2079 3470 2130 trans-

1836 2175 1916 2226 irc
1949 2175 2263 2243 amplexus.
2295 2173 2352 2227 Si
2382 2178 2571 2226 autem
2615 2173 2763 2226 illitis
2801 2173 2912 2224 vita
2960 2171 3236 2225 exstiterit
3264 2188 3463 2242 super-

1835 2267 1947 2314 stes
1979 2264 2075 2333 qui
2104 2281 2214 2315 non
2244 2262 2459 2332 accepit
2495 2261 2946 2315 benedictionem
2997 2260 3322 2330 paenitentis
3359 2278 3462 2314 nu-

1833 2357 1948 2422 bat,
1983 2357 2027 2408 si
2055 2375 2109 2410 se
2141 2357 2431 2410 continere
2458 2373 2570 2409 non
2601 2360 2804 2426 potest,
2837 2361 2892 2408 et
2921 2356 3152 2408 ulterius
3185 2356 3466 2410 consortio

1831 2451 2055 2503 fruatur
2075 2451 2286 2516 uxoris,
2317 2451 2466 2520 quod
2501 2451 2570 2503 de
2600 2453 2844 2519 utroque
2885 2466 3016 2502 sexu
3069 2449 3188 2518 pari
3237 2451 3405 2503 modo
3435 2468 3467 2502 a

1819 2543 1991 2596 nobis
2021 2544 2388 2597 manifestum
2424 2549 2507 2596 cst
2536 2543 2827 2595 decretum
2867 2558 3008 2605 esse,
3061 2542 3139 2594 ita
3185 2542 3462 2608 videlicet,

1835 2644 1892 2691 ut
1920 2639 1977 2690 in
2008 2638 2094 2690 bis
2119 2638 2379 2690 omnibus
2406 2635 2706 2690 sacerdotis
2757 2635 3036 2688 ordinatio
3083 2639 3460 2705 exspectetur,

1834 2737 1892 2785 ut
1911 2732 2078 2801 juxta
2104 2732 2253 2802 quod
2281 2736 2506 2784 aetatem
2539 2733 2728 2800 aptam
2761 2729 3135 2798 perspexerit,
3163 2729 3460 2782 continen-

1832 2826 1920 2878 tia:
1951 2825 2316 2878 absolutionis
2345 2824 2429 2877 vel
2460 2822 2823 2877 districtionis
2848 2822 3060 2875 tribuat
3082 2821 3292 2893 legem.

1901 2920 1982 2973 IX.
2014 2918 2451 2988 Longinquitate
2481 2933 2630 2987 StRpe
2659 2916 2722 2970 ﬁt
2751 2915 3026 2985 temporis
3046 2919 3110 2968 ut
3133 2932 3246 2970 non
3274 2922 3460 2986 pateat

1829 3012 2073 3065 conditio
2105 3012 2360 3080 originis,
2393 3011 2544 3064 unde
2572 3010 2690 3080 jam
2725 3009 3015 3062 decretum
3065 3012 3150 3062 cst
3201 3010 3257 3062 in
3310 3014 3463 3063 antc-

1830 3106 1992 3158 rioris
2041 3105 2372 3158 universalis
2417 3103 2638 3158 concilii
2687 3120 2904 3157 canone
2937 3108 3018 3168 ut,
3046 3103 3458 3173 professionem

1828 3217 1986 3253 suam
2014 3200 2200 3252 liberti
2228 3198 2486 3253 Ecclesiae.
2515 3198 2758 3252 debeant
2786 3199 2969 3251 facere
3017 3197 3114 3268 qui
3150 3198 3457 3267 profitean-

1825 3299 1919 3347 tur
1949 3312 2005 3348 se
2035 3299 2090 3348 ct
2121 3296 2188 3348 de
2222 3294 2447 3347 familiis
2488 3310 2608 3346 esse
2657 3293 2936 3360 Ecclesiae,
2975 3296 3031 3345 et
3070 3293 3328 3346 Ecclesiae
3357 3294 3454 3347 ob-

1826 3389 2085 3457 sequium
2117 3404 2415 3458 nunquam
2444 3387 2759 3440 rclicturos.
2795 3386 2952 3440 Unde
2989 3386 3076 3438 his
3104 3403 3328 3456 quoque
3356 3404 3458 3440 nos

1823 3482 2120 3551 adjicin'ius
2152 3486 2228 3547 ut,
2263 3481 2525 3550 quotith
2553 3497 2778 3533 cursum
2812 3479 2935 3532 vita:
2963 3481 3225 3533 sacerdos
3253 3479 3452 3550 imple-

1824 3575 1987 3641 verit,
2021 3579 2076 3628 ct
2115 3576 2182 3628 de
2229 3575 2334 3627 hac
2387 3574 2500 3627 vita
2536 3573 2885 3643 migraverit,
2915 3589 3047 3626 mox
3076 3589 3205 3626 cum
3238 3591 3452 3627 succes-

1823 3687 1914 3722 sor
1961 3669 2083 3738 cjus
2129 3668 2438 3735 advenerit,
2489 3684 2686 3720 omnes
2731 3667 2917 3721 liberti
2959 3667 3214 3720 Ecclesia:
3253 3669 3335 3720 vel
3384 3669 3454 3720 ab

1824 3764 1902 3815 eis
1936 3763 2221 3832 progeniti
2250 3762 2534 3814 chartulas
2575 3778 2700 3813 suas
2746 3761 2804 3814 in
2857 3765 3160 3832 conSpcctu
3194 3761 3452 3815 omnium

1825 3857 2066 3910 debeant
2097 3856 2224 3926 ipsi,
2259 3855 2356 3925 qui
2383 3854 2765 3920 substituitur,
2800 3854 3047 3924 pontiﬁci
3079 3854 3368 3924 publicare
3402 3859 3456 3908 et

1819 3947 2226 4020 professionem
2258 3952 2564 4017 conspectu
2614 3947 2876 4002 Ecclesiae
2920 3963 3212 4016 renovare,
3252 3951 3450 4017 quate-

1820 4060 1925 4096 nus
1952 4048 2129 4096 status
2161 4042 2243 4095 sui
2273 4043 2528 4111 vigorem
2562 4041 2876 4109 obtineant,
2905 4044 2960 4095 et
2987 4040 3309 4095 obedientia
3356 4059 3449 4094 eo-

1821 4154 1947 4191 rum
1998 4137 2241 4190 licelesia
2285 4154 2401 4190 non
2456 4141 2660 4190 careat.
2711 4135 2763 4189 Si
2810 4139 2998 4189 autem
3025 4140 3120 4189 aut
3146 4134 3451 4206 scripturas

1817 4227 2089 4284 libertatis
2123 4248 2237 4283 sua}
2271 4231 2416 4283 intra
2443 4246 2656 4282 annum
2687 4228 3058 4283 ordinationis
3081 4228 3207 4282 novi
3230 4229 3453 4299 pontiﬁ-

1817 4325 1894 4376 cis
1922 4323 2282 4377 manifestare
2311 4322 2773 4393 contcmpserint,
2803 4325 2901 4375 aut
2930 4323 3308 4392 professiones
3359 4339 3449 4377 re-

1819 4435 2024 4471 novare
2078 4417 2386 4482 noluerint,
2435 4434 2623 4470 vacua)
2671 4419 2727 4470 et
2770 4416 2963 4468 inanes
3006 4416 3279 4469 chartula:
3316 4417 3450 4486 ipsa:

104 4503 284 4558 Militia
315 4507 384 4559 ad
418 4508 554 4560 vitae
583 4507 840 4577 pristinze
889 4509 1080 4561 sordes
1130 4513 1364 4563 revocet.
1417 4509 1591 4579 Hujus
1635 4508 1711 4562 rei
1735 4519 1791 4590 ι)
1818 4515 2168 4576 remaneant,
2195 4514 2252 4563 et.
2280 4510 2356 4564 illi
2385 4510 2592 4580 origini
2645 4525 2759 4562 sum
2807 4508 3010 4562 redditi
3038 4508 3148 4562 sint
3177 4516 3448 4580 perpetuo

107 4607 255 4654 (κλίμα,
285 4605 476 4654 srincta
506 4601 762 4670 synodus
792 4601 1046 4655 decernit
1078 4606 1156 4666 ut,
1212 4603 1257 4654 si
1302 4603 1396 4672 qui
1443 4603 1714 4673 ingenuo-

107 4703 203 4741 rum
227 4695 517 4765 utriusque
550 4713 717 4747 sexus
750 4695 850 4747 sub
883 4695 1115 4748 nomine
1147 4695 1471 4766 poinitcntis
1516 4696 1572 4749 in
1611 4697 1711 4749 ha-

105 4779 196 4832 bitu
245 4787 514 4856 religioso
575 4792 705 4840 sunt
759 4789 1112 4854 cmwcrsali,
1171 4795 1297 4858 post.
1349 4790 1465 4842 hare
1522 4795 1710 4843 autem

105 4889 288 4931 ruinam
318 4882 653 4935 nutrientcs
681 4883 762 4934 vel
794 4883 1131 4935 vestimenta
1166 4883 1455 4935 saecularia
1484 4900 1707 4935 sumen-

105 4969 180 5022 tes.
214 4973 277 5024 ad
316 4975 366 5026 id
411 4976 576 5045 quod
609 4976 976 5045 relii'pierant,
1009 4976 1314 5041 redierunt,
1349 4976 1416 5028 ab
1451 4976 1712 5046 episcoj'io

101 5062 322 5129 ciuitatis,
358 5070 411 5121 in
448 5069 619 5138 cujus
667 5069 950 5121 territorio
980 5077 1109 5122 sunt
1140 5069 1417 5133 conversi,
1461 5086 1712 5139 ci’u'i‘ipre-

103 5150 229 5208 ἶιέλπτί
263 5178 454 5213 rursus
489 5162 714 5229 legibus
747 5163 1086 5232 [ure-nitentia}
1118 5163 1172 5216 in
1205 5163 1559 5216 n‘un'iasteriis
1587 5163 1712 5215 sub-

103 5249 267 5304 »tmlur
296 5255 488 5316 inviti;
523 5255 677 5324 quod
707 5256 749 5308 si
772 5256 890 5308 fieri
918 5260 1150 5325 pmptcr
1170 5256 1400 5326 alicujus
1424 5257 1711 5326 praestatis

101 5347 313 5413 '-i;urem
348 5353 588 5406 difﬁcile
616 5354 806 5418 fuerit,
837 5358 969 5407 tunc
999 5355 1139 5406 sicut
1184 5355 1500 5424 priscorum
1535 5371 1707 5408 cano-

105 5454 212 5493 num
238 5449 558 5500 statuerunt
589 5447 827 5511 decreta,
866 5464 1160 5518 quousque
1191 5449 1256 5500 ad
1291 5448 1585 5502 dimissum
1617 5465 1706 5502 or-

108 5530 260 5589 ιχὶιιῖι-ηι
305 5544 692 5608 revertantur,
726 5541 1198 5594 excommunicati
1251 5547 1306 5595 et
1344 5543 1710 5595 anathemate

107 5629 430 5687 πυηάρηιηῖιίὶ
461 5634 804 5687 habeantur.
835 5635 1102 5689 Similiter
1132 5641 1184 5689 et
1211 5635 1266 5688 lii
1294 5636 1389 5705 qui
1417 5641 1540 5704 post
1559 5654 1710 5689 com-

109 5723 400 5780 nmnionem
430 5727 521 5780 vel
557 5727 920 5783 interdictum
949 5746 1076 5782 cum
1109 5729 1240 5800 ipsis
1262 5730 1710 5784 communicave-

114 5813 216 5868 rtnt.
246 5819 507 5874 Sacerdos
534 5827 723 5876 autem
755 5823 820 5876 ad
853 5839 1021 5894 quem
1051 5823 1334 5894 pertinere
1379 5829 1704 5892 noscuntur:

1814 4623 1866 4658 SC
1875 4622 1952 4657 l‘Vl
1964 4647 1975 4658 .

1886 4700 1943 4750 Χ.
1977 4697 2198 4750 Etenim
2231 4697 2388 4750 decet
2439 4701 2500 4749 ut
2547 4697 2604 4748 hi
2653 4711 2893 4765 quorum
2929 4699 3191 4766 parentes
3219 4696 3446 4752 titulum

1812 4796 2087 4850 libertatis
2137 4795 2205 4848 de
2257 4795 2488 4848 familiis
2544 4794 2789 4848 ecclesize
2845 4795 3234 4865 perceperint,
3299 4796 3447 4852 intra

1813 4889 2103 4943 ecclesiam
2149 4888 2238 4941 cui
2284 4889 2622 4958 obsequium
2661 4888 2873 4941 debent
2902 4905 3070 4941 causa
3113 4889 3448 4945 eruditionis

1813 4982 2188 5036 emitriantur.
2225 4984 2592 5052 Contemptus
2619 4981 2830 5052 quippe
2867 4985 2950 5034 est
2979 4986 3348 5052 patronorum
3378 4986 3444 5051 si,

1811 5076 1945 5146 ipsis
1979 5076 2266 5146 neglectis,
2299 5075 2423 5129 aliis
2454 5075 2523 5129 ad
2554 5075 2918 5129 educandum
2949 5075 3119 5130 detur
3143 5079 3446 5150 progenies

1813 5170 2318 5223 manumissorum.

1881 5265 2069 5333 Itaque
2102 5281 2400 5318 censemus
2427 5267 2488 5316 ut
2516 5263 2636 5318 sine
2671 5267 2850 5317 status
2891 5266 2976 5318 sui
3011 5265 3338 5336 praejudicio
3372 5267 3441 5319 ab

1812 5357 2077 5428 episcopo
2108 5344 2423 5411 habeantur
2454 5358 2509 5411 in
2541 5358 2815 5412 doctrinae.
2841 5358 3129 5429 obsequio,
3161 5361 3442 5428 quatenus

1812 5458 1865 5504 et
1894 5452 1975 5504 illi
2009 5452 2264 5506 debitum
2299 5452 2533 5506 reddant
2568 5452 2930 5516 famulatum,
2981 5455 3037 5504 et
3083 5451 3301 5503 nullum
3348 5467 3442 5521 pa-

1813 5544 2026 5598 tiantur
2056 5563 2172 5598 sua?
2207 5545 2574 5615 ingenuitatis
2603 5545 3031 5599 detrimentum.
3057 5545 3160 5598 Eos
3189 5559 3319 5596 vero
3342 5545 3440 5615 qui

1811 5638 1976 5692 aliter
2005 5656 2176 5709 quam
2210 5640 2493 5693 sententia
2520 5643 2709 5693 nostra
2737 5636 3050 5690 decreverit
3079 5653 3246 5706 agere
3267 5642 3444 5692 tenta-

1810 5720 2014 5799 verint,
2047 5733 2249 5787 invitos
2273 5733 2542 5802 juhemus
2582 5733 2650 5785 ab
2691 5729 2967 5802 episcopis
3013 5729 3084 5783 ad
3129 5729 3250 5784 haec.
3296 5732 3443 5802 ipsos

1810 5825 2020 5881 reduci.
2068 5827 2225 5892 Quod
2276 5827 2317 5880 si
2351 5827 2498 5882 forte
2546 5828 2807 5898 parentes
2856 5839 3050 5877 eorum
3085 5824 3444 5896 pontificibus
