3964 6178
536 230 627 287 tul

1426 232 1713 290 APPEND.
1752 233 1838 289 AD
1877 232 2037 289 SEC.
2078 231 2164 287 1X.
2195 260 2261 270 --
2302 230 2544 288 lSlDORl
2582 184 3006 289 MERCATORIS
3723 233 3801 291 492

535 340 652 395 suis
704 338 839 395 dare
893 339 1373 411 contempserint,
1427 344 1485 395 et
1539 341 1684 395 alios
1741 339 1847 397 sibi
1901 345 2166 413 patronos
2185 349 2392 425 Amus
2418 339 2692 395 indivisa:
2726 356 2955 412 aequum
2987 341 3072 394 est
3097 335 3344 395 maxime
3388 342 3445 394 ut
3484 336 3629 396 rebus
3665 339 3804 396 eccle-

536 432 925 505 adoptaverint
955 475 968 502 ,
1025 434 1381 505 ingratorum
1428 434 1707 491 feriantur
1753 435 1879 506 lege
1935 435 2162 491 liberto-

534 544 683 584 rum.

605 623 688 677 XI.
721 622 965 693 Dignum
996 625 1080 676 est
1130 626 1189 676 ut
1219 622 1329 676 vita
1357 622 1678 678 innocentis
1723 624 1880 677 nulla
1922 622 2165 679 maculev

534 718 627 770 tur
671 714 919 786 pernicie
954 716 1314 771 accusatoris.
1359 717 1486 771 Ideo
1532 716 1787 788 quisquis
1832 734 1865 772 a
1914 716 2167 788 quolibet

535 809 904 878 criminatur,
958 826 1074 864 non
1125 814 1256 864 ante
1304 814 1597 865 accusatus
1644 810 1919 881 supplicio
1974 810 2160 877 detur,

532 920 705 975 quam
734 908 1023 958 accusator
1051 906 1446 976 prmsentetur,
1479 908 1650 975 atque
1680 904 1875 975 legum
1906 909 1962 959 et
1988 921 2162 958 cano-

532 1014 672 1052 num
701 997 979 1052 sententia
999 997 1345 1069 exquiretur.
1373 997 1530 1062 Quod
1559 996 1605 1051 si
1632 996 1869 1069 indigna
1896 998 1969 1052 ad
1999 1014 2159 1052 accu-

533 1091 777 1145 sandum
831 1108 1074 1162 persona
1111 1090 1419 1160 invenitur,
1466 1091 1536 1145 ad
1579 1090 1701 1162 ejus
1749 1078 2162 1146 accusationem

530 1202 647 1240 non
667 1184 971 1255 judicctur.

604 1280 714 1334 XII.
756 1279 1063 1333 Pravarum
1113 1278 1346 1333 audacia
1401 1278 1682 1333 mentium
1743 1295 1892 1350 saepe
1948 1278 2164 1333 malitia

531 1372 945 1443 cogitationum
968 1378 1066 1427 aut
1091 1389 1259 1427 causa
1288 1372 1583 1443 culparum
1614 1372 1901 1443 refugium
1948 1372 2165 1445 appetit

531 1466 806 1522 hostium.
835 1466 994 1520 Unde
1023 1465 1277 1537 quisquis
1301 1468 1561 1537 patrator
1595 1466 1889 1537 culparum
1932 1465 2162 1520 exstite-

532 1560 605 1615 rit
648 1560 869 1627 talium,
903 1560 1173 1614 virtutem
1210 1561 1405 1631 petens
1456 1558 1764 1614 defendere
1811 1558 2163 1614 adversario-

532 1669 679 1722 rum,
711 1659 768 1709 et
793 1654 995 1724 patria:
1044 1654 1129 1707 vel
1173 1652 1327 1724 genti
1372 1669 1488 1707 sua:
1539 1652 1882 1708 detrimenta
1911 1652 2167 1707 intulerit

530 1765 745 1814 rerum,
775 1751 1054 1819 potestate
1096 1747 1249 1819 regis
1275 1762 1340 1801 ac
1368 1746 1555 1816 gentis
1598 1746 1887 1815 reductus,
1927 1763 2160 1801 excom-
2185 1721 2241 1793 B

530 1844 855 1899 municatus
916 1848 972 1897 et
1034 1846 1289 1897 retrusus
1342 1841 1755 1914 longinquioris
1812 1841 2164 1913 paenitentia:

529 1937 747 2009 legibus
777 1937 1080 2004 subdatur;
1118 1936 1268 2007 quod
1318 1936 1362 1991 si
1408 1936 1529 2007 ipse
1573 1935 1712 1990 mali
1756 1935 1842 1989 sui
1885 1936 2042 2006 prius
2072 1952 2160 1989 re-

531 2030 838 2086 miniscens
879 2030 949 2084 ad
993 2029 1287 2084 ecclesiam
1343 2029 1541 2084 fecerit
1581 2028 1937 2099 confugium,
1983 2029 2161 2083 inter-

528 2141 690 2178 cessu
734 2123 1098 2177 sacerdotum
1147 2126 1204 2176 et
1245 2122 1564 2177 reverentia
1608 2122 1714 2176 loci
1762 2122 1920 2193 regia
1972 2122 2031 2177 in
2085 2121 2165 2176 eis

528 2217 711 2287 pietas
737 2218 1051 2270 reservetur
1075 2215 1383 2269 comitante
1405 2215 1648 2285 justitia.

601 2310 727 2364 XIII.
756 2308 865 2373 Qui
891 2308 1145 2379 primatu
1189 2308 1482 2378 dignitatis
1510 2311 1684 2378 atque
1716 2306 2051 2362 reverentia
2078 2310 2162 2363 vel

531 2403 730 2473 gratias
754 2402 826 2456 ob
848 2400 1114 2455 meritum
1145 2401 1203 2455 in
1237 2400 1446 2472 palatio
1473 2400 1839 2455 honorabiles
1860 2400 2160 2468 habentur,

529 2497 617 2553 his
648 2514 681 2551 a
700 2495 1025 2568 junioribus
1068 2494 1358 2549 modestus
1407 2494 1590 2549 honor
1633 2511 1736 2565 per
1781 2494 1973 2548 omnia
2014 2494 2165 2549 defe-

528 2594 710 2657 ratur,
745 2589 844 2662 qui
872 2588 1044 2644 etiam
1090 2587 1347 2642 minores
1392 2604 1425 2641 a
1472 2587 1782 2642 senioribus
1818 2590 1876 2642 et
1917 2588 2165 2643 dilectio-

526 2684 616 2740 nis
660 2684 1079 2755 amplectantur
1122 2681 1348 2748 affectu,
1414 2686 1471 2736 et
1528 2681 1784 2735 utilitatis
1833 2681 2165 2736 imbuantur

526 2778 806 2848 exemplo.

599 2872 728 2926 XIV.
759 2869 1065 2926 Prmmium
1096 2869 1354 2925 fraudare
1384 2868 1649 2925 ﬁdelibus
1696 2886 1813 2925 non
1852 2870 2037 2925 solum
2081 2870 2164 2924 in-

526 2966 868 3033 humanum,
898 2963 991 3018 sed
1021 2962 1198 3017 etiam
1226 2963 1413 3017 existit
1432 2963 1736 3033 injustum.
1768 2963 2010 3035 Ideoque
2032 2981 2161 3018 cum

528 3058 656 3114 fidei
682 3057 949 3113 meritum
972 3058 1090 3115 tam
1112 3056 1169 3113 in
1195 3056 1363 3110 rebus
1382 3056 1585 3111 divinis
1606 3072 1779 3128 quam
1802 3057 1863 3112 in
1894 3057 2160 3112 humanis
2182 3088 2237 3162 Ο

528 3170 642 3209 non
686 3152 959 3207 habeatur
1001 3151 1316 3222 ingratum,
1354 3150 1593 3221 dignum
1636 3150 1859 3205 videtur
1886 3155 1951 3205 ut
1977 3169 2157 3207 sacer-

528 3246 697 3302 dotali
727 3244 1007 3300 sententia
1037 3244 1403 3299 consulamus
1433 3242 1690 3298 ﬁdelibus
1716 3244 1888 3315 regis.
1920 3244 2159 3301 Proinde

526 3344 592 3395 ut
617 3357 766 3395 anno
797 3339 982 3411 primo
1010 3336 1357 3392 serenissimi
1402 3337 1672 3408 principis
1700 3338 1881 3392 nostri
1913 3338 2164 3394 decrevit

525 3434 829 3489 concilium
855 3434 1117 3486 sanctum
1162 3447 1358 3485 omnes
1404 3430 1597 3484 ﬁdeles
1638 3430 1738 3502 qui
1782 3432 2058 3503 obsequio
2106 3438 2163 3486 et

524 3529 744 3582 sincero
791 3525 1018 3582 servitio
1063 3524 1454 3579 voluntatibus
1503 3525 1588 3578 vel
1637 3524 1813 3595 jussis
1865 3526 2164 3597 paruerint

527 3620 797 3693 principis
844 3622 1068 3690 totaque
1112 3617 1429 3673 intentione
1476 3618 1672 3672 salutis
1702 3619 1824 3690 ejus
1848 3618 2161 3674 custodiam

528 3713 847 3780 habuerint,
893 3729 926 3766 a
972 3713 1139 3784 regni
1181 3711 1620 3779 successoribus,
1662 3728 1770 3766 nec
1806 3729 1839 3766 a
1883 3712 2161 3784 dignitate

526 3826 630 3865 nec
658 3826 689 3862 a
715 3807 884 3863 rebus
919 3806 1172 3879 pristinis
1213 3822 1386 3861 causa
1412 3805 1771 3877 repellantur
1800 3806 2034 3877 injusta,
2063 3807 2163 3862 sed

527 3919 678 3960 nunc
703 3902 781 3957 ita
805 3918 910 3973 pro
937 3899 1382 3971 uniuscujusque
1416 3899 1652 3954 utilitate
1682 3899 1954 3971 principis
1975 3901 2164 3956 mode-

528 4001 725 4051 rentur
754 3994 1117 4059 discretione,
1146 3993 1293 4047 sicut
1315 4010 1411 4047 eos
1442 3993 1801 4063 perspexerit
1816 3994 2164 4048 necessarios

530 4106 649 4144 esse
679 4088 905 4160 patriae;
950 4092 1007 4141 et
1050 4086 1127 4140 sic
1172 4086 1280 4141 illis
1323 4084 1689 4156 impartiatur
1724 4086 2071 4156 benignitas,
2104 4089 2165 4139 ut

530 4182 586 4238 in
618 4180 838 4237 caeteris
868 4195 1095 4249 magnas
1120 4181 1471 4233 monstretur
1497 4177 1698 4249 gratiae
1725 4181 1992 4248 potestas,
2021 4196 2161 4251 qua-

529 4281 697 4329 tenus
726 4274 799 4327 ita
826 4272 1017 4327 omnia
1049 4272 1107 4327 in
1150 4271 1316 4326 rebus
1337 4271 1490 4341 juste
1535 4271 1849 4342 conquisita
1873 4272 2166 4327 lucrentur

529 4372 594 4423 ut
619 4365 860 4439 posteris
885 4364 1246 4437 relinquendi
1296 4364 1380 4417 vel
1424 4363 1633 4435 quibus
1672 4365 1935 4419 voluntas
1964 4382 2163 4421 eorum

2265 434 2475 488 siarum
2506 434 2608 489 Dei
2637 434 2975 489 adhibeatur
3016 451 3049 488 a
3088 432 3251 488 nobis
3288 432 3611 505 providentia
3644 450 3806 506 oppor-

2266 532 2425 593 tuna,
2458 529 2600 583 adeo
2642 533 2703 582 ut
2733 544 3091 600 qumounque
3130 543 3220 582 res
3264 526 3491 581 ecclesiis
3528 525 3614 582 Dei
3638 545 3663 581 a
3685 529 3808 600 prin-

2264 621 2483 693 cipibus
2518 622 2667 692 juste
2698 637 2975 676 concessa:
3015 625 3167 688 sunt,
3202 620 3288 675 vel
3332 620 3544 686 fuerint,
3568 618 3641 673 vel
3665 621 3808 691 cujus-

2265 731 2488 786 cunque
2532 714 2764 770 alterius
2808 731 3066 787 persome
3103 714 3353 788 quolibet
3395 713 3544 768 titulo
3589 712 3683 768 illis
3726 730 3811 770 non

2263 808 2470 879 injuste
2527 809 2745 863 collatae
2791 814 2923 863 sunt
2964 809 3048 863 vel
3094 807 3426 875 exstiterint,
3473 807 3543 861 ita
3575 806 3626 861 in
3660 823 3813 861 earum

2255 902 2387 974 jure
2417 903 2718 973 persistere
2767 901 2931 957 ﬁrma
2974 902 3280 957 stabilitate
3318 901 3590 972 jubemus,
3619 906 3670 955 ut
3693 902 3817 956 evelli

2264 1012 2493 1068 quoquo
2520 1013 2653 1050 casu
2679 996 2765 1050 vel
2786 1002 3039 1068 tempore
3070 996 3387 1050 nullatenus
3411 994 3622 1066 possint.
3642 994 3816 1065 Oppor.

2265 1092 2468 1146 tunum
2497 1093 2583 1145 est
2610 1090 2786 1159 enim,
2823 1094 2883 1144 ut
2914 1089 3059 1144 sicut
3087 1089 3275 1144 ﬁdelia
3313 1087 3596 1145 hominum
3637 1087 3819 1141 servitia

2263 1204 2376 1242 non
2407 1188 2645 1243 existere
2673 1187 2996 1242 censuimus
3026 1186 3270 1259 ingrata,
3299 1186 3379 1240 ita
3403 1185 3629 1240 ecclesiis
3646 1186 3818 1250 collata,

2265 1299 2392 1353 quae
2410 1281 2639 1353 propria
2654 1287 2787 1336 sunt
2803 1298 3123 1353 pauperum
3141 1280 3431 1347 alimenta,
3447 1296 3629 1333 eorum
3647 1278 3821 1350 injuriis

2264 1391 2368 1447 pro
2397 1375 2660 1430 mercede
2685 1374 3052 1429 offerentium
3076 1379 3353 1429 maneant
3374 1373 3693 1427 inconvulsa.

2334 1470 2464 1523 XVI.
2517 1469 2674 1524 Sicut
2712 1467 3015 1523 insolentia
3056 1468 3343 1522 malorum
3377 1482 3569 1537 regum
3606 1465 3765 1520 odiosa
3785 1470 3825 1520 et

2266 1566 2623 1621 exsecrabilis
2652 1582 2882 1637 semper
2923 1565 3110 1621 existit
3151 1565 3433 1636 subjectis,
3482 1564 3553 1618 ita
3593 1564 3824 1618 bonorum

2267 1659 2497 1732 provida
2527 1660 2735 1714 utilitas
2764 1658 3021 1713 amabilis
3051 1658 3298 1713 efﬁcitur
3338 1657 3573 1729 populis.
3612 1655 3826 1720 Quocirca

2265 1753 2392 1824 quis
2432 1753 2591 1820 ferat,
2642 1759 2740 1807 aut
2789 1752 2915 1824 quis
2955 1752 3129 1806 talem
3174 1755 3460 1806 errantem
3511 1749 3826 1805 Christianum

2264 1846 2449 1900 videat
2474 1846 2573 1917 qui
2606 1846 2825 1916 regiam
2858 1846 3128 1909 sobolem,
3173 1849 3272 1899 aut
3314 1843 3679 1917 posteritatem
3704 1858 3828 1897 eone

2264 1945 2357 1994 tur
2378 1940 2688 2011 exspoliare
2714 1940 2905 2007 rebus,
2929 1944 3027 1994 aut
3051 1939 3270 2011 privare
3298 1936 3690 2009 dignitatibus?
3711 1934 3826 2006 quod

2265 2050 2338 2087 ne
2369 2034 2484 2101 fiat,
2507 2050 2636 2088 cum
2664 2032 2949 2103 generalis
2994 2036 3294 2104 promatur
3342 2032 3411 2086 de
3458 2028 3705 2102 principis
3732 2029 3828 2082 ﬁliis

2264 2127 2564 2194 sententia,
2617 2127 2687 2181 de
2742 2126 3011 2197 praesenti
3066 2124 3525 2180 excellentissimi
3562 2120 3828 2179 Chintillani

2224 2258 2236 2269 .
2263 2220 2417 2289 regis
2448 2220 2772 2291 posteritate
2802 2220 3009 2274 dantur
3040 2222 3173 2289 apta
3211 2218 3439 2273 decreta
3461 2235 3492 2271 a
3521 2215 3686 2282 nobis,
3712 2217 3760 2268 ut
3782 2231 3829 2268 ea

2266 2330 2392 2384 quae
2424 2313 2674 2384 synodus
2705 2313 2993 2384 praiterito
3021 2329 3175 2367 anno
3206 2311 3265 2367 in
3292 2312 3400 2367 hac
3436 2309 3657 2366 ecclesia
3680 2307 3830 2362 habita

2263 2407 2571 2473 constituit,
2617 2408 2763 2461 circa
2808 2423 3041 2460 omnem
3077 2406 3467 2477 posteritatem
3509 2404 3624 2475 ejus
3660 2401 3832 2457 univer-

2264 2501 2400 2554 sitas
2427 2500 2588 2570 regni
2621 2499 2704 2554 sui
2734 2503 3047 2565 conservet,
3073 2499 3179 2553 hoc
3207 2501 3296 2553 est
3325 2504 3389 2553 ut
3411 2497 3705 2569 praebeatur
3737 2493 3831 2548 filiis

2263 2594 2384 2664 ejus
2405 2593 2628 2648 dilectio
2672 2592 2920 2663 benigna
2948 2598 3004 2647 et
3029 2592 3218 2659 ﬁrma,
3251 2597 3310 2647 et
3332 2591 3642 2647 tribuantur
3655 2588 3736 2643 ubi
3753 2586 3831 2641 loci

2264 2686 2657 2757 opportunitas
2672 2686 2990 2741 exhibuerit
3006 2685 3356 2740 defensionis
3372 2683 3693 2739 adminicula
3699 2682 3829 2751 juste,

2262 2796 2334 2834 ne
2366 2779 2435 2833 de
2463 2779 2633 2834 rebus
2669 2779 2824 2849 juste
2869 2778 3204 2849 profligatis,
3233 2781 3335 2832 aut
3377 2782 3662 2849 parentum
3695 2771 3833 2845 digni-

2261 2878 2372 2927 tate
2402 2872 2737 2944 procuratis,
2770 2873 2856 2927 vel
2884 2871 3146 2943 largitate
3168 2870 3517 2943 principum,
3543 2869 3623 2923 vel
3649 2867 3833 2935 alicujus

2260 2965 2553 3037 impensis,
2600 2968 2700 3019 aut
2745 2965 2918 3019 etiam
2949 2964 3295 3036 proprietate
3328 2963 3532 3019 debitis
3558 2960 3834 3017 fraudentur

2260 3059 2604 3131 quibuslibet
2644 3058 2866 3113 insidiis
2906 3057 3244 3128 calliditatis,
3294 3074 3481 3131 neque
3527 3074 3559 3111 a
3602 3067 3831 3128 quoquam

2258 3153 2509 3209 laedendi
2533 3169 2629 3208 eos
2658 3153 3024 3224 praebeantur
3066 3157 3410 3223 argumenta
3437 3145 3832 3207 machinationis,

2259 3246 2389 3318 quia
2421 3246 2663 3317 dignum
2688 3251 2772 3301 est
2798 3250 2865 3300 ut
2883 3246 3046 3317 cujus
3067 3245 3357 3318 regimine
3389 3245 3655 3300 habemus
3678 3239 3835 3295 securi-

2260 3343 2456 3409 tatem,
2484 3340 2607 3410 ejus
2633 3339 2957 3410 posteritati
2985 3339 3213 3394 decreto
3245 3338 3470 3394 concilii
3502 3335 3834 3409 impertiamus

2262 3433 2532 3504 quietem.
2579 3432 2835 3504 Denique
2878 3436 3037 3487 tanta
3079 3448 3218 3503 erga
3258 3448 3367 3487 nos
3410 3431 3582 3488 nostri
3622 3424 3835 3501 principis

2262 3530 2487 3582 exstant
2533 3526 2825 3594 beneficia,
2860 3531 2924 3581 ut
2946 3525 3187 3597 longum
3237 3525 3312 3580 sit
3357 3524 3634 3599 sigillatim
3658 3538 3715 3577 ea
3738 3535 3834 3591 pro-

2261 3638 2418 3676 mere
2445 3620 2660 3691 lingua.
2706 3622 2828 3691 Ipse
2869 3619 3025 3675 enim
3068 3624 3303 3674 auctore
3346 3622 3461 3676 Deo
3486 3617 3639 3674 nobis
3664 3627 3833 3687 pacem,

2262 3715 2381 3785 ipse
2410 3713 2571 3786 quasi
2602 3713 2887 3784 captivam
2932 3712 3157 3769 reduxit
3195 3713 3551 3781 charitatem,
3588 3709 3740 3783 ipsius
3758 3720 3849 3776 ope-

2264 3808 2460 3879 quieti,
2507 3806 2685 3879 ipsius
2728 3822 2927 3860 sumus
2961 3806 3259 3877 largitione
3291 3806 3479 3873 ditati,
3507 3805 3619 3876 ipse
3642 3800 3835 3857 medica-

2261 3901 2416 3956 mine
2444 3900 2715 3956 bonitatis
2739 3916 2876 3967 suse,
2906 3903 2964 3955 et
2989 3899 3099 3954 reis
3126 3899 3406 3971 pepercit,
3440 3904 3497 3955 et
3526 3901 3692 3953 rectos
3715 3890 3838 3948 subli-

2263 3995 2456 4049 mavit.
2474 3993 2574 4049 Cui
2589 3993 2637 4048 si
2653 3992 2843 4064 dignis
2855 3992 3203 4047 voluerimus
3222 3993 3568 4065 respondere
3584 3984 3833 4047 beneficiis,

2264 4105 2376 4142 non
2422 4087 2592 4143 tantis
2631 4092 2911 4155 exstamus
2954 4086 3135 4158 copiis
3182 4086 3429 4157 virtutis,
3472 4085 3667 4159 quibus
3703 4080 3835 4135 tanta

2264 4186 2391 4237 voto
2417 4180 2763 4236 sufficiamus
2788 4179 3112 4236 voluntatis.

2334 4276 2487 4331 XVII.
2518 4274 2801 4339 Quoniam
2826 4275 2885 4328 in
2917 4272 3157 4329 concilio
3200 4273 3499 4343 anteriori,
3545 4269 3686 4344 quod
3722 4278 3835 4322 anno

2266 4368 2451 4441 primo
2478 4368 2713 4440 gloriosi
2737 4367 3010 4439 principis
3038 4367 3220 4422 nostri
3251 4354 3515 4423 habitum
3556 4367 3653 4431 est,
3687 4362 3744 4417 de
3763 4359 3836 4413 hu-

528 4461 843 4518 decreverit
871 4458 1200 4515 conferendi
1239 4460 1553 4529 spontaneo
1601 4456 1869 4513 fruantur
1904 4460 2160 4515 arbitrio.
2183 4457 2242 4529 D
2258 4462 2512 4533 jusmodi
2529 4480 2590 4517 re
2605 4460 3149 4533 fueritpromulgata
3162 4460 3471 4530 sententia,
3502 4464 3681 4515 tamen
3704 4451 3841 4526 placet

527 4560 808 4613 Craterum
835 4555 878 4609 si
908 4552 1149 4609 inﬁdelis
1177 4551 1487 4624 quisquam
1534 4551 1594 4605 in
1640 4550 1822 4622 capite
1874 4553 2033 4623 regio
2072 4559 2171 4609 aut

530 4650 746 4703 inutilis
776 4650 833 4703 in
862 4649 1034 4703 rebus
1055 4645 1389 4716 commissis,
1414 4647 1693 4717 prasente
1715 4645 1952 4701 domino
1978 4651 2169 4701 nostro

530 4742 783 4813 piissimo
802 4742 1146 4797 tzliintillano
1175 4756 1311 4811 rege
1330 4738 1627 4808 exstiterit,
1647 4738 1705 4793 in
1725 4738 2032 4794 clementia
2047 4740 2097 4811 ej
2107 4757 2170 4795 us

533 4841 758 4890 maneat
785 4835 1078 4908 potestatis
1106 4851 1209 4891 suo
1239 4838 1385 4888 nutu
1405 4832 1805 4888 constituenda
1836 4833 2170 4905 hujusmodi

535 4912 871 4994 moderatio,
904 4927 1058 4983 nefas
1084 4931 1168 4982 est
1192 4927 1347 4982 enim
1377 4927 1436 4981 in
1466 4926 1704 4981 dubium
1738 4926 2018 4983 deducere
2045 4927 2168 4999 ejus

533 5025 889 5093 potestatem,
918 5021 1009 5075 cui
1035 5019 1294 5076 omnium
1317 5020 1656 5092 gubernatio
1677 5036 1923 5091 superno
1947 5024 2169 5076 constat

532 5116 799 5187 delegata
818 5113 1054 5184 judicio.
1084 5113 1245 5178 Quod
1292 5112 1338 5167 si
1385 5117 1513 5184 post
1561 5113 1855 5169 decessum
1884 5114 2166 5187 quispiam

533 5213 792 5281 repertus
832 5206 1007 5262 fuerit
1048 5207 1172 5278 ejus
1217 5206 1341 5261 vita:
1386 5206 1560 5260 fuisse
1594 5205 1857 5273 inﬁdelis,
1888 5207 2167 5280 quidquid

530 5302 797 5374 largitate
836 5300 1015 5373 ipsius
1059 5300 1118 5354 in
1166 5299 1335 5354 rebus
1366 5298 1564 5354 habuit
1592 5299 1925 5371 conquisitis
1954 5303 2163 5367 careat,

532 5395 894 5457 conliscando
920 5395 1016 5449 illo
1049 5396 1106 5447 ct
1137 5392 1396 5448 ﬁdelibus
1423 5392 1738 5463 largiendo.

602 5491 710 5545 XV.
738 5489 878 5555 Quia
923 5489 1011 5544 his
1055 5488 1152 5560 qui
1198 5486 1547 5558 principibus
1593 5486 1764 5556 digne
1817 5486 2161 5555 deserviunt,

532 5588 705 5655 atque
728 5582 1119 5641 deferentibus
1143 5581 1308 5636 ﬁdele
1337 5580 1447 5634 illis
1469 5579 1805 5651 obsequium
1823 5583 2043 5634 constat
2060 5596 2163 5635 nos

522 5676 807 5744 optimum
837 5677 1186 5732 ministrasse
1216 5674 1571 5747 suffragium,
1606 5674 1743 5728 dum
1763 5674 1915 5745 juste
1947 5691 1979 5727 a
2011 5673 2160 5745 prin-

517 5766 735 5835 cipibus
765 5771 1038 5841 acquisita
1097 5769 1153 5825 in
1214 5786 1409 5827 eorum
1447 5768 1575 5840 jure
1622 5767 1923 5840 persistere
1971 5768 2157 5823 sanci-

2267 4557 2472 4610 iterare
2519 4555 2675 4627 quod
2717 4554 2978 4610 convenit
3018 4552 3307 4609 custodiri.
3360 4555 3556 4626 Itaque
3598 4548 3729 4621 regis
3760 4544 3841 4598 vita

2269 4652 2582 4716 constante,
2610 4649 2800 4704 nullus
2823 4648 2928 4704 sibi
2950 4647 3143 4720 aliquo
3170 4662 3363 4719 opere,
3385 4647 3475 4701 vel
3495 4638 3840 4702 deliberatione

2269 4742 2659 4813 cujuscunque
2687 4741 2979 4814 dignitatis
3012 4740 3208 4810 laicus,
3242 4756 3343 4796 seu
3372 4740 3581 4813 gradus
3622 4728 3838 4807 episcopi,

2270 4840 2368 4890 aut
2392 4835 2724 4907 presbyteri,
2756 4841 2853 4890 aut
2878 4834 3105 4891 diaconi
3144 4837 3528 4902 consecratus,
3570 4826 3839 4895 ceterisque

2269 4929 2565 4984 clericatus
2593 4928 2790 4983 ofﬁciis
2814 4928 3040 4983 deditus
3069 4927 3328 4982 futurum
3373 4942 3574 4999 regem
3606 4916 3840 4995 provideat

2267 5027 2463 5077 contra
2490 5021 2726 5077 viventis
2750 5020 2905 5093 regis
2938 5021 3260 5088 utilitatem,
3290 5025 3348 5075 et
3375 5018 3569 5092 procul
3599 5012 3748 5072 dubio
3766 5022 3837 5061 το·

2267 5117 2567 5181 luntatem,
2589 5115 2743 5169 nullo
2758 5113 3171 5181 blandimento,
3192 5113 3283 5167 vel
3298 5113 3556 5168 suasione
3571 5125 3668 5183 pro
3686 5103 3839 5161 eadem

2267 5225 2387 5280 spe,
2421 5213 2521 5263 aut
2547 5208 2687 5262 alios
2718 5208 2775 5261 in
2801 5223 2859 5262 se
2880 5208 3089 5274 trahat,
3119 5210 3219 5261 aut
3246 5206 3363 5278 ipse
3385 5206 3446 5260 in
3470 5204 3639 5260 alium
3659 5194 3837 5269 acquie-

2267 5308 2401 5356 scat.
2433 5301 2695 5373 Iniquum
2721 5300 2894 5369 enim,
2925 5303 2982 5355 et
3011 5300 3172 5354 valde
3200 5298 3541 5354 exsecrabile
3566 5285 3839 5352 Christianis

2268 5396 2435 5450 debet
2464 5394 2665 5450 haberi
2688 5394 2867 5449 futuri
2896 5393 3170 5465 temporis
3208 5392 3415 5446 illicitis
3465 5389 3773 5463 prospicere,
3800 5382 3839 5431 εί

2266 5489 2395 5543 vitae
2426 5505 2541 5542 suae
2573 5488 2799 5560 ignaros
2838 5492 3077 5541 ventura
3104 5486 3426 5558 disponere.
3461 5483 3622 5549 Quod
3647 5481 3689 5535 si
3716 5473 3835 5547 quis-

2264 5598 2376 5654 que
2392 5582 2517 5653 jam
2540 5582 2671 5637 talia
2698 5581 2893 5653 iniqua
2922 5578 3328 5635 deliberatione
3377 5594 3509 5633 cum
3553 5580 3838 5649 quocunque

2266 5682 2350 5730 est
2374 5676 2694 5743 meditatus,
2722 5676 2828 5730 hoc
2855 5674 2961 5728 sibi
3008 5674 3231 5729 noverit
3260 5688 3378 5727 esse
3405 5664 3717 5727 secerdotali
3742 5676 3837 5716 m0-

2263 5768 2547 5825 derationc
2592 5784 2939 5836 concessum,
2986 5767 3033 5821 si
3074 5764 3431 5824 veniabiliter
3466 5762 3656 5841 poscit,
3684 5764 3738 5814 ut
3758 5755 3837 5810 hoc
