3964 6178
148 255 232 312 493
1339 252 1809 313 DECRETALIUM
1849 254 2230 313 GOLLECTIO.

3360 252 3460 318 494

147 368 248 419 sine
285 379 435 417 mora
472 358 765 432 prmsentis
809 358 1082 433 principis
1107 361 1339 418 auribus
1364 364 1591 419 studeat
1618 380 1724 435 pu-
1748 378 1806 450 Α
1828 364 1956 419 culo
1997 365 2157 436 quasi
2198 364 2410 437 proprii
2441 365 2613 437 patris
2638 366 2769 438 ejus
2796 366 3095 424 ulciscatur
3132 361 3457 424 interitum.

143 458 334 513 blicare.
382 457 435 511 Si
482 459 676 510 autem
724 455 986 526 retineat,
1036 459 1093 511 et
1138 456 1564 512 deliberationis
1611 474 1727 513 sum

140 549 556 606 machinamenta
597 549 848 605 noluerit
892 549 1081 605 dicere
1103 592 1116 617 ,
1160 550 1406 622 pessimo
1445 552 1733 623 plectatur

142 643 498 713 anathemate;
528 660 662 714 rege
704 660 842 699 vero
881 643 1172 712 defuncto,
1204 645 1393 699 nullus
1435 645 1732 716 tyrannica

141 737 537 809 praesumptione
568 754 812 808 regnum
841 742 1118 807 assumat,
1148 737 1343 799 nullus
1371 738 1477 792 sub
1501 738 1727 809 religio-

138 832 210 885 nis
232 829 413 884 habitu
434 830 718 899 detonsus,
742 833 841 885 aut
868 831 1113 902 turpiter
1139 830 1479 899 deealvatus,
1499 833 1600 886 aut
1619 847 1732 886 ser-

138 924 278 978 vilem
314 923 586 994 originem
611 924 866 993 trahens,
888 926 976 979 vel
1010 929 1297 980 extraneas
1328 924 1512 997 gentis
1531 925 1727 992 homo,

137 1017 225 1070 nisi
253 1033 451 1086 genere
479 1022 536 1072 et
560 1017 819 1072 moribus
852 1018 1042 1089 dignis
1070 1022 1475 1089 promoveatur
1500 1018 1574 1073 ad
1603 1018 1727 1090 api-

136 1127 241 1164 cem
283 1110 461 1181 regni.
508 1113 834 1166 Temerator
872 1115 1068 1167 autem
1120 1112 1290 1181 hujus
1333 1111 1731 1183 preceptionis

136 1203 465 1258 sanctissimae
495 1208 775 1276 perpetuo
801 1206 1163 1260 anathemate
1194 1205 1524 1261 damnetur.

189 1299 348 1354 XVIII.
371 1300 497 1353 Jarn
528 1298 765 1370 quidem
802 1299 859 1353 in
904 1299 1264 1354 antecedenti
1294 1299 1607 1354 universali
1635 1317 1727 1371 sy-

135 1393 258 1448 nodo
280 1391 440 1446 saluti
468 1397 797 1446 nostrorum
828 1392 1156 1463 principum
1186 1395 1409 1447 constat
1437 1409 1562 1448 esse
1591 1410 1727 1449 con-

136 1488 310 1541 sultum
334 1529 348 1553 ,
394 1485 495 1539 sed
534 1485 673 1540 libet
717 1485 927 1540 iterare
968 1486 1115 1541 bene
1158 1486 1373 1541 sancita
1399 1529 1412 1555 ,
1461 1492 1519 1542 et
1560 1487 1731 1557 digna

135 1580 428 1635 auctoritate
458 1580 689 1634 munire
713 1578 1015 1634 salubriter
1039 1580 1303 1635 ordinata
1327 1597 1340 1634 :
1373 1580 1620 1652 ideoque
1654 1584 1733 1635 te-

136 1679 319 1728 stamur
344 1690 542 1728 coram
571 1674 684 1728 Deo
711 1678 768 1728 et
810 1673 963 1728 omni
1007 1673 1207 1728 ordine
1247 1674 1604 1745 angelorum,
1638 1692 1727 1730 co-

1826 458 1887 512 In
1916 457 2076 528 cujus
2102 458 2443 514 defensionis
2467 458 2740 515 auxilium
2768 459 3020 517 universi
3050 460 3218 531 regni
3244 460 3460 517 Gotho-

1828 567 1957 606 rum
1990 552 2310 608 consentiat
2346 552 2641 608 fortitudo.
2671 552 2731 609 Si
2776 559 2970 610 autem
3004 553 3235 609 desidiae
3264 570 3457 622 causa,

1829 647 1887 698 et
1931 644 2139 700 minori
2188 645 2327 713 zelo,
2379 649 2497 700 tam
2546 646 2835 701 funestum
2883 648 3135 703 noluerit
3180 646 3462 704 vindicare

1830 738 2032 805 scelus,
2064 738 2180 793 sint
2205 754 2407 794 omnes
2442 754 2509 794 ex
2554 741 2745 794 nostra
2779 740 3059 797 sententia
3089 741 3460 813 opprobrium

1832 831 2051 885 caeteris
2081 831 2366 902 gentibus.

1900 926 2026 980 XIX.
2056 925 2153 980 His
2180 925 2447 981 omnibus
2481 926 2588 980 rite
2632 925 2933 996 dispositis,
2961 932 3016 982 et
3043 927 3316 987 diuturna
3347 932 3458 985 col-

1828 1018 2043 1073 latione
2073 1018 2422 1086 deliberatis,
2448 1017 2926 1088 benedictionem,
2951 1021 3194 1092 gloriam
3214 1026 3270 1077 et
3290 1023 3464 1079 hono-

1830 1128 1954 1167 rem
1976 1110 2242 1167 invisibili
2263 1112 2521 1167 omnium
2548 1114 2769 1168 auctori
2792 1113 3156 1184 rependimus
3174 1116 3459 1173 luminum

1829 1206 1999 1273 Patri,
2051 1209 2109 1261 et
2152 1206 2212 1260 in
2263 1205 2666 1261 conservandis
2707 1206 2828 1277 ejus
2875 1206 3253 1278 imploramus
3296 1226 3464 1281 opem

1830 1299 2106 1371 suffragii,
2140 1303 2204 1355 ut
2233 1299 2732 1355 constitutionibus
2775 1300 2983 1356 nostris
3017 1302 3193 1357 robur
3228 1303 3458 1369 tribuat,

1831 1410 1929 1447 seu
1942 1393 2727 1465 virtutem,fragilitatemque
2742 1394 3060 1450 humanam
3080 1396 3212 1452 huic
3226 1396 3464 1468 disposi-

1830 1486 1974 1542 tioni
1988 1486 2187 1543 reddat
2203 1488 2513 1554 efficacem,
2531 1486 2589 1541 id
2610 1491 2697 1541 est
2717 1487 3099 1556 salubrem,ut
3114 1506 3232 1547 non
3245 1490 3465 1562 judicet

1829 1580 2359 1651 praevaricatricem.
2388 1581 2497 1635 Nos
2526 1597 2665 1652 ergo
2687 1581 2880 1637 omnia
2899 1583 3281 1655 superscripta
3303 1585 3461 1640 omni

1830 1674 2165 1729 auctoritate
2184 1674 2504 1745 priscorum
2525 1691 2807 1729 canonum
2833 1674 3246 1748 subscriptione
3271 1683 3466 1734 nostra

136 1784 233 1821 ram
254 1767 659 1839 prophetarum
683 1778 851 1840 atque
877 1768 1266 1838 apostolorum
1290 1768 1377 1822 vel
1406 1768 1565 1823 omni
1584 1786 1734 1824 mar—
1752 1749 1808 1821 B
1834 1767 2152 1835 firmamus,
2185 1771 2243 1822 et
2268 1767 2478 1838 gratias
2504 1766 2728 1838 agimus
2760 1768 3239 1829 Christianissimo
3264 1776 3321 1825 et
3348 1773 3466 1843 glo-

136 1866 291 1929 tyrum
335 1861 511 1916 choro
538 1904 552 1930 ,
603 1879 796 1916 coram
859 1861 1018 1916 omni
1063 1862 1308 1917 Ecclesia
1357 1862 1635 1918 catholica
1678 1867 1735 1918 et

134 1955 543 2009 Christianorum
572 1961 739 2025 coetu,
772 1958 835 2009 ut
856 1971 1029 2010 nemo
1061 1955 1325 2010 intendat
1348 1955 1408 2009 in
1437 1956 1735 2011 interitum

135 2048 274 2118 regis,
304 2065 469 2103 nemo
504 2049 683 2104 vitam
730 2049 1001 2120 principis
1049 2052 1331 2118 attrectet,
1359 2065 1528 2104 nemo
1561 2050 1729 2121 regni

136 2159 239 2196 eum
271 2143 662 2212 gubernaculis
691 2143 892 2213 privet,
925 2160 1097 2198 nemo
1126 2143 1422 2214 tyrannica
1448 2160 1723 2215 praesum-

134 2235 295 2304 ptione
333 2236 562 2307 apicem
604 2237 769 2308 regni
814 2236 918 2290 sibi
959 2240 1215 2307 usurpet,
1267 2253 1438 2292 nemo
1485 2237 1736 2307 quolibet

134 2329 556 2384 machinamento
583 2329 642 2384 in
671 2330 793 2400 ejus
821 2330 1155 2384 adversitate
1176 2329 1282 2385 sibi
1310 2330 1735 2401 conjuratorum

134 2439 327 2478 manum
347 2423 616 2489 associet;
633 2423 786 2495 quod
805 2424 850 2477 si
867 2423 1177 2494 quidquam
1200 2424 1408 2478 horum
1430 2424 1735 2495 quisquam

134 2522 409 2572 nostrorum
455 2519 739 2572 temerate
774 2517 1222 2588 praesumpserit,
1254 2518 1619 2573 anathemate
1646 2517 1733 2572 di-

133 2610 236 2663 vino
272 2612 567 2682 perculsus
607 2610 818 2682 absque
864 2610 979 2665 ullo
1023 2610 1261 2665 remedii
1301 2611 1426 2665 loco
1457 2610 1737 2666 habeatur

133 2702 518 2759 condemnatus
557 2707 773 2759 aeterno
797 2703 1036 2774 judicio.
1067 2706 1117 2759 Is
1143 2708 1337 2757 autem
1366 2703 1466 2774 qui
1498 2703 1619 2774 ejus
1648 2720 1732 2758 se-

132 2795 234 2850 dem
261 2798 424 2854 fuerit
443 2800 760 2864 assecutus,
778 2796 827 2869 1
843 2795 968 2870 2ο
992 2797 1037 2851 si
1062 2797 1181 2851 vult
1205 2800 1366 2852 tanto
1386 2797 1603 2869 expiari
1623 2796 1737 2868 pia-

1835 1861 2146 1915 riosissimo
2189 1860 2536 1916 Chintillano
2579 1860 2823 1932 principi
2869 1866 3090 1930 nostro,
3135 1864 3297 1934 cujus
3342 1870 3463 1921 stu-

1835 1954 1926 2008 dio
1963 1954 2218 2010 advocati
2248 1959 2307 2009 et
2348 1953 2617 2009 instantia
2653 1954 2870 2010 collecti
2907 1972 3121 2011 sumus.
3152 1957 3325 2028 Cujus
3366 1974 3463 2015 νου

1835 2048 2025 2102 luntas
2063 2048 2307 2119 probata
2345 2046 2633 2102 ordinatio
2673 2048 2887 2103 exstitit
2945 2048 3246 2120 religiosa,
3284 2050 3467 2107 donec

1835 2141 1889 2194 ei
1929 2140 2206 2195 Dominus
2242 2140 2458 2212 optimo
2487 2140 2735 2213 principi
2780 2140 3114 2197 diuturnum
3158 2142 3217 2198 in
3259 2146 3465 2199 saeculo

1833 2235 2104 2305 priesenti
2137 2234 2521 2305 triumphum,
2550 2239 2606 2288 et
2642 2234 2704 2288 in
2743 2238 2903 2305 parte
2932 2235 3225 2306 justorum
3261 2253 3463 2309 perpe~

1834 2332 1998 2383 tuum
2025 2344 2292 2400 regnum,
2314 2327 2689 2398 felicibusque
2715 2328 2882 2382 annis
2905 2328 3038 2384 felix
3064 2328 3185 2402 ipse
3204 2330 3262 2384 in
3291 2331 3468 2403 longa

1835 2421 2104 2477 felicitate
2149 2421 2410 2490 fruatur,
2465 2425 2522 2475 et
2568 2420 2775 2477 divinte
2819 2422 3069 2478 dexterae
3117 2424 3467 2495 protectione

1834 2515 2047 2586 ubique
2078 2514 2388 2570 muniatur.
2419 2516 2535 2586 Ego
2561 2515 2729 2581 Silva,
2759 2515 2865 2570 etsi
2892 2515 3185 2588 indignus,
3208 2518 3467 2575 Ecclesia

1839 2609 2135 2679 episcopus
2183 2607 2566 2663 Narbonensis
2591 2651 2605 2678 ,
2652 2608 2711 2663 in
2761 2607 2851 2663 his
2886 2609 3389 2665 constitutionibus
3434 2629 3467 2666 a

1838 2701 2002 2757 nobis
2056 2701 2221 2757 editis
2263 2701 2593 2773 subscripsi.
2644 2701 2920 2761 Similiter
2964 2707 3026 2758 et
3072 2702 3169 2759 alii
3212 2703 3468 2778 episcopi

1836 2794 2309 2866 subscripserunt,
2337 2811 2580 2850 numero
2608 2796 2840 2866 triginta
2866 2799 3107 2868 septem.

763 3090 1163 3155 INCIPIUNT
1206 3090 1600 3156 CAPITULA
1645 3088 1978 3155 CONCILII
2024 3089 2341 3155 SEPTIMI
2386 3088 2801 3154 TOLETANI.

182 3227 221 3277 l.
246 3226 314 3279 De
343 3223 570 3297 refugis
600 3227 770 3296 atque
792 3222 1022 3295 perﬁdis
1046 3223 1262 3278 clericis
1290 3224 1404 3279 sive
1431 3224 1607 3279 laicis.

182 3321 225 3371 2.
271 3319 343 3372 De
394 3318 705 3388 languoris
753 3321 955 3372 eventu
994 3317 1445 3372 ministrantium
1488 3318 1724 3372 clerico-

128 3426 245 3463 rum.

180 3506 223 3558 3.
250 3507 319 3561 De
345 3505 638 3579 exsequiis
671 3503 967 3561 morientis
993 3503 1260 3577 episc0pi.

1898 3222 1951 3279 4.
1988 3225 2061 3278 De
2100 3223 2395 3278 exactione
2434 3223 2812 3279 Ecclesiarum
2854 3224 3098 3279 Galliciae
3138 3225 3461 3297 provinciae.

1902 3322 1952 3373 5.
1984 3318 2058 3372 De
2090 3318 2321 3371 reclusis
2347 3316 2688 3385 inhonestis,
2722 3318 2840 3372 sive
2869 3317 3047 3389 vagis.

1899 3415 1951 3465 6.
1989 3411 2067 3465 De
2098 3410 2405 3465 convicinis
2433 3410 2713 3482 episcopis
2752 3411 2809 3466 in
2844 3411 2982 3467 urbe
3010 3410 3170 3483 regia
3206 3428 3462 3469 commo-

1829 3504 2040 3559 randis.

511 3774 933 3868 INCIPIT
1003 3773 1621 3869 CONCILIUM
1689 3773 2264 3868 SEPTIMUM
2331 3772 3059 3869 TOLETANUM.

134 3939 390 4022 Triginta
421 3945 907 4026 episcoporum,
933 3962 1106 4006 anno
1135 3951 1314 4006 sexto
1340 3942 1777 4006 Cz'ndasz'undz'
1800 3945 1998 4023 regis,
2020 3961 2157 4005 cera
2188 3961 2460 4016 ocnxxx,
2488 3944 2714 4025 quinto
2743 3944 3019 4007 Kalend.
3050 3945 3455 4012 Novembris.

176 4105 283 4162 ευ.
328 4111 369 4164 I.
419 4110 574 4165 Cum
623 4108 681 4162 in
728 4109 960 4164 nomine
1010 4113 1218 4163 sanctas
1258 4107 1573 4178 Trinitatis,
1619 4120 1800 4194 prec
1827 4107 2221 4163 constituenda
2256 4110 2649 4179 competenter
2693 4106 3107 4163 existimantur.
3138 4108 3278 4177 Quis
3303 4110 3456 4166 enim

123 4198 428 4266 quibusdam
469 4201 790 4272 disciplinis
818 4202 1208 4257 ecclesiasticis
1239 4206 1355 4257 tam
1392 4206 1586 4256 nostra
1623 4202 1723 4257 de-

123 4292 310 4351 votione
338 4313 521 4368 quam
548 4296 740 4351 studio
766 4296 1110 4350 serenissimi
1142 4300 1198 4350 et
1227 4295 1497 4350 amatoris
1522 4294 1728 4351 Christi

122 4384 494 4445 Chindasiundi
542 4390 700 4461 regis
743 4389 945 4459 nostri,
978 4389 1129 4460 apud
1166 4389 1495 4444 Toletanam
1520 4388 1726 4443 urbem

120 4488 388 4538 conventus
405 4484 1052 4554 adesset,competenter
1063 4482 1245 4538 visum
1260 4486 1345 4538 est
1357 4487 1554 4538 mutua
1564 4482 1726 4537 colla-

119 4571 247 4628 tione
262 4576 594 4641 decernere,
610 4577 763 4649 quod
783 4577 1017 4632 sollicite
1037 4576 1494 4632 conservandum
1511 4581 1569 4631 et
1584 4592 1726 4647 prae-

121 4667 333 4725 sentibus
353 4674 410 4726 et
429 4671 647 4727 futuris
667 4671 985 4727 commodis
999 4671 1267 4739 nimium,
1285 4674 1347 4726 ut
1363 4671 1722 4736 confidimus,

121 4761 350 4826 prodesse
370 4764 683 4835 constabit,
701 4766 1001 4837 magisque
1024 4781 1250 4836 semper
1271 4768 1356 4819 est
1375 4780 1726 4836 magnopere

121 4855 506 4920 providendum
557 4858 834 4929 quidquid
878 4858 1262 4913 ecclesiasticis
1314 4858 1591 4927 moribus,
1636 4858 1726 4913 vel

122 4947 326 5013 publica:
356 4951 624 5019 utilitati,
658 4952 780 5007 sine
820 4968 931 5024 qua
969 4952 1150 5024 quieti
1191 4968 1305 5005 non
1331 4951 1587 5018 vivimus,
1621 4968 1724 5022 op-

120 5046 395 5108 portunum
424 5062 554 5102 esse
588 5046 985 5117 perpenditur.
1014 5047 1158 5102 Nam
1183 5045 1314 5101 licet
1338 5049 1395 5100 et
1424 5048 1557 5100 ante
1586 5061 1724 5100 con-

120 5134 407 5193 stitutiones
438 5156 737 5194 canonum
773 5140 1037 5209 existant,
1066 5157 1195 5211 quae
1225 5139 1296 5194 ad
1323 5155 1559 5194 omnem
1589 5156 1723 5210 pes-

122 5226 210 5283 sint
244 5232 667 5305 correptionem
711 5233 998 5303 sufﬁcere,
1048 5234 1092 5289 si
1136 5234 1262 5306 quis
1312 5250 1405 5289 eas
1454 5232 1726 5304 dignetur

122 5317 329 5380 libenter
371 5327 709 5396 attendere,
758 5332 916 5383 tanto
959 5331 1157 5383 tamen
1214 5327 1449 5382 luminis
1498 5326 1725 5382 claritas

125 5418 337 5487 amplius
370 5421 602 5489 emicat,
637 5425 851 5493 quanto
880 5423 1054 5477 fuerit
1083 5421 1389 5477 studiosius
1415 5420 1724 5492 saepissime

1826 4201 2044 4257 nesciat
2070 4204 2288 4272 quanta
2318 4200 2432 4256 sint
2468 4201 2746 4256 hactenus
2780 4217 2882 4272 per
2920 4204 3189 4272 tyrannos
3215 4208 3272 4259 et
3303 4204 3455 4261 refu-

1827 4311 1927 4365 gas
1956 4294 2351 4349 transferendo
2392 4310 2451 4348 se
2482 4294 2543 4348 in
2578 4299 2838 4349 externas
2868 4299 3077 4366 partes,
3112 4295 3308 4352 illicite
3337 4312 3462 4369 per-

1826 4391 2066 4458 petrata,
2116 4391 2174 4443 et
2218 4404 2390 4459 quam
2428 4387 2677 4442 nefanda
2712 4404 2912 4443 eorum
2945 4389 3209 4460 superbia
3244 4390 3461 4463 jugiter

1825 4482 2188 4552 frequentata
2214 4498 2339 4553 quae
2367 4484 2425 4536 et
2453 4481 2651 4553 patriae
2691 4480 3133 4541 diminutionem
3162 4482 3454 4555 afferrent,

1825 4578 1880 4629 et
1904 4574 2180 4630 exercitui
2204 4575 2514 4629 Gothorum
2544 4574 2963 4631 indesinentem
2987 4575 3241 4633 laborem
3268 4578 3455 4649 impo-

1824 4667 2074 4723 nerent?
2123 4667 2285 4731 Quod
2330 4667 2614 4738 siquidem
2668 4667 2944 4722 laicorum
2989 4668 3210 4724 insania
3256 4670 3458 4727 fuisset

1825 4763 2062 4828 factum,
2089 4760 2451 4815 tolerandum
2475 4777 2509 4814 a
2539 4759 2701 4814 nobis
2730 4760 2966 4816 forsitan
2997 4762 3345 4835 aliquotiens
3370 4766 3455 4825 vi-

1826 4854 2060 4910 deretur
2091 4871 2103 4910 :
2140 4853 2279 4909 illud
2311 4858 2507 4909 tamen
2536 4858 2623 4909 est
2656 4854 3052 4911 vehementius
3080 4858 3450 4930 stupendum,

1824 4948 1977 5020 quod
2021 4948 2183 5019 pejus
2231 4951 2316 5002 est
2352 4951 2528 5002 tantas
2572 4946 2865 5018 religionis
2914 4950 3206 5021 proposito
3244 4953 3306 5008 in
3346 4954 3457 5011 hac

1824 5042 2114 5097 interdum
2162 5041 2615 5113 praesumptione
2653 5041 2974 5113 praecipites
3019 5043 3354 5116 efferuntur,
3391 5052 3456 5102 ut

1826 5139 1901 5195 ad
1926 5156 2042 5194 non
2065 5139 2248 5194 levem
2273 5139 2665 5196 confusionem
2692 5144 2948 5196 nostram
2976 5143 3274 5214 pertineat,
3296 5144 3345 5199 si
3362 5160 3454 5200 res

1826 5235 2109 5289 ullatenus
2139 5237 2459 5301 remaneat,
2487 5250 2661 5306 quam
2689 5238 2746 5289 et
2776 5235 3072 5291 mundana
3100 5237 3226 5308 lege
3271 5242 3329 5292 et
3356 5254 3448 5292 ec-

1825 5327 2137 5383 clesiastica
2188 5327 2453 5383 convenit
2509 5327 2806 5399 disciplina
2864 5330 3172 5401 corrigere.
3211 5330 3452 5401 Ideoque

1825 5421 2036 5492 placuit
2064 5437 2216 5476 nunc
2247 5420 2516 5476 concordi
2540 5421 2818 5478 sententia
2844 5421 3079 5479 deﬁnire
3102 5426 3180 5491 ut,
3195 5421 3452 5493 quisquis

127 5513 454 5567 contrectata.
486 5514 614 5568 Non
644 5492 845 5585 parum
882 5515 1105 5586 proficit
1143 5515 1212 5569 ad
1259 5506 1721 5569 emendationem
1742 5492 1883 5569 Din
1915 5514 2115 5570 ordine
2146 5514 2446 5570 clericatus
2472 5532 2506 5570 a
2536 5515 2789 5570 maxime
2820 5515 3003 5587 gradu
3031 5531 3213 5585 usque
3238 5514 3309 5569 ad
3337 5515 3446 5570 mi-

130 5602 425 5671 multorum,
452 5607 502 5662 si
530 5623 596 5661 ea
629 5625 757 5680 quia
785 5608 1095 5664 constituta
1121 5613 1253 5663 sunt
1280 5624 1383 5680 per
1412 5609 1725 5662 fraternam

131 5694 452 5754 collationem
481 5700 557 5755 ad
581 5703 920 5757 memoriam
952 5702 1313 5772 reducantur,
1344 5700 1390 5757 si
1430 5700 1527 5756 illa
1554 5701 1724 5756 etiam

137 5785 435 5859 adjiciantur
474 5811 603 5869 quae
641 5801 742 5861 aut
783 5796 980 5853 deesse
1019 5797 1309 5865 videntur,
1350 5799 1447 5851 aut
1488 5794 1726 5855 omnino

1827 5609 2046 5664 nimum
2088 5609 2425 5665 constitutus
2466 5609 2523 5664 in
2569 5609 2768 5665 alienae
2817 5607 3004 5680 gentis
3046 5606 3342 5677 regionem
3388 5626 3449 5665 se

1826 5718 2161 5775 quacunque
2198 5703 2548 5759 occasionem
2592 5699 2994 5767 transduxerit,
3023 5705 3085 5756 ut
3108 5699 3313 5757 exinde
3351 5720 3445 5759 su-

1826 5796 2136 5872 perbiendo
2165 5797 2253 5855 vel
2281 5797 2567 5859 redditum
2597 5811 2761 5855 suum
2786 5794 2872 5850 vel
2889 5793 3179 5870 quodlibet
3196 5795 3358 5860 aliud
3376 5798 3448 5862 vi-
