3946 6180
516 242 617 303 493
676 210 685 216 ’

1394 250 1676 306 ΑΡΡΕΝΙ).
1716 249 1804 305 AD
1841 250 2001 306 SJEC.
2044 248 2129 304 IX.
2161 278 2230 289 --
2269 248 2520 305 ISlDORl
2557 249 2983 306 MERCATURIS

3706 260 3782 316 496

516 360 717 415 deatur
745 362 1033 430 expetere,
1066 356 1180 413 sive
1208 357 1383 413 etiam
1415 358 1572 430 quod
1602 358 1758 430 genti
1801 359 2140 429 Gothorum,
2168 369 2225 444 Α
2246 362 2361 413 tem
2393 375 2452 412 se
2475 358 2836 430 superstitem
2860 365 2985 431 post
3011 358 3264 431 ejusdem
3293 360 3436 431 regis
3457 360 3645 418 obitum
3670 369 3785 421 tem-

516 456 602 509 vel
640 454 841 525 patriae
878 455 963 508 vel
1010 470 1188 524 regno
1219 453 1538 525 specialiter
1571 454 1672 507 sub
1712 454 1816 508 hac
1854 453 2146 508 occasione

516 548 692 621 possit
732 564 934 603 nocere
974 549 1059 602 vel
1101 547 1225 601 ﬁeri
1270 547 1630 618 disposuerit,
1659 548 1745 600 vel
1789 547 2146 617 aliquatenus

514 642 732 710 fecerit,
763 642 863 696 sed
894 645 951 696 et
979 642 1300 713 quicunque
1327 641 1533 696 talibus
1557 640 1815 695 conscius
1843 640 2141 712 reperitur,

515 738 707 808 eisque
756 736 844 791 vel
887 736 1189 790 concilium
1233 735 1321 789 vel
1367 751 1533 806 opem
1595 734 1990 789 administrare
2046 750 2143 788 co-

516 831 829 903 gnoscitur,
870 830 1114 902 qualiter
1154 834 1252 884 aut
1289 830 1359 884 ad
1404 832 1635 900 gentem
1671 829 1911 883 alienam
1947 828 2145 898 fugam

515 928 825 997 appeteret,
855 924 1038 979 autin
1071 923 1233 977 malis
1259 939 1385 993 quae
1417 929 1707 994 coeperant
1744 922 2141 993 perdurarent,

515 1035 617 1072 seu
644 1033 1053 1090 quamcunque
1076 1016 1370 1070 laesionem
1400 1017 1556 1087 genti
1587 1014 1896 1070 Gothorum
1927 1016 2014 1069 vel
2042 1032 2143 1085 pa-

513 1113 636 1167 triae
649 1117 744 1166 aut
760 1110 1000 1182 principi
1012 1113 1138 1181 post
1152 1110 1345 1180 fugam
1365 1109 1665 1177 inferrent,
1681 1113 1849 1180 atque
1872 1109 1929 1162 in
1942 1109 2145 1163 eadem

512 1206 789 1278 pravitate
819 1209 1283 1277 perseverarent:
1308 1203 1562 1275 quisquis
1589 1204 1696 1257 hoc
1722 1203 1914 1257 fecisse
1944 1202 2145 1273 digno-

516 1301 708 1367 scitur,
738 1299 842 1354 iste
867 1300 945 1353 ita
970 1298 1360 1352 indubitanter
1386 1297 1542 1352 omni
1574 1298 1810 1351 honoris
1846 1295 1929 1350 sui
1963 1297 2141 1367 gradu

515 1394 788 1466 privetur,
819 1397 885 1447 ut
926 1392 1117 1447 locum
1149 1390 1274 1462 ejus
1312 1391 1369 1446 in
1402 1407 1514 1461 quo
1551 1390 1969 1445 ministraverat
2004 1390 2145 1444 alter

514 1490 784 1542 continuo
831 1486 1112 1558 perpetim
1171 1484 1486 1555 regendum
1542 1484 1799 1554 accipiat.
1852 1486 1971 1554 Ipse
2009 1500 2142 1538 vero

513 1588 898 1653 transgressor
943 1581 1047 1635 sub
1095 1578 1433 1650 poenitentia
1478 1578 1832 1644 constitutus,
1874 1577 1915 1631 si
1969 1576 2140 1631 remi-

515 1677 737 1732 niscens
758 1674 896 1729 mali
916 1674 1066 1746 quod
1097 1674 1301 1727 fecerat
1329 1688 1507 1743 usque
1535 1671 1591 1725 in
1620 1671 1773 1726 diem
1803 1671 2002 1725 mortis
2027 1687 2143 1724 suae

513 1770 825 1825 rectissime
851 1767 1198 1840 paenituerit,
1228 1767 1286 1820 in
1323 1766 1441 1820 solo
1472 1770 1693 1820 teritum
1732 1765 1847 1819 ﬁne
1882 1781 2137 1819 commu-
2161 1744 2219 1815 Β

513 1865 611 1920 nio
642 1864 695 1919 ei
732 1863 923 1919 danda
963 1866 1066 1929 est,
1096 1861 1173 1915 ita
1216 1865 1276 1915 ut
1315 1864 1623 1930 antequam
1666 1859 1793 1913 linis
1833 1860 1955 1930 ejus
1996 1861 2139 1913 tem-

512 1976 620 2031 pus
658 1957 937 2013 adveniat.
980 1957 1033 2011 Si
1065 1954 1364 2027 quisquam
1395 1954 1751 2008 sacerdotum
1784 1952 1951 2007 etiam
1989 1952 2138 2006 ordi-

510 2057 685 2109 nante
716 2051 767 2107 ei
802 2051 1057 2123 principe
1105 2048 1527 2103 communicare
1569 2047 1934 2116 consenserit,
1966 2046 2140 2117 parti-

514 2164 645 2219 ceps
672 2145 929 2200 criminis
972 2144 1121 2197 illius
1160 2144 1413 2206 etiectus,
1443 2141 1749 2195 anathema
1784 2142 1879 2195 fiat
1920 2139 1977 2194 in
2009 2157 2140 2211 per-

509 2246 772 2313 petuum,
806 2254 868 2291 ac
896 2236 1065 2290 simili
1092 2252 1220 2289 cum
1258 2252 1324 2288 eo
1353 2234 1442 2288 cui
1468 2234 1979 2288 communicaverit
2010 2251 2140 2287 sen-

512 2333 695 2388 tentia
748 2330 1179 2396 condemnetur,
1220 2327 1497 2399 quoniam
1542 2331 1820 2399 potestate
1871 2326 2142 2397 principis

510 2427 701 2483 nullus
729 2423 1083 2479 sacerdotum
1119 2422 1175 2475 in
1210 2422 1313 2475 hoc
1343 2421 1601 2492 praebere
1628 2421 1799 2475 debet
1827 2438 2139 2490 assensum,

512 2517 665 2571 unde
708 2515 795 2570 vel
835 2512 1152 2585 perjurium
1193 2511 1452 2566 videatur
1493 2511 1806 2565 incurrere.
1840 2510 1934 2564 Vel
1970 2510 2143 2581 (quod

515 2610 701 2679 absit)
751 2609 799 2663 si
864 2607 1189 2678 quicunque
1238 2605 1528 2660 catholicae
1576 2604 1708 2659 fidei
1746 2604 2145 2675 praevaricator

512 2704 774 2776 princeps
800 2699 1127 2766 surrexerit,
1150 2699 1406 2753 sacerdos
1426 2698 1747 2753 nullatenus
1772 2698 1962 2752 favore
1991 2697 2145 2768 prin-

511 2799 672 2870 cipis,
702 2797 787 2851 vel
818 2799 1031 2850 terrore
1057 2810 1089 2848 a
1120 2797 1288 2849 recta:
1317 2791 1663 2847 credulitatis
1708 2792 1927 2845 lumine
1954 2791 2024 2845 ad
2053 2794 2140 2845 te-

510 2892 715 2948 nebras
742 2894 982 2961 cogatur
1022 2887 1251 2943 reverti.
1282 2887 1371 2944 Sic
1404 2887 1559 2942 enim
1586 2902 1690 2941 nec
1718 2901 1889 2957 super
1925 2901 2144 2940 annexa

512 2986 761 3059 capitula
826 2984 911 3037 vel
977 2980 1230 3053 imperiis
1288 2980 1635 3052 principum,
1684 2979 1771 3034 vel
1830 2979 2145 3033 terroribus

511 3078 797 3153 oportebit
838 3091 1096 3149 unquam
1132 3091 1429 3141 evacuare,
1458 3073 1590 3145 quia
1634 3072 1899 3128 novimus
1942 3090 2143 3129 omnes

511 3190 656 3247 pene
696 3171 982 3244 Hispaniae
1026 3169 1361 3235 sacerdotes,
1412 3184 1722 3241 omnesque
1761 3168 2026 3236 seniores,
2054 3169 2143 3223 vel

502 3269 726 3341 judices
762 3283 827 3321 ac
861 3269 1093 3320 cmteros
1127 3263 1390 3318 homines
1427 3261 1596 3317 officii
1634 3261 1867 3334 palatini
1898 3262 2139 3332 jurasse,

510 3367 682 3434 atque
726 3361 805 3416 ita
845 3375 996 3416 nunc
1035 3357 1260 3429 legibus
1298 3356 1589 3411 decretum
1628 3356 1822 3423 fuisse,
1860 3360 1922 3411 ut
1952 3357 2143 3435 nullus

511 3458 712 3528 refuga
748 3454 839 3509 vel
880 3450 1135 3525 perﬁdus
1165 3450 1264 3522 qui
1311 3456 1506 3505 contra
1549 3455 1781 3521 gentem
1829 3451 2141 3505 Gothorum

510 3553 596 3607 vel
634 3549 879 3621 patriam
907 3563 1005 3602 seu
1044 3562 1243 3617 regem
1282 3561 1452 3615 agere
1480 3544 1710 3599 alterius
1737 3545 1923 3615 gentis
1960 3544 2139 3599 socie-

512 3649 690 3700 tatem
724 3658 783 3698 se
822 3640 1192 3696 transducere
1238 3638 1539 3709 reperitur,
1582 3639 1909 3710 integritate
1949 3654 2142 3693 rerum

511 3754 742 3793 suarum
768 3736 1090 3791 nullatenus
1115 3734 1488 3800 reformatur,
1521 3732 1630 3786 nisi
1668 3733 1904 3786 forsitan
1927 3732 2137 3804 princi-

510 3848 611 3904 pes
652 3828 1027 3886 humanitatis
1053 3826 1267 3898 aliquid
1303 3824 1561 3897 personis
1597 3824 1806 3880 talibus
1852 3825 2142 3896 impartire

510 3926 809 3994 voluerint,
839 3923 931 3978 cui
956 3926 1150 3977 tamen
1186 3937 1304 3975 non
1344 3919 1589 3991 amplius
1614 3935 1784 3990 quam
1810 3918 2142 3990 vigesimam

512 4022 733 4092 partem
759 4033 957 4073 rerum
986 4016 1037 4070 ei
1064 4015 1159 4086 qui
1186 4014 1435 4086 perlidus
1462 4012 1674 4067 exstitit
1697 4013 1767 4067 de
1792 4012 1962 4066 rebus
1991 4012 2141 4066 unde

510 4130 609 4168 rex
637 4111 875 4182 elegerit
897 4108 1190 4164 tribuendi
1217 4110 1556 4178 potestatem
1586 4105 1836 4159 habebit.
1869 4105 1981 4160 Sed
2010 4105 2143 4176 quia

511 4209 813 4277 plerosque
839 4202 1074 4257 clericos
1113 4200 1375 4255 instantis
1411 4198 1652 4254 levitatis
1680 4197 1971 4253 interdum
2010 4214 2140 4270 pra-

513 4298 700 4353 vitatis
742 4294 1112 4369 praesumptio
1151 4294 1231 4348 ita
1285 4294 1470 4347 elevat
1512 4295 1573 4346 ut
1614 4292 2000 4363 praetermissa
2049 4309 2141 4346 or-

514 4393 663 4449 dinis
703 4390 790 4447 sui
832 4388 1131 4461 gravitate,
1166 4404 1230 4442 ac
1273 4385 1515 4458 polliciti
1558 4387 1897 4441 sacramenti
1936 4386 2139 4442 imme-

2163 3115 2218 3190 C

2246 469 2351 524 pus
2377 452 2659 507 invenerit
2679 454 2954 524 superiori
2986 454 3353 509 anathematis
3370 457 3675 527 correptioni
3695 460 3791 515 sub-

2238 546 2445 617 jaceat,
2475 551 2530 604 et
2567 546 2890 618 quicunque
2920 547 3002 600 illi
3036 550 3240 619 praeter
3269 548 3324 602 in
3364 549 3545 603 ultimo
3568 550 3677 605 vita:
3700 570 3789 608 sua:

2246 640 2358 693 fine
2406 639 2469 711 (si
2515 643 2707 694 tamen
2742 656 2876 695 eum
2920 640 3177 711 legitime
3217 643 3475 712 poenitere
3512 643 3793 716 probaverit)

2246 733 2667 787 communionis
2727 733 2972 804 gratiam
3024 736 3368 789 consenserit
3404 735 3793 807 impendendam.

2246 826 2415 881 Nobis
2461 827 2690 881 interim
2740 828 2884 881 ratio
2940 828 3221 899 persuasit
3261 829 3499 900 synodali
3538 846 3686 900 super
3716 832 3795 885 hoc

2247 921 2649 976 constitutione
2689 921 2995 976 decernere
3035 926 3097 976 ut
3126 923 3439 994 quicunque
3471 924 3621 977 etiam
3662 925 3795 977 laico-

2246 1031 2375 1068 rum
2403 1014 2719 1068 interdictis
2748 1015 3011 1086 capitulis
3033 1016 3141 1070 hoc
3174 1017 3231 1070 in
3249 1016 3615 1070 adversitatem
3634 1018 3795 1086 gentis,

2245 1114 2341 1161 aut
2406 1107 2603 1178 patriae
2653 1110 3015 1179 potestatisve
3055 1109 3229 1179 regia:
3274 1110 3330 1163 in
3374 1115 3616 1163 externas
3654 1116 3799 1181 partes

2245 1219 2303 1255 se
2345 1201 2688 1257 conferendo
2735 1203 2821 1256 vel
2865 1203 3075 1256 talibus
3115 1220 3280 1273 opem
3322 1203 3607 1275 praebendo
3646 1204 3800 1256 noxius

2242 1295 2413 1349 fuerit
2462 1296 2610 1350 ultra
2655 1302 2936 1366 repertus,
2984 1315 3100 1352 non
3148 1299 3334 1352 solum
3394 1298 3470 1366 (ut
3508 1296 3691 1351 dictum
3726 1303 3799 1365 est)

2245 1391 2507 1443 omnium
2545 1407 2738 1444 rerum
2792 1407 3025 1445 suarum
3076 1392 3418 1463 proprietate
3460 1392 3696 1462 privetur,
3731 1391 3801 1443 sed

2244 1488 2300 1537 et
2344 1490 2616 1553 perpetua
2652 1485 3246 1539 excommunicatione
3277 1485 3583 1553 damnetur,
3611 1487 3661 1538 et
3689 1500 3802 1537 nun-

2242 1592 2413 1647 quam
2434 1577 2532 1645 illi,
2551 1577 2658 1631 nisi
2685 1577 2741 1632 in
2762 1579 2966 1632 ultimo
2993 1578 3196 1632 mortis
3210 1595 3324 1632 suae
3342 1583 3583 1649 tempore
3603 1592 3805 1631 commu-

2246 1670 2338 1723 nio
2356 1670 2901 1742 tribuatur,excepto
2926 1673 2969 1725 si
2985 1672 3399 1725 communionis
3415 1671 3460 1742 ej
3470 1689 3527 1724 us
3545 1670 3802 1725 remedium

2244 1764 2327 1819 vel
2373 1780 2591 1828 eorum,
2622 1766 2691 1819 de
2737 1765 2946 1836 quibus
2990 1782 3162 1835 supra
3194 1766 3562 1831 tractavimus,
3590 1764 3803 1833 implora-

2243 1859 2398 1912 tione
2444 1858 2795 1913 sacerdotum
2837 1859 2986 1930 apud
3030 1859 3347 1930 principem
3386 1858 3549 1912 fuerit
3588 1858 3804 1927 impetra-

2242 1954 2384 2005 tum.
2432 1953 2571 2005 Nam
2619 1952 2667 2006 si
2717 1952 2773 2005 in
2842 1953 3273 2023 derogationem
3316 1955 3412 2006 aut
3463 1948 3806 2005 contumeliam

2243 2045 2515 2117 principis
2556 2045 2871 2116 reperiatur
2907 2045 3112 2116 aliquis
3150 2045 3412 2117 nequiter
3449 2044 3615 2115 loqui,
3652 2046 3733 2096 aut
3765 2042 3807 2095 in

2245 2154 2441 2191 necem
2483 2138 2654 2209 regis,
2688 2156 2787 2192 seu
2828 2139 3211 2210 direptionem
3250 2139 3557 2207 intendere,
3584 2138 3661 2191 vel
3702 2152 3808 2189 con-

2245 2249 2471 2285 sensum
2501 2232 2779 2302 preebere,
2812 2249 2911 2286 nos
2943 2233 3177 2304 quidem
3210 2230 3599 2304 hujuscemodi
3623 2246 3809 2285 excom-

2244 2326 2627 2380 municatione
2674 2326 2916 2397 dignum
2958 2343 3275 2390 censemus,
3324 2333 3515 2381 utrum
3555 2329 3725 2380 tamen
3759 2323 3809 2375 sit

2242 2419 2323 2472 illi
2378 2420 2717 2489 quandoque
2777 2408 3324 2475 communicandum
3366 2420 3554 2491 pietati
3595 2417 3813 2490 principis

2243 2512 2665 2567 decernendum
2710 2514 3107 2585 relinquimus,
3136 2514 3300 2584 cujus
3334 2514 3524 2585 procul
3564 2512 3714 2567 dubio
3737 2528 3811 2581 po-

2242 2607 2462 2661 testatis
2487 2612 2572 2661 est
2600 2607 2981 2677 subiectorum
3009 2608 3202 2679 culpas
3227 2607 3621 2663 misericordia
3638 2604 3811 2677 judicii-

2243 2717 2353 2771 que
2400 2701 2685 2755 sententia
2726 2706 3067 2772 temperare.
3099 2704 3498 2757 Contestamur
3532 2704 3699 2755 autem
3724 2698 3808 2751 cle-

2242 2794 2627 2849 mentissimos
2675 2795 2977 2866 principes,
3011 2799 3068 2850 et
3094 2812 3197 2867 per
3235 2796 3517 2851 ineffabile
3544 2794 3701 2849 divini
3737 2808 3811 2845 no-

2243 2887 2410 2943 minis
2457 2893 2877 2944 sacramentum
2921 2888 3272 2946 obtestantes
3317 2888 3650 2945 unanimiter
3685 2886 3808 2940 OlJSB-

2244 2997 2484 3049 eramus,
2537 2998 2608 3037 ne
2656 2982 3109 3054 quandocumque
3164 2984 3380 3056 absque
3413 2985 3560 3053 justa
3599 2980 3701 3053 (ubi
3736 2996 3811 3033 ne-

2244 3092 2392 3129 cesse
2429 3076 2618 3147 fuerit)
2666 3076 3066 3147 imploratione
3111 3078 3450 3132 sacerdotali
3492 3072 3814 3131 excommuni-

2243 3168 2478 3223 cationis
2521 3169 2692 3240 hujus
2751 3170 3095 3224 sententiam
3137 3187 3169 3224 a
3218 3170 3453 3241 perﬁdis
3504 3168 3712 3233 clericis,
3750 3163 3813 3217 vel

2244 3262 2395 3316 laicis
2423 3262 2495 3317 ad
2525 3268 2790 3318 externas
2816 3268 3007 3335 partes
3031 3282 3089 3320 se
3118 3264 3583 3320 transferentibus
3607 3262 3681 3316 vel
3708 3275 3811 3313 cou-

2243 3373 2472 3410 sensum
2501 3356 2886 3427 praebentibus
2916 3374 3251 3429 quacunque
3282 3359 3601 3413 temeritate
3637 3369 3817 3425 suspen-

2245 3450 2400 3519 dant,
2434 3466 2568 3504 nam
2594 3450 2702 3504 hoc
2726 3452 2911 3520 magis
2940 3451 3273 3506 utilitatibus
3310 3452 3530 3507 videtur
3558 3452 3690 3505 ferre
3712 3462 3812 3502 con-

2243 3545 2454 3598 sultum
2509 3544 2550 3596 si
2607 3544 3027 3598 constitutionis
3091 3552 3302 3600 nostra:
3360 3547 3547 3601 forma
3597 3544 3814 3598 servetur.

2243 3637 2668 3693 Exsecrandum
2717 3638 3024 3692 anathema
3067 3639 3202 3707 fiat,
3246 3645 3307 3694 et
3346 3641 3499 3694 velut
3533 3634 3813 3710 praevarica-

2243 3735 2332 3785 tor
2366 3730 2658 3785 catholicae
2686 3730 2821 3785 ﬁdei
2870 3748 3093 3803 semper
3135 3733 3205 3787 ad
3252 3734 3558 3789 Dominum
3598 3746 3711 3786 reus
3734 3725 3817 3781 exi-

2242 3830 2374 3891 stat,
2404 3824 2725 3896 quicunque
2758 3840 2960 3896 regum
2988 3825 3251 3896 deinceps
3283 3827 3518 3881 canonis
3545 3825 3698 3895 hujus
3717 3836 3812 3875 ceu~

2241 3936 2432 3973 suram
2458 3918 2518 3973 in
2549 3934 2887 3990 quocunque
2928 3919 3251 3988 crediderit,
3285 3920 3375 3977 vel
3404 3917 3704 3993 permiserit
3725 3914 3814 3967 vio-

2245 4011 2501 4067 landum.

2315 4107 2375 4160 ll.
2409 4105 2557 4159 Nihil
2593 4110 2791 4161 contra
2818 4106 3034 4161 ordinis
3060 4110 3337 4164 statutum
3372 4106 3686 4165 temeritatis
3712 4116 3817 4158 ausu

2243 4202 2659 4271 prmsumatur,
2707 4216 2893 4271 neque
2930 4201 3026 4254 illa
3068 4219 3196 4274 quae
3238 4220 3471 4259 summa
3515 4197 3817 4257 veneratione

2242 4296 2568 4360 censentur,
2598 4292 2685 4348 vel
2712 4292 2956 4349 minimo
2982 4297 3452 4368 praesumptionis
3478 4301 3623 4352 tactu
3644 4293 3816 4348 solvan-

2242 4389 2354 4455 tur,
2377 4403 2505 4441 cum
2547 4386 2618 4441 ad
2649 4386 2757 4441 hoc
2798 4390 3022 4443 tantum
3058 4389 3179 4443 fieri
3209 4391 3375 4461 jussa
3421 4394 3551 4447 sunt
3586 4406 3649 4443 ne
3681 4386 3815 4440 inter-

522 4504 732 4556 mores,
767 4487 1066 4542 constante
1115 4480 1373 4554 principe
1419 4479 1508 4533 cui
1554 4479 1726 4534 ﬁdem
1753 4496 1971 4537 servare
2011 4498 2144 4553 pro-
2164 4486 2225 4560 D
2247 4485 2413 4554 rupta
2442 4483 2769 4546 noscantur,
2800 4483 2888 4535 vel
2925 4482 3217 4554 languoris
3246 4488 3532 4555 proventu
3558 4483 3735 4539 robore

510 4583 808 4649 miserant,
842 4580 900 4635 in
928 4577 1162 4633 alterius
1187 4573 1525 4631 electionem
1570 4573 1874 4629 temeraria
1914 4574 2141 4631 levitate

511 4676 893 4742 consentiant,
924 4670 1189 4744 abrogari
1216 4670 1377 4725 decet
1405 4669 1553 4723 hanc
1580 4668 1812 4723 omnino
1836 4668 2139 4738 licentiam,

514 4776 571 4826 et
612 4787 645 4824 a
690 4774 885 4824 nostro
922 4766 1202 4823 consortio
1249 4762 1478 4836 penitus
1530 4762 1842 4834 exstirpari,
1870 4763 1947 4817 ita
1985 4766 2065 4830 ut,
2095 4764 2142 4817 si

511 4864 839 4935 quicunque
873 4861 1146 4915 laicorum
1184 4857 1530 4931 quandoque
1574 4857 1726 4911 intra
1762 4856 1903 4911 fines
1940 4856 2141 4928 patriae

510 4956 823 5013 Gothorum
845 4953 1197 5025 superbiens,
1218 4952 1381 5024 regni
1413 4952 1633 5022 apicem
1657 4967 1882 5005 sumere
1905 4950 2141 5005 fortasse

512 5049 834 5117 tentaverit,
859 5048 1024 5120 eique
1054 5046 1392 5101 clericorum
1420 5044 1656 5115 quilibet
1683 5044 2033 5114 adjutorium
2055 5046 2140 5098 vel

510 5148 764 5201 favorem
794 5140 1138 5215 praestiterit,
1167 5145 1338 5211 atque
1370 5140 1519 5193 hunc
1549 5138 1646 5210 qui
1667 5137 1956 5209 superbire
1983 5139 2140 5213 vide-

513 5245 607 5296 tur
623 5238 694 5295 ad
716 5236 983 5293 eamdem
998 5233 1167 5306 regni
1188 5232 1558 5288 ambitionem
1578 5233 1918 5303 praevalente
1939 5232 2141 5288 delicto

514 5333 808 5407 pervenire
837 5328 1162 5401 contigerit,
1192 5344 1258 5381 ex
1278 5342 1342 5381 eo
1373 5327 1621 5398 quodam
1646 5326 1755 5396 die,
1778 5325 1867 5380 vel
1888 5330 2143 5396 tempore

512 5428 789 5486 eumdnm
818 5426 1170 5499 episcopum,
1194 5422 1281 5476 vel
1307 5420 1605 5493 cujuslibet
1629 5420 1842 5475 ordinis
1868 5419 2141 5475 clericum

509 5521 1071 5580 excommunicatum
1098 5532 1331 5571 manere
1362 5514 1642 5587 perpetim
1680 5513 2003 5584 opportebit
2045 5513 2140 5585 qui

508 5617 607 5671 tali
637 5633 695 5673 se
733 5616 945 5672 scelere
974 5610 1305 5683 implicavit,
1339 5594 1531 5664 tamen
1572 5607 1613 5661 si
1656 5611 1888 5679 propter
1926 5607 2139 5678 impro-

509 5709 743 5764 bitatem
770 5706 1060 5781 principis,
1092 5704 1183 5761 cui
1209 5703 1400 5775 inique
1429 5701 1728 5768 consensit,
1750 5717 1864 5755 non
1892 5701 2143 5772 potuerit

512 5802 784 5857 instantia
822 5802 1174 5858 sacerdotum
1205 5817 1237 5854 a
1274 5795 1671 5854 communione
1708 5795 1998 5867 suspendi,
2026 5797 2138 5850 sal-

2242 4575 2376 4630 lutis
2403 4574 2655 4645 privetur
2673 4580 2897 4630 natura.
2916 4577 3033 4631 Non
3059 4593 3197 4647 ergo
3220 4579 3517 4650 fragilitati
3543 4578 3702 4632 solum
3720 4586 3818 4626 con-

2243 4669 2375 4723 sulit
2414 4668 2707 4734 humanae,
2747 4668 2850 4723 sed
2889 4668 3059 4724 etiam
3108 4670 3279 4725 sacris
3329 4672 3710 4744 mysteriorum
3745 4661 3817 4717 Dei

2242 4761 2572 4833 providetur
2611 4762 2814 4817 haberi
2852 4763 3311 4819 sollicitudinem.
3360 4766 3680 4821 Censuimus
3713 4771 3816 4827 ergo

2243 4856 2559 4925 convenire,
2580 4863 2652 4911 aut
2680 4873 2811 4911 cum
2836 4874 2870 4910 a
2889 4857 3274 4913 sacerdotibus
3300 4859 3598 4915 missarum
3616 4861 3817 4924 tempore

2244 4954 2439 5005 sancta
2468 4950 2735 5022 mysteria
2761 4955 3185 5019 consecrantur,
3207 4953 3250 5006 si
3280 4952 3635 5024 gratitudiuis
3660 4942 3819 5002 accidit

2244 5043 2543 5115 cujuslibet
2581 5048 2835 5111 eventus,
2867 5061 2982 5115 quo
3018 5044 3265 5117 cooptum
3305 5051 3553 5119 nequeat
3589 5053 3820 5098 consecra-

2242 5137 2414 5193 tionis
2439 5137 2652 5208 expleri
2684 5138 3041 5209 mysterium,
3074 5140 3146 5194 sit
3188 5140 3432 5196 liberum
3464 5140 3727 5211 episcopo,
3754 5127 3817 5180 W1

2242 5232 2569 5304 presbytero
2611 5231 2810 5300 alteri,
2856 5233 3343 5290 consecrationem
3405 5233 3627 5306 exsequi
3683 5221 3817 5283 cilicii

2244 5325 2429 5397 coepti.
2470 5326 2594 5379 Non
2633 5312 2983 5381 enim'aliud
3030 5327 3101 5382 ad
3137 5329 3597 5400 supplementum
3631 5317 3818 5379 initiatié

2243 5419 2522 5491 mysteriis
2552 5420 2825 5491 competit
2851 5437 3021 5492 quam
3051 5426 3148 5476 aut
3171 5422 3514 5494 incipientis,
3544 5424 3635 5475 aut
3661 5415 3816 5471 subsc-

2242 5513 2466 5584 quentis
2504 5513 2786 5584 completa
2818 5513 3210 5570 benedictione
3236 5515 3556 5584 sacerdotis,
3590 5511 3707 5584 quia
3740 5518 3816 5560 nec

2241 5607 2491 5679 perfecta
2531 5607 2707 5662 videri
2754 5613 3027 5679 possunt,
3082 5608 3188 5664 nisi
3261 5608 3616 5681 perfectionis
3659 5601 3817 5659 ordine

2242 5701 2657 5772 compleantur.
2715 5701 2857 5755 Dum
2902 5702 3055 5757 enim
3101 5719 3294 5758 sumus
3341 5719 3538 5757 omnes
3585 5711 3741 5754 unum
3774 5692 3817 5745 in

2244 5794 2485 5863 Christo,
2532 5794 2670 5850 nihil
2725 5795 3072 5852 contrarium
3131 5796 3423 5855 diversitas
3472 5795 3697 5860 formal,
3743 5782 3819 5841 ubi
