3946 6180
142 274 219 329 i9?

1253 273 1269 287 -
1311 261 1779 322 DEURETALIUM
1817 265 2206 323 coLLEcuo.
2288 338 2295 341 ι

3330 269 3431 325 4ῡὸ

136 372 399 435 efﬁcaciam
451 372 833 445 prosperitatis
894 372 1079 428 unitas
1125 374 1258 430 ﬁdei
1306 380 1696 446 repraesentat,
1721 374 2174 461 Aditionum,in
2192 377 2405 428 tantam
2423 372 2803 445 conspicimus
2826 374 3105 429 corruisse
3134 375 3429 445 desidiam,

136 472 256 545 quod
277 470 431 526 etiam
455 469 774 524 consultum
802 468 992 523 cuncti
1018 467 1234 523 ordinis
1276 469 1468 524 clerici
1493 468 1698 523 indivi-

134 568 274 622 duum
302 579 409 618 esse
438 562 535 617 sibi
567 579 680 616 non
712 562 1033 634 ambigant,
1079 563 1176 617 sed
1219 564 1301 631 (ut
1345 564 1700 633 praemissum

135 659 212 725 est)
257 655 678 728 przecedentibus
725 655 964 711 libenter
996 655 1092 710 alii
1133 672 1235 726 pro
1281 656 1698 726 complemento

131 751 400 817 succedant,
434 766 533 804 nec
576 753 765 806 tamen
803 749 955 820 quod
1000 753 1200 805 natura
1231 750 1488 819 languris
1530 766 1700 804 causa

131 844 393 900 consulitur
436 843 490 897 in
533 842 996 916 praesumptionis
1033 844 1282 914 pernicie
1319 846 1697 900 convertatur.

130 940 285 994 Nullus
308 944 421 1009 post
450 937 635 993 cibum
659 939 1001 1009 Epotumque
1045 937 1356 1009 quemlibet
1392 937 1699 992 minimum

130 1038 371 1103 sumptum
396 1031 592 1085 missas
616 1032 819 1101 facere,
848 1032 1042 1086 nullus
1070 1031 1283 1103 absque
1313 1031 1533 1102 patenti
1574 1047 1703 1102 pro-

126 1130 261 1180 ventu
284 1125 535 1180 molestia:
568 1126 826 1180 minister
857 1125 937 1180 vel
966 1126 1243 1192 sacerdos,
1293 1141 1424 1179 cum
1472 1125 1703 1195 coeperit

129 1219 411 1290 imperfecta
437 1218 643 1285 officia,
674 1224 985 1290 prmsumat
1004 1218 1239 1274 omnino
1269 1219 1609 1290 relinquere.
1643 1219 1701 1275 Si

127 1314 224 1384 quis
266 1314 375 1367 haec
422 1316 697 1368 temerare
750 1312 1200 1385 praesumpserit,
1244 1312 1701 1369 excommunica-

125 1408 257 1462 tionis
278 1407 607 1462 sententiam
636 1406 955 1461 sustinebit.

176 1530 243 1584 Ill.
272 1529 338 1582 Ea
362 1544 487 1600 quae
523 1532 862 1599 competunt
898 1527 1181 1582 honestati
1228 1527 1506 1599 contingit
1550 1544 1701 1598 saepe

124 1622 447 1693 quorumdam
478 1621 694 1676 desidia
736 1638 853 1676 non
895 1620 1142 1692 impleri.
1172 1620 1409 1676 Proinde
1435 1621 1572 1692 quia
1598 1637 1698 1675 no-

120 1721 211 1769 tum
228 1722 300 1771 est
320 1732 439 1786 quae
462 1715 710 1786 dignitas
736 1715 794 1769 in
820 1715 1103 1787 exsequiis
1127 1714 1424 1769 morientis
1451 1715 1699 1785 episcopi

120 1826 170 1861 ex
192 1810 467 1863 renonibus
502 1813 868 1864 conservetur
908 1808 1209 1863 traditione
1255 1808 1433 1863 moris
1459 1808 1696 1880 antiqui,

120 1904 197 1956 hoc
217 1908 414 1957 tantum
442 1903 766 1973 adjicimus,
791 1909 855 1958 ut
882 1903 927 1956 si
957 1902 1085 1974 quis
1111 1902 1472 1956 sacerdotum
1495 1919 1696 1956 secun-

122 1996 223 2049 dum
256 2000 445 2050 statuta
493 1996 720 2051 concilii
760 1996 1043 2051 Valentini
1093 1996 1166 2050 ad
1212 1996 1504 2050 humanda
1540 1996 1702 2050 dece-

120 2089 266 2143 dentis
288 2091 520 2161 episcopi
568 2090 829 2145 membra
871 2090 1069 2144 venire
1114 2088 1495 2145 commonitus
1534 2090 1701 2160 pigra

117 2184 351 2237 voluntate
385 2184 687 2253 distulerit,
718 2183 1133 2254 appellantibus
1175 2182 1393 2236 clericis
1440 2182 1701 2237 obeuntis

118 2276 316 2347 episcopi
344 2277 492 2348 apud
533 2278 837 2348 synodum,
868 2277 981 2331 sive
1010 2276 1162 2348 apud
1192 2276 1698 2346 metropolitanum

118 2370 412 2441 episcopum,
444 2375 705 2441 tempore
733 2372 870 2425 anni
900 2370 1067 2424 unius
1115 2387 1232 2424 non
1268 2370 1510 2423 faciendi
1559 2369 1697 2423 mis-

118 2480 223 2527 sam,
250 2481 343 2517 nec
376 2464 837 2519 communicandi
870 2463 1078 2518 habeat
1108 2464 1343 2518 omnino
1384 2463 1697 2518 licentiam.

115 2556 377 2626 Presbyteri
401 2564 597 2613 autem
640 2558 753 2612 sive
793 2557 985 2611 caeteri
1036 2557 1244 2623 clerici,
1277 2556 1481 2628 quibus
1522 2557 1702 2626 major

114 2649 296 2704 honoris
320 2652 467 2705 locus
497 2652 657 2722 apud
700 2652 959 2705 eamdem
993 2649 1286 2706 ecclesiam
1326 2650 1500 2705 fuerit
1541 2650 1701 2721 cujus

112 2744 323 2798 sacerdos
365 2745 594 2810 obierit,
643 2743 740 2799 sed
785 2744 945 2799 omni
983 2743 1362 2798 sollicitudine
1403 2760 1504 2815 pro
1546 2760 1699 2797 exse-

113 2836 225 2904 quiis
259 2844 349 2893 aut
385 2838 507 2907 jam
555 2837 786 2907 mortui,
820 2841 918 2891 aut
948 2837 1216 2891 continuo
1241 2836 1505 2891 antistitis
1532 2837 1703 2891 mori-

113 2930 198 2981 turi
223 2931 281 2983 ad
312 2931 794 2986 commonendum
844 2930 991 2985 tardi
1042 2930 1421 2997 inveniantur,
1456 2934 1555 2984 aut
1598 2946 1702 3001 per

111 3039 456 3097 quamcunque
485 3026 808 3080 molestiam
835 3023 1011 3078 animi
1044 3024 1098 3077 id
1121 3024 1414 3095 negligere
1441 3040 1701 3095 compro-

111 3114 294 3185 bentur,
322 3119 491 3174 totius
536 3118 673 3173 anni
717 3117 897 3189 spatio
938 3118 1006 3172 ad
1044 3117 1435 3189 paenitentiam
1474 3117 1530 3172 in
1572 3131 1775 3205 mo-C

110 3212 320 3265 msteriis
344 3213 713 3284 deputentur.

1720 1759 1775 1831 B

163 3338 200 3411 1
213 3339 315 3413 21
337 3344 419 3398 ιν.
448 3344 611 3398 Inter
625 3345 830 3397 caetera
847 3342 1094 3413 denique
1110 3358 1239 3412 quae
1256 3340 1550 3396 communi
1570 3357 1701 3396 con-

107 3448 239 3487 sensu
260 3452 355 3490 nos
382 3437 648 3492 conferre
680 3440 1072 3507 competenter
1090 3435 1361 3506 Oportuit,
1388 3434 1698 3506 queerimo—

105 3525 201 3580 nias
235 3530 390 3584 etiam
436 3530 931 3602 parochianorum
965 3528 1425 3601 presbyterorum
1456 3527 1699 3583 Galliciae

103 3621 360 3686 provinciae
378 3623 754 3679 solertissime
781 3623 1101 3678 discernere
1121 3622 1327 3688 decuit,
1348 3638 1488 3692 quas
1503 3626 1701 3677 contra

102 3715 388 3781 pontiﬁcum
415 3733 661 3773 suorum
690 3717 1029 3788 rapacitates
1054 3715 1355 3771 necessitas
1376 3716 1457 3784 (ut
1473 3732 1701 3787 compe-

102 3807 262 3871 rimus)
278 3812 504 3865 tandem
520 3810 802 3880 compulit
820 3810 876 3864 in
893 3808 1186 3880 publicum
1199 3825 1441 3863 examen
1464 3808 1696 3877 deferri;

102 3897 171 3953 hic
205 3902 343 3958 enim
385 3904 692 3976 pontiﬁces
717 3904 800 3974 (ut
829 3903 1062 3958 evidens
1087 3901 1380 3974 inquisitio
1412 3902 1694 3973 patefecit)

99 3991 355 4053 indiscrete
392 3997 794 4054 moderamine
833 3996 1205 4068 parochianas
1252 3996 1512 4051 ecclesias
1553 4011 1696 4067 prae-

99 4095 373 4162 gravantes,
406 4092 554 4148 dum
586 4090 644 4145 in
672 4090 1051 4146 exactionibus
1071 4089 1342 4161 superﬂui
1366 4090 1701 4161 frequenter

100 4180 328 4253 existunt,
343 4203 495 4258 pene
515 4201 702 4257 usque
722 4185 793 4240 ad
811 4184 1168 4240 exactionem
1185 4187 1456 4239 extremae
1476 4176 1699 4239 virtutis

98 4276 330 4342 quasdam
375 4279 644 4335 basilicas
690 4277 1023 4349 perduxisse
1071 4277 1403 4349 probantur.
1447 4278 1524 4332 Ne
1560 4292 1699 4348 ergo

99 4366 174 4422 ﬁat
190 4370 251 4425 de
276 4378 482 4429 caetero
504 4372 665 4446 quod
686 4377 906 4427 constat
923 4372 1198 4427 hactenus
1213 4370 1540 4427 inordinate
1561 4387 1701 4442 prae-

98 4469 307 4535 sumpta,
319 4482 434 4523 non
449 4466 708 4538 amplius
730 4481 903 4537 quam
925 4465 1069 4521 duos
1085 4465 1295 4521 solidos
1310 4465 1698 4536 unusquisque

98 4555 449 4629 episcoporum
502 4560 744 4632 privata:
785 4559 1091 4630 provinciae
1135 4576 1238 4630 per
1280 4557 1534 4630 singulas
1570 4558 1701 4613 dim-

98 4661 236 4719 ceses,
265 4654 346 4709 vel
384 4653 649 4725 singulas
673 4652 933 4708 ecclesias
951 4652 1120 4722 juxta
1148 4651 1429 4723 synodum
1466 4652 1698 4707 Bracca-

99 4756 282 4800 rensem
307 4763 503 4803 annua
535 4746 797 4801 illatione
824 4745 933 4800 sibi
957 4749 1243 4816 exspectet
1271 4745 1492 4812 inferri,
1510 4761 1703 4800 mona-

99 4837 356 4895 steriorum
384 4846 590 4896 tamen
613 4838 855 4893 basilicis
898 4839 968 4893 ab
1012 4839 1120 4893 hac
1163 4838 1460 4893 solutionis
1489 4855 1700 4909 expen-

100 4928 227 4987 sione
249 4935 543 5005 sejunctis.
567 4936 864 5017 Cum.vero
885 4932 1180 5005 episcopus
1195 4933 1493 4987 dimcesem
1514 4931 1705 4987 visitat

97 5023 208 5079 nulli
223 5043 330 5097 prae
346 5027 728 5084 multitudine
756 5042 1030 5081 onerosus
1059 5026 1283 5093 existat,
1313 5041 1421 5080 nec
1446 5042 1705 5096 unquam

97 5118 380 5184 quinarium
412 5138 733 5178 numerum
753 5120 1057 5176 evectionis
1075 5120 1330 5188 excedat,
1346 5123 1445 5175 aut
1460 5120 1704 5191 amplius

98 5223 242 5278 quam
271 5232 384 5271 una
408 5216 505 5272 die
534 5232 640 5287 per
666 5230 1136 5287 unamquamque
1180 5213 1467 5268 basilicam
1511 5230 1702 5268 remo-

99 5305 233 5360 randi
252 5308 550 5366 licentiam
579 5308 800 5364 habeat.
829 5308 1163 5380 Quicunque
1194 5324 1328 5362 vero
1370 5306 1703 5380 pontiﬁcum

99 5401 404 5459 eorumdem
437 5404 615 5458 aliter
640 5418 813 5474 quam
840 5401 1203 5457 decernimus
1241 5402 1529 5474 agendum
1560 5417 1705 5474 prae-

102 5496 389 5565 sumpserit,
417 5496 767 5569 correptioni
794 5495 989 5568 procul
1010 5494 1181 5551 dubio
1206 5511 1493 5551 canonum
1519 5495 1706 5566 subja-

102 5583 240 5657 cebit,
287 5595 568 5663 tanquam
613 5588 1088 5646 constitutionum
1129 5588 1490 5661 synodalium
1525 5594 1706 5645 trans-

107 5690 315 5749 gressor,
345 5688 401 5738 et
428 5683 745 5755 priscorum
778 5685 1004 5739 Patrum
1030 5682 1201 5737 edicti
1226 5685 1540 5754 corruptor.

162 5804 212 5857 Υ.
241 5809 521 5871 Quosdam
553 5810 919 5866 Paternarum
963 5808 1197 5881 ignaros
1236 5808 1323 5862 vel
1371 5807 1569 5864 oblitos
1601 5814 1705 5863 tra-

1803 474 1863 523 ut
1887 484 2086 523 eorum
2113 468 2452 523 exsecrando
2495 485 2601 523 usu
2630 485 2776 540 pene
2803 469 2979 523 oblita
2992 475 3281 540 patescant
3304 488 3432 542 qua:

1801 563 2141 617 exstiterunt
2177 561 2427 631 legitime
2477 562 2802 617 constituta.
2834 564 2979 616 Dum
3020 563 3174 617 enim
3222 563 3433 620 indocti

1800 657 1999 711 docere
2030 659 2324 726 appetunt,
2355 655 2492 726 quid
2523 655 2677 711 aliud
2704 673 2874 726 quam
2907 657 3042 728 quia
3082 657 3429 728 ignorantiae

1801 766 1988 805 errore
2017 755 2311 818 vexentur,
2347 748 2692 803 ostendunt?
2720 750 2784 803 Et
2813 750 2947 820 quia
2982 767 3175 821 gressu
3200 768 3427 822 praepo-

1801 848 1954 898 stero
1981 842 2315 908 innitentes,
2345 841 2849 912 praesumptionem
2889 843 3159 897 doctrina:
3185 844 3431 898 docendi

1801 937 1989 992 studio
2017 939 2393 1006 anteponunt,
2407 939 2558 1006 patet
2574 935 2724 1007 quod
2744 952 2857 989 non
2872 952 3115 990 summae
3135 937 3430 992 humilita-

1802 1030 1873 1086 tis
1893 1031 2135 1101 gratiam
2158 1034 2380 1102 petunt,
2404 1029 2503 1084 sed
2524 1028 2802 1082 exactioni
2824 1029 3243 1098 depravationis
3256 1031 3431 1084 inser-

1801 1125 1978 1179 viunt.
2011 1126 2084 1179 Ex
2116 1125 2219 1177 hoc
2246 1139 2385 1193 ergo
2408 1123 2561 1193 juste
2590 1122 2906 1176 severitatis
2945 1122 3078 1177 talia
3116 1123 3428 1177 decernen-

1800 1223 1906 1285 tes,
1939 1222 2260 1288 opportuno
2291 1220 2592 1286 amputare
2609 1215 2826 1285 judicio
2860 1215 3154 1269 innuimus
3174 1232 3268 1270 eos
3289 1233 3432 1288 quos

1800 1312 1860 1367 in
1887 1311 2103 1365 cellulis
2122 1310 2370 1382 propriis
2390 1310 2610 1364 reclusa
2628 1312 2838 1363 sanctae
2855 1309 2979 1363 vitae
2999 1310 3235 1363 ambitio
3258 1313 3431 1375 tenet,

1801 1421 2055 1476 quosque
2083 1404 2337 1475 ejusdem
2372 1402 2550 1458 sancti
2580 1402 2857 1473 propositi
2890 1407 2947 1456 et
2974 1403 3176 1457 merita
3211 1403 3433 1473 juvant,

1801 1503 1857 1553 et
1881 1498 2135 1570 probitas
2182 1502 2366 1564 ornat,
2399 1496 2534 1568 quia
2579 1496 2682 1550 hos
2723 1496 2821 1550 Dei
2866 1496 3095 1566 auxilio,
3139 1500 3198 1551 et
3239 1502 3434 1551 nostro

1799 1592 1988 1646 favore
2013 1594 2164 1646 tutos
2191 1606 2309 1645 esse
2336 1593 2573 1655 constat,
2602 1589 2727 1643 illos
2752 1606 2886 1643 vero
2910 1606 3055 1660 quos
3085 1590 3142 1644 in
3179 1591 3274 1645 tali
3300 1608 3430 1661 pro-

1800 1684 1982 1755 posito
2006 1683 2234 1755 ignavia
2258 1682 2507 1753 impulit,
2525 1698 2638 1736 non
2655 1681 2978 1753 prudentiae
2998 1682 3249 1753 cognitio
3265 1682 3437 1754 depu-

1804 1778 1953 1847 tavit,
1983 1792 2241 1849 quosque
2286 1776 2443 1830 nulla
2469 1774 2598 1829 vitae
2637 1774 2887 1845 dignitas
2910 1780 3093 1842 ornat,
3134 1776 3233 1831 sed
3266 1776 3436 1848 (quod

1801 1873 1886 1924 est
1906 1869 2170 1941 deterius)
2198 1873 2258 1923 et
2282 1867 2605 1939 ignorantia
2630 1867 2819 1937 foedat,
2850 1871 2909 1923 et
2936 1884 3161 1923 morum
3188 1886 3436 1924 exsecra-

1801 1965 1878 2019 tio
1907 1963 2116 2031 turbat,
2161 1961 2517 2017 decernimus
2558 1962 2629 2016 ab
2670 1961 2759 2016 his
2805 1961 2971 2032 abjici
3014 1962 3229 2017 cellulis
3261 1966 3432 2034 atque

1798 2057 1933 2112 locis
1958 2056 2016 2111 in
2042 2056 2249 2129 quibus
2280 2059 2382 2110 aut
2409 2056 2674 2111 feruntur
2701 2055 2847 2126 vagi,
2892 2060 2990 2110 aut
3030 2059 3302 2111 tenentur
3341 2056 3433 2110 in-

1799 2151 1962 2220 clusi,
1992 2153 2165 2222 atque
2191 2150 2262 2204 ab
2286 2149 2565 2221 episcopis
2591 2150 2706 2205 sive
2736 2149 3050 2204 rectoribus
3073 2150 3438 2205 monasterio-

1800 2234 1930 2299 rum
1957 2261 2029 2299 ex
2058 2260 2306 2316 quorum
2332 2244 2780 2315 congregatione
2807 2243 3060 2310 fuerunt,
3091 2245 3176 2297 vel
3204 2243 3263 2297 in
3289 2260 3432 2315 quo-

1802 2356 1928 2393 rum
1952 2338 2238 2393 vicinitate
2261 2338 2596 2407 consistunt,
2626 2338 2685 2391 in
2715 2337 3080 2392 monasteriis
3104 2337 3436 2392 omnimodo

1800 2434 2168 2503 deputentur,
2213 2435 2277 2487 ut
2318 2431 2431 2485 illic
2475 2432 2655 2485 sancti
2706 2430 2922 2485 ordinis
2969 2430 3314 2486 meditantes
3344 2432 3443 2487 do-

1800 2526 2010 2581 ctrinas
2034 2525 2289 2596 primum
2320 2525 2536 2595 possint
2564 2525 2782 2579 discere
2801 2541 2929 2595 qum
2962 2530 3092 2580 sunt
3116 2541 3149 2579 a
3178 2524 3437 2579 Patribus

1798 2620 2079 2687 instituta,
2113 2620 2175 2672 ut
2208 2623 2407 2690 postea
2449 2618 2675 2673 valeant
2700 2618 2905 2674 docere
2933 2634 3061 2689 quae
3092 2621 3224 2673 sunt
3248 2624 3439 2673 sancta

1799 2713 2173 2768 meditatione
2195 2716 2485 2784 percepta,
2502 2716 2674 2782 atque
2700 2716 2832 2766 tunc
2849 2712 3078 2767 demum
3096 2713 3143 2767 si
3161 2712 3437 2767 doctrinae

1799 2810 1856 2861 et
1881 2806 2058 2861 sancti
2085 2806 2271 2876 operis
2298 2806 2488 2859 fructu
2514 2805 2832 2860 exstiterint
2860 2804 3152 2860 fecundati
3178 2806 3249 2860 ad
3279 2822 3435 2860 sum-

1800 2916 1960 2954 mam
1990 2900 2211 2955 virtutis
2241 2902 2551 2970 properent
2580 2900 2848 2954 exercitio
2872 2904 3080 2954 sanctae
3106 2898 3439 2954 intentionis

1798 2994 2024 3048 imbuti.
2070 2993 2347 3063 Deinceps
2375 2997 2565 3048 autem
2595 2993 2922 3065 quicunque
2950 2994 3020 3047 ad
3047 2993 3155 3048 hoc
3182 2997 3439 3048 sanctum

1798 3087 2157 3159 propositum
2196 3086 2390 3142 venire
2434 3086 2833 3157 disposuerint,
2863 3103 2978 3141 non
3003 3087 3170 3142 aliter
3198 3087 3306 3141 illis
3336 3087 3440 3141 ite-

1800 3197 1927 3236 rum
1960 3180 2189 3236 dabitur
2212 3181 2455 3251 assequi,
2502 3196 2607 3236 nec
2654 3182 2759 3235 hoc
2805 3184 2978 3236 antea
3020 3186 3289 3252 poterunt
3323 3181 3440 3235 adi-

1799 3274 1958 3345 pisci,
2018 3274 2147 3343 nisi,
2208 3275 2366 3345 prius
2419 3275 2477 3328 in
2526 3275 2886 3329 monasteriis
2933 3275 3197 3342 instituti,
3248 3279 3305 3330 et
3358 3292 3441 3329 se-

1798 3368 2050 3423 cundum
2076 3372 2299 3422 sanctas
2318 3368 2793 3422 monasteriorum
2817 3369 3039 3439 regulas
3063 3368 3287 3439 plenius
3314 3385 3440 3422 eru-

1800 3462 1921 3529 diti,
1950 3464 2005 3516 et
2035 3460 2374 3531 dignitatem
2401 3461 2658 3515 honestae
2685 3462 2831 3529 vitae,
2863 3466 2921 3515 et
2952 3461 3211 3516 notitiam
3240 3466 3439 3533 potue-

1799 3555 1915 3610 rint
1954 3558 2160 3609 sanctae
2204 3554 2519 3625 promereri
2570 3554 2864 3608 doctrinae.
2902 3554 3030 3609 Illos
3066 3558 3259 3610 autem
3290 3571 3437 3627 quos

1797 3651 2024 3704 tantum
2052 3653 2310 3704 extrema
2336 3648 2567 3703 vesania
2591 3648 2900 3718 occuparit,
2933 3653 2998 3702 ut
3021 3647 3082 3702 in
3107 3648 3275 3703 certis
3300 3649 3438 3703 locis

1799 3743 1952 3814 vagi,
1994 3758 2058 3797 ac
2103 3758 2331 3797 morum
2377 3741 2878 3812 depravationibus
2908 3740 3215 3811 inhonesti,
3262 3742 3437 3796 ullam

1796 3852 2047 3908 prorsus,
2108 3852 2210 3891 nec
2264 3835 2639 3889 stabilitatem
2691 3835 2858 3902 sedis,
2912 3851 3015 3890 nec
3068 3836 3436 3890 honestatem

1798 3930 2007 3985 mentis
2034 3929 2244 3984 habere
2278 3929 2597 3984 exstiterint
2624 3928 2855 3998 cogniti,
2896 3928 3219 4000 quicunque
3254 3945 3322 3983 ex
3349 3946 3437 3983 sa-

1799 4024 2121 4079 cerdotibus
2147 4024 2236 4078 vel
2269 4022 2545 4077 ministris
2572 4027 2845 4092 vagantes
2874 4022 3214 4093 repererint,
3256 4026 3353 4076 aut
3394 4022 3440 4077 si

1797 4117 2014 4173 fuerint
2039 4133 2240 4189 prope,
2274 4115 2660 4171 coenobiorum
2687 4114 2948 4170 Patribus
2968 4115 3339 4187 corrigendos
3358 4131 3443 4169 as-

1797 4212 2046 4282 signent,
2074 4215 2172 4266 aut
2197 4211 2242 4265 si
2271 4210 2498 4265 difﬁcile
2528 4213 2613 4264 est
2632 4225 2737 4281 pro
2765 4210 2886 4264 sola
2910 4210 3206 4264 honestate
3231 4208 3441 4280 vigoris

1800 4321 1918 4360 suae
1944 4305 2213 4377 potestati
2245 4304 2587 4360 erudiendos
2612 4303 2909 4359 inclinent.

1718 4510 1777 4582 D
1873 4495 1957 4549 VI.
1986 4495 2045 4550 ld
2076 4495 2245 4549 etiam
2276 4493 2505 4565 placuit,
2538 4460 2617 4549 ut
2646 4510 2750 4565 pro
2798 4494 3120 4549 reverentia
3170 4494 3442 4566 principis

1800 4605 1863 4642 ac
1894 4587 2069 4658 regia}
2116 4587 2262 4641 sedis
2309 4588 2548 4655 honore,
2596 4588 2683 4640 vel
2730 4586 3156 4659 metrOpolitani
3200 4587 3441 4641 civitatis

1800 4680 1997 4752 ipsius,
2030 4683 2087 4734 et
2112 4681 2499 4735 consolatione
2525 4680 2802 4734 convicini
2827 4682 3111 4735 Toletanaa
3140 4679 3293 4735 urbis
3318 4681 3437 4751 epi-

1803 4774 1975 4845 scopi,
2007 4773 2107 4845 qui
2148 4774 2405 4844 ejusdem
2459 4774 2742 4845 pontificis
2789 4773 3238 4829 admonitionem
3280 4791 3439 4831 acce-

1800 4868 2008 4939 perint,
2038 4867 2278 4937 singulis
2308 4884 2411 4938 per
2437 4883 2651 4922 annum
2674 4867 2969 4922 mensibus
2994 4868 3052 4921 in
3082 4868 3284 4923 eadem
3304 4870 3442 4924 urbe

1803 4961 2045 5016 debeant
2061 4960 2424 5027 commorari,
2448 4960 2701 5016 messivis
2730 4978 2795 5015 ac
2815 4961 3259 5017 vindemialibus
3285 4964 3443 5017 feriis

1804 5055 2085 5110 relaxatis.
2139 5056 2247 5109 Nos
2302 5057 2493 5109 autem
2542 5054 2851 5109 immortali
2902 5058 3039 5122 Deo,
3089 5061 3145 5110 et
3200 5056 3444 5127 glorioso

1805 5148 2194 5205 Cindasiundo
2210 5148 2475 5221 principi,
2499 5149 2569 5203 ob
2597 5150 2759 5221 cujus
2778 5153 2976 5204 votum
2998 5150 3056 5204 in
3077 5150 3222 5204 hanc
3241 5150 3443 5204 urbem

1806 5245 2001 5297 sancta
2046 5243 2347 5298 devotione
2399 5244 2795 5311 convenimus,
2842 5244 3049 5315 gratias
3093 5242 3445 5298 unanimiter

1804 5336 2122 5404 offerentes,
2176 5336 2412 5408 optabili
2455 5338 2663 5392 annisu
2709 5338 3094 5409 deposcimus,
3148 5340 3207 5389 ut
3236 5337 3444 5388 sanctae

1804 5431 2063 5486 Ecclesia:
2089 5430 2379 5485 catholicae
2405 5431 2535 5487 ﬁdei
2565 5448 2795 5503 semper
2824 5448 2889 5487 ac
2919 5431 3074 5501 pacis
3121 5428 3445 5483 cumuletur

1804 5525 2036 5579 affectus
2061 5528 2118 5579 et
2137 5527 2456 5579 memorato
2484 5525 2727 5597 principi
2747 5542 2877 5579 cum
2907 5522 3281 5595 prosperitate
3302 5537 3444 5592 prae-

1805 5618 1980 5674 sentis
2006 5618 2168 5690 regni
2192 5618 2370 5674 futuri
2400 5618 2577 5673 etiam
2615 5618 2937 5689 largiantur
2961 5614 3200 5688 praemia
3231 5615 3441 5685 gaudii,

1806 5712 1929 5784 ipso
1961 5718 2266 5784 praestante
2311 5712 2410 5783 qui
2455 5712 2514 5767 in
2541 5712 2809 5767 Trinitate
2846 5726 2994 5764 unus
3040 5710 3188 5763 Deus
3218 5708 3348 5761 vivit
3378 5713 3433 5763 et

1807 5806 2084 5879 gloriatur
2112 5806 2171 5862 in
2186 5807 2389 5862 saecula
2416 5806 2774 5862 saeculorum.
2811 5802 3120 5859 Horontius
3146 5802 3205 5858 in
3231 5801 3440 5859 Christi
