3946 6180
504 220 607 280 4θῦ

1404 224 1686 283 ΑΡΡΕΝΙ).
1729 227 1816 283 ΑΒ
1854 228 2015 283 SIEC.
2058 228 2144 282 IX.

2284 226 2524 284 iSlDOBI
2560 225 2984 283 MEHCATORlS
3702 236 3777 291 ira")

502 333 737 389 nomine
767 339 970 389 sancta:
992 332 1355 390 Emeritensis
1378 336 1636 391 Ecclesia)
1664 337 2139 408 metropolitanus
2161 355 2219 428 Α
2239 339 2442 393 litaret
2456 338 2550 394 alii
2578 337 2826 411 episcopi
2852 335 3320 408 subscripserunt,
3349 341 3783 414 numero,triginta

504 428 821 498 episcopus,
855 427 975 480 haec
1001 428 1309 483 constituta
1332 429 1610 485 deﬁniens
1630 431 1950 502 subscripsi.
1975 431 2138 486 Simi-

2241 437 2389 487 octo.

3168 547 3772 577 .____.___,__

1189 642 1589 708 INCIPIUNT
1630 602 2021 710 CAPITULA
2066 645 2399 711 CONCILII
2447 644 2729 709 OCTAVI
2776 644 3194 709 TOLETANI.

575 760 849 815 Allocutio
875 762 1271 818 Reccesiunthi
1303 764 1452 833 regis
1482 766 1553 819 ad
1586 766 1889 837 synodum.

575 854 653 908 De
679 854 968 909 catholicae
990 856 1121 910 fidei
1149 856 1528 927 plenitudine.

580 950 630 1002 1.
664 948 741 1002 De
772 947 995 1003 incauto
1017 949 1367 1020 juramento.

577 1044 629 1094 2.
661 1042 736 1095 De
761 1042 849 1095 his
875 1043 973 1112 qui
1004 1049 1389 1099 sacrosanctos
1418 1046 1646 1100 ordines
1694 1048 2021 1103 muneribus
2051 1065 2137 1102 as-

507 1140 842 1206 sequuntur,
871 1140 927 1190 ct
951 1137 1267 1191 fautoribus
1288 1155 1508 1194 eorum.

581 1232 631 1282 3.
665 1230 738 1281 De
770 1230 1253 1285 incontinentibus
1286 1233 1586 1305 episcopis.

583 1324 633 1378 4.
662 1323 738 1375 De
764 1322 1252 1379 incontinentibus
1282 1327 1645 1397 presbyteris,
1680 1346 1742 1383 ac
1788 1330 2139 1400 diaconibus,

511 1417 567 1468 et
592 1415 823 1470 feminis
847 1433 975 1487 quae
1004 1418 1207 1471 talibus
1237 1420 1686 1491 conjunguntur.

663 1510 739 1563 De
768 1509 1251 1568 incontinentibus
1278 1513 1628 1570 diaconibus.

2312 772 2362 823 6.
2396 770 2476 823 De
2505 767 2593 822 his
2629 768 2725 839 qui
2770 771 2898 839 post
2927 771 3212 838 assumpta
3252 767 3703 823 ecclesiasticarum
3725 768 3787 822 di-

2241 862 2521 932 gnitatum
2552 860 2756 927 ofﬁcia,
2786 862 2858 915 ad
2888 861 3154 931 conjugia
3186 860 3434 916 redeunt.

2310 961 2361 1009 7.
2395 958 2468 1009 De
2500 973 2611 1010 non
2645 954 2975 1009 ordinandis
3005 955 3091 1009 his
3124 955 3222 1025 qui
3249 956 3572 1025 psalmorum
3597 955 3791 1009 cantico-

2241 1065 2390 1115 rum,
2424 1065 2525 1102 seu
2552 1049 2924 1119 hymnorum,
2956 1048 3116 1119 gnari
3139 1050 3287 1101 sunt.

2314 1146 2366 1197 8.
2414 1144 2492 1196 De
2523 1142 2610 1196 his
2638 1142 2733 1212 qui
2764 1146 3045 1213 praetextu
3095 1141 3470 1196 incommodae
3504 1139 3794 1210 aegritudinis

2240 1236 2703 1307 Quadragesimae
2722 1235 3010 1307 jejunium
3039 1235 3278 1290 solvunt.

2315 1334 2365 1384 9.
2402 1331 2477 1385 De
2504 1331 2592 1384 his
2619 1330 2716 1401 qui
2743 1335 2841 1384 aut
2853 1310 2962 1400 per
2978 1328 3369 1383 auctoritatem
3398 1330 3490 1382 aut
3508 1344 3602 1398 per
3617 1327 3712 1381 vim
3736 1343 3800 1381 or-

2245 1423 2422 1479 dinati
2452 1429 2600 1478 sunt.

2319 1523 2402 1574 l0.
2437 1519 2517 1572 De
2545 1518 2987 1572 conﬁrmatione
3044 1516 3444 1575 universah'um
3492 1515 3799 1569 decretorum.

2318 1615 2401 1667 ll.
2430 1612 2509 1667 De
2543 1612 2772 1667 Judaeis.

2318 1742 2492 1751 ...κ-α,

929 1856 1344 1950 INCIPIT
1428 1859 2044 1953 CONCILIUM
2112 1855 2805 1951 TOLE’I‘ANUM
2889 1853 3468 1947 OCTAVUM.

1351 1999 1760 2061 Celebratum
1790 2018 1925 2061 aera
1957 2018 2114 2073 neu,
2147 2006 2327 2061 sexto
2354 1994 2686 2060 Kalendas
2714 1994 3046 2056 Januarii.

582 2111 749 2167 Anno
777 2112 976 2184 quinto
1005 2116 1306 2171 orthodoxi
1332 2122 1500 2187 atque
1525 2118 1776 2188 gloriosi,
1806 2121 1861 2173 et
1890 2135 2022 2172 vera
2041 2118 2150 2171 cle-

2250 2115 2519 2168 anhelum
2548 2116 2746 2184 pectus
2772 2129 2829 2167 se
2861 2112 2919 2166 in
2946 2110 3393 2183 promissionum
3411 2107 3643 2179 compita
3656 2106 3810 2161 diffun-

513 2204 741 2258 mentiee
773 2205 1051 2277 dignitate
1081 2210 1356 2280 praecipui
1387 2211 1778 2266 Beccesiunthi
1822 2213 1992 2283 regis,
2022 2229 2149 2267 cum
2170 2226 2227 2298 B
2252 2209 2353 2276 dit,
2371 2225 2443 2261 ne
2466 2206 2709 2279 pigritiae
2732 2206 2944 2260 fessum
2968 2203 3374 2260 retardationis
3395 2201 3640 2257 oneribus
3654 2217 3702 2254 se
3720 2199 3811 2253 sub-

517 2297 713 2352 omdes
727 2315 844 2353 non
863 2300 1067 2355 divinae
1085 2303 1372 2358 ordinatio
1398 2305 1704 2359 voluntatis
1721 2306 1975 2376 ejusdem
1992 2307 2146 2377 priu-

517 2390 654 2460 cipis
682 2393 1040 2449 serenissimo
1079 2396 1244 2467 jussu
1293 2398 1353 2451 in
1398 2399 1628 2453 basilica
1657 2403 1982 2454 sanctorum
2006 2416 2145 2469 apo-

514 2485 784 2540 stolorum
832 2488 904 2542 ad
944 2505 1167 2544 sacrum
1221 2492 1417 2562 synodi
1476 2493 1753 2563 coegisset
1805 2492 2147 2564 congregari

516 2583 877 2648 conventum,
907 2582 1026 2637 dies
1052 2584 1289 2639 tandem
1315 2586 1526 2640 laetitia:
1546 2587 1799 2657 appetitu
1828 2587 2145 2641 diutissime

517 2679 862 2745 praeoptatus
885 2679 942 2730 et
969 2682 1165 2747 gratus
1188 2678 1389 2745 adfuit,
1414 2684 1468 2734 et
1482 2680 1770 2750 jocundus
1792 2684 1947 2735 tanto
1967 2681 2149 2735 nostri

514 2768 758 2836 pectoris
789 2770 1027 2824 avidiori
1076 2776 1204 2826 voto
1246 2776 1558 2842 susceptus,
1593 2777 1808 2844 quanto
1848 2774 1920 2827 ad
1965 2790 2145 2828 reme-

516 2860 673 2913 dium
700 2862 894 2915 salutis
922 2864 1234 2930 exstiterat,
1270 2865 1667 2919 anhelantium
1694 2866 2023 2936 praecordiis
2049 2883 2146 2921 ex-

516 2953 772 3023 quisitus.
805 2956 1061 3028 Cumque
1093 2973 1156 3010 ex
1186 2974 1347 3012 more
1375 2959 1769 3030 unusquisque
1799 2960 1975 3014 nostri
2002 2960 2151 3015 ordi-

515 3046 605 3100 nis
635 3046 793 3103 sedes
823 3049 1043 3104 debitas
1087 3055 1430 3121 occupasset,
1466 3058 1522 3106 et
1551 3057 1815 3106 eventum
1865 3053 1949 3107 rei
1989 3058 2145 3108 tran-

514 3141 704 3210 quillae
734 3142 1066 3197 intentionis
1096 3145 1433 3215 exspectatio
1461 3145 1782 3214 sustineret,
1811 3146 1971 3201 adest
1995 3164 2145 3201 sere-

514 3233 1054 3308 nissimusprinceps
1066 3238 1162 3309 pia
1173 3238 1452 3309 religione
1466 3239 2149 3310 plenissimus,etsummo

513 3326 749 3382 laudum
776 3329 941 3385 titulo
971 3331 1266 3402 gloriosus,
1284 3333 1380 3403 qui
1409 3349 1465 3387 se
1492 3335 1686 3388 nostro
1714 3333 1881 3389 cmtui
1902 3335 2149 3389 reddens

514 3421 798 3490 acclivem,
852 3428 915 3478 ut
955 3425 1107 3479 hunc
1155 3426 1537 3497 omnipotenti
1586 3427 1833 3482 Domino
1886 3428 2149 3498 precibus

513 3517 1053 3573 commendaremus
1075 3524 1263 3574 astans
1283 3520 1540 3574 dulcibus
1564 3524 1626 3574 ut
1649 3520 1798 3575 filius
1815 3538 1921 3576 nos
1941 3522 2145 3576 cohor-

2252 2302 2461 2371 mittat,
2481 2302 2717 2372 longam
2735 2299 3197 2370 prosecutionem
3224 2296 3556 2369 compendio
3580 2293 3811 2349 brevitatis

2246 2395 2497 2462 astrinxi,
2529 2398 2585 2448 et
2614 2393 2765 2465 quod
2794 2391 3267 2464 productionibus
3294 2391 3632 2462 loquelarum
3654 2388 3702 2441 in
3720 2402 3814 2440 con-

2248 2489 2406 2543 cione
2419 2488 2738 2543 diffundere
2754 2486 2934 2558 potui,
2953 2490 3138 2540 totum
3155 2484 3214 2538 in
3234 2484 3383 2540 torni
3402 2485 3563 2555 hujus
3581 2480 3815 2552 complica-

2247 2584 2443 2636 mento
2472 2598 2704 2652 prorsus
2728 2581 2894 2634 almae
2921 2584 3121 2634 vestra:
3155 2576 3520 2633 sanctitudini
3546 2575 3720 2631 offerre
3743 2572 3813 2626 de-

2249 2675 2419 2744 crevi,
2449 2674 2505 2728 id
2532 2691 2738 2745 magno
2760 2676 2995 2745 precatu
3023 2672 3453 2727 deliberationis
3475 2670 3756 2732 exhortans,
3773 2670 3816 2718 ut

2248 2784 2605 2840 quaecunque
2637 2767 2751 2822 illic
2783 2769 3051 2821 tenentur
3079 2765 3329 2837 ascripta
3356 2764 3539 2820 valido
3572 2758 3815 2817 attendatis

2250 2862 2479 2929 intuitu,
2509 2862 2699 2933 sagaci
2737 2860 3175 2931 perscrutemini
3202 2852 3414 2925 studio,
3447 2861 3503 2913 et
3529 2867 3815 2928 quaecunque

2250 2954 2573 3010 exstiterint
2619 2954 2820 3026 placita
2849 2955 2987 3021 Deo,
3028 2952 3199 3007 vestri
3227 2952 3345 3009 oris
3376 2952 3447 3006 ad
3476 2967 3574 3006 nos
3595 2963 3726 3004 sacro
3749 2962 3814 3000 re-

2248 3050 2505 3104 ferantur
2534 3049 2785 3103 oraculo.
2818 3050 3059 3118 Accepto
3090 3046 3297 3102 deinde
3320 3046 3503 3101 oblato
3524 3043 3667 3099 nobis
3684 3045 3816 3104 temo,

2249 3145 2486 3214 agentes
2518 3141 2759 3195 Domino
2787 3140 2998 3211 gratias
3026 3139 3465 3194 acclamavimus
3495 3157 3508 3194 :
3544 3156 3570 3189 ς(
3598 3134 3755 3191 Gloria
3777 3131 3818 3184 in

2251 3236 2478 3290 excelsis
2506 3237 2634 3302 Deo,
2664 3239 2719 3288 et
2748 3234 2807 3288 in
2838 3238 2985 3288 terra
3014 3250 3121 3305 pax
3149 3233 3479 3287 hominibus
3504 3232 3653 3286 boum
3674 3228 3819 3281 volun-

2250 3330 2379 3384 tatis
2423 3328 2568 3397 (Luc.
2602 3345 2663 3396 ιι,
2694 3329 2801 3397 14).
2837 3346 2864 3378 ››
2892 3329 3024 3382 Post
3062 3326 3233 3397 hujus
3281 3322 3660 3381 exsultationis
3682 3320 3819 3376 beata

2252 3422 2543 3493 gaudium,
2592 3426 2649 3476 et
2692 3421 2932 3476 caelestis
2977 3420 3174 3492 glorias
3198 3421 3486 3491 hymnum
3512 3418 3679 3474 eidem
3702 3426 3820 3468 sacro

2249 3514 2492 3587 principi
2522 3514 2936 3581 benediximus,
2972 3517 3337 3585 reserataque
3377 3518 3551 3583 torno,
3575 3512 3683 3566 haec
3708 3504 3821 3562 intra

512 3612 661 3663 tatus
690 3615 774 3665 est
799 3612 1006 3680 verbis,
1029 3617 1218 3684 grates
1243 3614 1506 3669 deferens
1531 3615 1647 3669 Deo
1678 3614 1971 3683 virtutum,
1996 3616 2147 3687 quod
2170 3595 2223 3667 C
2251 3613 2512 3664 contexta
2537 3609 2850 3680 reperimus
2884 3626 2897 3662 :

513 3703 1227 3778 suzejussionisimplentes
1249 3706 1547 3762 decretum
1565 3708 1625 3762 in
1643 3724 1824 3763 unum
1846 3708 2149 3764 fuissemus

514 3797 747 3851 adunati
778 3798 1112 3869 concilium;
1143 3800 1242 3854 sed
1262 3817 1392 3854 cum
1421 3804 1611 3856 tamen
1637 3800 1921 3856 humilem
1948 3818 2150 3873 cogno-

512 3891 783 3946 vissemus
826 3893 948 3964 ejus
992 3893 1202 3948 animas
1248 3896 1623 3965 voluntatem,
1658 3900 1714 3950 et
1742 3899 1861 3950 tam
1892 3895 2148 3950 sublimis

513 3984 711 4054 gloriae
725 3984 1116 4041 celsitudinem
1128 3987 1449 4042 videremus
1462 3988 1753 4055 acclivcm,
1776 3992 1937 4043 tanta
1954 4006 2150 4043 sumus

513 4076 647 4131 inde
673 4078 854 4148 gloria
876 4079 1265 4134 exsultationis
1293 4081 1566 4148 succensi,
1593 4088 1655 4136 ut
1680 4086 1868 4152 grates
1886 4081 1971 4135 illi
1991 4082 2147 4136 debi-

515 4174 595 4224 tas
624 4175 679 4225 et
706 4172 1003 4238 honorem,
1036 4175 1093 4226 et
1114 4173 1228 4227 lzeti
1258 4174 1650 4241 redderemus,
1702 4179 1759 4228 et
1802 4174 2018 4242 cernui,
2049 4176 2149 4231 sed

512 4267 789 4332 quantum
808 4265 1087 4319 extulerat
1115 4266 1432 4337 principem
1459 4267 1799 4321 humilitatis
1819 4267 1956 4321 ordo
1979 4268 2149 4322 subli-

516 4354 641 4423 mis,
676 4359 893 4410 tantum
918 4357 989 4411 ad
1007 4358 1261 4413 exercitia
1287 4376 1525 4413 summm
1545 4360 1768 4414 virtutis
1797 4360 2150 4417 instruebant

512 4450 770 4521 exempla
798 4450 1160 4505 sacratissimi
1186 4451 1458 4523 principis
1496 4454 1742 4507 formam
1768 4460 1980 4508 nostrae
2014 4456 2145 4510 reli-

510 4543 715 4606 gionis.
743 4546 884 4598 Tum
912 4544 1108 4600 relatis
1139 4546 1252 4600 Deo
1280 4546 1538 4601 laudibus
1561 4548 1630 4601 de
1659 4547 1888 4603 unitatis
1912 4550 2147 4603 alterna:

510 4642 804 4708 proventu,
838 4656 1045 4711 magna
1075 4657 1179 4694 nos
1193 4655 1324 4694 eum
1344 4640 1768 4712 tranquillitatis
1788 4642 1966 4713 gratia
1998 4643 2141 4697 allo-

509 4735 670 4785 cutus
700 4735 786 4785 est
813 4732 1003 4788 dicens
1033 4751 1046 4788 :
1083 4735 1148 4789 Et
1193 4733 1237 4788 si
1289 4751 1547 4789 summus
1585 4736 1799 4789 Auctor
1828 4752 2023 4790 rerum
2050 4753 2145 4790 me

508 4822 651 4877 diva:
697 4827 989 4880 memoriae
1041 4828 1254 4882 domini
1307 4827 1576 4900 genitoris
1628 4828 1745 4883 mei
1792 4829 2147 4900 temporibus

509 4916 670 4986 regni
717 4918 847 4972 sede
895 4920 1167 4987 subvexit,
1216 4927 1387 4992 atque
1435 4922 1613 4993 ipsius
1655 4922 1851 4993 gloriae
1883 4922 2143 4978 deferens

510 5010 841 5081 participem
868 5011 1019 5079 fecit,
1042 5030 1194 5067 nunc
1213 5017 1402 5069 tamen
1424 5032 1555 5069 cum
1576 5015 1698 5087 ipse
1718 5015 1973 5087 requiem
1987 5020 2147 5071 aster-

509 5120 642 5157 nani
671 5105 906 5174 adeptus
951 5111 1035 5160 est
1080 5108 1472 5174 mansionum,
1506 5125 1573 5162 ea
1601 5125 1728 5180 qua:
1758 5109 1819 5163 in
1849 5126 1943 5164 me
1972 5111 2146 5164 totius

509 5197 808 5268 regiminis
837 5200 1122 5253 transfusa
1141 5199 1277 5270 jura
1304 5201 1531 5272 reliquit
1556 5218 1625 5255 ex
1647 5205 1767 5257 toto
1794 5202 1981 5258 divina
2003 5202 2148 5257 mihi

510 5290 765 5362 potentia
785 5290 948 5362 subju
957 5292 1127 5362 gavit,
1150 5292 1299 5346 unde
1312 5293 1448 5364 quia
1459 5294 1841 5366 regendorum
1862 5297 2149 5350 membro-

507 5401 636 5439 rum
668 5401 841 5439 causa
868 5386 1021 5439 salus
1058 5389 1142 5440 est
1167 5385 1389 5457 capitis,
1444 5391 1502 5442 et
1537 5387 1774 5443 felicitas
1803 5389 2149 5460 populorum

507 5478 734 5533 nonnisi
763 5478 1143 5534 mansuetudo
1189 5483 1275 5534 est
1305 5479 1648 5553 principum,
1697 5482 1882 5536 votive
1925 5482 2147 5538 decrevi

506 5572 666 5627 vobis
695 5589 889 5629 coram
916 5573 1114 5645 positis
1142 5578 1197 5628 ct
1225 5578 1484 5629 votorum
1507 5592 1766 5630 meorum
1787 5575 2148 5631 deliberatio-

513 5682 612 5719 nes
664 5667 954 5722 sanctione
1010 5669 1203 5740 patula
1252 5686 1525 5735 reserare,
1559 5674 1617 5723 et
1659 5670 1978 5724 studiorum
2008 5674 2143 5742 apta

515 5758 741 5815 decreta
783 5761 1001 5817 sincera
1044 5761 1387 5819 exhibitione
1435 5762 1673 5819 deferre.
1719 5767 1790 5819 At
1834 5780 1967 5819 vero
2014 5762 2146 5839 quia

2163 4964 2222 5035 D

2322 3704 2382 3757 In
2409 3702 2643 3757 nomine
2671 3701 2921 3770 Domini,
2952 3701 3173 3755 Flavius
3197 3700 3635 3756 Reccesiunthus
3663 3711 3742 3751 rex
3764 3708 3825 3747 re-

2251 3795 2670 3851 verendissimis
2700 3795 2959 3849 Patribus
3006 3795 3065 3849 in
3111 3795 3214 3849 hac
3258 3798 3460 3850 sancta
3501 3790 3695 3865 synodo
3718 3786 3820 3842 resi-

2252 3891 2535 3958 dentibus,
2569 3888 2779 3943 sanctis
2810 3888 3107 3960 episcopis.
3155 3887 3491 3943 Admirabili
3532 3887 3668 3941 dono
3694 3896 3821 3951 regu-

2251 3985 2364 4039 lam
2386 3982 2516 4037 ﬁdei
2545 3999 2687 4037 mea:
2712 3982 2951 4037 solidam
2981 3988 3205 4050 tenens,
3259 3987 3319 4036 et
3356 3982 3673 4036 instructam
3696 3989 3825 4046 agno-

2250 4093 2430 4144 scens,
2456 4082 2625 4147 atque
2653 4076 2711 4131 in
2738 4077 2954 4131 honore
2974 4076 3095 4146 ejus
3115 4076 3389 4131 diadema
3408 4074 3595 4146 glorias
3615 4087 3725 4127 cum
3741 4082 3827 4122 cor-

2251 4170 2337 4223 dis
2362 4169 2680 4224 humilitate
2709 4172 3098 4239 prosternens,
3151 4169 3247 4223 illo
3292 4170 3458 4223 laetus
3502 4166 3685 4223 auditu
3709 4158 3825 4233 quod

2250 4280 2448 4318 omnes
2477 4280 2639 4334 reges
2668 4268 2833 4317 terrae
2860 4262 3114 4317 serviunt
3149 4267 3206 4316 et
3232 4262 3511 4318 obediunt
3539 4264 3662 4326 Deo,
3686 4274 3739 4312 eo
3759 4270 3827 4309 re-

2252 4357 2484 4411 verendi
2526 4359 2719 4411 Patres
2767 4356 3063 4411 excelsiori
3087 4355 3230 4410 mihi
3259 4355 3637 4411 venerationis
3660 4352 3827 4406 honore

2250 4451 2540 4517 sublimes,
2567 4466 2760 4504 coram
2786 4450 2943 4504 vobis
2971 4449 3210 4503 advenio
3236 4449 3297 4503 in
3332 4450 3578 4521 gratiam
3609 4456 3827 4501 mansue-

2248 4544 2463 4599 tudinis
2490 4547 2692 4597 vestrze
2725 4543 2975 4599 studium
3008 4559 3349 4611 convocans,
3401 4547 3460 4598 et
3504 4537 3829 4597 testimonium

2246 4636 2474 4691 visionis
2487 4640 2687 4691 vestra:
2713 4653 2807 4691 me
2830 4643 2886 4692 et
2908 4653 3097 4691 coram
3112 4636 3525 4707 omnipotentis
3544 4633 3638 4689 Dei
3652 4628 3829 4686 nutibus

2246 4730 2558 4786 tremendis
2586 4731 2891 4799 acclinans,
2923 4731 3180 4785 referens
3206 4730 3288 4784 illi
3313 4731 3488 4785 corde
3518 4730 3639 4783 laeto
3665 4720 3827 4795 gratias

2247 4826 2561 4896 epulantas,
2609 4823 2765 4896 quod
2814 4842 2913 4879 vos
2956 4824 3265 4879 clementia
3288 4821 3593 4878 voluntatis
3617 4817 3828 4891 ipsiusel
3898 4882 3901 4885 _

2245 4924 2455 4973 nostra:
2492 4919 2653 4989 jussu
2696 4917 3044 4972 celsitudinis
3084 4917 3155 4971 ad
3188 4917 3362 4987 hujus
3398 4920 3605 4971 sanctae
3633 4922 3825 4979 congre-

2248 5012 2490 5083 gationis
2517 5012 2762 5066 votivum
2793 5011 3059 5082 dignatus
3079 5016 3166 5065 est
3185 5011 3474 5066 deducere
3503 5012 3827 5072 ccelum,con-

2247 5106 2424 5161 ﬁdens
2452 5112 2569 5160 tam
2600 5104 2737 5159 mihi
2769 5121 2946 5175 quam
2985 5104 3144 5159 vobis
3168 5109 3224 5159 et
3253 5104 3313 5159 in
3342 5103 3695 5175 praesentium
3719 5091 3830 5149 serie

2248 5204 2591 5271 temporum,
2650 5204 2707 5253 et
2758 5198 3081 5253 futurorum
3130 5198 3493 5269 longitudine
3548 5193 3830 5251 saeculorum

2249 5294 2370 5363 ejus
2407 5293 2603 5347 adesse
2639 5292 2841 5363 gratim
2868 5291 3195 5363 praemium,
3227 5291 3507 5363 quoniam
3536 5293 3702 5343 vestra
3722 5295 3829 5336 con-

2249 5387 2443 5441 cordia
2468 5386 2526 5441 in
2553 5385 2944 5441 conveniendo
2975 5384 3311 5439 unanimum
3332 5402 3398 5439 ac
3430 5382 3741 5454 religiosum
3763 5372 3835 5427 de-

2246 5481 2577 5536 monstratis
2604 5480 2890 5547 atfectum,
2919 5484 2976 5533 et
3003 5477 3386 5549 dispositionis
3412 5494 3555 5532 mea:
3582 5477 3636 5530 in
3664 5482 3829 5540 regen-

2248 5574 2333 5628 dis
2361 5574 2586 5646 pOpulis
2616 5590 2790 5647 quam
2828 5573 2990 5645 pium
3015 5572 3087 5627 sit
3119 5572 3381 5644 poteritis
3412 5572 3670 5643 patenter
3691 5574 3829 5631 agno-

2244 5686 2396 5724 scere
2427 5674 2644 5724 votum.
2693 5669 2851 5724 Nunc
2900 5667 3076 5738 igitur
3107 5665 3241 5738 quia
3277 5681 3519 5721 monens
3544 5652 3832 5735 praelocuti!)

2245 5762 2431 5836 longae
2449 5761 2708 5818 dictionis
2730 5778 2847 5817 non
2870 5761 3021 5836 capit
3047 5776 3357 5828 excessum,
3376 5757 3513 5832 quid
3531 5756 3597 5811 de
3616 5752 3831 5810 sanctam
