3946 6180
116 214 217 312 ὶδοι

1301 250 1767 310 DECRE’I‘ALIUM
1803 251 2188 308 COLLECTIO.
2233 228 2239 235 ’

3327 255 3426 312 ὄοὲ

138 371 228 426 ﬁde
264 361 490 422 noverim
516 380 691 437 quam
725 363 943 423 cmlitus
973 364 1232 438 illapsam
1262 364 1407 421 mihi
1435 382 1539 437 per
1561 380 1693 420 san-
1717 371 1778 445 Α
1797 359 2010 415 actibus
2038 361 2197 432 gravi
2224 361 2666 418 contradictione
2697 360 2819 418 haec
2845 360 3131 419 sententia
3158 361 3427 418 resultare

138 468 318 520 dorum
367 460 737 531 apostolorum
784 460 1289 533 frequentiumque
1331 462 1561 516 Patrum
1601 476 1700 513 ora

138 556 348 629 cognovi,
374 572 466 610 seu
495 553 628 627 quid
654 555 724 609 de
767 556 1044 610 secuturis
1074 554 1338 626 negotiis,
1366 571 1469 626 pro
1494 553 1700 625 quibus

137 652 257 706 hunc
266 651 581 703 conventum
596 648 1061 719 congregationis
1074 647 1387 703 coadunari
1402 646 1700 718 percensui

136 744 355 799 intimare
382 741 732 808 decreverim,
765 741 825 795 in
856 741 1024 812 hujus
1049 741 1193 796 tomi
1214 741 1359 796 serie
1385 740 1701 811 conscripta

136 840 304 899 tenete,
328 852 386 890 ac
410 834 597 890 relicta
637 835 973 906 pernoscite,
1004 839 1060 889 et
1100 834 1318 890 cunctis
1359 851 1488 906 quae
1515 832 1701 889 tenori

136 932 228 1002 ejus
265 933 450 983 nostra:
494 928 881 1003 amplitudinis
930 932 1180 1001 potestas
1226 927 1549 999 impressit,
1600 944 1698 981 vc-

134 1030 234 1081 stra:
254 1021 599 1078 beatitudinis
626 1022 873 1093 gravitas
912 1022 1179 1078 effectum
1208 1025 1329 1078 tam
1367 1021 1449 1077 eis
1475 1027 1702 1093 promat

134 1134 180 1171 ac
218 1116 523 1171 miseranter
562 1116 853 1186 inpendat,
880 1120 1069 1187 'quam
1119 1118 1324 1171 nostra;
1372 1119 1698 1171 mansuetu-

136 1208 250 1264 dinis
275 1209 528 1264 serenitas
554 1209 662 1264 hoc
692 1208 859 1264 nobis
884 1209 1173 1281 implenda
1196 1208 1582 1264 commendat.

186 1303 454 1358 Exordium
485 1304 671 1375 itaque
706 1302 1059 1359 allocutionis
1094 1320 1238 1359 meae
1273 1320 1339 1358 ex
1370 1302 1701 1358 deﬁnitione

133 1400 297 1451 sancta:
317 1396 438 1452 ﬁdei
464 1397 764 1466 inchoans,
796 1400 1001 1453 caetera
1031 1413 1160 1469 qua:
1182 1396 1390 1451 futuris
1419 1400 1550 1452 sunt
1572 1411 1701 1468 pro-

132 1489 457 1545 secutionibus
485 1490 824 1561 intimanda,
855 1492 1010 1547 velut
1038 1508 1208 1563 supra
1234 1490 1582 1546 soliditatem
1608 1505 1702 1560 pe-

132 1591 209 1638 trae
229 1586 648 1652 constructurus,
672 1601 706 1639 a
725 1585 834 1639 Deo
854 1586 1027 1640 etiam
1048 1585 1239 1656 operis
1260 1584 1376 1639 mei
1393 1582 1697 1637 aediﬁcium

131 1694 501 1749 congressurus,
535 1694 606 1732 eo
634 1678 1037 1750 consequentia
1062 1678 1300 1734 validius
1330 1693 1558 1750 ponam,
1586 1692 1700 1751 qup

1800 453 2196 525 perpenditur,
2225 459 2282 510 et
2310 455 2386 510 sic
2417 456 2671 511 funditus
2697 456 3077 512 damnationis
3102 456 3425 528 astipulatio

1801 547 2095 614 retinetur,
2147 565 2218 601 ne
2262 548 2455 619 pietati
2488 566 2616 621 quae
2658 552 2923 622 Apostolo
2969 550 3315 621 praecinente
3357 549 3428 604 ad

1802 641 1995 695 omnia
2024 640 2175 695 utilis
2202 645 2287 695 est
2319 643 2365 710 (ι
2390 645 2522 697 Tim.
2553 659 2624 710 Iv,
2655 643 2729 713 8),
2758 643 3083 716 quicunque
3110 643 3295 698 aditus
3332 659 3423 698 ra-

1801 738 2076 802 servetur,
2110 735 2307 790 vestris
2332 735 2450 790 htnc
2481 735 2776 790 committo
2806 736 3001 792 ﬁdenti
3030 736 3222 792 animo
3257 736 3427 791 sacris

1800 828 2201 899 pertractanda
2223 828 2470 898 judiciis,
2499 846 2563 883 ac
2593 830 2910 885 dirimenda
2940 830 3252 897 sententiis,
3275 829 3427 884 unde

1792 921 1917 992 jam
1936 927 2184 976 vestrum
2201 921 2645 994 arit,inspirante
2666 924 2821 977 vobis
2834 923 3199 978 miseratione
3210 922 3423 990 divina,

1799 1014 1879 1069 ita
1912 1013 2205 1086 utriusque
2248 1015 2589 1070 discriminis
2616 1021 2940 1087 temperare
2970 1032 3321 1083 mensuram,
3353 1032 3425 1070 ne

1802 1108 1983 1163 autin
2004 1108 2333 1179 juramcnto
2358 1108 2607 1164 conditio
2636 1113 2825 1164 teneat
2854 1126 2996 1177 reos,
3029 1113 3128 1163 aut
3162 1109 3423 1179 impieta-

1800 1202 1872 1256 tis
1914 1202 2052 1257 ultio
2084 1203 2291 1257 habeat
2332 1203 2699 1269 inhumanos,
2734 1204 2925 1274 sicque
2968 1201 3139 1257 vestri
3180 1217 3282 1256 nos
3332 1201 3423 1254 in-

1801 1301 1980 1351 struat
2019 1297 2209 1352 forma
2243 1297 2467 1368 judicii,
2496 1301 2561 1352 ut
2601 1297 2885 1367 subjectos
2925 1297 3186 1368 populos,
3216 1311 3320 1350 nec
3367 1294 3428 1349 in

1800 1390 2286 1460 profanationibus
2316 1390 2633 1446 habeamus
2678 1391 2948 1458 subditos,
2976 1406 3079 1445 nec
3119 1388 3431 1460 impietatis

1800 1482 2034 1538 vinculis
2065 1484 2357 1539 doleamus
2381 1484 2816 1539 contaminatos.
2845 1486 2974 1540 Post
2996 1483 3168 1554 hujus
3197 1485 3431 1538 conten-

1800 1577 1968 1632 tionis
2016 1577 2368 1649 alloquium,
2413 1578 2777 1649 sequentium
2828 1594 3020 1632 causas
3063 1577 3429 1646 negotiorum

1800 1670 1968 1725 simili
1989 1687 2217 1742 quoque
2242 1671 2639 1742 subjungimus
2664 1689 2760 1725 vos
2782 1671 3073 1726 intendere
3094 1669 3427 1726 attentione.

132 1771 368 1826 decentius
394 1772 720 1827 ﬁrmissima
748 1773 1121 1843 pragtulerim,
1150 1771 1338 1827 primo
1366 1771 1558 1843 itaque
1600 1788 1696 1826 co-
1719 1742 1776 1814 B
1802 1764 2165 1818 Decernimus
2192 1767 2528 1820 'attestantes
2568 1764 2994 1819 universitatem
3032 1767 3281 1818 nostram
3324 1778 3431 1833 per

131 1882 220 1919 ram
242 1882 290 1919 se
315 1864 620 1920 reverentia
640 1869 824 1921 vestra
850 1866 1061 1921 habeat
1084 1866 1237 1936 quod
1252 1882 1417 1920 nosse
1440 1881 1557 1919 non
1584 1881 1703 1919 am-

130 1958 237 2028 bigit
256 1975 336 2013 me
364 1959 694 2014 orthodoxa:
724 1959 858 2013 ﬁdei
887 1976 1102 2028 veram,
1133 1965 1406 2025 sanctam,
1438 1963 1493 2013 et
1518 1958 1699 2013 since-

129 2068 219 2105 ram
242 2052 481 2122 regulam
513 2052 588 2108 de
613 2053 781 2107 corde
811 2070 952 2124 puro
978 2058 1035 2108 et
1053 2052 1400 2108 conscientia
1420 2052 1569 2107 bona
1588 2051 1703 2123 ple-

129 2144 311 2199 nissime
350 2145 577 2211 babere,
608 2145 883 2200 veraciter
911 2146 1056 2201 scire
1098 2151 1154 2200 et
1197 2144 1526 2200 ﬁrmissime
1563 2144 1701 2199 reti-

125 2253 246 2304 nere,
273 2242 425 2309 atque
451 2255 581 2293 eam
607 2239 686 2293 ita
712 2239 1008 2311 complecti
1041 2243 1212 2311 atque
1232 2239 1514 2306 venerari,
1531 2243 1702 2309 atque

127 2329 334 2399 diligere,
374 2332 513 2386 sicut
565 2349 691 2386 eam
736 2337 928 2388 sancta
974 2333 1278 2404 apostolica
1320 2332 1545 2387 traditio
1596 2331 1700 2386 do-

124 2426 203 2485 cet,
228 2423 357 2479 sicut
380 2426 555 2480 etiam
607 2431 803 2480 sancta
833 2425 1085 2497 synodus
1131 2426 1359 2480 Nicama
1388 2424 1698 2492 constituit,

124 2515 231 2569 sicut
245 2518 716 2592 Constantinopoli
730 2524 1057 2573 sanctorum
1079 2520 1307 2574 Patrum
1327 2518 1701 2590 congregatio

123 2608 342 2677 definivit,
373 2613 513 2667 sicut
542 2612 807 2683 Ephesini
836 2612 1008 2684 primi
1048 2615 1223 2667 coetus
1250 2612 1434 2667 unitas
1461 2612 1703 2667 afﬁrma-

122 2704 194 2767 vit,
217 2704 340 2758 sicut
366 2705 843 2761 Chalcedonensis
882 2706 1102 2761 concilii
1143 2706 1398 2761 deﬁnitio
1429 2706 1700 2777 prmtulit,

123 2795 234 2850 hanc
256 2813 372 2852 cum
402 2799 672 2854 ﬁdelibus
703 2816 949 2866 servans,
979 2799 1053 2853 ad
1073 2800 1222 2854 hanc
1251 2799 1544 2855 salvandos
1572 2799 1705 2853 inﬁ-

122 2889 490 2959 delesinvitaus,
506 2893 570 2947 in
593 2892 742 2947 hanc
759 2892 1042 2963 subjectos
1062 2894 1299 2964 populos
1319 2908 1541 2963 regens,
1555 2892 1705 2947 hanc

121 2984 314 3054 propriis
338 2987 602 3057 gentibus
626 2986 935 3044 tenendam
959 2985 1272 3054 insinuans,
1288 2986 1434 3041 hanc
1453 2986 1511 3040 in
1528 3002 1707 3057 popu-

123 3076 171 3127 lis
190 3076 359 3132 alienis
385 3079 759 3147 annuntians,
788 3086 845 3134 ut
866 3080 925 3133 in
950 3079 1052 3134 illa
1075 3079 1401 3150 gloriﬁcans
1431 3080 1705 3149 Deum,et

120 3168 233 3224 inter
255 3173 510 3227 mortales
555 3188 651 3227 me
676 3188 918 3226 summae
946 3172 1256 3227 divinitatis
1284 3172 1525 3228 felicitas
1548 3188 1699 3227 asse-
1728 3168 1733 3191 έ

120 3268 297 3331 quatur,
323 3269 378 3319 et
399 3266 460 3322 in
479 3271 636 3321 terra
666 3265 973 3320 viventium
1003 3266 1301 3321 haereditas
1327 3284 1359 3320 a
1384 3283 1477 3321 me
1506 3266 1700 3338 gloriae

121 3356 340 3426 capiatur.
372 3361 472 3427 En,
500 3359 969 3415 reverendissimi
988 3361 1197 3428 Patres,
1214 3363 1496 3430 quantum
1522 3360 1594 3415 ad
1615 3376 1703 3414 ve-

120 3449 298 3505 ritatem
319 3452 441 3508 ﬁdei
467 3456 687 3507 sancta:
712 3453 987 3524 pertinuit
1011 3469 1073 3507 ex
1097 3456 1215 3506 toto
1237 3454 1491 3508 animam
1511 3470 1701 3507 meam

118 3557 206 3595 sua:
242 3546 610 3602 confessionis
652 3544 845 3600 titulos
889 3544 1242 3616 explicuisse,
1270 3545 1703 3600 honoriﬁcentia

119 3639 260 3689 vestra
278 3636 321 3709 1
336 3637 460 3712 22
486 3638 768 3712 pensavit.
783 3640 903 3693 Jam
920 3656 1070 3693 nunc
1086 3654 1436 3709 magnopere
1458 3638 1705 3693 arbitror

118 3743 207 3782 esse
256 3731 384 3785 mihi
434 3737 832 3804 opportunum
892 3748 1020 3802 quae
1088 3731 1374 3786 tendimus
1443 3732 1702 3787 societati

118 3820 326 3889 cjusdem
347 3842 491 3880 veras
522 3824 663 3880 ﬁdei
694 3824 880 3878 studia
907 3830 1112 3879 sancta:
1137 3825 1485 3896 operationis
1511 3824 1705 3880 innec-

116 3919 222 3981 tere,
244 3934 306 3972 ne
329 3919 473 3974 hanc
504 3925 610 3973 aut
630 3918 750 3972 sine
770 3918 1035 3989 operibus
1060 3924 1342 3973 mortuam
1364 3919 1700 3989 habeamus,

117 4012 308 4065 autnon
340 4011 712 4083 plenitudinis
756 4028 873 4065 suae
904 4010 1183 4081 dignitate
1224 4012 1519 4082 perspicua
1550 4012 1699 4067 deci-

118 4096 189 4152 dat
213 4102 515 4174 inhonesta,
548 4104 690 4158 dum
737 4104 1028 4175 Scriptura
1063 4120 1180 4158 non
1225 4104 1443 4171 silente,
1478 4104 1547 4160 de
1572 4105 1701 4176 qui-

116 4189 312 4250 husdam
341 4197 571 4267 inferat,
617 4212 746 4268 quae
774 4196 970 4251 dicunt
999 4213 1059 4251 se
1086 4213 1273 4265 nosse,
1308 4198 1489 4251 Deum
1514 4203 1704 4253 autem

117 4294 303 4357 negant.
336 4291 402 4346 Ut
440 4307 588 4362 ergo
628 4290 774 4345 hanc
806 4290 981 4345 ﬁdem
1034 4305 1207 4360 super
1249 4289 1504 4362 lapidem
1542 4290 1704 4346 illum

118 4378 387 4452 solidatam,
424 4406 453 4435 ‹‹
477 4399 659 4456 quem
682 4383 1125 4455 reprobaverunt
1151 4382 1388 4456 quidam
1417 4381 1706 4437 aediﬁcan-

1802 1874 2037 1912 summae
2082 1857 2391 1912 divinitatis
2440 1859 2805 1929 coze'qualem,
2855 1861 2913 1912 et
2962 1861 3328 1922 comternam,
3373 1860 3430 1910 et

1801 1950 2246 2022 inseparabilem
2274 1950 2630 2017 Trinitatem,
2658 1956 2829 2023 atque
2864 1951 3017 2005 illius
3043 1948 3304 2021 mysterii
3335 1964 3424 2002 sa-

1802 2050 2162 2100 cramentum
2195 2045 2350 2117 quod
2379 2044 2741 2100 incarnatum
2769 2045 2868 2099 Dei
2894 2044 3097 2100 Filium
3117 2043 3187 2099 de
3214 2041 3426 2113 Spiritu

1803 2142 2016 2205 sancto,
2075 2155 2109 2192 a
2151 2138 2327 2194 Maria
2373 2138 2605 2210 Virgine
2652 2155 2757 2210 pro
2802 2139 2983 2194 salute
3026 2136 3249 2203 mundi,
3294 2151 3428 2189 vera

1803 2232 1943 2287 ﬁdes
1970 2233 2029 2287 in
2054 2235 2173 2287 toto
2206 2233 2341 2288 orbe
2378 2231 2693 2302 denuntiat,
2723 2237 2893 2304 atque
2926 2231 3234 2286 adventum
3273 2229 3426 2299 ejus-

1802 2326 1932 2380 dem
1974 2326 2101 2380 Jesu
2153 2324 2360 2380 Christi
2428 2326 2529 2381 ﬁlii
2575 2326 2711 2393 Dei,
2760 2324 2937 2380 nostri
3000 2323 3262 2391 Domini,
3314 2338 3430 2394 quo

1803 2420 2124 2491 perimendi
2168 2422 2301 2474 sunt
2330 2419 2513 2490 impii,
2544 2423 2602 2475 et
2629 2435 2876 2491 regnum
2906 2419 3029 2489 ejus
3057 2434 3171 2490 quo
3215 2415 3427 2488 gloriﬁ-

1803 2513 1971 2567 cand‘l
2023 2517 2157 2567 sunt
2183 2514 2381 2582 sancti,
2412 2517 2478 2568 ut
2507 2530 2864 2584 quaecunque
2907 2511 3138 2583 negotia
3168 2511 3239 2567 de
3285 2526 3427 2581 quo-

1802 2606 2072 2661 rumlibet
2098 2607 2462 2678 querelarum
2484 2607 2769 2662 auditibus
2793 2605 3126 2671 exstiterint,
3153 2603 3432 2676 patefacta

1802 2718 1932 2755 cum
1951 2701 2173 2772 justitia
2198 2706 2253 2756 et
2277 2700 2474 2771 vigore
2510 2700 2953 2756 misericorditer
2981 2702 3038 2755 et
3061 2715 3189 2754 cum
3213 2703 3431 2766 tempa-

1802 2800 2065 2849 ramento
2091 2793 2469 2849 miserationis
2489 2793 2819 2864 justissimas
2847 2792 3206 2848 concorditer
3231 2789 3428 2845 termi-

1804 2894 2014 2943 nentur
2043 2888 2104 2943 in
2125 2888 2321 2958 legum
2347 2887 2642 2943 sententiis
2669 2905 2797 2959 quae
2824 2892 2922 2942 aut
2953 2888 3259 2958 depravata
3290 2900 3429 2938 con-

1805 2982 2048 3049 sistunt,
2100 2986 2201 3036 aut
2245 2999 2316 3036 ex
2376 2982 2702 3053 superfluo,
2752 2982 2838 3036 vel
2883 2980 3134 3036 indebita
3182 2977 3433 3049 conjecta

1752 3110 1777 3137 η.
1803 3075 2090 3142 videntur,
2118 3079 2327 3129 nostrae
2364 3075 2680 3129 serenitatis
2707 3074 3171 3130 accommodante
3204 3087 3434 3126 consen-

1805 3186 1869 3223 su
1901 3170 2024 3223 haec
2056 3169 2240 3223 solum
2273 3186 2401 3239 qua:
2432 3170 2503 3223 ad
2533 3168 2810 3223 sinceram
2847 3168 3124 3239 justitiam
3156 3171 3213 3221 at
3250 3181 3430 3236 nego-

1803 3262 2012 3318 tiorum
2046 3261 2442 3317 sufﬁcientiam
2474 3263 2812 3317 conveniant
2832 3262 3126 3329 ordinatis,
3151 3274 3434 3314 canonum

1804 3357 2040 3410 obscura
2066 3356 2328 3426 quaedam
2371 3361 2427 3411 et
2469 3356 2529 3410 in
2570 3356 2803 3410 dubium
2836 3372 3015 3421 versa,
3048 3354 3106 3408 in
3135 3352 3432 3407 meridiem

1801 3449 2003 3504 lucida:
2026 3448 2422 3520 intelligentiae
2445 3450 2748 3517 reducatis,
2773 3448 3149 3519 omniumque
3179 3444 3432 3515 negotio-

1802 3558 1931 3597 rum
1958 3545 2267 3597 conventus
2311 3542 2697 3614 ordinumque
2722 3546 2918 3609 status,
2946 3540 3046 3612 qui
3087 3540 3147 3594 in
3186 3542 3426 3593 vestram

1804 3634 2121 3689 exstiterint
2140 3635 2386 3690 devoluti
2414 3635 2793 3706 praesentiam,
2818 3634 2895 3689 ita
2920 3633 3200 3704 majorum
3220 3629 3449 3701 regulis,

1802 3728 2214 3783 concordantes
2258 3728 2595 3799 justissima,
2652 3728 2859 3799 pieque
2910 3744 2976 3782 ac
3047 3727 3430 3797 temperanter

1804 3822 2145 3876 constituere
2195 3822 2496 3889 studeatis,
2550 3825 2611 3875 ut
2654 3826 2711 3876 et
2759 3821 2904 3876 mihi
2953 3820 3052 3891 qui
3095 3819 3169 3874 ad
3212 3817 3428 3872 studio-

1801 3932 1932 3969 rum
1957 3915 2175 3969 fruatus
2202 3915 2485 3969 bonorum
2513 3915 2716 3985 angelo
2740 3931 2870 3986 pars
2913 3914 3215 3967 beatorum
3256 3910 3427 3965 adve-

1803 4008 1923 4063 niat
1950 4012 2007 4062 et
2032 4024 2128 4063 vos
2159 4009 2258 4079 qui
2280 4008 2655 4079 adimplentes
2678 4008 3034 4062 voluntatem
3061 4005 3179 4072 Dei,
3202 4021 3294 4058 me
3312 4020 3428 4057 non

1802 4102 2085 4173 spernitis,
2124 4102 2533 4173 imprecantem
2579 4102 2780 4174 religio
2814 4099 3177 4157 beatitudinis
3204 4103 3430 4152 aeternae

1804 4195 2089 4267 suscipiat,
2120 4200 2178 4250 et
2211 4196 2349 4251 visio
2376 4196 2765 4251 delectationis
2812 4194 2914 4250 Dei
2952 4193 3059 4249 sibi
3103 4191 3431 4264 perenniter

1805 4290 2083 4345 inhaerere
2133 4289 2423 4345 concedat.
2448 4291 2559 4345 Vos
2596 4289 2769 4345 etiam
2816 4289 3059 4344 illustres
3101 4287 3251 4341 viros
3286 4300 3431 4356 quos

1808 4400 1878 4436 ex
1909 4366 2096 4438 ofﬁcio
2125 4384 2369 4454 palatino
2387 4384 2518 4438 huic
2544 4387 2756 4439 sanctae
2782 4382 3002 4455 synodo
3028 4382 3298 4436 interesse
3322 4378 3433 4449 pri-

119 4475 213 4540 tes,
251 4475 392 4532 idem
446 4483 647 4533 tamen
686 4493 720 4532 a
764 4475 1010 4535 Domino
1072 4475 1255 4531 factus
1301 4479 1386 4530 est
1429 4475 1488 4530 in
1537 4480 1994 4555 caputDmatus
2018 4476 2283 4546 obtinuit,
2312 4495 2375 4532 ac
2402 4477 2665 4533 nobilitas
2687 4476 3009 4548 spectabilis
3035 4474 3433 4541 honoravit,et

119 4568 271 4635 anguli
313 4573 488 4626 etest
548 4568 898 4625 admirabilis
952 4568 1013 4623 in
1059 4568 1234 4624 oculis
1282 4567 1488 4623 nostris
1537 4570 1701 4639 (Psal.

119 4672 245 4729 cmi,
269 4665 329 4718 22
351 4668 405 4719 et
428 4664 544 4736 23),
592 4683 620 4712 υ
661 4662 888 4733 plenius
931 4661 1266 4731 habeamus,
1302 4662 1534 4734 ejusque
1563 4661 1702 4718 insi-

120 4752 281 4817 gnibus
306 4756 602 4813 decentius
630 4772 995 4825 exornamur,
1031 4755 1302 4812 attendite
1334 4755 1495 4827 cujus
1521 4755 1706 4828 operis

118 4841 337 4917 fructum,
375 4852 656 4923 cujusque
700 4849 1051 4925 operationis
1082 4853 1456 4921 augmentum
1506 4848 1706 4903 studiis

119 4934 250 5008 hujus
273 4948 472 4999 sancta:
516 4943 659 4999 ﬁdei
688 4943 1014 5001 consociare
1046 4942 1304 5011 velimus,
1332 4946 1387 4996 et
1413 4942 1705 4997 innectere

119 5039 421 5108 quantopere
463 5043 752 5110 optemus.
784 5038 975 5109 Itaque
1004 5035 1269 5091 revolutis
1299 5039 1451 5090 retro
1476 5039 1701 5106 tempo-

118 5122 256 5195 ribus,
284 5129 359 5189 ita
396 5148 496 5186 vos
535 5146 886 5202 omnemque
928 5130 1201 5203 populum
1236 5128 1458 5201 jurassa
1501 5128 1701 5184 recoli-

119 5230 230 5286 mus,
246 5228 299 5277 ut
312 5224 701 5297 cujuscunque
720 5224 938 5280 ordinis
959 5223 1042 5278 vel
1065 5222 1300 5277 honoris
1317 5239 1562 5294 persona
1578 5240 1706 5295 qua:

118 5308 160 5362 in
188 5329 364 5372 necem
391 5319 609 5390 regiam
649 5317 1046 5390 excidiumque
1073 5317 1391 5375 Gothorum
1429 5317 1613 5389 gentis
1641 5334 1706 5372 ac

119 5407 277 5469 Patria:
298 5410 513 5467 detecta
540 5412 741 5468 fuisset
762 5413 847 5466 vel
878 5410 1157 5483 cogitasse
1188 5410 1357 5465 noxia
1380 5409 1471 5463 vel
1500 5410 1701 5481 egisse,

118 5493 456 5558 irrevocabilis
475 5504 773 5560 sententiae
792 5505 1067 5560 multatus
1085 5503 1396 5571 atrocitate,
1422 5519 1705 5575 nusquam

117 5600 396 5652 mereretur
423 5597 605 5653 venite
624 5597 973 5667 remedium,
991 5596 1081 5653 vel
1109 5596 1348 5668 alicujus
1379 5599 1702 5669 temperau-

120 5680 191 5735 lia!
226 5690 507 5763 percipere
561 5694 971 5764 qualecumque
1037 5690 1373 5746 subsidium.
1425 5693 1498 5744 At
1553 5707 1705 5745 nunc

118 5775 220 5844 ίίυίίι
264 5798 425 5853 grave
477 5801 894 5857 onerosumque
937 5791 1234 5851 censetur,
1282 5784 1416 5857 quia
1479 5783 1706 5857 pietatis

1806 4586 1871 4625 ex
1878 4586 1948 4641 pa
1957 4569 2156 4625 rientia
2171 4571 2507 4641 aequalitatis
2522 4570 2777 4642 plebium
2799 4575 3044 4625 rectores
3056 4567 3267 4637 exegit,
3290 4581 3431 4637 quos

1804 4662 1863 4716 in
1904 4662 2182 4734 regimine
2214 4664 2408 4730 socios,
2453 4664 2513 4718 in
2558 4663 2895 4718 adversitate
2924 4662 3086 4727 ﬁdos,
3118 4663 3173 4715 ct
3204 4660 3266 4713 in
3293 4675 3428 4730 pro-

1806 4755 1982 4827 speris
2024 4756 2338 4826 amplector
2384 4760 2662 4825 strenuos,
2692 4773 2796 4827 per
2826 4772 2968 4827 quos
3012 4753 3235 4825 justitia
3276 4753 3432 4824 leges

1805 4848 2024 4920 implet,
2070 4849 2360 4905 miseratio
2402 4851 2545 4921 legis
2585 4849 2877 4920 impletur,
2917 4850 3114 4903 contra
3152 4846 3430 4919 justitiam

1804 4944 2036 5015 legum,
2086 4942 2401 4998 moderatio
2456 4942 2735 5014 aequitatis
2781 4942 3221 5014 temperantiam
3290 4941 3431 5013 legis

1806 5040 2127 5108 extorquet,
2156 5037 2428 5108 adjurans
2456 5037 2713 5092 obtestor
2738 5054 2841 5108 per
2869 5053 3038 5091 omne
3083 5036 3221 5091 illud
3247 5035 3428 5090 admi-

1804 5130 2000 5199 rabile,
2031 5133 2089 5184 et
2125 5132 2309 5186 solum
2341 5130 2507 5185 unius
2535 5147 2706 5185 sacrae
2732 5129 2868 5186 ﬁdei
2895 5132 3340 5198 sacramentum,
3373 5131 3431 5182 et

1804 5240 1907 5296 per
1950 5224 2330 5279 venerabilem
2375 5224 2635 5280 omnium
2680 5226 3005 5280 sanctorum
3048 5226 3283 5280 Patrum
3328 5237 3430 5292 per

1804 5335 1977 5391 quem
2020 5318 2267 5374 obtestor
2312 5324 2567 5376 sanctum
2614 5326 2976 5389 conventum,
3009 5322 3075 5373 ut
3111 5317 3186 5371 ad
3211 5317 3430 5370 cunctae

1803 5412 2056 5467 veritatis
2098 5428 2163 5467 ac
2210 5411 2562 5468 discretionis
2591 5412 2923 5485 justissima}
2970 5410 3301 5474 formulam,
3354 5406 3431 5461 ita

1805 5505 2030 5561 animos
2068 5504 2345 5577 dirigatis,
2390 5509 2453 5561 ut
2484 5507 2630 5562 nihil
2668 5524 2702 5563 a
2745 5520 3023 5563 consensu
3060 5500 3429 5576 praesentium

1803 5600 2054 5667 Patrum,
2108 5603 2550 5673 sanctorumque
2595 5601 2849 5656 virorum
2898 5598 3174 5654 aliorsum
3220 5592 3430 5651 mentis

1806 5691 2093 5760 obtutum,
2137 5694 2411 5766 quidquid
2458 5694 2793 5749 innocentiae
2838 5692 3102 5758 vicinum,
3146 5688 3423 5761 quidquid

1798 5784 2037 5857 justitia:
2058 5786 2408 5860 proximum,
2428 5786 2706 5863 quidquid
2731 5803 2761 5839 a
2791 5785 2998 5858 pietate
3023 5799 3139 5843 non
3158 5782 3424 5855 alienum,
