3946 6180
528 211 630 272 350.3

1423 211 1704 269 sermo.
1746 213 1831 269 ao
1871 211 2028 268 ssc.
2072 212 2158 268 1x.
2193 241 2261 253 ο-
2302 213 2545 272 lSlDORl
2583 217 3008 304 nancm‘oms
3719 233 3792 287 δίη

516 324 606 378 vel
626 321 726 378 soli
749 319 858 377 Deo
887 321 1240 394 agnoveritis
1267 321 1506 378 existere
1534 323 1830 394 placitum,
1855 323 2152 389 instanter,
2179 333 2237 406 Α
2258 339 2386 378 mus
2412 326 2480 380 de
2511 326 2606 380 illa
2635 327 2898 398 primitus
2926 327 3088 400 loqui
3116 331 3176 382 ut
3209 327 3333 384 inde
3359 329 3621 388 soliditatis
3656 340 3800 410 auSpi-

520 417 795 484 modeste,
830 419 1044 470 etcum
1075 417 1229 470 omni
1273 416 1590 487 dignemini
1636 417 1953 470 intentione
1999 432 2153 470 com-

513 511 688 582 plere.
742 509 992 564 Scientes
1027 509 1161 580 quia
1204 510 1262 564 in
1307 526 1373 564 eo
1419 509 1570 580 quod
1622 510 1742 563 lucc
1795 526 1920 563 mea
1969 510 2156 564 sobria

511 608 642 657 vota
669 604 984 675 completis,
1024 620 1124 658 vos
1173 603 1446 658 amabiles
1495 601 1610 657 Deo
1643 603 1965 673 assignatis,
1999 606 2057 656 et
2095 603 2153 656 in

513 714 580 751 eo
603 697 753 768 quod
787 697 1145 752 decretorum
1187 702 1512 752 nostrorum
1539 697 1726 750 edicta
1753 697 1960 750 favoris
1987 697 2148 750 exhi-

511 790 727 845 bitione
757 791 1083 860 corroboro,
1115 807 1206 845 me
1246 790 1535 844 vobiscum
1563 789 1730 844 simul
1763 805 1894 844 cum
1922 791 2156 844 Domino

512 884 856 956 placiturum
887 884 1138 954 assigno.
1163 885 1222 938 In
1251 900 1559 938 commune
1583 884 1704 954 jam
1730 883 1888 938 vobis
1915 885 2152 949 cunctis,

514 983 572 1032 et
599 977 776 1032 divini
819 979 1002 1032 cultus
1033 978 1308 1032 ministris
1371 977 1609 1044 idoneis,
1643 983 1698 1032 et
1724 993 1788 1032 ex
1821 979 1951 1031 aula
2001 977 2157 1047 regia

513 1071 826 1125 rectoribus
873 1070 1044 1124 divini
1093 1071 1339 1126 nominis
1403 1071 1756 1140 adjuratione
1816 1071 2153 1136 constrictis,

515 1163 722 1234 adjicio
748 1165 1139 1218 consensionis
1169 1181 1312 1219 meae
1343 1181 1540 1220 verum
1571 1181 1894 1236 purumque
1921 1165 2157 1235 promis-

515 1275 664 1326 sum,
699 1263 762 1312 ut
789 1259 1164 1330 quodcunque
1199 1259 1436 1328 justitiae
1465 1275 1529 1312 ac
1566 1258 1783 1330 pietati,
1814 1258 2157 1330 salutat-ique

519 1351 846 1406 discretioni
878 1351 1128 1406 vicinum
1181 1353 1504 1418 decernere,
1535 1369 1636 1406 seu
1671 1351 1984 1423 adimplere
2027 1368 2157 1406 cum

517 1461 792 1499 consensu
821 1445 1132 1516 elegeritis,
1162 1446 1360 1500 omnia
1382 1447 1605 1500 favente
1625 1449 1736 1500 Deo
1759 1445 2076 1517 perficiam,
2101 1449 2160 1498 et

516 1538 780 1594 adversus
803 1539 842 1609 (l
859 1538 874 1610 )
891 1539 1187 1594 commoda
1201 1539 1712 1594 controversiarum
1733 1537 2026 1610 promissis
2046 1537 2158 1594 illis

517 1648 647 1702 quas
677 1632 750 1686 ad
777 1632 1121 1688 domesticos
1147 1633 1280 1686 ﬁdei
1313 1633 1512 1704 regula
1538 1632 1790 1688 veritatis
1816 1631 2156 1702 pertinuisse

2257 435 2454 474 cemur
2483 421 2794 490 exordium,
2814 422 2966 478 unde
2999 439 3170 478 sacrae
3199 424 3527 496 sumpsimus
3551 427 3799 486 nativitatis

2257 511 2505 580 initium,
2527 520 2804 585 quatenus
2830 517 3210 572 assertionum
3240 522 3544 573 sanctarum
3567 520 3679 576 forti
3699 541 3802 594 pre

2256 607 2422 660 missa
2449 609 2751 679 sententia,
2769 609 3051 681 quidquid
3077 611 3442 682 imposterum
3465 612 3802 686 subsequenter

2255 700 2551 756 advenerit
2587 703 2655 757 de
2685 704 2821 758 actis
2849 703 3213 775 negotiorum
3259 705 3452 760 fortius
3474 709 3712 763 sustinere
3731 729 3802 766 va-

2255 794 2366 847 leat
2394 795 2594 850 seriem
2637 796 3016 852 decretorum.
3051 799 3232 852 Unam
3259 815 3392 870 ergo
3415 816 3575 854 sacrae
3605 803 3712 858 ﬁdei
3735 821 3800 860 ve-

2256 905 2377 945 ram
2423 891 2832 960 professionem
2879 907 3184 962 veramque
3223 894 3472 962 regulam
3515 898 3698 962 tenere,
3728 914 3805 953 nos

2255 988 2372 1038 tota
2420 985 2623 1039 virtute
2665 984 2844 1038 animi
2890 988 2946 1038 et
3007 984 3358 1056 proﬁtemur,
3403 992 3457 1041 et
3485 989 3804 1058 acclamamus,

2257 1077 2586 1148 cunctisque
2641 1078 3069 1150 percipiendam
3139 1095 3206 1134 ac
3284 1079 3618 1136 retinendam
3683 1085 3808 1154 plena

2257 1173 2669 1227 deliberatione
2697 1173 3046 1227 incessanter
3074 1173 3462 1244 praedicamus,
3500 1176 3627 1228 sicut
3649 1193 3676 1228 a
3713 1194 3807 1230 san-

2257 1266 2360 1320 ctis
2409 1266 2677 1338 apostolis
2705 1271 2934 1320 ostensa
2983 1267 3238 1333 docetur,
3269 1267 3410 1322 sicut
3447 1285 3478 1321 a
3518 1271 3808 1340 sequentibus

2257 1359 2515 1414 Patrihus
2556 1359 2886 1415 orthodoxis
2926 1359 3166 1416 disserta
3205 1361 3494 1432 probatur,
3524 1361 3650 1415 sicut
3683 1363 3808 1417 etiam

2257 1472 2290 1508 a
2351 1453 2554 1508 sanctis
2601 1453 2708 1508 illis
2771 1453 3135 1524 synodalibus
3184 1455 3358 1526 gestis
3399 1471 3523 1510 vere
3571 1461 3810 1528 sancteque

2259 1548 2591 1602 conﬁrmata
2620 1539 2992 1620 dignoscitur,
3023 1549 3082 1602 in
3103 1549 3308 1619 quibus
3329 1549 3442 1602 Arii
3461 1549 3544 1602 vel
3570 1549 3809 1605 Eutichetis

2258 1642 2652 1696 insanissimus
2717 1659 2880 1696 error
2953 1642 3398 1712 deprehenditur
3421 1685 3434 1710 ,
3500 1647 3552 1697 et
3606 1643 3812 1697 radicitus

514 1725 796 1794 lll'ObaVit,
828 1725 1014 1780 adhuc
1037 1727 1190 1780 aliud
1217 1744 1250 1780 ἂ
1279 1725 1652 1780 beatitudinis
1684 1729 1881 1779 vestrae
1908 1741 2154 1778 COHVBD-
2179 1706 2234 1778 B
2260 1736 2604 1806 exstirpatur
2625 1779 2639 1804 ,
2707 1735 2854 1790 sicut
2917 1735 3163 1806 denique
3227 1737 3289 1790 in
3351 1735 3515 1790 sacris
3573 1735 3811 1790 missarum

519 1822 580 1871 tu
645 1819 904 1888 ejusdem
965 1819 1098 1874 ﬁdei
1161 1819 1398 1874 aviditas
1453 1819 1740 1890 deposcit,
1817 1824 2158 1873 connectens

517 1928 611 1965 me
669 1912 728 1966 in
777 1913 1084 1984 sequendis
1129 1913 1534 1968 traditionibus
1585 1915 1862 1966 conlirmo
1929 1928 2156 1966 causam

517 2021 645 2076 qua:
675 2009 879 2060 vestrae
907 2006 1174 2078 dignitati
1205 2008 1477 2077 probatur
1508 2023 1620 2060 non
1643 2010 1930 2074 extranea,
1959 2023 2156 2076 quam-

517 2098 650 2153 libet
680 2116 785 2168 per
811 2117 902 2154 me
947 2100 1152 2154 lucrari
1181 2099 1436 2155 Christus
1477 2100 1832 2164 exhortetur,
1862 2099 2156 2152 inimicam

517 2191 625 2245 sibi
654 2195 850 2246 tamen
883 2209 1002 2246 esse
1034 2209 1146 2246 non
1191 2193 1452 2261 ambigit,
1489 2193 1669 2246 donec
1701 2193 1854 2263 quod
1891 2193 2158 2246 ardenter

519 2289 694 2354 optat,
722 2284 978 2338 obtineat
1005 2302 1016 2338 :
1047 2287 1372 2340 Judaeorum
1403 2286 1616 2340 scilicet
1643 2289 1696 2338 et
1725 2286 1897 2338 vitam
1935 2302 2154 2338 mores-

519 2393 632 2448 que
678 2377 974 2448 denuntio,
1021 2396 1268 2451 quorum
1311 2379 1710 2433 tantummodo
1764 2379 1894 2432 novi
1941 2382 2154 2433 terram

516 2470 819 2541 regiminis
851 2473 966 2527 mei
1014 2473 1297 2544 pollutam
1345 2489 1466 2527 esse
1515 2476 1674 2543 peste
1716 2472 1984 2542 contagii.
2015 2474 2154 2526 Nam

521 2581 648 2618 cum
682 2567 830 2619 Deus
862 2567 1227 2637 omnipotens
1257 2583 1452 2622 omnes
1489 2585 1559 2621 ex
1608 2567 1710 2620 hac
1743 2566 1972 2636 regione
1999 2567 2151 2620 radi—

515 2659 658 2712 citus
687 2655 1078 2731 exstirpavérit
1106 2661 1372 2728 haereses,
1403 2661 1512 2715 hoc
1543 2661 1727 2714 solum
1755 2659 2035 2730 sacrilegii
2062 2660 2155 2714 de-

517 2753 687 2806 decus
717 2753 1059 2808 remansisse
1103 2754 1473 2824 dignoscitur,
1507 2753 1664 2824 quod
1695 2756 1794 2806 aut
1823 2756 2026 2806 nosti-te
2055 2753 2149 2806 de-

515 2845 760 2899 votionis
805 2845 1133 2901 instantiam
1165 2847 1434 2916 corrigat,
1475 2849 1572 2899 aut
1601 2845 1834 2899 ultionis
1881 2863 1996 2900 suae
2038 2845 2154 2898 vin-

519 2938 666 2992 dicta
712 2939 1020 3008 disperdat.
1055 2941 1132 2992 Ex
1183 2940 1264 2993 eis
1309 2941 1460 2992 enim
1519 2939 1798 3010 quosdam
1835 2939 2154 2994 traditionis

2259 1828 2710 1884 solemnitatibus
2758 1829 3028 1884 concordi
3069 1845 3201 1885 voce
3257 1829 3578 1900 proﬁtemur
3631 1846 3685 1882 ac
3713 1829 3810 1882 dici-

2257 1939 2404 1976 mus.

2327 2016 2619 2072 Credimus
2646 2016 2705 2070 in
2734 2033 2911 2070 unum
2941 2016 3119 2070 Deum
3153 2017 3376 2070 Patrem
3408 2015 3810 2086 omnipotentem,

2256 2110 2528 2164 factorem
2559 2110 2680 2164 coeli
2712 2113 2768 2162 et
2803 2113 2993 2176 terrm,
3027 2109 3336 2164 visibilium
3365 2109 3609 2162 omnium
3633 2114 3680 2163 et
3711 2109 3810 2162 imi-

2256 2203 2506 2257 sibilium
2545 2203 2915 2270 conditorem,
2948 2205 3013 2256 Et
3059 2203 3117 2256 in
3149 2219 3330 2256 unum
3363 2203 3648 2257 Dominum
3671 2205 3813 2256 lesum

2255 2297 2560 2366 Christum,
2595 2296 2800 2351 Filium
2831 2295 2930 2350 Dei
2969 2295 3356 2366 unigenitum,
3393 2301 3449 2350 et
3485 2313 3547 2350 ex
3586 2298 3722 2350 Patre
3748 2311 3814 2348 ua-

2258 2394 2377 2445 tum
2397 2387 2526 2444 ant’e
2542 2391 2736 2445 omnia
2753 2391 2978 2460 saecula,
2994 2391 3169 2444 Deum
3189 2407 3257 2445 ex
3277 2392 3410 2458 Deo,
3426 2391 3607 2444 lumen
3627 2407 3680 2444 ex
3697 2388 3814 2442 lumi-

2258 2501 2350 2549 ne,
2383 2485 2558 2538 Deum
2600 2501 2802 2540 verum
2841 2500 2912 2538 ex
2937 2486 3050 2540 Deo
3094 2499 3246 2551 vero,
3277 2489 3472 2539 natum
3503 2499 3606 2538 non
3633 2483 3812 2546 factum,

2255 2577 2556 2632 omonsion
2580 2577 2748 2646 Patri,
2767 2577 2876 2632 hoc
2897 2582 3001 2645 est,
3018 2577 3280 2647 ejusdem
3303 2595 3434 2632 cum
3455 2579 3604 2632 Patre
3619 2575 3816 2630 substan-

2210 2705 2215 2709 -
2257 2671 2370 2738 tiae,
2395 2688 2497 2741 per
2525 2687 2696 2742 quem
2723 2671 2912 2726 omnia
2937 2671 3084 2726 facta
3114 2676 3265 2738 sunt,
3292 2687 3420 2742 quae
3442 2671 3497 2726 in
3518 2671 3640 2724 c0310
3663 2673 3812 2739 etque

2245 2765 2312 2818 in
2343 2768 2530 2833 terra;
2567 2765 2663 2835 qui
2689 2768 2922 2836 propter
2951 2781 3054 2819 nos
3093 2768 3150 2819 et
3177 2770 3416 2837 propter
3450 2769 3679 2820 nostram
3713 2762 3816 2816 salu-

2257 2861 2368 2912 tem
2409 2857 2718 2927 descendit,
2749 2864 2805 2912 et
2843 2859 3168 2914 incarnatus
3210 2863 3296 2914 est
3335 2859 3403 2914 de
3445 2858 3640 2930 Spiritu
3675 2860 3814 2909 sancto

2245 2967 2324 3006 ex
2349 2952 2517 3006 Maria
2543 2951 2798 3023 Virgine,
2827 2953 3001 3007 homo
3027 2953 3211 3008 factus
3248 2959 3307 3008 et
3337 2970 3527 3024 passus
3551 2951 3642 3005 sub
3670 2948 3814 3004 Pontio

517 3052 711 3092 errore
737 3040 958 3091 vetusto
981 3037 1146 3091 video
1171 3038 1414 3091 retinere
1435 3039 1564 3106 jura
1585 3037 2146 3108 perlidim,quosdum
2171 3071 2225 3145 Ο
2255 3045 2452 3115 Pilato,
2482 3062 2546 3100 ac
2585 3047 2856 3117 sepultus,
2891 3049 2948 3100 et
2991 3045 3157 3101 tertia
3186 3047 3277 3101 die
3323 3045 3631 3102 resurrexit,
3655 3046 3812 3098 Ascon.

511 3149 644 3187 vero
691 3134 832 3188 sacri
874 3135 1233 3205 baptismatis
1281 3135 1534 3207 expiatos
1582 3135 1910 3202 ablutione,
1963 3136 2044 3189 ita
2089 3136 2149 3190 in

516 3227 810 3297 apostasiae
851 3229 1039 3282 denuo
1076 3229 1327 3298 relapsos
1359 3245 1633 3295 errorem,
1667 3234 1727 3283 ut
1767 3229 2152 3284 detestabilior

516 3321 842 3376 inveniatur
881 3323 938 3377 in
969 3323 1050 3376 eis
1077 3323 1316 3394 prolatio
1356 3322 1750 3392 blasphemiae,
1789 3339 1957 3393 quam
1985 3323 2041 3376 iu
2072 3323 2151 3376 cis

515 3431 658 3485 quos
686 3416 939 3471 nondum
969 3421 1187 3471 constat
1208 3416 1528 3486 puriﬁcatos
1551 3432 1669 3470 esse
1697 3415 2150 3486 regenerationis

516 3526 692 3564 sacrae
715 3509 957 3581 liquore,
989 3527 1094 3582 pro
1123 3526 1236 3582 quo
1279 3510 1444 3565 bonae
1487 3509 1822 3564 intentionis
1857 3526 2064 3581 agone,
2095 3515 2151 3564 et

513 3603 671 3657 lucro
703 3603 834 3657 ﬁdei
875 3620 1022 3660 verae
1065 3605 1299 3659 obsecro
1347 3603 1728 3658 reverentiam
1779 3603 2150 3658 beatitudinis

513 3700 710 3752 vestrae
763 3702 934 3768 atque
1005 3715 1178 3769 supra
1245 3701 1434 3752 taxato
1499 3699 1787 3752 contestor
1834 3696 2148 3752 tremenda:

515 3791 920 3862 conjurationis
945 3797 1166 3859 tenore,
1189 3797 1254 3847 ut
1276 3792 1489 3862 absque
1517 3791 1679 3846 omni
1699 3792 1915 3862 favore,
1937 3791 2148 3862 absque

515 3885 672 3938 omni
699 3903 1072 3956 personarum
1103 3885 1280 3956 partis
1317 3885 1573 3957 ipsorum
1601 3886 1950 3956 acceptione,
1984 3884 2146 3955 quid-

515 3979 653 4049 quid
696 3979 766 4033 ad
813 3979 1040 4033 Domini
1079 3985 1135 4034 et
1180 3978 1558 4050 redemptoris
1609 3979 1726 4032 mei
1772 3981 1900 4034 Jesu
1944 3976 2151 4034 Christi

515 4089 707 4126 veram
753 4073 946 4138 ﬁdem,
979 4089 1294 4142 verumque
1337 4071 1583 4142 pertinet
1621 4073 1918 4140 honorem,
1950 4070 2020 4124 de
2064 4070 2151 4124 his

507 4165 758 4233 jubeatis
804 4165 1093 4232 ardenter,
1123 4169 1180 4220 et
1223 4164 1513 4220 verissime
1566 4167 1676 4219 Deo
1721 4181 1786 4218 ac
1828 4163 1960 4218 ﬁdei
2004 4180 2147 4217 mea-

518 4257 776 4327 placitam
801 4257 1140 4312 sententiam
1171 4259 1327 4325 dare,
1347 4262 1407 4311 ut
1433 4259 1576 4312 sicut
1596 4258 1740 4312 mihi
1763 4257 1952 4312 divina
1974 4257 2152 4328 pietas

519 4365 762 4422 regnum
793 4351 1045 4405 ﬁdelium
1081 4351 1236 4406 dedit
1266 4368 1397 4405 cum
1436 4351 1641 4423 quibus
1671 4367 1798 4406 eam
1836 4351 2142 4423 cognoscit,

2253 3139 2336 3193 dit
2367 3139 2428 3192 in
2459 3140 2643 3207 celos,
2673 3139 2837 3193 sedet
2873 3157 2906 3194 a
2941 3139 3236 3194 dexteram
3283 3141 3486 3208 Patris,
3525 3138 3643 3192 inde
3672 3139 3816 3190 ventu-

2251 3249 2346 3286 rus
2369 3232 2624 3304 judicare
2666 3232 2724 3286 in
2755 3233 2931 3304 gloria
2958 3233 3111 3287 vivos
3141 3239 3196 3288 et
3225 3237 3502 3300 mortuos,
3529 3232 3672 3302 cujus
3697 3226 3814 3298 regni

2251 3343 2365 3380 non
2413 3325 2520 3380 erit
2553 3325 2702 3380 ﬁnis.
2749 3325 3045 3380 Credimus
3093 3331 3150 3380 et
3197 3326 3258 3380 in
3307 3326 3573 3397 Spiritum
3616 3327 3814 3376 sanctum

2249 3419 2673 3487 viviﬁcatorem,
2711 3436 2780 3473 ex
2813 3420 2976 3473 Patre
3019 3423 3074 3472 et
3121 3418 3260 3474 Filio
3305 3419 3699 3492 procedentem,
3721 3428 3815 3468 cum

2252 3513 2410 3566 Patre
2459 3515 2514 3566 et
2553 3511 2690 3565 Filio
2751 3511 3102 3566 adorandum
3150 3518 3206 3567 et
3260 3511 3704 3584 gloriﬁcandum,
3745 3504 3813 3576 qui

2249 3607 2466 3659 locutus
2487 3609 2570 3659 est
2599 3621 2702 3675 per
2721 3605 3046 3675 prophetas.
3063 3607 3132 3660 Et
3156 3621 3332 3660 unam
3359 3605 3668 3660 catholicam
3691 3606 3814 3669 atquc

2251 3697 2616 3769 apostolicam
2649 3697 2968 3752 Ecclesiam.
2997 3698 3357 3754 Conﬁtemur
3391 3715 3565 3753 unum
3593 3694 3814 3766 baptisma

2249 3791 2307 3846 in
2353 3791 2685 3845 remissione
2725 3794 3111 3861 peccatorum.
3155 3793 3554 3863 Exspectamus
3598 3799 3816 3844 resurrec-

2251 3884 2468 3938 tionem
2513 3887 2894 3952 mortuorum,
2927 3889 2984 3938 et
3021 3885 3193 3938 vitam
3224 3884 3406 3940 futuri
3443 3883 3638 3940 saeculi.
3663 3883 3814 3934 Amen.

2251 3978 2426 4048 Hujus
2456 3977 2588 4032 fidei
2615 3983 2821 4032 sancta:
2867 3977 3072 4049 regula
3105 3977 3318 4032 idcirco
3359 3995 3508 4033 nunc
3537 3976 3816 4031 tractatuum

2251 4088 2367 4126 non
2409 4071 2609 4141 recipit
2639 4073 2989 4142 aperturam,
3019 4071 3155 4142 quia
3201 4075 3258 4126 et
3289 4089 3324 4126 a
3371 4071 3536 4126 sacris
3560 4064 3816 4124 doctoribus

2252 4163 2477 4220 abunde
2505 4167 2722 4219 constat
2745 4165 3016 4236 exposita,
3047 4169 3102 4218 et
3127 4164 3558 4220 imminentium
3583 4169 3816 4218 causarum

2251 4257 2482 4328 negotia
2509 4258 2582 4311 ad
2600 4257 2712 4312 alia
2739 4257 2977 4312 trahunt
3001 4259 3350 4329 peragenda.

2323 4353 2386 4406 ll.
2433 4351 2706 4407 Secundae
2746 4350 3142 4422 disputationis
3187 4369 3428 4408 occursu
3485 4350 3651 4406 adfuit
3693 4358 3817 4413 nego-

513 4446 591 4500 ita
635 4461 862 4517 quoque
907 4445 1220 4500 inﬁdelium
1272 4445 1498 4516 assequi
1540 4445 1753 4500 tribuat
1796 4446 2042 4514 lucrum,
2087 4443 2417 4516 inDtium,
2449 4447 2568 4498 tam
2609 4443 2769 4498 facile
2814 4461 2987 4516 quam
3014 4448 3070 4499 et
3101 4461 3290 4516 grave,
3321 4446 3380 4500 in
3407 4462 3519 4517 quo
3565 4443 3628 4497 de
3654 4434 3817 4506 refugis

513 4540 716 4610 quibus
752 4539 1060 4595 voluntatis
1089 4556 1206 4594 suae
1251 4539 1374 4594 ﬁeri
1412 4539 1646 4608 bonum,
1677 4545 1732 4595 et
1760 4539 1820 4594 in
1862 4539 1984 4610 ejus
2012 4556 2145 4594 con-

513 4635 732 4688 venisse
753 4635 1150 4705 congaudeam
1175 4633 1491 4688 venerabile
1521 4649 1788 4703 regnum.
1813 4633 2021 4687 Datum
2047 4631 2149 4686 sub

515 4725 605 4780 die
638 4727 1016 4781 Kalendarum
1043 4727 1464 4793 Januariarum,
1487 4742 1638 4780 anno
1683 4725 1920 4780 feliciter
1945 4725 2148 4796 quinto

515 4819 713 4889 gloriae
777 4821 939 4892 regni
998 4819 1198 4876 nostri.
1253 4822 1312 4873 In
1365 4819 1596 4874 nomine
1657 4819 1886 4874 Domini
1933 4819 2150 4872 Flavius

514 4913 958 4968 Reccesiunthus
1005 4929 1099 4967 rex
1151 4914 1297 4968 hanc
1342 4913 1472 4968 ﬁdei
1531 4918 1590 4968 et
1634 4913 1800 4967 bonas
1845 4912 2150 4967 voluntatis

515 5023 656 5062 mea:
681 5006 1147 5061 deliberationem
1177 5023 1352 5062 manu
1378 5023 1507 5060 mea
1537 5006 1862 5078 subscripsi.

583 5102 708 5156 CAP.
741 5101 778 5155 Ι.
815 5100 1039 5156 Relecta
1065 5101 1220 5155 omni
1261 5099 1471 5172 pagina
1502 5101 1590 5154 vel
1619 5099 1798 5168 ﬁnita,
1825 5117 1953 5155 cum
1986 5101 2150 5170 glori-

510 5195 832 5250 licassemus
845 5195 1025 5248 Deum
1037 5194 1109 5248 de
1124 5193 1254 5249 ﬁdei
1268 5194 1596 5265 principalis
1609 5193 2148 5262 auditu,etdebontc

507 5289 820 5345 voluntatis
848 5288 968 5359 ejus
995 5288 1226 5358 aﬁ‘ectu,
1259 5289 1330 5344 ad
1361 5287 1824 5360 peragendarum
1851 5304 2145 5342 causarum

431 5381 440 5396 '
509 5389 843 5439 caeterarum
863 5382 1158 5454 negotium
1179 5382 1370 5438 statim
1385 5381 1655 5438 vertimus
1674 5381 2150 5450 animum,simul-

508 5495 620 5550 que
641 5494 899 5534 summus
921 5477 1110 5534 exorsi
1133 5475 1384 5532 initium.
1405 5478 1559 5531 Tunc
1580 5475 1780 5546 prima!
1802 5491 1965 5529 narra
1975 5475 2144 5530 tionis

510 5575 714 5628 exortu
760 5588 905 5628 verre
947 5571 1073 5626 ﬁdei
1117 5571 1281 5626 nobis
1311 5573 1590 5625 tractatus
1621 5569 1886 5638 occurrit,
1913 5568 2144 5641 incespi-

2247 4543 2416 4610 atque
2461 4537 2696 4608 perﬁdis
2750 4537 3132 4609 disputatione
3185 4543 3516 4607 commota,
3566 4540 3730 4590 utrum
3766 4541 3816 4581 ne

2251 4630 2428 4703 possit
2451 4631 2789 4686 eorumdem
2835 4633 3256 4702 contemperari
3287 4632 3563 4688 sententia
3586 4629 3818 4684 damnatu-

2249 4742 2400 4794 rum,
2430 4741 2638 4796 magno
2671 4725 2806 4779 satis
2834 4727 3040 4780 conatu
3077 4729 3162 4779 est
3189 4725 3528 4797 exquisitum
3555 4741 3567 4790 ;
3610 4719 3696 4774 sed
3719 4727 3815 4769 cum

2247 4819 2474 4874 illarum
2511 4817 2684 4873 series
2727 4819 3120 4874 conditionum
3151 4818 3222 4874 ad
3279 4835 3420 4891 quas
3463 4814 3692 4874 decursis
3729 4822 3814 4861 non

2249 4913 2420 4983 longe
2467 4911 2821 4983 temporibus
2869 4928 2970 4982 pro
3021 4928 3218 4967 eorum
3274 4911 3511 4984 penuria
3557 4897 3817 4963 hostilitatis

2249 5006 2479 5060 vastitas
2509 5022 2612 5060 nos
2637 5005 2831 5076 jurare
2857 5009 3143 5078 coegerat,
3171 5006 3380 5061 nostris
3419 5009 3561 5061 esset
3587 4994 3817 5056 auditibus

2249 5100 2549 5169 recensita,
2577 5103 2792 5154 tantam
2822 5100 3141 5171 reperimus
3169 5098 3529 5172 obligationis
3554 5095 3656 5152 illic
3675 5092 3817 5146 inesse

2249 5209 2570 5260 censuram,
2639 5197 2704 5247 ut
2758 5193 3111 5248 macularum
3154 5209 3387 5248 suarum
3426 5189 3694 5246 nodositas
3734 5193 3818 5234 non

2248 5291 2472 5343 tantum
2501 5286 2789 5342 videretur
2826 5287 3272 5359 prohibitionem
3309 5286 3524 5343 dedisse
3567 5286 3819 5348 transgres-

2249 5381 2494 5448 sionum,
2558 5383 2840 5452 quantum
2901 5380 3242 5436 conclusisse
3302 5380 3516 5434 viscera
3573 5373 3816 5448 pietatum.

2246 5476 2453 5531 Aderat
2483 5473 2637 5529 enim
2680 5475 2833 5548 quod
2875 5474 2934 5529 in
2965 5477 3206 5547 utroque
3257 5491 3430 5549 pavor
3464 5469 3674 5543 agebat,
3699 5465 3744 5517 et
3766 5470 3817 5511 ne

2247 5569 2428 5626 sancti
2459 5569 2712 5624 nominis
2743 5569 3067 5642 profanatio
3096 5569 3281 5640 ﬁeret,
3295 5573 3349 5624 et
3387 5583 3459 5623 ne
3497 5549 3819 5620 miserationis

589 5707 658 5780 (ί)
690 5709 779 5763 Sic
808 5709 1121 5780 legendum
1153 5725 1165 5763 :
1196 5715 1246 5762 et
1271 5710 1530 5763 adversus
1559 5709 1916 5764 omnimodam
1945 5713 2424 5767 contrauersim-um
2458 5711 2731 5780 querelam
2755 5710 3051 5780 principali
3087 5711 3401 5762 «(celeritate
3425 5703 3648 5759 mutuum
3674 5707 3727 5748 at
3746 5686 3816 5736 δν·

513 5778 760 5843 rendam.
789 5778 1086 5836 Praemissis
1122 5781 1252 5843 illis,
1297 5783 1426 5848 etc.,
1461 5785 1566 5835 etc.
2151 5798 2156 5802 '

3909 2237 3911 2256 ι

3909 2289 3911 2342 l

3909 3091 3911 3124 ι

3909 3125 3911 3164 l

3909 3231 3911 3256 l

3910 3269 3911 3292 l

3909 3361 3911 3404 Ι

3910 3559 3911 3592 l

3910 3697 3911 3716 ι
