3946 6180
121 319 200 362 ..'n1‘,
1240 303 1713 367 DICL‘RETALIL'II
1753 314 2135 370 COLLECTIO.

3312 323 3411 371 intrii

118 417 319 488 operatio
363 416 620 480 interiret,
669 415 804 484 quia
854 431 916 468 ex
968 416 1060 470 Dei
1115 419 1361 472 nominis
1406 421 1837 506 profana-AEt
1892 441 1992 494 per
2046 425 2330 478 Michaeam
2366 442 2378 480 :
2416 448 2442 474 ‹‹
2471 428 2560 479 Va}
2616 424 2776 494 mihi,
2825 426 3017 480 anima
3066 443 3217 492 mea,
3272 428 3406 497 quia

117 514 231 565 tione
256 527 350 562 non
374 508 555 562 aberat
572 507 724 578 quod
751 510 1014 576 terrebat,
1048 513 1425 580 prohibitione
1447 515 1671 585 pietatis

114 607 266 657 aderat
293 603 428 672 quod
463 601 740 655 tendebat.
773 603 917 656 Dum
945 621 1171 675 quoque
1201 607 1420 661 alterno
1448 609 1670 678 pericu-

111 700 253 751 lorum
281 695 482 763 objectu
514 695 612 746 sibi
645 697 878 764 prolatae
910 700 1206 752 sententiae
1258 707 1670 770 repugnarunt,

113 789 502 861 periclitabamur
529 788 800 857 ancipites
828 789 884 842 in
913 790 1087 845 bifido
1122 793 1365 861 partium
1403 794 1674 848 dissiden-

110 885 217 937 tium
233 882 370 946 calle,
388 897 492 950 quo
520 881 918 951 dii-emptionis
938 885 1454 955 tramitejudicium
1480 904 1674 957 prope-

108 980 238 1030 raret.
265 977 358 1030 Sed
388 994 508 1030 cum
540 977 820 1045 gressibus
849 979 1250 1048 disputationis
1283 984 1491 1033 nostra:
1529 986 1673 1033 esset

109 1071 392 1123 difﬁcultatis
435 1072 779 1139 congressio,
840 1076 895 1126 et
943 1073 1010 1126 de
1067 1073 1156 1125 via
1207 1090 1306 1126 nos
1360 1073 1668 1142 dejecisset,

108 1164 383 1233 properandi
416 1164 635 1217 tandem
671 1166 863 1220 relicto
897 1165 1222 1220 discrimine
1272 1185 1400 1219 cum
1449 1169 1671 1238 fragore

108 1258 417 1327 singultuum,
451 1261 506 1310 et
545 1259 826 1313 imbribus
855 1261 1236 1330 Iacrymarum
1270 1261 1337 1314 ad
1367 1262 1544 1315 Deum
1575 1263 1671 1331 qui

104 1351 280 1420 pietatis
306 1351 421 1403 fons
451 1357 534 1405 est
560 1353 730 1406 verba
762 1353 929 1406 simul
973 1359 1031 1406 et
1074 1354 1242 1407 corda
1291 1355 1672 1409 convertimus

106 1443 293 1497 orantia.
335 1444 506 1514 Spira,
555 1450 744 1499 sancte
791 1446 1068 1517 Spiritus,
1117 1452 1165 1498 et
1218 1447 1405 1500 ducito
1460 1466 1560 1501 nos
1617 1450 1669 1501 in

106 1543 278 1605 portum
336 1538 634 1591 voluntatis
694 1545 805 1592 tua)
865 1540 1029 1608 (Psal.
1091 1557 1176 1594 cVI
1209 1583 1220 1604 ,
1278 1544 1362 1609 30)
1397 1585 1408 1606 ,
1469 1542 1674 1594 sedatis

106 1630 309 1683 fluctibus
331 1630 668 1701 ignorantiae
693 1636 924 1699 nostrze,
943 1650 1070 1687 ecce
1101 1634 1256 1686 enim
1289 1634 1672 1703 periculorum

106 1727 240 1790 sutes
287 1724 337 1776 in
384 1725 568 1778 littore
628 1743 824 1780 cursus
870 1728 1043 1780 nostri
1092 1728 1451 1797 proveniunt,
1502 1735 1671 1798 atque

1776 518 1938 587 periit
1982 521 2272 572 revertens
2298 536 2328 571 a
2360 525 2534 588 terra,
2587 526 2641 573 et
2682 521 2776 589 qui
2827 521 3069 589 corrigat
3112 520 3262 574 inter
3305 521 3408 574 ho-

1774 612 1957 664 mines
1983 628 2096 665 non
2126 615 2229 678 est,
2260 629 2460 665 omnes
2489 614 2547 666 in
2571 613 2846 683 sanguine
2866 613 3217 682 judicantur,
3237 631 3410 667 unus-

1774 706 2013 775 quisque
2092 707 2418 776 proximum
2499 724 2663 760 suum
2731 707 3001 774 tribulat,
3088 724 3284 761 omnes
3353 709 3412 762 in

1774 801 1986 852 malum
2021 817 2147 852 suas
2173 817 2380 854 manus
2424 805 2763 870 prreparant.
2798 822 2823 848 »
2861 801 2938 853 Ad
2969 801 3408 855 beneficentiam

1775 897 1922 945 certe
1957 909 2080 962 quae
2107 893 2310 946 divinis
2357 893 2533 947 oculis
2576 897 2733 946 tanto
2781 897 2865 945 est
2914 895 3150 963 gratior,
3196 903 3410 965 quanto

1775 989 1829 1037 et
1905 979 2188 1041 invenitur
2264 1005 2380 1040 esse

1773 1079 2024 1144 instruit,
2082 1081 2270 1134 dicens
2324 1098 2335 1133 :

2464 988 2838 1058 pi‘a'scntiol‘,
2923 987 2998 1039 sic
3072 1005 3177 1041 nos
3252 990 3413 1042 Isaias

2394 1104 2418 1128 ‹‹
2454 1081 2700 1134 Dissolve
2762 1081 3156 1149 colligationes
3211 1082 3410 1152 impie—

1777 1175 1918 1239 tatis,
1968 1174 2117 1227 solve
2168 1175 2465 1227 fasciculos
2493 1175 2882 1244 deprimentcs
2930 1178 3054 1232 (lsa.
3098 1191 3247 1240 Lvin,
3282 1177 3354 1240 ti).
3388 1199 3410 1223 ››

1772 1268 1978 1320 Paulus
2009 1267 2174 1319 etiam
2206 1283 2298 1319 vas
2326 1266 2618 1320 electionis
2650 1283 2662 1319 :
2696 1292 2721 1312 u
2749 1267 2928 1320 Pietas
2954 1267 3019 1320 ad
3043 1267 3236 1320 omnia
3260 1268 3415 1320 utilis

1774 1365 1856 1413 est
1883 1361 1929 1429 (Ι
1960 1363 2095 1414 Tim.
2121 1377 2194 1422 iv,
2230 1360 2303 1426 8‘).
2341 1383 2366 1408 ››
2406 1362 2470 1413 Et
2490 1360 2809 1413 Jacobunzu
2841 1360 3124 1413 Judicium
3161 1361 3278 1414 sine
3305 1361 3413 1414 mi—

1775 1455 2084 1507 sericordia
2108 1454 2183 1506 illi
2207 1453 2432 1524 fiet,qui
2454 1471 2566 1506 non
2601 1455 2730 1506 fecit
2752 1453 3214 1508 misericordiam.
3238 1455 3414 1525 Supe-

1775 1549 2025 1601 rexcellit
2067 1553 2256 1602 autem
2303 1548 2695 1601 misericordia
2733 1547 2950 1615 judicio
2998 1549 3128 1614 (Jac.
3160 1565 3219 1614 II,
3256 1548 3361 1618 I3).
3392 1571 3416 1594 ν»

1772 1639 2015 1691 Joannes
2061 1637 2193 1690 item
2229 1653 2240 1688 :
2278 1659 2305 1682 ‹‹
2337 1636 2440 1699 Qui
2487 1637 2605 1689 odit
2635 1638 2870 1690 fratrem
2916 1653 3081 1690 suum
3132 1637 3417 1690 homicida

1777 1736 1877 1796 est,
1909 1736 1963 1783 et
1991 1729 2159 1794 scitis,
2194 1729 2324 1800 quia
2353 1730 2541 1782 omnis
2583 1729 2868 1782 homicida
2904 1747 3017 1782 non
3050 1731 3222 1784 habet
3247 1730 3416 1784 vitam

106 1816 200 1867 hinc
239 1818 354 1870 inde
394 1819 752 1874 obviantibus
778 1821 1215 1890 naufragiorum
1261 1821 1533 1890 obicibus,
1565 1840 1674 1892 quo
1695 1804 1752 1875 B
1777 1829 2049 1876 aeternam
2079 1823 2136 1876 in
2168 1839 2223 1875 se
2253 1828 2577 1876 manentem
2611 1825 2653 1888 (Ι
2680 1826 2834 1876 Joun.
2867 1840 2950 1887 ιιι,
2995 1826 3097 1891 lii).
3132 1843 3157 1872 »
3208 1826 3273 1877 Et
3317 1841 3420 1893 per

106 1911 436 1979 disputationis
463 1919 671 1966 nostra)
696 1915 815 1967 vela
845 1915 1160 1985 pandemus
1185 1915 1512 1968 attentionis
1545 1934 1677 1969 con-

105 2004 384 2058 sideratione
411 2024 519 2059 non
553 2008 872 2073 cernimus;
904 2008 999 2062 sed
1026 2009 1230 2078 aspira,
1254 2015 1309 2061 tu
1345 2016 1532 2064 sancte
1557 2010 1677 2080 Spi—

105 2098 221 2165 ritus,
246 2103 289 2150 et
316 2099 434 2152 dato
461 2101 628 2154 nobis
650 2107 702 2155 te
727 2102 976 2155 donante
1007 2119 1168 2155 nosse.
1201 2103 1594 2172 quodjubeas,
1612 2121 1677 2156 ac

105 2194 142 2242 te
174 2192 377 2259 jubente
433 2194 672 2265 implere
721 2213 881 2266 posse
942 2197 1092 2265 quod
1138 2196 1391 2265 jusseris,
1445 2201 1502 2249 ut
1545 2214 1674 2267 per-

100 2284 334 2340 lustrando
379 2288 661 2342 illumines
702 2290 850 2359 quod
899 2289 1198 2356 nescimus,
1254 2293 1310 2342 et.
1350 2291 1675 2360 adjuvando

104 2383 318 2451 pellicias,
346 2387 493 2455 quod
526 2388 769 2458 implere.
812 2405 1102 2458 pavemus.
1135 2389 1319 2442 Simus
1368 2407 1506 2459 ergo
1535 2391 1592 2442 in
1628 2395 1677 2443 te

102 2477 481 2546 requiescentes,
529 2487 589 2534 et
635 2497 1004 2536 erroneorum
1050 2483 1328 2535 fluctuum
1378 2484 1678 2552 pavoribus

104 2569 284 2638 abjectis
326 2574 664 2628 commercia
716 2593 816 2629 nos
855 2576 994 2644 jube
1048 2576 1345 2646 disponere
1380 2577 1552 2646 pacis.
1589 2578 1675 2630 ln-

104 2664 320 2719 rlioenius
347 2668 437 2720 illa
465 2686 600 2739 quae
632 2672 687 2722 et
714 2669 768 2721 in
803 2669 1048 2739 gloriam
1098 2675 1208 2723 tua:
1248 2670 1678 2740 omnipotentim

104 2758 422 2828 conferantur,
457 2768 510 2815 et
546 2763 817 2815 humanae
847 2763 1009 2816 saluti
1058 2767 1108 2816 te
1138 2768 1427 2816 annuente
1455 2765 1676 2817 donen—

103 2855 184 2902 tur.
211 2854 558 2923 Temporibus
595 2873 706 2909 non
738 2857 929 2926 procul
959 2857 1206 2910 excursis
1242 2874 1368 2909 cum
1403 2874 1678 2926 quorum-

104 2942 195 2996 dam
252 2948 619 3002 refutatorum
687 2950 1034 3003 tumultuosa
1096 2950 1297 3004 seditio
1351 2950 1682 3020 frequenter

104 3040 380 3093 vastationes
407 3043 580 3096 terris
607 3043 856 3110 inferret,
907 3049 960 3097 et
1002 3044 1268 3097 scandala
1295 3045 1520 3114 populis
1552 3062 1682 3097 cum

107 3131 597 3206 iricidiisirrogaret,
625 3137 767 3190 adeo
799 3143 858 3190 ut
886 3138 1232 3207 captivorum
1263 3142 1480 3190 turmas
1511 3139 1679 3191 duce-

104 3227 212 3289 rent,
238 3229 284 3279 et
309 3228 686 3282 desolationes
716 3230 1083 3284 ecclesiarum
1128 3231 1398 3298 facerent,
1433 3249 1558 3301 qua!
1591 3231 1680 3283 tali

107 3332 329 3374 omenssze
373 3329 501 3376 sunt
543 3328 722 3393 peste,
778 3330 837 3377 ut
881 3323 1123 3394 quilibet
1166 3330 1398 3378 conatus
1443 3331 1686 3396 nequeat

105 3422 614 3482 reparare,exaetum
645 3421 728 3470 est
772 3417 823 3471 vi
873 3419 1060 3488 potius
1109 3419 1450 3472 necessitatis
1479 3424 1683 3471 CXOt‘itP

106 3523 234 3576 quam
253 3513 884 3585 deliberationejudicii,
903 3521 1175 3570 utcontra
1194 3517 1422 3570 eosdem
1441 3516 1683 3570 eisdem-

105 3617 183 3670 que
199 3606 490 3663 simillimos
506 3627 643 3662 cum
671 3610 826 3663 omni
858 3610 975 3663 fere
995 3611 1204 3681 popqu
1234 3609 1510 3663 acerrima
1531 3610 1688 3680 jura-

105 3703 252 3752 menta
269 3700 544 3757 daremus.
566 3704 722 3757 Unde
736 3703 956 3773 jurasse
985 3722 1084 3758 nos
1107 3721 1208 3774 per
1227 3703 1688 3757 attrectationem

106 3787 236 3845 divini
260 3797 494 3850 nominis
523 3797 777 3852 conditio
795 3798 1114 3868 juramenti
1141 3799 1505 3863 demonstrat,
1541 3803 1596 3851 et
1615 3814 1686 3850 ne

105 3887 254 3939 resolvi
304 3895 472 3959 queat
525 3907 706 3944 saerze
765 3892 1071 3962 Scripturce
1135 3892 1439 3945 auctoritas
1493 3891 1685 3945 instat.

103 3974 335 4049 Scriptum
390 4001 644 4055 namque
697 3985 751 4038 in
804 3985 991 4039 Exodo
1049 3989 1133 4038 est
1189 3986 1300 4054 (xx,
1352 3991 1425 4052 7).
1487 4008 1510 4031 ‹‹
1565 3987 1688 4038 Non

103 4083 301 4127 assumes
348 4094 558 4132 nomen
613 4079 834 4131 Domini
894 4079 986 4132 Dei
1037 4078 1120 4132 tui
1173 4079 1228 4131 in
1284 4095 1532 4145 vanum,
1587 4094 1689 4131 nec

102 4159 332 4220 insontem
363 4171 518 4224 enim
540 4171 778 4224 habebit
806 4172 1077 4224 Dominus
1105 4189 1236 4224 eum
1257 4172 1355 4241 qui
1376 4188 1690 4240 assumpse-

104 4255 153 4306 rit
176 4274 356 4315 nomen
383 4264 482 4317 Dei
504 4264 596 4317 sui
620 4265 848 4318 frustra.
868 4266 1125 4319 »Itemin
1144 4265 1385 4319 Levitico
1413 4268 1539 4330 (xxx,
1569 4264 1687 4333 12):

291 4378 314 4403 «
345 4358 461 4411 Non
495 4358 819 4429 perjurabis
856 4360 1094 4413 nomine
1147 4376 1295 4425 meo,
1330 4375 1434 4412 nec
1475 4358 1691 4428 pollues

108 4457 270 4500 nomen
297 4450 519 4505 Domini
549 4452 648 4506 Dei
675 4453 778 4519 tui,
805 4470 911 4523 ego
935 4453 1221 4507 Dominus.
1250 4477 1274 4499 ››
1312 4456 1379 4506 At
1401 4469 1531 4505 vero
1561 4451 1692 4521 quia

1777 1912 2148 1982 semetipsum
2205 1911 2442 1964 Veritas.
2501 1933 2526 1961 «
2579 1911 2804 1980 Diligite
2867 1911 3123 1964 inimicos
3180 1917 3414 1979 vestros,

1776 2005 2086 2060 benefacite
2134 2006 2221 2058 liis
2265 2005 2359 2074 qui
2407 2022 2502 2057 vos
2555 2005 2755 2058 odiunt
2806 2006 3022 2072 (Matth.
3068 2022 3116 2068 v,
3154 2004 3260 2076 44).
3295 2029 3319 2053 ››
3352 2007 3419 2058 Et

1778 2101 1986 2153 iterum
2018 2118 2029 2152 :
2060 2099 2356 2164 Dimittite,
2411 2102 2465 2151 et
2517 2099 2838 2151 dimittetur
2891 2099 3068 2151 vobis.
3123 2099 3176 2152 Si
3223 2105 3416 2152 autem

1777 2210 1894 2246 non
1921 2193 2268 2259 dimiseritis,
2317 2209 2420 2244 nec
2467 2194 2634 2244 Pater
2675 2197 2860 2245 vester
2905 2193 3140 2245 eti-testis
3172 2192 3419 2246 dimittet

1780 2287 1932 2339 vobis
1983 2290 2210 2356 peccata
2259 2289 2436 2338 vestra
2495 2285 2708 2354 (Matth.
2761 2303 2834 2353 γι,
2884 2289 2945 2340 I2
2993 2291 3042 2339 et
3092 2288 3245 2356 seq.).
3281 2287 3415 2338 Ecce

1780 2385 1911 2433 sunt
1944 2380 2244 2433 Ilomiuicze
2269 2380 2541 2448 jussionis
2567 2380 2699 2432 hinc
2735 2380 2861 2434 inde
2895 2380 3194 2451 astipulata
3218 2381 3418 2432 firmis-

1780 2475 1922 2528 sima
1943 2475 2200 2527 cautione
2233 2479 2535 2544 pra’cepta,
2571 2474 2640 2525 ab
2668 2474 2904 2543 proinde
2929 2476 3062 2544 quia
3085 2478 3215 2527 sunt
3245 2474 3418 2527 divini

1781 2569 1891 2621 oris
1911 2568 2302 2637 prosecutionc
2325 2572 2510 2620 taxata
2530 2567 2842 2620 manel‘iunt
2862 2584 2967 2637 per
2991 2569 3185 2620 omnia
3207 2572 3420 2621 aeterna

1779 2663 1900 2731 lege
1925 2663 2179 2731 przetixa.
2198 2661 2342 2724 Quid
2366 2677 2501 2726 ergo
2517 2663 2542 2714 ?
2565 2661 3418 2731 Nunquidjuramentajustitize

1783 2760 1839 2808 ct
1858 2757 2186 2824 juramenta
2216 2755 2364 2824 pacis
2392 2755 2495 2807 sibi
2527 2761 2720 2808 contra
2767 2755 2846 2806 ire
2893 2755 3249 2808 narrabimus
3277 2755 3416 2808 dum

1781 2850 2049 2918 scriptum
2078 2849 2147 2901 sit
2178 2865 2189 2900 :
2226 2871 2250 2897 ‹‹
2279 2848 2656 2900 Misericordia
2704 2852 2757 2898 et
2804 2849 3004 2901 veritas
3049 2849 3423 2901 obviaverunt

1783 2944 1909 3009 sibi,
1937 2943 2154 3012 justitia
2187 2947 2240 2995 et
2271 2960 2375 3012 pax
2406 2943 2709 3011 complexae
2743 2948 2873 2995 sunt
2904 2959 2962 2994 se
2999 2943 3160 2998 tPsnI.
3196 2960 3293 2996 LXX
3307 2959 3414 3009 xxv,

1790 3041 1804 3090 I
1829 3041 1890 3104 l).
1914 3061 1936 3082 η
1957 3040 2024 3089 At
2050 3037 2183 3106 quia
2204 3036 2714 3089 controversiamn1
2739 3037 2932 3104 lapsus
2960 3053 3080 3089 sese
3102 3037 3159 3089 in
3188 3042 3419 3090 conten-

1785 3132 1939 3184 tione
1995 3129 2340 3197 diffundunt,
2402 3131 2542 3183 adeo
2604 3130 2768 3182 unius
2822 3131 2999 3199 partis
3049 3131 3418 3184 assertionem

1785 3225 2137 3278 narravimus
2190 3242 2300 3276 non
2348 3224 2722 3294 impleudan‘i,
2777 3240 2880 3277 cur
2926 3224 3157 3277 alterius
3186 3226 3422 3279 assertio

1786 3320 1957 3388 partis
2008 3319 2243 3387 jacturze
2303 3317 2552 3386 patietur
2604 3317 2978 3372 instantiam?
3013 3321 3076 3373 Et
3120 3319 3249 3388 quia
3271 3319 3424 3388 jura‘

1789 3412 1967 3465 menti
1993 3412 2240 3465 custodia
2259 3411 2528 3464 ultionem
2554 3428 2662 3463 non
2689 3415 2967 3481 temperat
2988 3412 3421 3480 pavescendam,

1785 3505 1992 3559 idcirco
2027 3504 2333 3574 impietatis
2360 3503 2621 3556 atrocitas
2652 3508 2891 3558 mortem
2921 3504 3106 3574 pariat
3135 3522 3426 3559 exsecran‘

1788 3598 1957 3651 dam?
2013 3597 2176 3650 absit.
2239 3597 2462 3650 Etenim
2520 3597 2562 3648 si
2617 3597 2855 3667 publicis
2911 3611 3201 3652 sacrorum
3253 3599 3426 3670 gestis

1793 3693 1972 3762 (quod
2046 3693 2189 3744 Deus
2253 3694 2490 3748 avertat)
2560 3708 2591 3743 a
2652 3691 3001 3760 quibuslibet
3063 3692 3276 3759 illicita,
3340 3694 3426 3747 vel

1787 3803 1901 3839 non
1948 3787 2098 3838 bona
2143 3785 2419 3838 exstitisse
2450 3784 2695 3838 conditio
2726 3784 3023 3854 allegatur,
3053 3803 3179 3856 quae
3209 3790 3307 3840 aut
3329 3788 3425 3857 ju-

1790 3880 1982 3945 gulare
2013 3879 2262 3932 animam
2295 3878 2490 3948 patris,
2535 3881 2634 3931 aut
2679 3895 2853 3948 agere
2897 3880 3265 3949 compelleret
3304 3884 3423 3933 stu-
3467 3874 3470 3878 ί

1791 3991 1954 4043 prum
2006 3972 2396 4026 sacratissima).
2460 3972 2713 4042 virginis,
2772 3973 3028 4042 nunquid
3083 3974 3425 4028 tolerabilius

1790 4073 1934 4122 esset
1963 4069 2144 4121 stultae
2174 4065 2567 4136 promissionis
2596 4066 2800 4135 ejicere
2849 4071 2999 4132 vota,
3044 4083 3216 4136 quam
3252 4069 3425 4122 inuti—

1791 4163 1927 4215 lium
1955 4161 2363 4231 promissorum
2391 4159 3087 4224 custodia,exlmrrendam
3118 4161 3423 4216 criminum

1792 4257 2026 4326 implere
2048 4271 2371 4308 mensuram
2385 4255 2411 4306 ’2
2437 4253 2598 4316 Quod
2627 4252 2670 4306 si
2701 4254 2775 4307 ita
2805 4259 2969 4324 esset,
2993 4257 3285 4326 ipiomodo
3308 4274 3425 4310 cre‘

1792 4351 2022 4404 deretur
2071 4348 2238 4402 unius
2290 4347 2638 4401 observantia
2682 4348 2949 4417 jussionis
3001 4350 3125 4402 fons
3181 4351 3426 4420 pietatis,

1793 4461 1921 4497 cum
1965 4442 2249 4496 emitteret
2295 4441 2532 4495 tribulos
2583 4441 2808 4495 ultionis
2836 4443 2862 4494 Ῥ
2910 4446 3018 4495 Aut
3049 4461 3313 4513 quaenam
3339 4445 3431 4498 illa

104 4533 220 4591 illata
240 4559 631 4610 messui-arum
665 4548 939 4601 acerbitas
990 4548 1194 4601 resolvi
1251 4546 1444 4617 possit,
1485 4563 1547 4599 ac
1593 4545 1692 4599 de-
1712 4550 1772 4620 D
1796 4541 1942 4591 esset
1969 4554 2136 4589 sacrae
2163 4535 2477 4589 observatio
2504 4535 2665 4604 legis,
2696 4552 2822 4605 qua:
2854 4537 3148 4606 sacrilegia
3197 4538 3432 4591 commi-

105 4626 214 4698 beat,
241 4639 344 4691 tam
371 4640 730 4694 vinculorum
761 4647 816 4695 et
849 4642 1226 4696 lamentorum
1279 4641 1481 4694 borum
1520 4657 1685 4710 aspe-

104 4719 205 4775 ritas
228 4728 483 4801 insinuat,
515 4751 692 4803 quam
725 4734 980 4804 ejusdem
1008 4734 1354 4788 auctoritatis
1384 4733 1690 4787 Dominica:

105 4829 333 4893 [incoepta
361 4827 1028 4892 commendant,etenim
1053 4828 1218 4897 juxta
1241 4833 1489 4882 veterem
1520 4832 1695 4881 trans-

104 4906 325 4970 lationem
375 4921 449 4974 ita
499 4922 782 4991 quosdam
825 4939 926 4992 per
973 4922 1172 4976 Isaiam
1215 4921 1369 4992 gravi
1417 4920 1691 4990 exproba-

107 5001 220 5060 tione
267 5011 536 5068 Dominus
591 5015 862 5086 increpat,
920 5021 976 5070 et
1027 5016 1236 5087 arguit,
1272 5016 1502 5068 dicens:
1542 5035 1566 5064 «
1605 5016 1696 5066 κιῖο

106 5097 201 5151 filiis
241 5105 588 5173 desertionis,
633 5109 768 5162 dicit;
812 5110 1100 5177 Dominus,
1148 5108 1352 5163 fecistis
1395 5107 1696 5161 concilium

107 5205 192 5246 Ηοη
220 5214 312 5267 per
332 5217 418 5255 me
441 5206 500 5256 et
521 5203 906 5274 sponsionem,
924 5221 1041 5258 non
1060 5221 1162 5274 per
1178 5203 1455 5273 Spiritum
1479 5218 1696 5269 meum,

108 5285 308 5355 adjicere
357 5300 654 5366 peccatum
700 5314 869 5368 super
912 5302 1205 5368 peccatum
1252 5297 1381 5366 (Isa.
1412 5313 1536 5361 xxx,
1569 5299 1636 5364 l).
1672 5315 1697 5345 »

109 5377 215 5437 Item
239 5385 290 5439 in
313 5388 589 5445 Ieremia:
617 5411 645 5438 «
675 5391 1004 5462 lniquitates
1034 5395 1244 5445 nostrae
1275 5391 1704 5445 declinaverunt

107 5478 282 5547 omnia,
313 5485 367 5534 et
407 5491 635 5553 peccata
677 5490 868 5539 nostra
916 5489 1260 5540 amoverunt
1284 5485 1432 5539 bona
1457 5502 1486 5536 ει
1521 5483 1701 5548 nobis,

107 5567 215 5635 quia
237 5572 445 5631 inventi
471 5582 606 5632 sunt
635 5578 693 5632 in
722 5579 934 5652 popqu
963 5596 1096 5634 meo
1117 5579 1300 5650 impii,
1331 5583 1388 5632 et
1410 5579 1707 5648 loquentes

109 5673 244 5731 Vana,
271 5671 590 5726 statuerunt
611 5673 683 5728 ad
713 5674 1116 5745 dispergendos
1162 5674 1330 5742 viros,
1363 5677 1419 5727 et
1448 5687 1706 5742 compre-

112 5751 420 5830 henderunt;
458 5770 525 5820 ut
554 5767 788 5840 laqueus
819 5769 1075 5823 venantis
1119 5769 1322 5839 plenus
1365 5765 1707 5833 volatilibus,

114 5847 173 5903 sic
217 5853 403 5912 domus
451 5877 649 5917 eorum
698 5864 882 5938 plenae
932 5863 1063 5919 dolo
1112 5865 1236 5933 (Jcr.
1264 5879 1313 5931 v,
1344 5865 1410 5915 25
1442 5865 1491 5917 ct
1516 5861 1645 5932 seq.)
1682 5880 1705 5906 ››

1791 4637 1935 4687 teret
1961 4629 2303 4700 probitatis?
2326 4630 2409 4681 vel
2432 4629 2592 4696 cujus
2617 4645 2895 4681 mensura:
2923 4629 3192 4698 iniquitas
3219 4631 3434 4684 videre-

1792 4733 1902 4791 tur,
1934 4728 1996 4778 ut
2029 4742 2096 4776 ex
2137 4723 2302 4776 unius
2341 4723 2608 4792 praecepti
2656 4723 2879 4775 cautela
2922 4724 3075 4776 necis
3121 4726 3436 4780 exorirctur

1794 4819 2118 4873 immanitas
2151 4817 2468 4870 truculenta
2481 4818 2506 4868 1’
2531 4819 2599 4868 At
2629 4832 2777 4868 nunc
2794 4833 2908 4869 non
2940 4817 3014 4870 ita
3041 4819 3435 4874 contendimus

1797 4921 1858 4968 ut
1903 4911 2339 4967 contentionum
2371 4909 2625 4962 divertiis
2674 4910 2965 4964 («incitatis
3011 4913 3262 4983 nosipsos
3301 4933 3430 4968 con-

1801 5005 2144 5061 tentionibus
2177 5003 2581 5057 certaminibus
2611 5003 2968 5084 misceamus.
3017 5007 3112 5059 Est
3154 5024 3287 5062 vera
3325 5027 3435 5079 pax

1801 5102 1854 5154 in
1876 5103 2115 5170 utroque
2134 5098 2280 5168 quod
2303 5097 2560 5162 dicimus,
2584 5097 2713 5167 quia
2735 5097 2809 5151 sic
2828 5098 3071 5169 Spiritus
3086 5105 3313 5154 sanctus
3335 5103 3438 5155 iter

1803 5199 2081 5254 nostrum,
2117 5210 2178 5245 ac
2207 5209 2434 5245 cursum
2474 5197 2774 5262 temperat,
2827 5199 2885 5246 ut
2934 5194 2991 5246 in
3039 5196 3196 5248 nullo
3243 5195 3437 5248 devius

1801 5308 1906 5344 nos
1958 5305 2115 5342 casus
2140 5306 2170 5339 a
2200 5285 2564 5355 dispositione
2605 5286 2870 5339 seeludat.
2926 5288 3084 5341 [inde
3126 5288 3292 5358 plena
3315 5288 3433 5357 jam

1803 5401 1958 5448 voce,
1992 5380 2230 5453 pleniori
2261 5380 2394 5446 fide,
2429 5379 2864 5450 plenissimaque
2892 5381 3206 5434 intentione
3237 5382 3440 5450 priedi‘

1807 5481 2004 5543 cimus,
2055 5482 2220 5546 atque
2274 5474 2327 5526 in
2373 5478 2493 5527 tota
2536 5479 2744 5527 sanctae
2771 5474 3025 5527 Ecclesia?
3073 5474 3437 5528 universitate

1807 5571 2185 5644 przedieamus
2211 5568 2427 5638 pariter
2453 5571 2508 5621 et
2539 5571 2823 5638 optamus,
2854 5567 3008 5619 nulla
3047 5566 3439 5636 profanatione

1810 5666 1981 5719 solius
2009 5668 2061 5718 et
2083 5679 2322 5716 summa:
2343 5660 2649 5714 tiivinitatis
2667 5675 2872 5713 nomen
2896 5660 3133 5712 existere
3151 5676 3440 5716 assumere

1810 5760 1970 5825 dum,
1992 5757 2143 5811 nullo
2170 5755 2417 5826 perjurio
2433 5751 2708 5823 sacrilegii
2727 5751 2977 5806 indebito
2995 5753 3437 5827 profanandum,

1815 5853 1968 5908 nullo
1989 5866 2245 5923 unquam
2271 5852 2530 5905 contactu
2554 5846 2781 5902 fallacia:
2801 5846 3272 5922 contingendum.
3304 5851 3442 5912 Nam
