3946 6180
496 270 593 330 307"

1382 257 1663 327 suum).
1706 260 1799 327 AD
1830 268 1988 329 stac.
2030 261 2210 328 ιχ..-
2251 272 2492 329 tSlDURl
2534 262 2957 330 MERCATORIS
3690 260 3768 323 tam

495 388 537 439 si
560 384 856 436 .titrsiantc
881 380 1135 449 veritate,
1154 383 1389 450 propter
1410 380 1863 450 profanationem
1886 381 2123 452 perjurii
2146 392 2203 465 Α
2225 381 2375 436 mala
2393 382 2648 436 licetsint
2664 382 2898 436 omnino
2916 380 3236 435 cautissime
3253 380 3771 452 praecavemlamuica

496 476 815 533 evitandam
844 473 1180 545 prohibetur
1205 472 1441 527 omnino
1464 474 1679 543 jurare,
1712 491 1841 528 cum
1871 474 2075 528 dicitur
2106 491 2117 527 :

496 572 585 627 Sic
611 586 799 624 sermo
831 572 1033 633 vester,
1067 570 1171 635 est,
1200 572 1285 621 est
1314 583 1327 621 :
1359 584 1496 634 non,
1538 584 1655 621 non
1691 584 1703 622 :
1731 568 1887 638 quod
1930 571 2120 622 autem

493 666 624 738 plus
656 667 758 729 est,
798 679 828 715 a
855 662 1004 716 malo
1029 666 1112 715 est
1143 661 1356 727 (Matth.
1385 677 1439 729 v,
1475 662 1585 730 37),
1618 662 1904 733 quomodo
1931 661 2120 732 impu-

496 760 677 813 nitum
691 756 798 811 erit
810 772 1019 811 nomen
1032 760 1201 809 tantm
1215 754 1410 825 gloriae
1424 754 1760 810 voluntaria:
1779 755 2120 825 profanasse,

496 857 633 911 dum
672 854 731 908 in
777 871 844 908 eo
886 856 1077 907 taxata
1117 851 1261 906 ﬁdes
1306 852 1660 923 dignoscitur
1688 852 2006 907 interesse?
2036 852 2121 905 vel

495 952 774 1021 quatenus
799 947 949 1019 pacis
977 946 1193 1001 foedera
1228 945 1379 1000 inter
1410 946 1667 1017 gentium
1704 945 1936 1001 dissidia
1979 945 2121 1016 liga-

494 1043 729 1110 buntur,
762 1040 805 1094 si
832 1056 945 1094 non
967 1039 1279 1109 juramenti
1305 1043 1473 1111 pacta
1497 1039 1774 1094 sanctioni
1801 1038 2124 1110 integritate

495 1134 832 1189 serventur?
847 1132 1071 1186 Etenim
1093 1148 1264 1187 omne
1285 1132 1433 1203 quod
1467 1132 1526 1185 in
1548 1132 1699 1203 pacis
1718 1132 1932 1186 foedera
1952 1131 2122 1197 venit,

495 1234 633 1283 tunc
657 1226 891 1281 solidius
916 1225 1185 1294 subsistit,
1214 1242 1344 1280 cum
1368 1226 1683 1295 juramenti
1726 1226 1831 1280 hoc
1871 1225 2122 1296 interpo-

496 1321 623 1376 sitio
650 1320 901 1387 roborat,
933 1319 1029 1372 sed
1074 1324 1130 1372 et
1169 1335 1337 1373 omne
1371 1319 1523 1389 quod
1568 1319 1785 1373 animos
1811 1319 2125 1373 amicorum

496 1414 753 1469 conciliat
774 1418 909 1466 tunc
936 1412 1102 1465 ﬁxius
1128 1412 1314 1478 durat,
1345 1429 1474 1466 cum
1507 1430 1601 1466 eos
1637 1412 1975 1467 sacramenti
2001 1412 2122 1466 vin-

497 1510 621 1563 cula
660 1506 860 1578 ligant.
905 1507 1086 1560 Omne
1137 1506 1306 1559 etiam
1356 1507 1506 1577 quod
1556 1505 1712 1560 testis
1770 1506 2123 1576 astipulatur,

496 1608 630 1656 tunc
655 1600 843 1654 verius
871 1603 1088 1653 constat
1120 1615 1248 1652 cum
1278 1598 1333 1652 id
1362 1599 1600 1669 adjectio
1626 1598 1926 1667 jurationis
1971 1598 2122 1652 afﬁr-

496 1699 642 1762 mat;
667 1694 816 1766 quod
844 1692 885 1746 si
915 1697 970 1746 et
997 1692 1168 1763 gestis
1195 1691 1436 1762 deﬁciat,
1468 1692 1787 1746 innocentis
1816 1692 1988 1746 ﬁdem
2006 1693 2126 1746 sola

487 1786 859 1859 jurisjurandi
897 1785 1107 1840 taxatio
1153 1784 1501 1839 manifestat.
1553 1785 1687 1840 Hinc
1731 1788 1794 1840 ut
1836 1785 2127 1839 mentibus
2152 1765 2204 1837 Β

496 1880 763 1936 humanis
782 1879 972 1934 divina
998 1879 1258 1933 voluntas
1304 1879 1582 1950 panderet
1606 1879 1759 1951 quod
1788 1878 2028 1946 volebat,
2054 1895 2124 1932 ne

493 1974 690 2029 labans
715 1973 985 2045 fragilitas
1019 1990 1122 2044 pro
1150 1972 1366 2027 incerto
1393 1975 1637 2041 teneret,
1670 1972 1820 2044 quod
1850 1971 2127 2026 inviolata:

492 2066 744 2123 veritatis
768 2066 1067 2138 promissio
1096 2065 1470 2135 exprimebat,
1498 2083 1602 2137 per
1625 2066 1823 2120 Isaiam
1857 2065 2125 2137 loquitur,

497 2162 689 2216 dicens
717 2178 730 2215 :
764 2180 791 2211 «
826 2161 943 2231 Ego
973 2159 1245 2212 Dominus
1274 2164 1329 2212 et
1357 2176 1470 2213 non
1500 2164 1584 2214 est
1609 2160 1771 2227 alius,
1801 2159 1860 2213 in
1886 2163 2127 2213 memet-

498 2255 621 2325 ipso
652 2252 838 2324 juravi
878 2254 1003 2321 (Isa.
1033 2268 1157 2318 XLv,
1187 2254 1294 2323 23).
1325 2272 1354 2301 »
1403 2252 1460 2307 Si
1509 2269 1645 2323 ergo
1684 2256 1859 2306 tantae
1906 2251 2126 2306 institu-

498 2345 669 2402 tionis
712 2344 890 2400 limite
931 2350 1063 2399 sunt
1105 2344 1287 2399 votiva
1311 2345 1639 2416 juramenta
1680 2345 1970 2414 servanda,
2006 2346 2131 2417 quis

501 2442 717 2495 alienus
739 2457 772 2493 a
791 2438 1024 2493 veritate
1050 2439 1357 2493 constituat
1386 2438 1800 2493 exsecrabiliter
1824 2439 2131 2494 violanda?

500 2533 743 2589 Stabunt
779 2549 917 2603 ergo
965 2548 1139 2587 sacras
1191 2532 1538 2586 auctoritatis
1575 2532 1791 2587 viviﬁca
1817 2532 1991 2602 jussa,
2025 2548 2132 2587 nec

499 2645 640 2682 vana
693 2625 1086 2698 profanatione
1135 2631 1301 2679 erunt
1365 2625 1722 2697 aliquatenus
1775 2625 2128 2681 temeranda.

499 2724 710 2776 Verum
752 2737 826 2774 ne
859 2719 1191 2790 juramenta
1234 2735 1363 2790 quae
1390 2719 1516 2774 data
1564 2723 1716 2789 sunt,
1748 2719 2049 2774 videantur
2072 2720 2130 2772 in

501 2832 607 2871 nos
634 2815 711 2869 ita
734 2814 957 2885 penitus
977 2812 1409 2867 miserationum
1436 2813 1776 2867 conclusisse
1794 2811 2128 2883 praecordia,

505 2908 792 2964 utnullam
809 2905 877 2961 de
890 2905 1113 2978 pietatis
1125 2905 1325 2960 affectu
1349 2906 1557 2960 anima:
1578 2906 1792 2961 viscera
1815 2906 2136 2977 concipiant

503 3000 919 3073 indulgentiam
948 2999 1288 3071 parituram,
1333 3000 1409 3053 sic
1450 2999 1708 3054 stabilitis
1755 3000 2135 3055 contractibus

2224 476 2269 529 si
2296 476 2528 547 periculi
2560 477 2862 531 necessitas
2877 493 2942 532 ex
2962 476 3051 530 his
3069 492 3248 530 unum
3270 479 3574 544 temperare
3592 489 3775 545 compu-

2223 569 2372 635 lerit,
2402 570 2454 624 id
2486 569 2759 623 debemus
2788 571 3090 637 resolvere,
3132 567 3282 640 quod
3324 565 3520 621 minori
3549 583 3675 620 nexu
3699 585 3773 619 no-

2224 663 2397 717 scitur
2416 662 2678 734 obligari;
2710 664 2844 735 quid
2875 667 3068 718 autem
3098 680 3163 717 ex
3195 662 3281 716 his
3314 660 3500 727 levius,
3530 659 3705 731 quidve
3725 662 3777 714 sit

2226 755 2451 827 gravius
2495 756 2724 827 pietatis
2768 757 3033 811 acumine
3068 748 3425 823 vestigemus.
3451 753 3648 808 Etenim
3673 753 3778 807 dum

2223 850 2518 920 perjurare
2549 850 2962 921 compellimur,
2995 853 3313 905 creatorem
3347 845 3564 919 quidem
3588 845 3777 901 oﬁ'endi-

2225 960 2370 1011 mus,
2418 942 2517 996 sed
2565 958 2668 997 nos
2713 943 3112 998 tantummodo
3152 940 3510 996 maculamus.
3534 939 3659 993 Cum
3681 956 3783 994 vero

2227 1037 2393 1092 noxia
2434 1037 2716 1108 promissa
2758 1038 3133 1109 complemus,
3184 1039 3241 1090 et
3286 1033 3384 1089 Dei
3412 1032 3558 1104 jussa
3592 1034 3783 1105 superbe

2226 1132 2665 1198 contemnimus,
2700 1134 2757 1186 et
2785 1131 3060 1202 proximis
3106 1130 3283 1201 impia
3326 1126 3631 1183 crudelitate
3655 1143 3783 1181 noce-

2225 1244 2372 1293 mus,
2407 1230 2463 1280 et
2490 1226 2744 1298 nosipsos
2772 1224 3069 1280 crudeliori
3115 1223 3299 1295 gladio
3341 1220 3678 1278 trucidamus.
3705 1220 3785 1274 Illic

2228 1320 2382 1374 enim
2414 1319 2623 1391 duplici
2669 1320 2961 1391 culparum
2992 1319 3105 1372 telo
3154 1316 3513 1389 percutimur,
3541 1314 3622 1369 hic
3645 1314 3785 1385 tripli-

2228 1414 2370 1467 citer
2388 1413 2742 1484 jugulamur.
2783 1414 2978 1466 Restat
3021 1428 3157 1481 ergo
3200 1414 3264 1465 ut
3307 1427 3372 1466 eo
3414 1411 3594 1464 nostra
3630 1412 3789 1479 pergat

2227 1510 2512 1565 sententia
2542 1528 2655 1581 quo
2682 1509 3089 1565 misericordia:
3116 1507 3367 1581 patuerit
3393 1506 3499 1572 via,
3528 1522 3640 1576 quae
3666 1505 3729 1558 ita
3748 1505 3788 1557 in

2228 1603 2469 1659 Domino
2494 1604 2771 1676 probatur
2796 1608 3049 1675 accepta,
3083 1606 3148 1657 ut
3176 1602 3301 1673 plus
3322 1600 3441 1672 jam
3469 1598 3639 1671 cupiat
3659 1614 3788 1667 quam

2227 1702 2496 1757 sacriﬁcia
2524 1701 2870 1768 veneranda,
2901 1701 3124 1756 dicente
3150 1700 3274 1772 ipso
3307 1717 3320 1754 :
3358 1721 3386 1749 «
3414 1696 3789 1754 Misericordiam

2228 1796 2351 1850 volo
2378 1801 2433 1849 et
2463 1812 2575 1849 non
2607 1794 2941 1849 sacriﬁcium
2974 1795 3195 1866 (Matth.
3226 1810 3301 1861 Ix,
3335 1793 3438 1864 l3).
3470 1815 3496 1842 η
3526 1792 3627 1846 Hac
3654 1788 3793 1843 indul-

2229 1890 2436 1961 gentiae
2462 1906 2722 1943 concessa
2750 1888 2978 1943 licentia
3006 1886 3385 1943 miserationis
3415 1884 3581 1958 ipsius
3615 1900 3730 1955 opus
3751 1881 3792 1936 in

2231 1982 2459 2054 gloriosi
2485 1982 2754 2054 principis
2784 1984 3063 2053 potestate
3090 1981 3427 2050 redigimus,
3456 1983 3519 2034 ut
3550 1977 3668 2049 quia
3688 1977 3793 2030 Deus

2229 2076 2309 2131 illi
2361 2075 2669 2131 miserendi
2724 2075 2942 2131 aditum
3001 2075 3289 2147 patefecit,
3339 2071 3583 2127 remedia
3616 2068 3794 2141 pietatis

2230 2170 2349 2241 ipse
2376 2186 2600 2242 quoque
2632 2186 2749 2224 non
2783 2170 3046 2241 deneget.
3074 2169 3208 2231 Ouze
3238 2168 3315 2222 ita
3339 2164 3617 2238 principali
3640 2163 3795 2218 discre-

2231 2262 2384 2317 tione
2411 2262 2702 2317 moderata
2750 2261 3078 2333 persistant,
3109 2266 3170 2316 ut
3195 2264 3256 2315 et
3283 2260 3390 2315 illis
3415 2259 3484 2314 sit
3509 2257 3796 2329 aliquatenus

2230 2355 2615 2410 misericordia
2642 2355 2983 2423 contributa,
3009 2358 3064 2410 et
3088 2371 3381 2426 nusquam
3410 2369 3542 2426 gens
3559 2355 3645 2406 aut
3660 2349 3797 2421 patria

2231 2467 2334 2521 per
2363 2449 2589 2503 eosdem
2618 2454 2714 2504 aut
2740 2449 3055 2520 periculum
3082 2449 3463 2520 quodcunque
3496 2444 3711 2518 perferat
3727 2444 3797 2495 aut

2224 2543 2545 2614 jacturam,
2609 2543 2729 2598 bene
2790 2542 3172 2597 miserationis
3227 2543 3463 2597 obtentu
3519 2543 3797 2609 temperasse

2233 2636 2495 2691 sufﬁciat.
2515 2637 2816 2703 Caeterum,
2836 2653 3193 2707 quaecunque
3208 2636 3536 2707 juramenta
3560 2648 3650 2703 pro
3668 2628 3797 2699 regie

2231 2729 2526 2801 potestatis
2577 2730 2775 2797 salute,
2823 2732 2881 2783 et
2928 2729 3317 2784 confutatione
3351 2726 3527 2801 gentis
3553 2728 3603 2780 et
3628 2722 3796 2797 patrie,

2232 2822 2318 2877 vel
2346 2823 2623 2877 hactenus
2671 2827 2803 2876 sunt
2853 2828 3069 2890 exacta,
3112 2822 3199 2876 vel
3232 2823 3498 2893 deinceps
3542 2815 3799 2874 exstiterint

2235 2916 2535 2986 exigenda,
2571 2916 2726 2970 omni
2757 2916 3030 2985 custodia,
3065 2914 3345 2987 omnique
3377 2913 3647 2985 vigilantia
3670 2908 3799 2965 indis-

2235 3009 2510 3065 solubiter
2557 3009 2914 3064 decernimus
2970 3009 3340 3075 observanda,
3396 3026 3429 3062 a
3474 3004 3799 3061 membrorum

498 3095 812 3169 juramenti
835 3094 1022 3148 sinum
1049 3093 1447 3149 misericordiae
1491 3093 1798 3164 aperimus,
1837 3096 2009 3164 atque
2039 3093 2135 3147 illa
2157 3133 2211 3207 Ο
2237 3104 2599 3158 truncatione
2647 3103 2961 3174 mortisque
3011 3100 3294 3158 sententia
3334 3100 3595 3173 religione
3629 3094 3801 3169 penitus

662 3190 695 3207 ι·
768 3189 875 3207 h-_
934 3187 1124 3207 _1--!1A
1178 3187 1432 3207 _A_‘_--_--_!
1478 3203 1761 3207 _A_-__-___
1815 3193 1875 3207 --ι
1905 3204 2002 3207 .___
2034 3204 2131 3207 μ--
2271 3198 2284 3207 -
2378 3198 2390 3207 .
2443 3199 2452 3207 .
2537 3196 2567 3207 Α
2623 3196 2640 3207 ς
3218 3196 3254 3207 ,ο
3543 3196 3554 3207 ι
3678 3186 3795 3207 κνμῗιί-

511 3190 729 3245 cunctis
768 3189 885 3243 Deo
932 3187 1135 3258 placita
1178 3187 1435 3241 misereri
1470 3203 1785 3254 censemus,
1815 3193 1877 3241 ut
1904 3204 2005 3241 nos
2032 3204 2134 3241 nec

499 3281 811 3356 juramenti
839 3285 1030 3336 teneat
1054 3281 1242 3335 cautio
1264 3297 1410 3348 reos,
1427 3297 1531 3335 nec
1560 3280 1954 3335 inhumanitas
1972 3280 2138 3334 faciat

508 3376 900 3433 exsecrandos.
931 3374 1237 3430 Occurrere
1263 3379 1415 3429 certe
1448 3374 1793 3429 miserorum
1822 3374 2007 3429 ruinis
2037 3374 2132 3429 de-

501 3473 600 3529 bet
630 3470 879 3525 subsidio
910 3468 1295 3541 unusquisque
1312 3485 1425 3540 quo
1456 3469 1767 3537 valet,etex
1783 3468 2134 3524 relevatione

506 3568 706 3621 alienae
733 3563 994 3618 vindictae
1022 3580 1053 3616 a
1080 3579 1138 3616 se
1168 3563 1263 3617 Dei
1297 3579 1559 3616 amovere
1604 3562 1912 3617 vindictam
1942 3579 1955 3629 ;
2001 3562 2138 3616 libat

509 3660 663 3715 enim
685 3657 924 3714 Domino
948 3672 1223 3727 prospera
1244 3656 1341 3727 qui
1366 3656 1435 3710 ab
1455 3655 1676 3711 afﬂictis
1696 3656 1859 3729 pellit
1881 3656 2131 3710 adversa.

507 3754 670 3809 Unde
700 3753 803 3807 Job
822 3752 1056 3822 jnvante
1082 3749 1361 3822 passionis
1402 3742 1769 3821 experientia,
1800 3750 2137 3821 impendens

505 3846 853 3920 patientibus
893 3844 1166 3917 passionis
1218 3860 1333 3898 sua:
1380 3843 1714 3914 patientiam
1762 3843 2133 3909 memorabat,

507 3958 736 3997 suarum
760 3939 1035 3994 virtutum
1062 3938 1379 4008 catalogum
1407 3943 1608 3991 texens
1638 3936 1792 3992 inter
1820 3943 2023 3993 caetera
2060 3937 2136 3991 sic

508 4034 825 4091 connectit:
852 4055 879 4083 ‹‹
910 4030 1231 4086 Benedictio
1260 4030 1497 4102 perituri
1530 4047 1703 4101 super
1726 4046 1818 4085 me
1847 4030 2134 4097 veniebat,

509 4136 563 4183 et
609 4146 707 4183 cor
747 4126 933 4180 viduae
979 4124 1298 4179 consolatus
1345 4141 1471 4179 sum
1521 4123 1649 4189 (Job.
1690 4139 1839 4191 xxix,
1874 4125 1977 4195 l3).
2013 4144 2040 4173 ››
2072 4124 2139 4178 Et

509 4222 680 4293 paulo
700 4224 859 4290 post:
884 4241 909 4268 «
929 4218 1153 4271 Flebam
1176 4217 1472 4287 quondam
1493 4232 1661 4287 super
1677 4232 1745 4271 eo
1777 4216 1877 4287 qui
1897 4217 2138 4272 afflictus

508 4317 648 4382 erat,
679 4319 734 4368 et
759 4310 1209 4382 compatiebatur
1236 4309 1429 4365 anima
1454 4326 1577 4363 mea
1600 4311 1837 4381 pauperi
1858 4309 1991 4383 (Job.
2012 4328 2134 4381 xxx,

508 4412 618 4479 23).
652 4428 679 4459 »
710 4407 849 4467 Hinc
893 4408 950 4458 et
973 4403 1240 4459 Salomon
1274 4419 1287 4456 :
1322 4424 1349 4450 ‹‹
1381 4404 1523 4457 Erue
1568 4419 1662 4457 eos
1710 4403 1810 4474 qui
1854 4405 2140 4461 ducuntur

2235 3198 2514 3251 absoluta.
2536 3196 2643 3251 Sed
2664 3213 2736 3250 ne
2756 3213 3054 3267 pravarum
3074 3196 3363 3250 mentium
3378 3196 3590 3248 versuta
3605 3186 3799 3260 nequitia

2237 3290 2617 3361 nosmetipsos
2634 3290 2703 3344 ad
2733 3289 2968 3361 perjurii
2992 3278 3344 3362 quandoque
3366 3288 3589 3344 devocet
3605 3283 3798 3355 culpam,

2234 3401 2341 3438 nec
2373 3400 2406 3438 a
2436 3388 2640 3438 sancta:
2667 3383 2799 3437 ﬁdei
2829 3384 3025 3455 regula
3058 3383 3204 3437 hanc
3248 3386 3461 3438 asserat
3505 3377 3674 3435 venire
3703 3388 3798 3428 sen-

2236 3478 2493 3546 tentiam,
2565 3480 2686 3531 tam
2750 3475 2953 3531 divinas
3015 3476 3369 3532 auctoritatis
3424 3472 3633 3531 oracula
3673 3482 3799 3541 quam

2237 3571 2679 3644 praecedentium
2722 3572 2952 3625 Patrum
2994 3573 3206 3625 asserta
3251 3570 3387 3625 huic
3433 3562 3708 3624 narrationi
3731 3576 3798 3614 cu-

2236 3666 2488 3721 ravimus
2535 3664 2902 3719 innectenda.
2954 3664 3175 3719 Etenim
3220 3660 3589 3719 immutabilis
3633 3653 3803 3713 deitatis

2237 3760 2371 3815 licet
2422 3758 2573 3813 dicta
2618 3759 2731 3813 sint
2774 3757 3117 3826 ﬁrmissima,
3166 3758 3372 3812 crebro
3415 3762 3600 3812 tamen
3640 3752 3736 3823 ejus
3765 3756 3803 3799 et

2229 3854 2561 3925 juramenta
2607 3851 2879 3923 leguntur
2924 3855 2979 3906 et
3020 3851 3384 3924 pmnitentia,
3433 3866 3553 3921 qua:
3588 3847 3638 3902 in
3677 3839 3803 3898 sacris

2237 3949 2465 4001 exstant
2485 3945 2769 4017 mysteriis
2796 3945 3084 4017 adoperta.
3113 3946 3311 4002 Jurare
3342 3959 3578 4016 namque
3604 3937 3686 3997 Dei
3704 3938 3765 3990 est
3782 3948 3804 3985 a

2238 4058 2297 4096 se
2339 4040 2662 4094 nullatenus
2716 4038 2977 4094 ordinata
3030 4039 3366 4110 convellere,
3414 4037 3668 4111 pcenitere
3706 4042 3803 4081 vero

2239 4131 2442 4189 eadem
2474 4132 2736 4187 ordinata
2784 4149 2912 4187 cum
2939 4129 3180 4187 voluerit
3208 4132 3532 4188 immutare.
3576 4129 3654 4185 Sic
3688 4122 3800 4178 enim

2237 4244 2339 4300 per
2381 4225 2722 4282 Hieremiam
2773 4225 2909 4281 dicit
2949 4243 2962 4281 :
3004 4226 3258 4298 Repente
3316 4210 3512 4299 loquar
3562 4221 3803 4277 adversum
3841 4232 3849 4245 ν

2238 4324 2495 4391 gentem,
2531 4325 2587 4374 et
2614 4320 2915 4374 adversum
2945 4336 3216 4392 regnum,
3249 4324 3316 4374 ut
3357 4319 3643 4381 eradicem,
3674 4316 3717 4364 et
3738 4306 3804 4361 δε·

2238 4419 2476 4481 struem,
2504 4416 2561 4468 et
2592 4412 2916 4485 disperdam
2951 4413 3112 4469 illud.
3164 4411 3217 4468 Si
3265 4412 3636 4485 paenitentiam
3669 4397 3803 4474 egerit

506 4503 578 4558 ad
604 4507 865 4569 mortem,
893 4505 947 4554 et
975 4497 1070 4571 qui
1100 4497 1410 4552 trahuntur
1457 4495 1525 4550 ad
1577 4496 1865 4552 interitum
1899 4498 2137 4555 liberare
2156 4507 2219 4579 Ι)
2239 4525 2381 4579 gens
2408 4508 2503 4561 illa
2530 4522 2700 4577 super
2729 4508 2876 4562 malo
2907 4523 3008 4562 suo
3039 4506 3194 4579 quod
3238 4507 3463 4563 locutus
3503 4520 3616 4559 sum
3651 4497 3802 4553 adver-

506 4614 581 4653 ne
608 4613 787 4652 cesses
816 4596 989 4663 (Prov.
1022 4606 1168 4662 xxxv,
1205 4591 1310 4660 Η).
1341 4612 1368 4641 ››
1415 4590 1625 4655 Quibus
1655 4597 1860 4647 sanctze
1888 4594 2129 4647 auctori-

506 4688 914 4745 tatisinstructi
941 4684 1200 4753 decretis,
1247 4701 1350 4740 nec
1390 4690 1647 4739 sanctum
1698 4702 1910 4741 nomen
1939 4688 2131 4758 profa-

508 4800 669 4839 nasse
715 4800 818 4837 nos
860 4785 1094 4847 constat,
1129 4780 1279 4851 quod
1328 4779 1654 4835 nullatenus
1682 4798 1786 4851 pro
1819 4781 2132 4835 sanandum

497 4881 595 4961 jus
625 4881 830 4931 nostrae
869 4873 1285 4945 praedicationis
1312 4873 1588 4943 insinuat,
1636 4880 1709 4942 et,
1758 4860 2133 4945 indulgentias

506 4970 811 5031 visceribus
875 4966 1179 5038 adapertis,
1246 4966 1379 5021 licet
1455 4968 1568 5022 oris
1640 4966 1727 5022 sui
1788 4968 2133 5039 professione

506 5063 757 5124 damnati
812 5061 1035 5116 difﬁcile
1088 5065 1417 5116 mereantur
1470 5061 1717 5129 absolvi,
1771 5061 1935 5132 juxta
1984 5063 2131 5134 quod

506 5162 777 5232 scriptum
828 5158 914 5210 est
949 5171 962 5209 :
1004 5153 1306 5224 «Sanguis
1350 5158 1478 5208 tuus
1526 5170 1695 5224 super
1736 5159 1904 5227 caput
1949 5162 2131 5224 tuum,

504 5273 566 5311 os
591 5254 743 5309 enim
775 5255 936 5304 tuum
966 5250 1217 5303 locutum
1258 5250 1339 5301 est
1396 5247 1697 5302 adversum
1718 5252 1774 5302 te
1797 5250 1901 5320 (III
1921 5252 2048 5317 Reg.
2074 5266 2131 5317 Il,

505 5353 614 5421 37);
646 5371 673 5397 ››
704 5350 761 5401 et
789 5346 995 5399 iterum
1025 5361 1041 5396 :
1080 5364 1105 5389 ‹‹
1137 5342 1212 5395 Ex
1238 5356 1334 5394 ore
1354 5343 1451 5395 tuo
1479 5342 1969 5411 condemnaberis,
1989 5346 2045 5396 et
2064 5360 2135 5398 ex

503 5460 599 5499 ore
631 5447 729 5497 tuo
749 5434 1147 5511 justiﬁcaberis
1182 5434 1396 5503 (Matth.
1435 5450 1529 5501 xu,
1557 5438 1666 5506 37),
1699 5457 1725 5483 ››
1774 5437 1961 5489 tamen
2014 5436 2130 5507 pie-

500 5538 628 5594 tatis
676 5533 903 5598 intuitu,
954 5535 1010 5584 et
1058 5527 1322 5600 parcendi
1367 5526 1513 5582 viam
1562 5528 1880 5601 pandimus,
1922 5535 1978 5584 et
2026 5531 2131 5585 mi-

500 5629 861 5685 sericordiam
903 5639 1306 5697 prorogamus;
1347 5622 1518 5692 hujus
1561 5640 1699 5677 sane
1750 5625 2135 5694 promissionis

497 5724 723 5779 incaute
742 5720 980 5775 crudam
995 5721 1407 5789 cruentamque
1435 5722 1757 5790 temperare
1773 5719 2132 5788 sententiam,

493 5816 589 5889 illa
619 5829 785 5887 quam
806 5811 1049 5867 maxime
1070 5809 1472 5883 compellimur
1487 5828 1672 5871 causa.
1702 5812 1853 5886 quod
1876 5812 2000 5868 hare
2023 5813 2135 5869 duo

2235 4618 2327 4655 sus
2347 4616 2497 4666 eam,
2523 4615 2693 4670 agam
2716 4604 2772 4654 et
2791 4612 2898 4671 ego
2919 4600 3314 4672 paenitentiam
3348 4614 3515 4672 super
3539 4593 3672 4652 malo
3694 4582 3803 4660 quod

2235 4692 2496 4764 cogitavi,
2538 4695 2604 4747 ut
2650 4693 2895 4750 facerem
2950 4693 3003 4749 ei
3053 4696 3176 4757 (Jer.
3206 4706 3362 4761 xvm,
3403 4698 3435 4748 7
3466 4698 3514 4748 et
3548 4692 3613 4761 8).
3645 4684 3700 4740 Et
3731 4691 3804 4752 ρετ

2233 4786 2578 4842 Ezechielem
2613 4803 2627 4842 :
2660 4810 2686 4837 ‹‹
2718 4788 2771 4843 Si
2802 4788 2999 4843 dixero
3028 4788 3183 4859 justo
3220 4788 3339 4843 viro
3380 4785 3527 4859 quod
3553 4780 3653 4837 vita
3676 4773 3801 4836 vim.

2236 4884 2293 4935 et
2317 4897 2624 4937 conversus
2641 4898 2673 4935 a
2692 4880 2912 4951 justitia
2930 4898 3028 4935 sua
3047 4880 3247 4937 fecerit
3269 4880 3638 4953 iniquitatem,
3656 4878 3803 4926 omnes

2227 4973 2464 5045 justitim
2510 4974 2632 5045 ejus
2674 4970 2944 5029 oblivioni
2975 4975 3292 5041 tradentur,
3340 4978 3397 5029 et
3440 4969 3708 5042 iniquitate
3732 4970 3803 5011 sua

2235 5085 2409 5140 quam
2439 5071 2703 5139 operatus
2721 5071 2808 5121 est
2828 5067 2885 5122 in
2904 5067 3027 5140 ipsa
3050 5068 3347 5124 morietur.
3369 5066 3420 5123 Si
3449 5067 3628 5120 autem
3651 5055 3802 5112 dixem

2234 5162 2410 5233 impio
2441 5179 2453 5216 :
2482 5162 2653 5217 Morte
2686 5160 2967 5230 morieris,
2987 5165 3043 5218 et
3060 5161 3246 5233 egerit
3275 5157 3644 5234 pcenitentiam
3662 5168 3688 5205 a
3705 5159 3799 5219 Ρεο·

2234 5257 2357 5310 cato
2390 5272 2512 5323 suo,
2557 5254 2671 5310 vita
2712 5254 2879 5324 vivet,
2910 5260 2967 5311 et
2994 5271 3110 5311 nou
3149 5255 3425 5311 morietur
3466 5247 3657 5323 (Ezech.
3687 5248 3800 5295 mu.

2235 5348 2303 5403 24
2332 5354 2384 5404 ct
2401 5350 2554 5420 scq.).
2586 5369 2613 5397 ››
2662 5348 2718 5404 Si
2761 5365 2898 5421 ergo
2943 5349 3135 5404 nostra
3182 5347 3470 5405 conversio
3508 5344 3577 5397 sic
3602 5334 3799 5394 divinam

2236 5447 2425 5497 mutat
2457 5442 2819 5512 sententiam,
2866 5459 2967 5497 cur
3002 5443 3344 5498 miserorum
3377 5444 3544 5495 tantae
3573 5436 3799 5500 lacrymtl‘v

2233 5536 2322 5591 vel
2348 5553 2615 5608 pressura
2644 5542 2761 5592 tam
2788 5537 3024 5593 crudam
3055 5553 3170 5592 non
3203 5535 3521 5607 temperant
3563 5544 3625 5582 ex
3666 5517 3799 5608 mist?

2234 5606 2455 5685 ratione
2500 5631 2855 5687 vindictam?
2899 5630 3038 5686 Hinc
3085 5631 3255 5686 etiam
3303 5606 3590 5683 Israelitico
3637 5606 3799 5689 ροριιῐο

2236 5740 2386 5795 sirpe
2440 5725 2576 5780 ultio
2620 5725 2902 5797 promissa
2937 5724 3317 5797 suspenditur,
3373 5723 3429 5776 et
3482 5709 3799 5797 Ninivitaruﬁl

2233 5816 2482 5893 perditio
2505 5794 2710 5875 divinae
2736 5794 3054 5876 sententiae—
3066 5814 3480 5892 permutatione
3505 5806 3724 5866 sedatur.
3750 5794 3800 5851 At
