3946 6180
142 338 223 406 se
1308 322 1778 401 timueramus!

141 472 249 509 vero
298 451 578 506 illustrium
624 450 858 505 laudum
927 451 1087 504 titulo
1161 452 1467 522 pra-clarus
1514 454 1712 507 auctor
1734 462 1788 535 Α

138 545 434 609 Ambrosius,
464 544 518 598 in
560 542 706 599 libro
740 544 810 597 de
858 542 1067 599 Ofﬁciis
1107 544 1317 615 primo,
1359 546 1594 616 hujusce
1626 545 1708 600 rei

138 658 275 696 causa
300 639 368 693 sic
398 637 642 709 loquitur
673 656 687 691 :
721 638 814 691 Est
841 637 1015 691 etiam
1054 644 1252 693 contra
1278 639 1526 693 ofﬁcium
1561 658 1706 693 nor.-

138 748 389 804 nunquam
435 731 771 801 promissum
835 735 1254 786 sacramentum
1296 732 1599 797 custodire,
1646 737 1710 786 ut

137 826 374 892 Herodes,
426 824 519 895 qui
563 824 773 893 juravit
822 824 1096 896 quoniam
1143 825 1422 896 quidquid
1468 826 1710 895 petitura

137 923 271 986 esset,
296 918 441 972 daret
470 916 599 971 ﬁlias
628 917 964 972 Herodiadis
990 923 1046 973 et
1072 934 1267 973 necem
1297 919 1531 973 Joannis
1560 936 1706 990 prai—

136 1012 264 1078 stitit,
287 1028 348 1064 ne
372 1010 704 1081 promissum
722 1011 1035 1082 denegaret
1060 1011 1252 1081 (Marc.
1279 1028 1355 1079 v1,
1384 1016 1451 1067 22
1480 1017 1529 1066 et
1551 1013 1707 1082 seq.).

135 1107 241 1160 Nam
274 1105 335 1159 de
367 1104 560 1174 Iephte
590 1104 726 1174 quid
758 1104 945 1158 dicam
970 1104 997 1158 ‘?
1028 1104 1134 1169 Qui
1167 1105 1483 1159 immolavit
1511 1106 1707 1172 tiliam,

134 1216 232 1269 qua:
272 1197 362 1250 sibi
416 1196 609 1251 victori
659 1197 909 1268 primum
960 1204 1305 1261 occurrerat,
1356 1216 1470 1269 quo
1516 1203 1708 1253 votum

133 1292 351 1363 impleret
376 1290 522 1361 quod
547 1291 939 1361 spoponderat
960 1295 1024 1345 ut
1042 1292 1316 1362 quidquid
1338 1292 1440 1345 sibi
1462 1292 1707 1363 primum

135 1384 454 1451 occurrisset,
506 1383 737 1437 offerret
784 1385 900 1438 Deo
966 1386 1157 1449 (Judic.
1210 1402 1281 1451 ιι,
1342 1388 1409 1439 3i
1453 1391 1504 1440 et
1552 1386 1705 1455 seq.).

132 1477 283 1531 Melius
311 1477 484 1530 fuerat
529 1476 669 1531 nihil
722 1477 835 1531 tale
872 1478 1226 1547 promittere,
1259 1495 1431 1549 quam
1462 1479 1707 1549 promis-

134 1587 230 1622 sum
250 1569 448 1623 solvere
471 1569 797 1640 parricidio.
825 1571 961 1623 Item
984 1570 1042 1624 in
1060 1570 1205 1625 libro
1227 1572 1394 1625 tertio
1418 1589 1429 1625 :
1459 1573 1708 1625 Primum

133 1680 236 1732 ergo
252 1663 518 1717 sincerum
540 1667 764 1734 oportet
790 1680 909 1717 esse
935 1663 1218 1729 affectum,
1241 1667 1297 1717 et
1319 1665 1708 1736 unusquisque

133 1756 393 1827 simplicem
422 1773 751 1811 sermonem
783 1757 1050 1827 proferat,
1084 1774 1178 1811 vas
1220 1775 1381 1812 suum
1412 1758 1468 1811 in
1501 1759 1705 1813 sancti-

133 1853 221 1902 tate
249 1850 527 1920 possideat,
561 1866 663 1904 nec
688 1851 919 1905 fratrem
957 1851 1475 1923 circumscriptione
1509 1853 1704 1905 verbo-
1729 1835 1786 1905 Β

134 1960 231 1996 rum
254 1944 483 2009 seducet,
516 1944 660 1997 nihil
692 1944 985 2014 promittat
1011 1944 1403 2012 inhonestum,
1425 1962 1487 1998 ac
1515 1945 1556 1999 si
1586 1962 1711 2016 pro-

132 2035 342 2103 miserit,
402 2037 755 2091 tolerabilius
801 2043 881 2091 est
929 2039 1274 2109 promissum
1331 2056 1442 2093 non
1506 2040 1707 2107 facere,

132 2146 265 2198 quam
289 2130 464 2183 facere
490 2130 646 2201 quod
669 2136 838 2203 turpe
866 2131 956 2185 sit.
980 2132 1137 2203 Saepe
1158 2133 1415 2202 plerique
1437 2132 1713 2186 constrin-

130 2227 241 2291 gunt
263 2239 313 2276 se
351 2223 678 2293 jusjurandi
706 2230 1083 2291 sacramento,
1112 2229 1169 2278 et
1195 2242 1324 2279 eum
1360 2225 1467 2296 ipsi
1499 2242 1708 2297 cogno-

127 2316 274 2369 verint
298 2317 756 2388 promittendum
784 2334 897 2372 non
924 2318 1120 2387 fuisse,
1150 2319 1493 2373 sacramenti
1520 2322 1711 2373 tamen

128 2410 564 2480 contemplatione
588 2412 805 2466 faciunt
832 2412 984 2482 quod
1013 2412 1442 2483 spoponderint,
1475 2412 1619 2466 sicut
1645 2414 1713 2467 de

128 2502 309 2557 Herode
357 2505 895 2576 suprascripsimus,
950 2505 1046 2577 qui
1095 2506 1362 2560 saltatriei
1408 2507 1710 2577 praemium

127 2595 325 2667 turpiter
363 2598 652 2669 promisit,
683 2599 991 2653 crudeliter
1034 2600 1213 2669 solvit,
1246 2605 1411 2670 turpe
1454 2607 1537 2653 est
1563 2600 1713 2671 quod

128 2706 324 2759 regnum
372 2709 472 2762 pro
525 2692 831 2747 saltatione
874 2693 1250 2764 promittitur,
1292 2694 1518 2748 crudele
1561 2694 1714 2764 quod

129 2799 248 2837 mors
307 2802 403 2856 pro
472 2787 729 2857 professa
762 2786 1135 2857 jurisjurandi
1188 2787 1463 2858 religione
1528 2787 1712 2842 datur.

125 2877 306 2939 Quanto
348 2879 701 2934 tolerabilius
746 2882 856 2934 tale
917 2880 1116 2934 fuisset
1164 2881 1477 2952 perjurium
1528 2898 1711 2937 sacra-

126 2974 315 3027 mento?
340 2976 402 3029 Et
428 2990 618 3045 pauca
661 2974 730 3027 de
781 2975 984 3044 Jephte
1022 2974 1314 3045 disputans
1345 2992 1358 3028 :
1390 2974 1716 3029 Miserabilis

125 3066 379 3121 necessitas
405 3084 539 3138 quae
567 3067 801 3121 solvitur
829 3067 1148 3138 parricidio.
1180 3067 1373 3122 Melius
1400 3072 1485 3122 est
1512 3072 1710 3123 votum

125 3174 214 3213 non
237 3161 440 3215 solvere
467 3178 650 3233 quam
703 3161 780 3227 id,
814 3161 968 3233 quod
998 3161 1104 3215 sibi
1150 3161 1196 3215 is
1228 3162 1320 3216 cui
1364 3162 1717 3232 promittitur

124 3251 233 3306 nolit
246 3255 427 3309 exolvi.
446 3257 515 3309 Et
530 3260 661 3325 post
684 3255 1009 3326 paululum:
1029 3256 1147 3309 Non
1161 3272 1388 3327 semper
1404 3255 1577 3325 igitur
1593 3273 1718 3327 pro-

125 3346 259 3401 missa
284 3349 552 3403 solvenda.
574 3349 764 3403 omnia
790 3354 941 3403 sunt.
972 3348 1226 3419 Denique
1254 3348 1371 3419 ipse
1398 3350 1718 3417 Deus,sicut

122 3438 363 3511 Scriptura
380 3442 959 3513 indicat,frequenter
976 3446 1157 3497 mutat
1178 3459 1336 3495 suam
1351 3443 1714 3497 sententiam.

176 3533 253 3588 Vir
274 3552 496 3607 quoque
526 3535 923 3590 sanctissimus
944 3536 1313 3607 Augustinus,
1331 3537 1717 3607 vestigationis

123 3631 343 3683 acumine
387 3635 616 3699 cautus,
662 3629 987 3684 inveniendi
1027 3634 1147 3684 arte
1184 3629 1520 3701 praecipuus,
1564 3648 1715 3685 asse-

120 3720 249 3776 rendi
291 3724 447 3795 copia
490 3723 789 3796 proﬂuus,
839 3724 1182 3795 eloquentiae
1237 3724 1377 3778 flore
1428 3728 1716 3789 venustus,

121 3815 370 3884 sapientia:
402 3820 596 3872 fructu
629 3818 930 3885 fecundus,
963 3818 1086 3872 haec
1115 3818 1175 3871 in
1217 3819 1331 3871 suis
1363 3823 1552 3873 narrat
1584 3819 1715 3872 atl‘a-
1754 3880 1763 3887 _

122 3908 240 3963 tibus
290 3927 302 3963 :
346 3912 464 3966 Duo
519 3917 658 3966 sunt
712 3911 949 3966 omnino
1008 3929 1218 3983 genera
1266 3912 1717 3980 mendaciorum,

121 4000 165 4054 in
199 4004 386 4074 quibus
428 4023 548 4061 non
599 4022 817 4077 magna
859 4006 1021 4077 culpa
1077 4011 1180 4074 est,
1228 4006 1327 4061 sed
1367 4010 1562 4061 tamen
1607 4023 1721 4060 non

121 4097 317 4152 estsine
356 4101 526 4172 culpa
571 4116 705 4153 cum
745 4103 842 4153 aut
880 4100 1176 4170 jocamur;,
1225 4103 1323 4153 aut
1350 4099 1721 4172 promisimus

122 4190 420 4261 mentimur;
462 4194 603 4248 illud
644 4192 898 4265 primum
940 4193 997 4247 in
1033 4194 1282 4264 jocando
1326 4211 1439 4247 non
1473 4198 1556 4248 est
1594 4211 1721 4265 per-

123 4282 547 4357 niciosissimum,
579 4286 718 4357 quia
755 4303 871 4340 non
922 4286 1084 4355 fallit,
1117 4288 1274 4341 novit
1302 4287 1456 4340 enim
1502 4287 1593 4340 ille
1635 4286 1723 4341 cui

124 4374 295 4433 dicitur
326 4382 442 4451 joci
492 4397 669 4436 causa
717 4396 836 4435 esse
891 4381 1126 4447 dictum,
1174 4381 1485 4436 secundum
1532 4384 1724 4434 autem

121 4469 276 4526 minus
304 4480 404 4541 est,
446 4474 583 4529 ideo
614 4473 745 4545 quia
775 4474 988 4529 retinet
1011 4474 1342 4529 nonnullam
1384 4474 1721 4529 benevolen-

1737 3205 1791 3278 C

1816 326 2205 399 eunucho.
3329 342 3355 403 ἐς
3375 350 3383 404 l
3401 354 3431 401 ε)

1813 451 1912 505 das
1946 452 2219 505 versutias
2249 452 2455 506 utiliter
2494 455 2609 517 ﬁat,
2659 460 2719 507 ut
2772 471 2899 507 cum
2946 470 3110 509 mens
3144 456 3351 511 minori
3384 464 3442 511 et

1812 546 2062 600 maxime
2090 552 2320 616 peccato
2343 547 2772 617 constringitur,
2798 548 2841 601 si
2863 549 3097 602 omnino
3122 551 3307 603 nullus
3328 552 3445 605 sine

1809 642 2042 709 peccato
2072 639 2258 693 aditus
2299 640 2573 694 evadendi
2605 645 2777 710 patet,
2812 641 3036 695 minora
3081 658 3306 714 semper
3342 645 3439 698 eli-

1812 737 2037 801 gantur,
2079 733 2214 803 quia
2264 737 2320 786 et
2366 732 2460 803 qui
2505 749 2801 787 murorum
2849 735 3068 789 ambitu
3120 754 3189 790 ne
3236 737 3438 805 fugiat,

1812 825 2107 891 clauditur,
2142 825 2219 878 ibi
2264 843 2321 877 se
2368 826 2423 879 in
2471 826 2664 895 fugam
2709 826 3046 897 prmcipitat,
3083 829 3175 882 ubi
3217 830 3444 885 brevior

1811 933 2009 971 murus
2036 918 2341 972 invenitur.
2371 918 2556 972 Nostri
2585 935 2811 989 quoque
2837 920 3025 973 saeculi
3055 922 3267 988 doctor,
3286 939 3444 993 egre-

1813 1011 1938 1081 gius
1977 1012 2233 1065 Eeclesim
2266 1012 2558 1066 catholicae.
2599 1012 2962 1066 novissimum
3006 1013 3192 1083 decus,
3224 1032 3438 1087 praece-

1811 1104 2073 1158 dentibus
2108 1110 2273 1158 zetate
2326 1110 2667 1176 postremus,
2709 1104 2981 1159 doctrinae
3014 1109 3440 1177 comparatione

1810 1213 1927 1251 non
1946 1198 2194 1263 intimus,
2213 1200 2470 1268 atque,et
2486 1199 2635 1269 quod
2649 1199 2833 1268 majus
2854 1203 2955 1263 est,
2968 1200 3090 1269 jam
3107 1202 3445 1257 saeculorum

1810 1290 2105 1344 ﬁnitorum
2137 1291 2515 1351 doctissimus.
2546 1308 2675 1345 cum
2706 1292 3024 1345 reverentia
3059 1294 3444 1348 nominandus

1814 1383 2054 1437 Isidorus
2084 1384 2140 1437 in
2168 1384 2312 1437 libro
2345 1384 2781 1451 sententiarum,
2802 1386 3045 1439 secundo
3067 1387 3188 1440 hzec
3216 1404 3318 1457 pro
3344 1389 3446 1442 tali

1810 1483 2004 1531 narrat
2025 1477 2252 1543 negotio
2277 1495 2290 1530 :
2312 1478 2435 1531 Non
2456 1480 2542 1530 est
2562 1478 3006 1532 conservandum
3030 1486 3444 1534 sacramentum

1810 1570 1962 1641 quod
1990 1570 2134 1623 male
2169 1577 2225 1623 et
2252 1571 2474 1623 incaute
2504 1570 2878 1640 promittitur,
2910 1573 3061 1625 velut
3089 1573 3134 1625 si
3164 1574 3443 1644 quispiam

1809 1662 2080 1716 adulterze
2099 1669 2438 1733 perpetuam
2457 1681 2589 1717 cum
2608 1681 2675 1717 ea
2692 1666 3062 1733 permanendi
3090 1666 3258 1719 ﬁdem
3277 1668 3442 1737 polli-

1811 1762 2025 1810 ceatur.
2048 1756 2418 1810 Tolerabilius
2446 1762 2528 1810 est
2547 1757 2699 1810 enim
2722 1774 2836 1810 non
2861 1758 3095 1828 implere
3118 1776 3441 1815 sacramen-

1810 1853 1931 1902 tum
1961 1866 2135 1919 quam
2163 1866 2505 1919 permanere
2530 1849 2585 1903 in
2623 1850 2800 1920 stupri
2825 1850 3058 1919 flagitio.
3084 1851 3355 1906 Similiter
3385 1854 3441 1907 in

1812 1942 2177 2013 Synonymis:
2197 1945 2253 1996 In
2269 1943 2432 1995 malis
2445 1943 2739 2014 promissis
2750 1943 3006 1996 rescinde
3022 1945 3276 2011 ﬁdem,in
3292 1948 3444 2016 turpi

1810 2039 1939 2089 voto
1965 2040 2125 2089 muta
2153 2035 2467 2104 decretum,
2492 2036 2643 2107 quod
2674 2036 2895 2090 incaute
2924 2037 3141 2101 vovisti,
3168 2039 3341 2110 impia
3362 2044 3448 2094 est

1811 2127 2112 2200 promissio
2126 2145 2253 2199 quae
2273 2128 2482 2181 scelere
2500 2128 2863 2198 adimpletur.
2881 2130 3009 2181 "(PC
3021 2130 3089 2183 de
3107 2132 3274 2184 sacris
3289 2134 3446 2203 pagi-

1811 2222 1898 2276 nis
1920 2221 2358 2292 auctoribusque
2378 2222 2680 2292 prmcipuis
2694 2222 3025 2276 brevissime
3050 2224 3284 2278 sufﬁciat
3302 2243 3445 2296 prm-

1813 2315 2037 2369 libasse.
2056 2316 2197 2368 Nam
2227 2315 2471 2385 plurima
2494 2314 2759 2385 colligere
2780 2315 2983 2385 poterit
3003 2317 3099 2387 qui
3122 2318 3241 2371 haec.
3266 2326 3445 2373 atten-

1813 2410 1924 2462 tius
1954 2408 2192 2479 legendo
2222 2409 2528 2479 quresierit.
2548 2409 2829 2462 Caeterum
2860 2408 3065 2480 quibus
3088 2412 3209 2464 haec
3238 2429 3446 2483 nequa-

1815 2517 1988 2573 quam
2002 2501 2398 2562 sufﬁeiunt,vel
2416 2501 2537 2554 haec
2551 2505 2779 2555 sumant
2793 2518 2923 2556 eum
2937 2502 3077 2557 rubo
3088 2520 3143 2557 re
3157 2504 3444 2559 silentium

1814 2595 1910 2665 qui
1933 2599 2091 2666 optat
2111 2595 2213 2647 Vas
2234 2594 2528 2648 electionis
2561 2595 2870 2649 anathema
2902 2613 3021 2649 esse
3043 2613 3075 2649 a
3100 2598 3321 2651 Christo
3344 2616 3444 2669 pro

1814 2688 2087 2742 fratribus
2109 2688 2222 2745 suis
2249 2704 2421 2758 quam
2448 2688 2760 2759 perdurare
2782 2689 3106 2743 crudelibus
3128 2690 3181 2744 in
3206 2691 3442 2747 delictis.

1890 2783 1978 2836 Ill.
1993 2782 2177 2835 Tertio
2200 2782 2654 2835 ratiocinationis
2676 2782 2925 2853 alloquio
2944 2782 3229 2837 doluimus
3249 2790 3447 2841 contra

1816 2875 2008 2947 priora
2037 2876 2256 2929 monita
2282 2878 2510 2931 Patrum
2536 2880 2683 2941 vota,
2700 2876 3174 2945 perniciosissima
3190 2886 3442 2949 postero-

1816 2985 1966 3037 rum,
1999 2985 2129 3023 nam
2157 2972 2373 3039 quanto
2405 2969 2763 3039 frequentius
2796 2969 2873 3023 illi
2904 2969 3077 3024 noxia
3121 2974 3443 3040 vetuerunt,

1816 3067 1973 3117 tanto
1996 3062 2296 3117 studiosius
2324 3061 2413 3115 isti
2441 3066 2767 3133 perpetrare
2795 3064 2963 3117 vetita
2988 3081 3098 3118 non
3127 3065 3444 3135 quiescunt.

1818 3155 2020 3226 Sicque
2048 3172 2150 3226 per
2178 3156 2526 3210 contrarium
2555 3157 2704 3227 quod
2734 3156 2956 3227 penitus
2985 3158 3316 3213 occumbere
3349 3161 3447 3215 de-

1817 3249 1958 3316 buit,
1990 3250 2258 3304 insultare
2290 3267 2401 3303 non
2436 3249 2663 3317 desinit,
2686 3257 2741 3305 et
2771 3269 2863 3304 res
2889 3268 3016 3323 quae
3044 3255 3125 3306 tot
3154 3253 3332 3308 excisa
3357 3255 3452 3309 de-

1818 3343 1985 3397 cretis
2022 3360 2273 3397 arescere
2324 3342 2525 3414 potuit,
2552 3344 2623 3398 ad
2649 3344 2827 3398 vicem
2859 3346 3073 3399 Lernaei
3130 3348 3325 3417 capitis
3372 3350 3451 3417 (ut

1817 3437 2010 3491 ferunt
2034 3438 2258 3506 fabulae)
2288 3441 2545 3490 truncata
2574 3437 2816 3492 virescit.
2847 3438 3104 3509 Denique
3136 3440 3287 3510 quod
3333 3459 3447 3495 non

1819 3531 1938 3584 sine
1965 3547 2177 3601 magno
2204 3530 2395 3583 dolore
2420 3530 2723 3584 dicendum
2747 3531 3232 3601 est,reperiuntur
3256 3551 3450 3605 quam-

1819 3624 2051 3696 plurimi
2085 3624 2315 3695 negotio
2349 3624 2600 3678 muneris
2626 3624 2866 3695 perituri
2894 3625 3135 3679 mercari
3162 3627 3301 3681 velle
3329 3645 3450 3700 gra-

1819 3718 1955 3771 tiam
1981 3718 2219 3789 Spiritus
2238 3718 2436 3785 sancti,
2454 3717 2588 3772 dum
2603 3718 2695 3771 ille
2714 3718 3018 3789 praemium
3036 3720 3301 3792 donat,ut
3316 3741 3452 3793 pon-

1820 3812 2041 3865 tiﬁcalis
2068 3811 2279 3865 ordinis
2308 3811 2394 3865 sui
2442 3811 2683 3865 sublime
2713 3811 2937 3866 culmen
2969 3813 3207 3883 accipiat
3242 3816 3450 3869 oblitus

1820 3904 2119 3958 verborum
2141 3903 2290 3959 Petri
2315 3904 2411 3975 qui
2431 3904 2570 3958 dixit
2590 3904 2659 3957 ad
2687 3904 2975 3959 Simonem
2998 3923 3010 3959 :
3038 3925 3063 3955 ‹‹
3088 3907 3333 3962 Pecunia
3352 3914 3452 3963 tua

1822 4002 2010 4053 tecum
2033 3998 2105 4052 sit
2119 3998 2188 4052 ad
2202 3997 2610 4069 perditionem,
2627 3998 2897 4070 quoniam
2916 3999 3131 4053 donum
3145 4000 3239 4054 Dei
3264 4002 3455 4057 existi-

1826 4092 1990 4146 masti
2010 4109 2113 4163 per
2135 4092 2431 4163 pecuniam
2445 4091 2727 4163 possidere
2746 4093 2887 4162 (Act.
2913 4110 3028 4159 vui,
3048 4096 3194 4162 20).«
3216 4096 3451 4151 Proinde

1823 4188 1958 4259 quia
1978 4191 2034 4240 et
2054 4186 2325 4239 usitatum
2348 4192 2432 4240 est
2459 4190 2647 4240 tamen
2673 4186 2907 4255 malum,
2933 4193 2990 4241 et
3020 4188 3307 4259 majorum
3336 4191 3451 4245 frc-

1824 4286 2063 4353 quenter
2082 4283 2299 4334 constat
2320 4297 2592 4334 mucrone
2619 4281 2920 4349 succisum,
2946 4299 3048 4336 nos
3070 4298 3296 4355 quoque
3322 4284 3456 4340 huic

1824 4374 2045 4428 vulneri
2076 4391 2378 4429 canceroso
2407 4374 2653 4445 ignitum
2671 4372 2827 4446 quod
2844 4380 3103 4446 superest
3121 4378 3307 4433 adhuc
3331 4378 3459 4450 inji-

1824 4467 2004 4521 cimus
2048 4467 2285 4534 ferrum,
2315 4468 2684 4523 decernentes
2732 4469 2985 4536 omnino,
3028 4477 3091 4525 ut
3131 4471 3457 4545 quicunque

121 4561 251 4619 tiam.
279 4566 431 4622 Idem
462 4569 627 4641 ipse:
658 4569 779 4621 Non
806 4569 1028 4623 auferat
1052 4568 1271 4640 (inquit)
1296 4568 1495 4623 veritas
1515 4567 1728 4622 miseri-
1746 4575 1805 4647 D
1831 4559 2095 4632 deinceps
2109 4565 2345 4631 propter
2362 4561 2749 4632 accipiendam
2774 4564 3071 4617 sacerdotii
3091 4564 3453 4637 dignitatem,

122 4658 469 4727 cordiam,nec
486 4661 872 4717 misericordia
893 4661 1166 4734 impediat
1186 4662 1554 4727 veritatem,si
1572 4664 1724 4717 enim

120 4755 566 4821 proveritate,aut
582 4756 745 4826 quasi
758 4755 944 4827 rigida
956 4756 1190 4810 veritate
1210 4756 1416 4811 oblitus
1434 4756 1607 4811 fueris
1624 4755 1728 4810 mi-

120 4844 475 4919 sericordiam,
493 4866 615 4904 non
637 4850 956 4904 ambulabis
980 4850 1037 4903 in
1059 4849 1147 4904 via
1161 4850 1478 4919 Domini,in
1494 4867 1605 4921 qua
1626 4850 1730 4904 mi-

122 4939 394 4997 sericordia
412 4948 471 4998 et
491 4944 703 4997 veritas
717 4944 1083 4999 obviaverunt
1105 4944 1212 4999 sibi
1234 4945 1401 5013 (Psal.
1422 4961 1601 5013 xxxrx,
1624 4945 1725 5014 l2).

124 5026 285 5106 124
317 5037 522 5093 Beatus
553 5038 726 5091 etiam
758 5053 907 5109 papa
932 5038 1255 5108 Gregorius,
1280 5042 1337 5092 et
1362 5038 1490 5092 vita:
1512 5037 1730 5091 meritis

123 5121 481 5199 honorandus,
531 5136 703 5201 atque
752 5131 810 5184 in
860 5131 1060 5185 ethicis
1127 5131 1535 5185 assertionibus
1586 5146 1730 5201 pene

124 5221 308 5276 cnuctis
339 5224 546 5280 merito
567 5224 980 5296 praeferendus,
1006 5225 1082 5277 sic
1104 5224 1160 5278 in
1182 5224 1339 5278 libris
1360 5224 1531 5278 infert
1549 5239 1732 5279 mora-

122 5308 245 5366 libus
279 5333 290 5369 :
316 5318 458 5379 Quia
488 5334 630 5383 ergo
655 5318 931 5371 Beemoth
963 5319 1066 5373 iste
1094 5325 1211 5372 tam
1242 5317 1732 5389 inexplicabilibus

126 5407 281 5462 modis
308 5410 542 5482 ligatur,
562 5415 622 5465 ut
642 5412 979 5483 plerumque
1004 5429 1164 5466 mens
1189 5412 1246 5466 in
1276 5412 1447 5467 dubio
1471 5411 1729 5477 adducta,

126 5500 251 5554 unde
282 5519 339 5556 se
364 5520 395 5556 a
426 5505 598 5575 culpa
637 5506 850 5559 solvere
899 5505 1116 5573 nititur,
1152 5505 1283 5559 inde
1312 5507 1477 5576 culpa
1526 5505 1735 5559 arctius

127 5590 462 5662 astringatur,
499 5597 653 5648 recte
694 5594 942 5648 dicitur:
988 5594 1149 5648 Nervi
1180 5594 1565 5648 testiculorum
1613 5594 1734 5664 ejus

129 5684 351 5753 perplexi
392 5690 551 5752 sunt,
576 5693 908 5759 argumenta
954 5704 1198 5759 namque
1244 5687 1735 5741 machinationum

131 5770 275 5843 illius,
297 5796 409 5851 quo
434 5780 621 5850 magis
649 5783 977 5836 relaxantur
1005 5786 1064 5836 ut
1087 5782 1428 5853 relinquant,
1457 5798 1525 5835 eo
1550 5781 1736 5852 magis

131 5864 471 5941 implicantur
496 5879 565 5928 ut
585 5881 831 5931 teneant.
850 5877 942 5931 Est
968 5882 1153 5931 tamen
1178 5876 1327 5949 quod
1356 5878 1423 5932 ad
1449 5876 1737 5930 destruen-

1828 4654 2123 4727 quodlibet
2150 4654 2454 4726 pra-mium
2485 4653 2655 4709 fuerit
2682 4655 2935 4709 detectus
2964 4657 3253 4729 obtulisse,
3273 4678 3341 4715 ex
3369 4680 3461 4718 eo-

1830 4750 1956 4805 dem
1978 4754 2237 4818 tempore
2260 4764 2319 4801 se
2346 4746 2591 4816 noverit,
2609 4748 2985 4803 anathematis
3004 4753 3309 4823 opprobrio
3332 4773 3461 4812 con-

1829 4843 2159 4898 demnatum
2191 4845 2361 4913 atque
2406 4841 2841 4912 participatione
2886 4844 3091 4899 Christi
3127 4851 3377 4919 corporis
3404 4857 3460 4907 et

1832 4935 2124 5007 sanguinis
2151 4936 2426 5005 alienum,
2455 4952 2523 4989 ex
2552 4952 2665 5006 quo
2696 4934 2857 4990 illum
2876 4942 3091 4993 constat
3121 4946 3460 5001 exsecrabile

1830 5030 2040 5087 Christi
2058 5034 2415 5100 perpetrasse
2443 5028 2740 5100 flagitium.
2761 5031 2922 5097 Quod
2950 5032 2993 5085 si
3014 5034 3214 5106 aliquis
3229 5040 3457 5094 exstite~

1831 5126 1924 5193 rit,
1944 5124 2041 5196 qui
2062 5128 2309 5191 accuset,
2332 5123 2426 5177 ille
2445 5123 2543 5194 qui
2562 5123 2711 5177 hunc
2737 5125 2992 5180 ordinem
3020 5143 3325 5185 munerum
3345 5134 3459 5187 fue~

1832 5225 1920 5274 rat.
1934 5218 2259 5290 acceptione
2276 5218 2543 5282 lucratus,
2558 5221 2615 5270 et
2632 5224 2888 5289 suscepto
2907 5219 3138 5276 honoris
3150 5225 3333 5295 gradu
3347 5229 3459 5297 pri-

1833 5312 2154 5379 vetur,'etin
2171 5311 2516 5365 monasterio
2540 5311 2643 5365 sub
2660 5311 2899 5382 perenni
2914 5315 3245 5384 poenitentia
3258 5320 3462 5387 relige-

1831 5412 1946 5473 tur,
1965 5406 2042 5459 illi
2066 5421 2194 5459 vero
2214 5405 2308 5476 qui
2331 5405 2434 5459 hac
2456 5422 2620 5459 causa
2642 5422 2946 5460 munerum
2969 5413 3350 5479 acceptatores
3372 5431 3461 5469 ex—

1835 5499 2100 5565 stiterint,
2117 5498 2161 5552 si
2187 5498 2370 5552 clerici
2388 5498 2599 5552 fuerint
2622 5499 2853 5553 honoris
2870 5499 3169 5554 amissione
3184 5519 3235 5555 m
3247 5504 3459 5563 ulcten-

1836 5594 2008 5647 tut-.Si
2021 5592 2680 5660 verolaiei,analhemate
2693 5595 2970 5663 perpetuo
2985 5593 3457 5660 condemnentur.

1913 5688 1991 5740 lV.
2015 5687 2240 5749 Quarta:
2262 5685 2725 5756 congregationis
2752 5689 2955 5738 eventu
2984 5685 3180 5741 obvius
3210 5706 3330 5748 sese
3355 5713 3454 5751 no-

1836 5779 1922 5833 bis
1948 5779 2138 5833 intulit
2164 5778 2501 5850 pontiﬁcalis
2530 5777 2794 5831 culminis
2816 5779 3017 5849 lapsus,
3040 5783 3311 5851 quoniam
3329 5795 3461 5849 ante

1839 5873 1974 5929 ﬂere
2012 5888 2181 5945 quam
2222 5872 2522 5945 disponere
2550 5871 2827 5942 compulsi
2866 5888 2932 5926 ex
2982 5873 3181 5933 ordine
3227 5899 3456 5965 sumus;
