3946 6180
502 280 595 339 illi

1389 280 1675 338 APPEND.
1717 283 1803 338 AD
1841 284 2002 340 S/EC.
2043 281 2132 338 IX.
2162 312 2231 323 -——
2269 283 2513 340 lSlDORl
2552 283 2974 340 MERCATOBIS
3683 296 3757 350 ὃῑέ

504 412 636 447 nam
685 394 818 447 dum
863 392 1173 447 secundum
1223 391 1408 445 carnis
1457 395 1758 463 assumpta:
1800 392 2129 464 mysterium
2153 404 2211 477 Α
2303 393 2411 447 VII.
2442 392 2710 464 Septimac
2747 389 3072 447 assertionis
3094 407 3315 447 accessu
3341 392 3467 449 adiit
3490 401 3661 451 coetum
3686 418 3762 454 no-

503 486 763 540 Eeclesia:
790 502 905 539 sua:
925 486 1098 539 fuerit
1120 484 1389 556 dignatus
1409 490 1575 556 caput
1593 485 1837 539 existere
1858 485 2127 553 Christus,

502 580 705 635 merito
732 580 790 633 in
812 578 1085 633 membris
1109 578 1229 649 ejus
1254 578 1497 633 intentio
1520 579 1917 650 episcoporum
1944 578 2132 633 ofﬁcia

502 689 779 745 peragere
802 672 1053 727 cernitur
1080 672 1397 726 oculorum.
1417 671 1530 742 Ipsi
1560 672 1713 727 enim
1744 672 1813 726 de
1846 672 2133 726 sublimio-

500 768 660 822 ribus
685 764 1018 821 celsitudine
1047 764 1263 820 ordinis
1304 770 1530 835 regunt,
1561 769 1619 818 et
1658 766 1970 836 disponunt
1999 766 2130 820 sub-

493 863 675 934 jeclas
703 859 1094 915 multitudines
1120 859 1400 930 plebium;
1430 859 1583 912 unde
1611 865 1825 930 quanto
1855 859 1959 931 ipsi
1986 859 2133 913 ﬁunt

502 958 785 1021 ductores,
817 956 978 1007 tanto
1010 952 1340 1007 meritorum
1386 953 1605 1007 lumine
1648 952 1859 1007 debent
1894 953 2129 1023 praeful-

504 1067 661 1121 gere,
690 1050 1042 1120 quapropter
1071 1062 1268 1101 omnes
1295 1046 1541 1118 episcopi
1569 1047 1716 1101 inter
1735 1052 1937 1101 cmtera
1954 1046 2129 1100 virtu-

505 1147 626 1198 tum
648 1146 981 1196 ornamenta
1007 1140 1191 1194 nitore
1219 1139 1401 1194 carnis
1422 1140 1631 1195 debent
1656 1141 1994 1211 propensius
2019 1139 2134 1195 eni-

503 1242 647 1303 tere,
663 1239 729 1290 ut
742 1252 809 1288 ex
828 1235 933 1288 hoc
952 1234 1249 1289 audientes
1266 1233 1609 1288 munditiam
1622 1237 1914 1305 appetant,
1933 1251 2001 1288 ex
2017 1249 2131 1305 quo

506 1333 764 1386 doctores
789 1327 1154 1382 immunditia
1184 1345 1300 1382 non
1329 1328 1616 1398 deturpat,
1645 1328 1786 1381 adeo
1817 1332 1882 1381 ut
1907 1327 1949 1381 si
1974 1326 2130 1382 dein-

505 1441 638 1495 ceps
669 1421 917 1494 episcopi
950 1421 1156 1475 detecti
1185 1421 1399 1475 fuerint
1434 1420 1876 1475 exsecrabilibus
1906 1421 2134 1491 ﬂagitiis

508 1535 639 1573 eum
670 1515 1016 1588 quibuslibet
1033 1514 1259 1569 feminis
1289 1513 1569 1585 pollui,ac
1596 1513 1861 1567 familiari
1892 1514 2136 1585 peculia-

508 1613 673 1666 ritate
699 1609 929 1678 versari,
961 1608 1227 1663 noverint
1250 1624 1308 1661 se
1335 1607 1696 1662 irrevocabili
1722 1607 2005 1662 sententia
2030 1609 2132 1662 Pa-

507 1709 661 1760 trum
679 1702 868 1759 ulcisci
881 1702 967 1768 ,id
987 1707 1089 1769 est,
1106 1707 1162 1756 et
1178 1702 1288 1756 loci
1307 1705 1362 1755 et
1381 1701 1595 1756 ordinis
1607 1701 1882 1772 dignitate
1900 1700 2131 1772 privari.

2232 489 2413 539 strum
2428 490 2547 541 tam
2564 486 2945 540 inverecunda
2960 486 3304 557 progressio,
3319 502 3475 557 quam
3488 488 3708 559 ignobilis
3720 511 3766 548 ac

2231 580 2569 634 detestanda
2597 581 2993 651 pra-sumptio,
3016 579 3292 651 quosdam
3326 580 3467 635 enim
3494 587 3579 636 aut
3611 590 3768 640 eventu

2232 674 2655 743 necessitatum,
2683 679 2782 729 aut
2820 679 2984 729 metu
3025 673 3414 745 periculorum,
3444 674 3507 729 ab
3546 677 3768 751 episcopis

2232 768 2535 839 sumpsisse
2560 768 2821 822 novimus
2850 767 3343 823 ecclesiasticarum
3391 768 3555 823 officia
3580 770 3771 842 dignita-

2230 855 2375 916 tum.
2405 863 2472 916 Et
2512 862 2785 934 quoniam
2827 878 2957 916 cum
3005 860 3115 916 illis
3156 862 3276 916 haec
3317 861 3714 935 imponerentur,
3733 866 3775 919 id

2232 955 2337 1009 sibi
2374 955 2497 1009 fieri
2535 956 2784 1011 noluisse
2822 954 3012 1011 testati
3058 959 3211 1024 sunt,
3238 955 3435 1010 idcirco
3480 955 3531 1009 id
3564 973 3776 1027 spernere

2232 1054 2399 1120 atque
2427 1049 2499 1103 ad
2526 1049 2762 1121 pristina
2796 1052 3129 1121 pertentant
3158 1049 3415 1120 conjugia
3438 1066 3699 1121 moresque
3717 1070 3780 1107 re-

2234 1141 2374 1210 dire,
2422 1145 2539 1196 tam
2586 1142 2851 1213 nequiter
2891 1142 3136 1197 crelestia
3169 1143 3302 1213 jura
3339 1142 3615 1211 solventes,
3650 1161 3779 1215 quam

2232 1239 2499 1307 prompte
2531 1236 2722 1290 saeculi
2746 1239 2967 1291 exstant
3007 1235 3286 1291 illecebris
3310 1235 3586 1291 inhiantes.
3617 1238 3713 1301 Qua
3732 1238 3782 1291 ὼε

2234 1345 2295 1383 re
2347 1346 2509 1384 nosse
2561 1347 2660 1384 nos
2705 1329 2985 1397 convenit,
3029 1330 3179 1400 quod
3222 1329 3538 1401 episcopalis
3575 1331 3782 1385 eminen~

2234 1422 2329 1475 tiae
2384 1424 2608 1477 culmen
2667 1439 2781 1476 non
2838 1422 3126 1477 immerito
3193 1422 3359 1479 sacris
3419 1423 3652 1477 omnibus
3696 1441 3784 1477 esse

2235 1533 2458 1570 summa
2488 1517 2828 1587 percensuit,
2861 1533 2989 1588 quae
3029 1516 3249 1570 caeteris
3278 1516 3641 1571 sacerdotibus
3665 1533 3784 1571 exer-

2235 1610 2410 1664 cenda
2452 1609 2761 1681 perhibuit,
2792 1609 3005 1664 scilicet
3055 1610 3401 1680 templorum
3446 1609 3541 1663 Dei
3574 1610 3785 1663 sacratio.

2236 1719 2386 1771 nem,
2423 1702 2741 1757 chrismatis
2788 1702 3267 1770 benedictionem,
3312 1719 3677 1774 sacrorumque
3722 1720 3786 1757 or-

579 1800 642 1851 V.
701 1796 921 1865 Quinta:
971 1795 1206 1850 actionis
1252 1794 1500 1866 impulsu
1546 1794 1809 1866 pervenit
1852 1794 1924 1848 ad
1968 1777 2434 1851 totiusBdinum
2487 1796 2929 1866 restitutionem,
2977 1813 3102 1868 quin
3144 1797 3343 1852 tandiu
3388 1797 3542 1850 aliter
3586 1796 3789 1851 ordinata

506 1892 731 1947 concilii
758 1906 978 1945 sacrum
1008 1889 1266 1944 auditum
1299 1888 1575 1960 quosdam
1600 1888 1920 1943 sacerdotes
1950 1893 2008 1942 et
2026 1888 2132 1942 mi-

510 1986 731 2051 nistros,
763 1983 1157 2038 obliviscentes
1197 1983 1480 2053 majorum
1522 1986 1580 2037 et
1624 1987 1879 2037 veterum
1922 1982 2133 2036 consti-

506 2083 781 2144 tutorum,
808 2081 906 2133 aut
934 2094 1196 2146 uxorum,
1238 2082 1338 2130 aut
1386 2092 1855 2147 quarumcumque
1893 2075 2134 2130 femina-

508 2190 636 2228 rum
678 2171 978 2227 immunda
1018 2170 1285 2225 societate
1326 2173 1383 2224 et
1428 2170 1752 2225 exsecrabili
1799 2169 2136 2241 contagione

507 2266 745 2338 turpari,
778 2268 835 2318 et
879 2263 1121 2334 pessima
1152 2263 1335 2317 cordis
1381 2262 1777 2330 obstinatione,
1808 2268 1925 2317 tam
1964 2263 2138 2317 sacris

508 2358 712 2415 litteris
729 2374 898 2429 quam
920 2358 1153 2412 Patrum
1177 2356 1388 2427 regulis
1414 2356 1725 2425 obviantes,
1747 2373 1851 2411 nec
1882 2356 1989 2411 levi
2009 2356 2135 2427 qui-

511 2454 641 2508 dem
675 2450 1048 2523 respiraminc
1069 2452 1514 2521 contemplantes
1534 2450 1686 2521 quod
1707 2450 1981 2521 scriptum
2008 2453 2093 2504 est
2119 2466 2133 2504 :

513 2571 539 2597 α
558 2546 750 2602 Sancti
772 2549 966 2614 estote,
985 2544 1259 2616 quoniam
1277 2549 1331 2597 et
1353 2560 1461 2614 ego
1481 2549 1704 2599 sanctus
1723 2560 1847 2598 sum
1871 2542 2058 2615 (Leuit.
2074 2560 2135 2611 ll,

510 2642 617 2711 44),
649 2639 784 2695 dicit
810 2638 1116 2703 Dominus;
1147 2660 1172 2688 ››
1205 2641 1261 2691 et
1290 2637 1427 2691 illud
1477 2637 1858 2707 Apostolicum
1890 2654 1903 2691 :
1938 2657 1965 2688 «
1994 2637 2137 2691 Mor-

514 2736 722 2788 tificate
777 2732 1038 2786 membra
1080 2734 1264 2785 vestra
1291 2773 1303 2795 ,
1350 2747 1476 2801 quae
1531 2734 1663 2785 sunt
1709 2747 1880 2802 super
1921 2734 2136 2784 terram

510 2829 642 2899 (Col.
666 2843 746 2891 In,
779 2827 853 2893 5),
882 2846 907 2876 υ
936 2825 991 2879 id
1014 2828 1117 2891 est,
1145 2824 1582 2879 fornicationem
1609 2828 1665 2877 et
1687 2824 2135 2901 immunditiam,

512 2919 1027 2991 concupiscentiam
1048 2920 1276 2985 malam,
1293 2923 1345 2971 et
1370 2917 1691 2984 avaritiam,
1708 2916 1911 2988 quibus
1928 2922 2138 2989 quanto

512 3021 597 3069 est
622 3011 965 3085 pertinacior
983 3010 1064 3064 vis
1096 3010 1153 3064 in
1176 3011 1360 3077 malis,
1396 3014 1551 3065 tanto
1575 3010 1981 3065 austerioribus
2005 3027 2135 3065 con-

509 3108 661 3164 venit
681 3105 906 3161 obviare
931 3104 1186 3159 decretis.
1211 3106 1444 3175 Propter
1465 3105 1618 3176 quod
1647 3104 1881 3176 ﬂagitiis
1904 3105 2139 3159 detectis

508 3201 831 3274 specialiter
857 3200 965 3253 hoc
996 3215 1029 3252 a
1051 3201 1243 3253 sancto
1272 3198 1508 3253 concilio
1541 3182 1827 3266 definitur,
1845 3203 1910 3253 ut
1939 3215 2139 3253 omnes

514 3294 763 3367 episcopi
793 3293 850 3347 id
902 3292 1087 3364 ipsum
1118 3292 1174 3345 in
1224 3292 1339 3345 suis
1365 3308 1621 3363 quaerere
1648 3291 1883 3347 sollicite
1917 3294 2135 3346 curent.

514 3392 579 3445 Et
631 3406 761 3443 cum
809 3388 914 3441 hoc
970 3385 1257 3440 verissime
1299 3384 1548 3456 reperire
1592 3385 1899 3456 potuerint,
1944 3402 2141 3440 omnes

511 3483 717 3556 placita
747 3481 1006 3536 cautione
1037 3480 1224 3533 taliter
1248 3479 1613 3550 distringant,
1641 3484 1705 3534 ut
1728 3495 2023 3551 nunquam
2051 3479 2137 3533 ul-

513 3578 688 3633 terius
731 3580 846 3630 tam
893 3574 1271 3629 abominanda
1300 3573 1682 3628 committant.
1711 3574 1969 3628 Mulieres
2006 3590 2140 3627 vero

513 3689 614 3727 seu
666 3670 862 3725 libera:
912 3668 1043 3737 sint,
1080 3684 1178 3723 seu
1214 3667 1430 3722 ancilla:
1464 3672 1577 3722 tam
1623 3667 1867 3739 turpiter
1894 3667 2137 3735 sociatae,

508 3766 587 3822 ita
635 3763 964 3820 omnimode
994 3766 1345 3835 separentur,
1379 3766 1478 3816 aut
1507 3764 1655 3815 certe
1699 3761 2044 3829 vendantur,
2077 3767 2141 3817 ut

515 3859 746 3915 ulterius
772 3858 841 3913 ad
860 3856 1153 3913 consocios
1179 3855 1266 3910 sui
1284 3854 1537 3910 criminis
1561 3855 1879 3910 revertendi
1907 3872 2139 3934 omnem

514 3950 758 4009 habeant
798 3952 1013 4007 aditum
1058 3951 1429 4020 denegatum.
1482 3949 1569 4005 llli
1613 3965 1775 4018 vero,
1818 3948 1864 4003 si
1907 3950 2140 4004 omnino

513 4043 756 4100 coerceri
784 4040 1167 4113 nequiverint,
1188 4057 1367 4112 usque
1393 4039 1467 4095 ad
1494 4038 1709 4093 exitum
1730 4039 1859 4094 vitae
1886 4056 2002 4094 suae
2023 4056 2142 4094 mo-

514 4136 778 4193 nasteriis
831 4134 1085 4204 deputati
1138 4133 1447 4203 disciplinis
1501 4133 1826 4187 monasticis
1871 4138 2144 4188 maneant

517 4230 753 4286 omnino
783 4226 1040 4298 subjecti.

586 4325 857 4379 VLSextae
874 4319 1208 4375 discutionis
1221 4319 1853 4391 ol‘ijectu,quorumdam
1874 4321 2023 4375 male
2035 4321 2143 4375 sibi

514 4415 873 4474 consciorum
895 4413 1077 4486 patuit
1096 4414 1430 4468 denotatum
1448 4413 1718 4485 elogium.
1734 4415 1873 4469 Nam
1895 4416 2140 4469 relatum

2234 1890 2564 1963 persistunt,
2640 1907 2809 1962 quam
2905 1890 3379 1945 excellentissime
3464 1890 3788 1955 conferuntur,

2238 1983 2369 2054 quia
2417 1990 2472 2039 et
2518 1988 2674 2039 tanto
2735 1984 2805 2038 ab
2864 1984 2942 2040 eis
3002 1984 3370 2056 singulariter
3429 1983 3790 2055 impenduntur,

2236 2080 2451 2148 quanto
2472 2077 2655 2133 eidem
2676 2094 2899 2132 summo
2925 2077 3159 2132 culmini
3185 2077 3512 2148 peragenda
3532 2079 3790 2141 servantur,

2238 2170 2536 2233 Quomodo
2564 2187 2700 2242 ergo
2727 2171 2825 2242 qui
2873 2187 2941 2225 ea
2987 2170 3045 2225 in
3098 2187 3157 2225 se
3211 2170 3415 2241 recipit
3455 2187 3485 2223 a
3526 2186 3578 2225 se
3614 2169 3793 2239 rejiccre

2236 2264 2466 2334 poterit,
2505 2281 2635 2317 cum
2679 2264 2799 2318 haec
2838 2280 2871 2317 a
2908 2264 3063 2318 nullo
3104 2264 3287 2318 altero
3334 2263 3562 2318 conferri
3597 2279 3735 2335 quam
3773 2278 3795 2314 a

2239 2358 2370 2411 solis
2402 2357 2760 2428 pontiﬁcibus
2784 2356 2957 2425 novit,
2991 2357 3194 2429 quibus
3223 2374 3331 2413 nec
3359 2357 3529 2429 ligata
3562 2356 3696 2423 solvi,
3720 2372 3796 2409 nec

2239 2452 2417 2505 soluta
2466 2456 2779 2522 potuerunt
2828 2452 2898 2505 ab
2939 2451 3129 2523 aliquo
3174 2451 3444 2523 religari?
3486 2451 3569 2507 Sic
3596 2451 3723 2505 enim
3747 2448 3798 2502 ad

2237 2546 2469 2599 Petrum
2504 2545 2718 2599 Veritas
2762 2545 2885 2599 ait:
2931 2544 3341 2617 Quodcumque
3396 2543 3637 2616 ligaveris
3675 2558 3800 2613 super

2236 2642 2448 2693 terram
2479 2638 2587 2693 erit
2614 2638 2857 2709 ligatum
2887 2644 2943 2695 et
2967 2639 3025 2694 in
3061 2639 3221 2707 coelo,
3254 2642 3313 2694 et
3356 2638 3701 2712 quodcunque
3720 2636 3798 2689 sol-

2237 2732 2382 2787 veris
2408 2749 2576 2803 super
2606 2737 2814 2786 terram
2861 2733 2967 2788 erit
3010 2734 3261 2788 solutum
3308 2738 3364 2789 et
3404 2733 3460 2788 in
3488 2733 3614 2787 coelo
3637 2728 3800 2801 (Matth.

2238 2842 2345 2894 xvi,
2402 2828 2505 2895 19),
2554 2842 2917 2898 nequaquam
2970 2826 3284 2897 aliquando
3334 2827 3535 2899 poterit
3576 2822 3803 2897 profanari

2238 2919 2393 2992 quod
2409 2919 2894 2991 divinzejussionis
2906 2920 3192 2992 simulque
3209 2920 3531 2992 apostolicae
3542 2916 3804 2973 traditionis

2238 3013 2568 3068 auctoritate
2605 3030 2828 3068 sacrum
2872 3014 3123 3070 noscitur
3160 3014 3460 3069 exstitisse.
3491 3015 3677 3068 Verum
3701 3008 3805 3064 sicut

2241 3112 2499 3161 sanctum
2534 3107 2779 3162 chrisma
2826 3109 3093 3163 collatum
3121 3113 3179 3163 et
3228 3108 3429 3163 altaris
3470 3108 3642 3162 honor
3682 3102 3804 3158 evelli

2239 3218 2353 3255 non
2369 3206 2603 3272 queunt,
2623 3200 2698 3256 ita
2715 3218 2945 3273 quoque
2966 3218 3190 3256 sacrum
3209 3201 3387 3257 decus
3403 3193 3804 3268 bonorum,un

2238 3294 2327 3349 liis
2354 3311 2586 3366 compar
2612 3294 2855 3349 habetur
2884 3299 2941 3350 et
2966 3295 3204 3362 socium,
3232 3296 3489 3368 qualibet
3510 3293 3666 3349 fuerit
3689 3305 3805 3345 occa-

2240 3388 2395 3443 sione
2425 3392 2786 3459 perceptum,
2817 3389 3071 3443 manebit
3099 3389 3434 3445 omnimode
3456 3386 3807 3444 inconvulsum.

2238 3482 2322 3536 Ad
2340 3481 2770 3553 exstirpandum
2788 3499 2923 3537 vero
2945 3482 3213 3537 radicitus
3232 3482 3410 3554 hujus
3426 3481 3632 3538 callida:
3650 3475 3810 3534 machi-

2239 3575 2487 3630 nationis
2527 3575 2728 3630 inutile
2773 3580 3205 3647 argumentum,
3236 3576 3300 3630 id
3327 3576 3435 3631 sibi
3471 3571 3812 3631 rationabiliter

2240 3668 2363 3723 dari
2388 3668 2714 3735 noluerunt,
2746 3668 2804 3723 in
2829 3656 3055 3739 obiectu
3086 3670 3242 3741 quod
3286 3668 3622 3725 sacrosancti
3648 3662 3809 3737 baptis-

2242 3762 2405 3817 matis
2424 3762 2868 3834 inappreciabile
2899 3763 3111 3818 donum
3135 3768 3221 3818 est
3254 3780 3501 3836 semper,
3516 3768 3569 3818 et
3585 3776 3713 3832 saepe
3727 3771 3811 3811 non

2195 3851 2205 3859 ’
2242 3856 2426 3911 solum
2474 3855 2813 3922 nolentibus,
2860 3873 3055 3912 verum
3107 3857 3279 3912 etiam
3324 3857 3497 3930 (quod
3540 3854 3703 3926 majus
3740 3853 3811 3913 est]

2244 3949 2626 4004 nescientibus
2673 3949 3021 4021 impartitur,
3062 3951 3163 4006 sed
3207 3952 3322 4007 hoc
3366 3969 3402 4006 a
3447 3951 3608 4006 nullo.
3638 3945 3813 4020 penitus

2241 4044 2530 4115 profanari
2562 4043 2932 4115 permittitur.
2958 4045 3117 4109 Quod
3145 4045 3190 4099 si
3212 4048 3273 4099 et
3288 4045 3383 4101 hic
3403 4043 3708 4118 opponitur,
3721 4052 3814 4093 nec-

2243 4137 2380 4191 dum
2409 4136 2645 4196 rationis
2672 4154 2937 4210 capacem
2966 4138 3204 4194 existere
3235 4139 3340 4210 qui
3369 4140 3475 4195 hoc
3499 4136 3816 4210 probaturae-

2242 4230 2453 4301 cipere,
2481 4230 2614 4286 hinc
2646 4231 2980 4287 omnimodo
3006 4238 3374 4305 cognoscant,
3403 4232 3537 4305 quia
3560 4230 3601 4285 si
3626 4226 3815 4298 majores

2242 4326 2481 4396 impune
2528 4342 2643 4381 non
2696 4325 2967 4381 deserunt
2995 4327 3144 4399 quod
3187 4327 3410 4398 parvuli
3452 4328 3535 4381 vel
3578 4317 3815 4379 nesciendo

2243 4419 2326 4474 vel
2359 4418 2610 4474 nolendo
2641 4420 2985 4491 percipiunt,
3010 4415 3223 4492 quanto
3255 4420 3443 4492 magis
3471 4435 3584 4475 non
3609 4409 3819 4471 convenit

515 4516 600 4570 est
629 4511 794 4567 nobis
830 4508 1112 4582 quosdam
1152 4506 1527 4561 subdiaconus
1557 4511 1861 4579 postquam
1899 4510 1965 4563 ad
2004 4510 2146 4565 sacri
2165 4521 2225 4595 D
2247 4512 2462 4579 violari,
2482 4512 2634 4584 quod
2660 4530 2763 4584 pro
2783 4514 2980 4568 mortis
3000 4521 3098 4569 aut
3117 4530 3419 4587 poenarum
3447 4510 3713 4569 evadenda
3728 4520 3819 4577 pcr-

516 4606 730 4662 ordinis
759 4603 1125 4677 pervenerint
1154 4601 1417 4673 gradum,
1450 4618 1564 4655 non
1598 4602 1782 4657 solum
1811 4604 1996 4657 carnis
2034 4603 2141 4658 im-

514 4699 799 4755 munditia
825 4695 1124 4762 sordidari,
1148 4712 1275 4749 cum
1304 4694 1577 4766 scriptum
1614 4696 1683 4750 sit
1707 4713 1719 4751 :
1747 4716 1772 4747 ‹‹
1796 4697 2147 4752 Mundamini

515 4793 613 4867 qui
640 4792 800 4847 fertis
837 4808 961 4845 vasa
1005 4788 1223 4844 Domini
1258 4789 1382 4858 (13a.
1427 4790 1540 4855 ιιι),
1572 4809 1598 4840 »
1650 4790 1748 4844 sed
1791 4790 1961 4844 etiam
1996 4791 2146 4863 quod

518 4886 672 4942 dictu
699 4884 860 4940 nefas
890 4886 989 4952 est)
1006 4899 1231 4955 quoque
1254 4882 1524 4937 uxoribus
1539 4884 1810 4953 copulari,
1836 4890 2145 4939 asserentes

518 4980 623 5034 hoc
641 4979 766 5034 ideo
786 4978 888 5031 sibi
902 4976 1232 5046 licere,quia
1244 4975 1703 5031 benedictionem
1720 4993 1753 5030 a
1770 4978 2033 5047 pontiﬁce
2050 4995 2145 5033 ne-

518 5070 703 5128 sciunt
720 5068 1486 5143 percepisse.Proinde,omni
1506 5071 1937 5125 excusationum
1952 5071 2141 5126 discis-

517 5185 578 5222 so
597 5165 897 5233 velamine,
920 5164 975 5218 id
998 5163 1362 5235 praecipimus
1394 5163 1697 5231 observari,
1728 5167 1789 5218 ut
1817 5182 1945 5220 cum
1967 5164 2143 5220 iidem

516 5260 889 5317 subdiacones
907 5257 1246 5312 ordinantur
1263 5274 1391 5311 cum
1408 5257 1553 5312 vasis
1571 5256 1871 5312 ministerii
1889 5258 2149 5314 benedic-

514 5356 595 5412 tio
618 5354 699 5411 eis
719 5353 790 5409 ab
813 5352 1076 5425 episcopo
1100 5350 1437 5420 detur,sicut
1456 5351 1515 5406 in
1536 5351 1874 5422 quibusdam
1891 5352 2147 5406 Ecclesiis

515 5454 768 5504 vetustas
780 5446 950 5503 tradit
968 5446 1289 5517 antiqua,et
1304 5461 1463 5500 sacra
1477 5443 1831 5516 dignoscitur
1842 5450 2146 5501 consuetu-

516 5545 589 5599 do
610 5543 863 5598 substare
885 5538 1286 5612 prolata,omni
1306 5539 1535 5611 penitus
1552 5538 1750 5593 abillis
1762 5538 1927 5594 sorde
1948 5539 2149 5596 mulie-

516 5653 644 5692 rum
662 5634 1116 5692 acfamiliaritate
1134 5632 1543 5696 remota.Quod
1561 5631 1608 5686 si
1621 5632 1728 5686 hoc
1743 5633 1975 5687 vulnere
1995 5633 2145 5688 dein-

520 5746 648 5799 ceps
668 5728 880 5783 fuerint
894 5725 1148 5795 sauciati,
1172 5742 1301 5781 mox
1325 5728 1497 5780 erunt
1516 5725 1619 5780 sub
1638 5726 1988 5797 poenitentiae
2010 5744 2147 5784 one-

519 5819 677 5882 ribus
698 5836 871 5895 usque
888 5821 962 5877 ad
988 5825 1308 5877 extremum
1331 5819 1460 5877 vitae
1484 5822 1825 5879 monasteria
1844 5822 2145 5895 religandi.

2244 4606 2387 4661 nicie
2404 4607 2620 4660 occulta
2632 4606 2729 4661 Dei
2751 4607 3174 4679 dispensatione
3195 4608 3550 4680 dignoscitur
3560 4596 3819 4662 obvenisse?

2245 4699 2533 4754 Recedant
2554 4716 2690 4771 ergo
2712 4701 2911 4755 talium
2936 4702 3353 4757 desideriorum
3386 4702 3508 4756 sine
3540 4691 3821 4753 verecundia

2245 4792 2588 4865 impuderati
2618 4794 2857 4861 favores,
2890 4800 2945 4849 et
2971 4794 3102 4850 licet
3127 4795 3287 4850 inviti
3337 4792 3684 4868 perceperint
3704 4780 3821 4860 quod

2245 4904 2360 4942 non
2392 4886 2759 4942 merebantur
2786 4888 3018 4957 habere,
3049 4888 3292 4943 libenter
3337 4894 3531 4944 tamen
3562 4904 3621 4942 ac
3647 4882 3821 4938 ccclcslc

2245 4980 2531 5036 retineant
2577 4982 2867 5051 meritum,
2896 4983 3046 5054 quod
3078 4982 3328 5037 nolendo
3371 4987 3603 5055 prepter
3632 4984 3821 5034 terrena!

2245 5076 2534 5129 consecuti
2583 5080 2715 5130 sunt
2768 5076 3122 5131 necessitatis
3176 5079 3404 5145 eventu,
3446 5082 3507 5131 ut
3553 5079 3658 5128 tam
3699 5060 3824 5123 inviti

2245 5172 2519 5240 appetant
2544 5168 2695 5224 bona
2720 5168 2978 5242 diligere,
3009 5186 3185 5243 quam
3213 5173 3420 5242 sponte
3448 5169 3695 5225 videntur
3720 5154 3827 5216 desi-

2247 5261 2445 5317 dentes
2472 5262 2834 5334 impugnare.
2879 5264 3037 5328 Quod
3065 5263 3110 5318 si
3138 5263 3265 5336 quis
3289 5267 3424 5337 post
3467 5264 3570 5318 hoc
3609 5249 3826 5331 perennis

2246 5355 2628 5426 dispositionis
2652 5357 2901 5412 edictum
2931 5373 3047 5412 non
3076 5358 3374 5413 sinceriter
3393 5356 3562 5413 sacris
3588 5343 3828 5409 inhaeserit

2246 5449 2509 5520 cultibus,
2534 5455 2591 5505 et
2617 5450 2892 5521 abjiciens
2921 5467 2955 5506 a
2982 5467 3041 5506 se
3066 5451 3309 5523 gratiam
3338 5467 3514 5524 quam
3540 5446 3828 5517 accepiLre-

2245 5542 2451 5598 labitur
2503 5543 2576 5598 ad
2634 5544 2985 5617 coniugium,
3036 5561 3338 5618 moresque
3397 5543 3588 5600 saeculi
3621 5539 3826 5595 attenta-

2246 5636 2406 5705 verit,
2433 5638 2519 5692 vel
2550 5655 2683 5693 eum
2716 5639 2901 5694 redire
2926 5639 2998 5694 ad
3039 5638 3145 5694 hoc
3191 5638 3522 5707 constiterit,
3550 5651 3668 5691 mox
3702 5622 3827 5684 omni

2247 5730 2608 5787 ecclesiastici
2629 5732 2845 5787 ordinis
2864 5731 3140 5803 dignitate
3164 5733 3437 5805 privetur,
3453 5735 3512 5787 et
3535 5733 3597 5784 ut
3613 5722 3830 5799 apostala

2246 5841 2277 5880 a
2314 5827 2521 5880 sancta:
2565 5826 2830 5882 Ecclesiae
2870 5826 3185 5900 liminibus,
3216 5832 3271 5881 et
3310 5825 3577 5883 societate
3617 5816 3830 5876 ﬁdelium
