3946 6180
113 306 188 362 513
1251 293 1727 352 DECRETALIUM

110 412 334 467 habeatur
391 420 608 476 prorsus
678 403 958 470 exclusus,
1023 402 1356 457 monasterii
1411 403 1666 458 claustris
1688 417 1745 489 Α

111 506 250 558 donec
273 499 450 554 vixerit
475 497 573 551 sub
603 497 931 567 poenitentia
959 497 1353 551 retrudendus.

161 597 267 650 Vlll.
292 592 604 662 Reperimus
632 590 910 660 quosdam
939 589 1143 643 divinis
1163 588 1361 643 ofliciis
1381 589 1664 658 mancipa-

107 696 183 752 tos,
207 691 340 740 tanta
365 684 677 738 nescientize
704 683 963 737 socordia
994 682 1216 753 plenos,
1246 682 1325 736 ita
1348 682 1664 736 litterarum

105 791 145 836 et
164 778 423 848 disciplinae
454 777 694 845 ignaros,
728 779 792 829 ut
833 792 939 830 nec
985 775 1044 829 in
1085 775 1192 828 illis
1233 774 1547 844 probentur
1577 773 1661 827 in-

106 873 255 928 structi
283 872 652 940 competenter
681 868 996 934 ordiuibus,
1026 868 1123 939 qui
1153 868 1511 938 quotidianos
1541 883 1661 920 ver-

106 971 258 1020 santur
283 965 333 1016 in
359 979 500 1015 usus.
544 962 784 1016 Proinde
814 961 1046 1016 sollicite
1098 961 1465 1015 constituitur
1493 965 1664 1030 atque

105 1057 367 1113 decernitur
402 1061 461 1109 ut
498 1056 686 1108 nullus
733 1055 1120 1126 cujuscunque
1165 1054 1460 1125 dignitatis
1487 1054 1662 1108 eccle-

103 1152 285 1205 siasticae
313 1149 562 1218 deinceps
591 1148 874 1218 percipiat
907 1148 1171 1217 gradum,
1203 1147 1300 1218 qui
1331 1164 1449 1202 non
1481 1150 1664 1201 totum

104 1243 391 1316 psalterium,
413 1241 495 1294 vel
525 1242 877 1295 canticorum
902 1240 1181 1294 usualium
1211 1244 1268 1294 et
1293 1240 1662 1310 hymnorum,

103 1339 188 1390 sive
207 1335 490 1406 baptizandi
520 1335 764 1404 perfecte
805 1333 1023 1388 noverit
1067 1334 1551 1403 supplementum.
1583 1333 1666 1387 llli

104 1446 204 1483 sane
235 1429 314 1499 qui
333 1429 446 1497 jam
475 1428 694 1482 honore
726 1427 1016 1496 dignitatis
1046 1427 1386 1497 funguntur,
1429 1426 1666 1496 hujusce

103 1530 247 1575 tamen
274 1521 590 1591 ignorantia:
619 1520 867 1573 caecitate
896 1525 1189 1586 vexantur,
1225 1523 1326 1573 aut
1354 1522 1553 1590 sponte
1581 1535 1666 1572 su-

107 1619 225 1667 mant
267 1614 623 1667 intentionem
679 1613 994 1666 necessaria
1048 1612 1430 1683 perdiscendi,
1486 1618 1582 1666 aut
1634 1629 1666 1665 a

103 1707 347 1776 majoribus
376 1708 441 1760 ad
467 1707 693 1760 lectoris
719 1705 985 1760 exercitia
1031 1708 1310 1775 cogantur
1338 1705 1518 1759 inviti.
1554 1705 1662 1759 Ab-

104 1799 282 1852 surdum
308 1799 579 1870 siquidem
609 1803 693 1852 est
720 1816 834 1867 eos,
879 1798 978 1870 qui
1019 1804 1251 1853 caeteros
1302 1797 1667 1868 simpliciores
1687 1797 1744 1868 B

104 1898 143 1946 et
161 1892 295 1946 laicos
315 1893 524 1946 habent
555 1892 780 1958 docere,
809 1892 1014 1962 quibus
1037 1895 1094 1947 et
1115 1891 1428 1961 disciplinas
1457 1896 1514 1944 et
1542 1892 1666 1945 vitae

105 1985 263 2039 debent
285 2002 389 2039 esse
419 1986 594 2040 veluti
623 1985 911 2056 quoddam
959 1987 1274 2056 speculum,
1319 1985 1390 2038 ad
1433 1985 1669 2055 alicujus

103 2078 284 2144 ordinis,
309 2081 385 2133 vel
413 2079 706 2149 dignitatis
734 2079 1062 2150 promoveri
1094 2082 1328 2147 statum,
1356 2078 1451 2148 qui
1479 2079 1666 2149 legem

102 2171 171 2223 Dei
203 2171 456 2241 ignorant,
511 2189 618 2226 nec
667 2173 990 2226 litterarum
1039 2173 1238 2226 saltem
1282 2171 1670 2226 mediocritate

100 2268 195 2316 sunt
225 2264 474 2335 insigniti.
527 2266 726 2319 Nullus
778 2266 956 2336 igitur
983 2266 1051 2319 ad
1086 2282 1245 2318 sacra
1274 2265 1370 2318 Dei
1401 2264 1672 2335 mysteria

100 2357 332 2411 tractanda
356 2359 547 2412 veniat
573 2358 765 2413 illotus
793 2359 1017 2429 aliquis,
1053 2359 1393 2428 ignorantiae
1427 2358 1672 2412 tenebris

99 2451 356 2519 czecutiens,
373 2452 469 2507 sed
485 2453 642 2506 solus
664 2453 707 2506 is
723 2453 950 2507 accedat
970 2468 1141 2524 quem
1164 2469 1392 2506 morum
1408 2451 1671 2505 innocen-

101 2543 154 2594 tia
176 2549 219 2596 et
241 2545 536 2600 litterarum
579 2546 849 2617 splendor
879 2545 1127 2601 reddunt
1176 2545 1476 2614 illustrem,
1511 2545 1673 2598 aliter

100 2636 377 2692 ordinaturis
418 2645 472 2693 et
516 2639 850 2694 ordinandis
890 2639 1228 2694 imminente
1271 2640 1330 2692 in
1379 2644 1670 2710 posterum

102 2729 170 2781 Dei
189 2733 233 2784 et
259 2733 364 2800 ejus
388 2734 646 2788 Ecclesiae
673 2732 940 2787 vindicta.

153 2823 215 2876 [Χ.
240 2826 395 2880 Nonae
420 2827 761 2880 intentionis
791 2825 1090 2880 admonitu
1119 2827 1338 2880 detecta
1366 2830 1450 2881 est
1480 2825 1670 2897 inglu-

103 2915 183 2968 vies
199 2918 452 2974 horrenda
476 2921 768 2974 voracium
803 2937 931 2992 quae
953 2920 1088 2973 dum
1114 2919 1276 2974 freno
1305 2920 1672 2990 parcimonia:

100 3026 180 3064 non
205 3014 538 3084 astringitur,
573 3014 836 3084 religioni
865 3014 1142 3067 contraire
1183 3018 1552 3082 monstratur,
1586 3013 1670 3066 di-

101 3109 218 3158 cente
245 3108 384 3161 enim
413 3109 706 3178 Scriptura
730 3125 742 3161 :
779 3127 806 3157 «
834 3107 938 3170 Qui
960 3108 1178 3178 spernit
1208 3107 1448 3161 minima
1478 3107 1670 3178 paula-

100 3197 171 3250 tim
195 3199 380 3254 decidit
411 3165 597 3266 (Eccti.
632 3218 742 3269 xxx,
776 3165 897 3272 1):»
923 3165 1004 3254 illi
1032 3204 1205 3254 tantae
1248 3165 1536 3255 edacitatis
1563 3201 1670 3254 im-
1694 3165 1750 3238 Ο

101 3291 232 3358 probe
277 3302 644 3364 grassantur,
716 3299 775 3348 ut
839 3294 1084 3348 coelestia
1146 3299 1201 3347 et
1251 3310 1398 3364 pene
1453 3311 1675 3348 summa

99 3390 401 3442 contemnere
457 3389 784 3442 videantur.
839 3389 905 3442 Et
956 3387 1128 3441 etiam
1173 3388 1516 3458 quicumque
1543 3404 1676 3459 qua-

100 3474 370 3547 dragesimaz
413 3483 537 3536 dies
583 3498 709 3552 quas
750 3481 884 3535 anni
923 3481 1092 3535 totius
1121 3480 1354 3534 decimas
1381 3486 1672 3552 putantur,

96 3585 188 3637 qua:
229 3577 278 3626 et
312 3574 366 3628 in
411 3575 706 3629 oblatione
729 3574 934 3645 jejunii
968 3574 1204 3628 Domino
1249 3579 1672 3641 consecrantur,

97 3663 256 3730 quibus
308 3669 474 3722 etiam
550 3667 917 3721 saluberrima
980 3668 1228 3722 conditio
1281 3668 1514 3722 humani
1575 3685 1671 3739 ge-

95 3757 209 3809 neris
267 3762 544 3832 expiatur,
618 3761 756 3814 dum
824 3778 858 3814 a
923 3767 1168 3832 quatuor
1234 3762 1431 3815 mundi
1498 3761 1672 3832 parti-

96 3845 172 3901 bus
216 3850 386 3925 125
449 3856 524 3909 ad
577 3855 720 3908 hanc
772 3855 943 3909 homo
984 3855 1319 3926 religionem
1358 3854 1676 3910 crediturus

93 3940 354 4013 adducitur,
384 3955 437 4002 et
467 3954 721 4020 quatuor
757 3949 1053 4003 elementis
1102 3949 1398 4014 formatur,
1443 3951 1500 4003 et
1542 3964 1673 4019 pro-

92 4040 185 4100 pter
209 4043 709 4112 transgressionem
759 4042 1026 4113 Decalogi
1072 4047 1272 4113 quater
1316 4041 1500 4096 decies
1549 4059 1676 4096 con-

92 4129 331 4187 venienter
379 4135 682 4206 afﬂigitur,
729 4134 809 4189 illi
865 4135 964 4206 qui
1013 4135 1315 4189 temerarie
1373 4136 1494 4189 haec
1550 4153 1673 4190 om-

92 4220 162 4274 nia
205 4231 604 4295 contemnunt,
680 4245 784 4284 nec
836 4229 1151 4284 voracitatis
1204 4229 1515 4301 ingluviem
1572 4230 1674 4282 fre-

91 4321 215 4384 nant,
239 4327 288 4374 et
309 4323 462 4392 quod
495 4323 664 4394 pejus
709 4329 793 4378 est
838 4323 1122 4377 Paschalia
1170 4323 1311 4377 festa
1351 4322 1677 4376 illicitorum

93 4422 246 4465 esuum
282 4417 652 4488 perceptione
704 4416 1023 4486 profanant,
1061 4416 1268 4488 quibus
1300 4433 1369 4470 ex
1396 4416 1503 4470 hoc
1533 4416 1676 4470 adeo

1765 295 2149 352 COLLECTIO.
3287 297 3342 352 51
3358 295 3391 352 4

1765 421 1881 458 non
1909 409 2022 457 tam
2050 403 2196 456 bene
2217 404 2452 474 regendi
2479 403 2722 472 licentia,
2743 420 2915 476 quam
2936 419 2994 458 se
3011 405 3390 459 mansuetudo

1766 497 2133 566 impugnasse
2181 497 2472 565 probatur,
2524 498 2656 551 satis
2712 501 2791 566 (ut
2845 497 3166 568 opinamur)
3213 497 3295 550 illi
3335 501 3392 551 et

1765 589 1996 659 gloriosi
2027 587 2300 659 principis
2345 595 2402 642 et
2447 590 2674 644 decreto
2717 596 2922 644 sanctae
2973 590 3173 660 synodi
3224 589 3392 660 hujus

1766 681 2175 736 contradictum
2219 697 2336 735 esse
2380 683 2791 753 conspeximus.
2849 685 2928 737 Ita
2975 684 3129 738 enim
3167 689 3393 737 sanctus

1767 774 2011 846 Spiritus
2038 791 2141 844 per
2170 781 2437 846 utrasque
2465 775 2828 830 deﬁnitiones
2859 777 3180 830 mortalium
3218 776 3393 830 corda

1766 867 2042 938 perﬂavit,
2057 871 2119 920 ut
2135 867 2288 920 vitali
2304 868 2442 922 ﬂatu
2455 869 2755 922 verborum
2768 867 3142 939 imposterum
3162 885 3390 924 omnem

1746 966 2027 1016 .exureret
2055 961 2203 1016 male
2233 961 2758 1032 concupiscentium
2800 962 3017 1016 rabiem
3044 963 3387 1017 animorum.

1765 1058 1966 1108 Actum
1999 1070 2247 1125 namque
2277 1061 2360 1109 est
2380 1055 2805 1109 definitionibus
2834 1053 2968 1126 ipsis
2995 1060 3077 1124 ut,
3108 1055 3238 1126 quia
3269 1055 3391 1126 pie-

1765 1147 1894 1201 tatis
1922 1147 2124 1201 divinze
2154 1148 2210 1201 in
2241 1147 2774 1218 comprehensibilis
2787 1152 2989 1201 natura
3006 1164 3064 1200 se
3082 1147 3394 1202 conditioni

1765 1240 2091 1294 mortalium
2132 1241 2191 1294 in
2236 1241 2447 1295 unione
2493 1257 2745 1312 personae
2790 1240 3083 1311 conjunxit
3125 1241 3394 1311 mysterio

1771 1333 2175 1404 redemptionis
2201 1335 2488 1404 humanae,
2523 1351 2628 1389 nos
2659 1349 2883 1406 quoque
2911 1334 3176 1388 membra
3196 1333 3393 1406 capitis

1766 1427 1936 1496 hujus
1962 1432 2017 1481 et
2045 1427 2296 1498 perﬁdiae
2343 1428 2558 1482 malum
2601 1431 2658 1482 et
2703 1427 3235 1498 concupiscentiam,
3269 1441 3397 1498 quas

1771 1521 1978 1574 «radix
2018 1521 2306 1576 malorum
2360 1526 2444 1576 est
2493 1521 2753 1576 omnium
2780 1521 2828 1590 (Ι
2856 1523 2992 1576 Tim.
3022 1537 3096 1587 vi,
3133 1520 3240 1591 10),
3284 1542 3310 1569 ››
3343 1524 3399 1574 et

1771 1635 1798 1663 «
1870 1614 2169 1668 avaritiam
2259 1631 2387 1685 qum
2459 1614 2744 1669 invenitur
2816 1614 3051 1669 servitus
3111 1613 3396 1668 idolorum

1769 1706 1927 1777 (Eph.
1955 1723 2010 1776 v,
2042 1708 2092 1777 5)
2123 1729 2149 1755 »
2181 1707 2306 1778 pari
2352 1707 2522 1761 simul
2552 1708 2686 1778 igne
2731 1725 2795 1762 ac
2843 1724 3121 1762 mucrone
3166 1711 3396 1778 totoque

1768 1799 2004 1855 artiﬁcio
2049 1800 2318 1855 radicitus
2347 1801 2660 1855 evellamus
2685 1818 2749 1856 ac
2776 1801 3126 1856 desecemus.
3155 1801 3240 1854 Ab
3265 1801 3398 1856 hinc

1769 1910 1905 1966 ergo
1935 1894 2201 1965 deinceps
2222 1895 2301 1949 ita
2327 1899 2496 1949 erunt
2514 1895 2571 1948 in
2601 1894 2764 1965 regni
2789 1894 3030 1966 gloriam
3049 1893 3399 1964 praeficiendi

1770 1991 2033 2055 rectores,
2061 1990 2125 2041 ut
2151 1990 2250 2041 aut
2277 1988 2336 2041 in
2361 1988 2496 2042 urbe
2522 1987 2703 2059 regia,
2733 1991 2830 2041 aut
2860 1987 2918 2041 in
2946 1987 3066 2041 loco
3092 1987 3190 2041 ubi
3240 1986 3393 2057 prin-

1769 2097 1900 2151 ceps
1927 2081 2233 2135 decesserit
2257 2097 2386 2134 cum
2409 2081 2745 2152 pontificum
2767 2081 3164 2151 majorumque
3194 2079 3396 2150 palatii

1770 2175 2100 2229 omnimodo
2128 2174 2416 2245 eligantur
2443 2191 2696 2241 assensu,
2743 2191 2857 2228 non
2889 2173 3200 2228 forinsecus
3227 2177 3396 2242 cestu,

1772 2271 1871 2321 aut
1886 2267 2306 2338 conspiratione
2323 2283 2656 2338 paucorum,
2677 2272 2776 2322 aut
2788 2267 3130 2321 rusticarum
3149 2266 3401 2337 plebium

1771 2361 2046 2415 seditione
2097 2361 2482 2430 tumultuosa,
2545 2361 2642 2415 sed
2706 2365 2876 2416 erunt
2925 2360 3216 2414 catholicae
3270 2359 3402 2414 ﬁdei

1771 2457 2093 2522 assertores,
2126 2470 2365 2526 eamque
2394 2459 2452 2508 et
2481 2455 2627 2508 hanc
2643 2471 2769 2526 qua:
2792 2453 3054 2508 imminet
3076 2453 3401 2508 Judaeorum

1771 2546 2070 2618 perﬁdiam
2118 2551 2174 2600 et
2218 2551 2553 2602 cunctarum
2581 2547 2860 2602 haeresum
2899 2547 3168 2617 injuriam
3204 2546 3398 2602 defen-

1772 2641 1991 2709 dentes,
2027 2645 2197 2694 erunt
2226 2641 2442 2695 actibus
2463 2641 2686 2711 judices
2715 2644 2771 2695 et
2798 2641 2910 2694 vita
2937 2640 3202 2707 modesti,
3230 2645 3402 2695 erunt

1772 2733 1830 2788 in
1863 2733 2275 2804 provisionibus
2317 2750 2511 2788 rerum
2561 2734 2720 2806 parci
2769 2735 2897 2805 plus
2944 2751 3117 2805 quam
3163 2735 3399 2802 extenti,

1771 2832 1837 2881 ut
1866 2828 2107 2882 factione
2137 2828 2556 2898 Scripturarum
2585 2829 2673 2882 vel
2700 2828 3096 2882 deﬁnitionum
3127 2828 3404 2899 qualium-

1775 2937 1998 2992 cunque
2030 2926 2347 2975 contractus
2375 2937 2407 2974 a
2433 2921 2692 2988 subditis,
2728 2921 2815 2974 vel
2869 2921 3106 2992 exigant
3154 2921 3242 2974 vel
3283 2920 3400 2976 exi-

1776 3014 1988 3085 gendos
2017 3014 2336 3081 intendant,
2379 3019 2547 3068 erunt
2580 3014 2639 3068 in
2680 3013 3012 3086 conquisitis
3043 3014 3404 3085 obligationis

1777 3107 2090 3178 gratissime
2142 3108 2312 3162 rebus
2367 3125 2483 3162 non
2538 3112 2964 3179 prospectantes
3013 3108 3231 3179 proprii
3275 3107 3406 3186 jura

1775 3201 2076 3268 commodi,
2129 3201 2228 3254 sed
2271 3201 2634 3292 consqlentes
2676 3202 2875 3272 patria:
2915 3205 3086 3273 atque
3113 3202 3293 3272 genti.
3326 3203 3407 3256 De

1775 3295 1941 3349 rebus
1973 3295 2338 3366 congregatis
2362 3295 2430 3348 ab
2453 3295 2552 3362 eis,
2580 3295 2703 3348 illas
2730 3298 2954 3349 tantum
2969 3294 3074 3349 sibi
3094 3295 3399 3350 vendicent

1774 3393 1962 3458 partes
1987 3404 2124 3459 quas
2153 3388 2450 3441 dictaverit
2477 3388 2778 3443 auctoritas
2806 3388 3133 3458 principalis
3169 3404 3363 3443 verum
3386 3405 3403 3456 ;

1775 3498 2134 3552 quaecunque
2190 3481 2514 3535 inordinata
2564 3481 2928 3551 reliquerint,
2990 3479 3408 3534 haereditabunt

1775 3591 2120 3628 successores
2144 3574 2360 3646 proprii
2387 3590 2602 3641 eorum,
2655 3579 2711 3629 et
2756 3578 2886 3628 ante
2934 3589 3181 3644 regnum
3202 3573 3402 3643 justis-

1775 3667 1916 3722 sime
1941 3668 2276 3740 conquisita,
2305 3672 2405 3722 aut
2429 3667 2550 3734 ﬁlii,
2582 3670 2679 3722 aut
2705 3666 2965 3722 haeredes
3010 3666 3239 3737 capiant
3275 3667 3406 3737 jure

1775 3761 2171 3832 proximitatis.
2217 3762 2296 3815 De
2347 3760 2608 3816 afﬁnium
2642 3759 2996 3815 successione
3027 3760 3113 3815 vel
3140 3776 3402 3827 munere,

1777 3854 2030 3924 quamvis
2054 3855 2374 3910 inordinata
2415 3854 2608 3909 relicta
2647 3853 2778 3921 sint,
2829 3858 2928 3907 aut
2962 3853 3146 3924 primo
3183 3856 3406 3908 tantum

1776 3947 1924 4016 filiis,
1956 3951 2054 4001 aut
2079 3947 2402 4002 haeredibus
2453 3948 2786 4019 frequenter
2827 3945 3126 4017 proﬁciant
3153 3946 3242 4000 vel
3267 3963 3402 4018 pro-

1776 4042 2018 4112 pinquis.
2047 4043 2128 4096 Ita
2149 4042 2208 4095 in
2231 4057 2430 4096 eorum
2457 4041 2674 4096 cunctis
2694 4040 2931 4108 actibus,
2954 4040 3209 4095 moribus
3231 4045 3401 4112 atque

1775 4135 1944 4190 rebus
1988 4135 2220 4207 privatae
2273 4136 2416 4208 legis
2459 4135 2770 4190 auctoritas
2815 4135 2922 4189 erit
2964 4134 3224 4202 valitura,
3255 4137 3318 4187 ut
3350 4137 3408 4187 et

1775 4230 2104 4300 perenniter
2139 4233 2372 4284 maneat
2397 4229 2747 4295 inconvulsa,
2782 4231 2838 4283 et
2863 4245 2979 4282 non
3008 4227 3166 4298 prius
3187 4227 3409 4298 apicem

1776 4323 1940 4394 regni
1967 4324 2206 4394 quisque
2237 4322 2534 4394 percipiat,
2564 4339 2735 4394 quam
2787 4338 2846 4375 se
2893 4321 3049 4376 illam
3079 4337 3181 4392 per
3209 4321 3406 4375 omnia

1777 4417 2171 4487 suppleturum
2217 4416 2597 4487 jurisjurandi
2651 4415 2942 4470 taxatione
2994 4414 3248 4470 deﬁniat.
3308 4413 3409 4469 Cui

92 4506 317 4561 acerrime
359 4510 747 4576 interdicitur,
797 4514 857 4564 ut
905 4511 1160 4582 quisquis
1211 4510 1329 4565 sine
1368 4509 1678 4564 inevitabili
1699 4509 1951 4605 Detiam
1976 4510 2091 4580 legi
2117 4510 2203 4564 vel
2231 4510 2454 4564 decreto
2485 4509 2814 4580 episcopali,
2865 4525 2979 4562 non
3021 4508 3203 4561 solum
3231 4507 3289 4561 in
3316 4507 3405 4560 fu-

94 4602 394 4672 necessitate,
425 4609 604 4674 atque
645 4604 966 4675 fragilitate,
993 4608 1049 4659 et
1077 4604 1336 4658 evidente
1376 4604 1677 4673 languore,

92 4703 165 4741 seu
195 4693 349 4750 etiam
391 4697 856 4768 impossibilitate
912 4697 1113 4764 aetatis,
1171 4697 1388 4752 diebus.
1429 4697 1679 4761 Quadra-

96 4785 281 4848 gesimae
304 4807 462 4845 esum
489 4791 753 4846 carnium
780 4791 1203 4862 praesumpserit
1229 4794 1529 4858 attentare,
1566 4807 1681 4844 non

93 4875 233 4933 SOlum
282 4901 406 4939 reus
452 4886 569 4939 erit
618 4884 1044 4940 resurrectionis
1096 4885 1430 4951 Dominicre,
1486 4901 1681 4938 verum

96 4969 230 5025 etiam
257 4977 471 5032 alienus
502 4978 576 5032 ab
606 4979 861 5049 ejusdem
891 4978 1006 5034 diei
1037 4982 1225 5033 sancta
1259 4978 1680 5047 communione,

96 5065 136 5111 θὶ
181 5065 270 5121 hoc
323 5071 400 5124 illi
445 5073 773 5128 cumuletur
821 5073 891 5126 ad
940 5089 1194 5144 poenam,
1240 5075 1303 5125 ut
1332 5071 1507 5142 ipsius
1551 5071 1684 5124 anni

98 5157 306 5227 tempore
353 5164 423 5217 ab
477 5165 641 5219 omni
690 5182 787 5220 esu
845 5165 1102 5220 carnium
1150 5165 1431 5220 abstineat
1475 5164 1684 5236 gulam,

99 5249 204 5314 quia
246 5258 410 5311 sacris
465 5259 667 5314 diebus
710 5258 1064 5313 abstinentia
1131 5259 1336 5313 oblitus
1385 5263 1471 5312 est
1523 5257 1684 5312 disci-

100 5340 293 5406 pliuam.
358 5351 437 5404 Illi
505 5369 637 5407 vero
691 5369 835 5423 quos
894 5357 994 5407 aut
1047 5357 1183 5407 tetas
1240 5354 1534 5421 incurvat,
1593 5354 1690 5405 aut

102 5432 302 5506 languor
329 5449 614 5513 extenuat,
660 5452 758 5500 aut
800 5446 1102 5501 necessitas
1144 5450 1344 5516 arctat,
1391 5462 1505 5500 non
1562 5450 1690 5501 ante

103 5531 350 5593 prohibita
408 5539 619 5594 violare
669 5543 1038 5612 praesumant,
1094 5557 1266 5612 quam
1321 5557 1354 5594 a
1403 5538 1692 5594 sacerdote

106 5628 405 5688 permissum
431 5634 770 5705 percipiant.

161 5715 210 5770 Χ.
236 5721 465 5780 Decimae
493 5727 872 5783 collocutionis
913 5744 1142 5784 assensu
1183 5728 1434 5784 molestis
1481 5727 1696 5782 actibus

110 5808 274 5877 qnibus
294 5833 460 5890 sagax
501 5819 793 5894 indagatio
829 5821 1048 5893 pictatis
1093 5821 1367 5893 obviaret,
1421 5821 1692 5893 decrevit,

448 5918 738 5987 PA'I‘ROL.
789 5921 1014 5987 CXXX.

1781 4604 1908 4656 turo
1935 4603 2029 4657 sed
2057 4603 2230 4657 etiam
2256 4603 2313 4656 in
2346 4603 2613 4673 praesenti
2631 4601 3004 4656 reverentiam
3028 4603 3406 4671 apponentes,

1781 4696 2159 4764 decernimus,
2188 4700 2254 4750 ut
2279 4697 2604 4767 quicunque
2643 4696 2932 4750 detractor
2978 4697 3035 4749 et
3073 4710 3190 4748 non
3222 4693 3410 4765 potius

1781 4793 2084 4844 venerator
2107 4789 2318 4844 decreti
2338 4789 2591 4859 ejusdem
2616 4792 2784 4860 atque
2803 4787 2946 4859 legis
2973 4804 3094 4842 esse
3122 4788 3409 4856 maluerit,

1785 4883 1898 4937 sive
1925 4883 2222 4954 religiosus
2249 4883 2340 4936 ille
2367 4881 2456 4950 sit,
2487 4882 2603 4937 sive
2632 4881 2826 4949 laicus,
2855 4898 2970 4935 non
3013 4881 3198 4936 solum
3231 4881 3409 4936 eccle-

1784 4977 2004 5032 siastica
2030 4976 2613 5033 excommunicatione
2643 4976 2944 5047 plectatur,
2978 4991 3177 5033 verum
3225 4981 3283 5030 et
3325 4975 3413 5030 sui

1785 5070 1995 5126 ordinis
2025 5070 2302 5142 dignitate
2335 5071 2604 5142 privetur.

1856 5165 1942 5219 Xl.
2005 5164 2336 5220 Undecimaa
2396 5164 2700 5219 occasionis
2763 5163 3002 5219 articulo
3057 5165 3415 5219 decretorum‘

1787 5258 2192 5313 universalium
2217 5275 2470 5330 perenne
2495 5258 2751 5312 dedimus
2768 5258 3212 5324 firmamentum,
3241 5255 3416 5310 scien-

1789 5354 1872 5407 tes
1887 5352 2037 5424 quod
2056 5351 2391 5406 multimoda
2407 5368 2631 5422 semper
2650 5353 2799 5406 Deus
2815 5351 3164 5423 oppositione
3176 5347 3418 5420 judicio-

1791 5462 1919 5500 rum
1951 5462 2234 5501 aerumnas
2261 5446 2472 5501 relevat
2501 5461 2933 5518 oppressorum;
2961 5447 3018 5498 et
3063 5443 3205 5496 sicut
3254 5440 3418 5495 malis

1791 5539 2148 5611 exigentibus
2189 5539 2491 5594 hominum
2539 5539 2819 5611 permittit
2857 5536 3110 5592 exerceri
3147 5531 3418 5606 penurias

1791 5633 2098 5701 ultionum,
2122 5633 2199 5687 ita
2225 5650 2354 5688 cum
2382 5633 2621 5688 voluerit
2658 5631 2989 5703 gravedines
3014 5629 3231 5683 relevat
3256 5641 3420 5696 pres-

1794 5743 2084 5798 surarum;
2115 5727 2249 5782 hinc
2278 5731 2336 5783 et
2361 5727 2589 5783 decreta
2615 5722 3060 5800 praecedentium
3090 5723 3323 5777 Patrum
3352 5718 3423 5777 ad

1795 5821 2175 5880 contentionis
2188 5821 2447 5895 jurgium
2467 5820 2735 5877 radicitus
2753 5815 3114 5876 evellendum
3131 5813 3239 5872 rite
3259 5830 3429 5890 syno-

2996 5922 3067 5982 l7
