3946 6180
570 289 670 341 513

1465 288 1747 344 ΑΡΡΕΝΙ).
1792 289 1877 343 AD
1915 290 2074 344 πα.
2118 289 2204 344 IX.

2237 318 2304 329 ——
2341 289 2586 344 lSlDORI
2624 287 3046 346 MERCATORIS
3734 301 3807 352 516

562 395 746 449 dalem
776 392 896 451 fieri
927 408 1194 449 censuere
1237 397 1600 462 conventum,
1640 399 1704 449 ut
1749 395 1862 450 illic
1895 395 1965 450 de
1997 397 2179 451 diver-
2204 397 2405 480 Acipe
2436 397 2695 467 glorioso,
2730 397 3044 466 gratiarum
3091 398 3258 466 actio,
3310 405 3364 453 et
3404 401 3686 456 reverentia
3720 405 3806 472 ple.

565 487 725 540 sitate
748 485 1094 557 judiciorum
1124 491 1405 558 protensae
1436 486 1560 542 lites
1587 488 1833 543 habeant
1874 489 2187 546 terminum

564 579 661 633 ubi
687 583 909 634 sanctus
939 579 1180 650 Spiritus
1209 580 1586 635 universalcm
1636 582 2043 636 coadunaverit
2079 601 2187 638 cce-

562 677 704 727 tum.
730 673 811 726 Ab
839 673 944 727 hoc
973 689 1108 744 ergo
1137 673 1349 744 Spiritu
1383 678 1571 727 sancto
1595 676 1970 729 successiones
1990 677 2186 746 quaeli-

560 765 657 820 bet
687 766 744 820 in
772 755 1056 836 posterum
1089 770 1188 820 aut
1222 766 1460 837 impune
1485 767 1704 821 valeant
1731 769 2096 833 commoveri,
2124 774 2188 823 ut

562 859 897 930 generalitas
923 864 1042 913 tuta
1070 860 1246 914 valeat
1275 859 1603 928 consistere,
1634 860 1801 930 plena
1829 861 2188 916 decernimus

561 952 937 1006 unanimitate
963 953 1219 1021 connexi,
1249 958 1306 1006 ut
1328 969 1709 1024 quascumque
1735 970 1838 1023 pro
1858 954 1987 1008 fidei
2011 955 2188 1010 causis

560 1045 1057 1116 ecclesiasticisque
1110 1046 1347 1116 negotiis
1392 1053 1490 1100 aut
1531 1046 1590 1100 in
1642 1047 1947 1117 praeteritis
1999 1049 2184 1118 gestis,

559 1140 734 1194 autin
760 1138 1129 1210 praesentibus
1160 1139 1497 1208 constitutis,
1533 1143 1632 1193 aut
1681 1140 1738 1193 in
1783 1141 1987 1194 futuris
2015 1141 2187 1196 etiam

561 1232 820 1298 decretis,
851 1231 939 1284 vel
965 1234 1098 1285 sunt
1137 1232 1220 1285 vel
1256 1232 1471 1285 fuerint
1501 1232 1828 1287 definitione
1857 1234 2186 1304 conscriptas

561 1325 891 1380 universalis
945 1324 1314 1392 auctoritatis,
1361 1325 1552 1378 nullus
1599 1325 1866 1396 deinceps
1910 1327 2188 1381 contradi-

559 1436 683 1474 cere
710 1419 934 1484 audeat,
983 1419 1170 1472 nullus
1216 1424 1432 1472 vertere
1483 1425 1810 1488 praesumat,
1856 1420 2042 1473 nullus
2071 1436 2185 1474 non

557 1513 793 1583 implere
820 1512 1138 1566 contendat.
1167 1513 1308 1566 Nam
1339 1512 1386 1565 si
1415 1513 1539 1582 quis
1567 1530 1636 1567 ex
1665 1512 1940 1583 religione
1991 1518 2185 1567 contra

558 1606 681 1661 haec
705 1605 1057 1670 inobediens,
1095 1609 1190 1657 aut
1235 1621 1552 1673 susurrans,
1582 1609 1680 1659 aut
1705 1611 1854 1660 certe
1886 1607 2180 1673 laceratur,

558 1704 656 1754 aut
684 1698 925 1766 invidus,
952 1715 1015 1751 ac
1048 1714 1162 1752 non
1193 1698 1382 1768 potius
1409 1699 1743 1752 eorumdem
1791 1699 1972 1753 factor
2015 1699 2180 1753 exsti-

557 1792 706 1857 terit,
738 1792 916 1861 gratia
965 1794 1020 1845 et
1067 1791 1297 1844 honoris
1337 1790 1423 1844 sui
1469 1797 1526 1844 et
1566 1792 1983 1846 communionis
2013 1809 2182 1846 sacrae

555 1885 754 1958 lugeat
780 1884 1081 1938 amissione
1110 1885 1397 1938 multatus.
1429 1885 1569 1939 Cum
1615 1901 1750 1938 vero
1791 1891 1888 1940 aut
1916 1885 2184 1956 quaelibet

556 1984 743 2034 sancta
772 1978 1020 2048 synodus
1050 1977 1259 2047 agitur,
1290 1983 1387 2030 aut
1433 1977 1662 2048 pacifica
1704 1977 1855 2032 inter
1889 1978 2182 2049 pontifices

554 2071 851 2145 quidpiam
881 2071 1169 2138 deﬁnitur,
1201 2068 1246 2123 si
1265 2071 1556 2140 pauciores
1577 2087 1679 2141 per
1694 2071 2062 2126 nescientiam
2093 2072 2181 2126 vel

553 2165 976 2222 contentionem
1026 2163 1172 2217 forte
1221 2163 1576 2230 dissentiant,
1621 2167 1720 2217 aut
1772 2165 2111 2220 commoniti
2149 2181 2182 2218 a

553 2259 933 2330 plurimorum
967 2260 1112 2310 coetu
1142 2272 1270 2309 cum
1299 2256 1573 2310 dedecore
1603 2257 1945 2311 confusionis
1983 2258 2177 2312 absce-

553 2353 710 2418 dant,
770 2355 868 2404 aut
930 2348 1532 2404 excommunicationis
1584 2366 1790 2404 annua:
1847 2350 2180 2405 sententiam

550 2445 731 2499 luant.

619 2538 723 2593 Xll.
755 2536 1115 2591 Duodecima':
1144 2535 1468 2606 quaestionis
1487 2536 1960 2607 propositionem,
1990 2553 2174 2592 sacra-

546 2630 746 2687 tissimi
777 2629 1046 2701 principis
1074 2629 1542 2695 obsecrationem,
1569 2629 1816 2700 piissima
1838 2647 1940 2700 pro
1959 2630 2180 2685 Judan-

547 2741 678 2780 rum
711 2721 1075 2777 abominabili
1119 2739 1184 2776 ac
1228 2721 1478 2776 nefanda
1523 2722 1759 2792 perfidia
1810 2723 2174 2790 exsecranda,

548 2820 742 2872 nostro
771 2815 935 2870 coetui
965 2815 1249 2885 perpatuit
1274 2831 1460 2880 causa,
1489 2831 1662 2884 quam
1701 2816 1910 2870 idcirco
1960 2816 2019 2869 in
2062 2815 2176 2870 fine

548 2909 964 2964 sententiarum
997 2906 1321 2961 censuimus
1365 2923 1484 2961 esse
1513 2908 1870 2978 ponendam;
1903 2909 2175 2979 quoniam

549 3002 808 3058 eamdem
838 3005 1066 3072 gentem
1100 2999 1289 3053 delicti
1317 3000 1399 3053 sui
1428 3001 1631 3054 merito
1659 3001 2044 3056 retroductam
2076 3018 2177 3072 per

549 3092 754 3150 divinae
781 3093 1084 3148 sanctionis
1117 3093 1341 3147 oracula
1368 3093 1551 3163 capite
1583 3095 1848 3164 positam,
1899 3095 2176 3149 deflemus

547 3206 699 3245 nunc
756 3204 874 3242 esse
931 3187 988 3240 in
1038 3187 1244 3253 cauda,
1302 3185 1402 3240 sed
1465 3186 1597 3256 quia
1647 3188 1898 3242 Christus
1951 3193 2015 3243 ut
2069 3205 2172 3260 pro

545 3282 744 3348 nobis,
813 3281 891 3334 ita
948 3297 1176 3352 quoque
1243 3296 1345 3350 pro
1396 3279 1505 3333 illis
1549 3284 1806 3335 mortuus
1859 3287 1963 3347 est,
2015 3283 2174 3352 juxta

544 3377 697 3449 quod
724 3375 842 3446 ipse
868 3374 948 3428 ait
977 3391 989 3427 :
1024 3394 1050 3425 (ί
1079 3374 1199 3428 Νοιι
1227 3390 1352 3426 sum
1382 3373 1581 3427 missus
1626 3374 1733 3427 nisi
1782 3375 1850 3429 ad
1889 3392 2019 3429 oves
2045 3391 2172 3445 quin

544 3470 830 3542 perierant
856 3469 1059 3522 domus
1087 3467 1258 3521 Israel
1289 3467 1501 3530 (Matth.
1553 3483 1644 3536 xv,
1699 3469 1806 3537 24),
1853 3490 1878 3516 ››
1924 3485 2173 3522 necessa-

544 3566 691 3618 rium
723 3562 993 3616 duximus
1019 3576 1298 3614 summam
1330 3577 1432 3630 pro
1459 3559 1538 3614 eis
1575 3561 1909 3631 impendere
1955 3578 2169 3628 curam,

543 3673 646 3730 pro
671 3656 877 3727 quibus
907 3676 933 3703 ‹‹
965 3671 1122 3708 suam
1152 3670 1368 3725 ponere
1397 3670 1513 3708 non
1544 3653 1887 3725 dedignatus
1934 3659 2019 3709 est
2046 3655 2170 3708 ani-

543 3766 694 3806 mam
727 3749 902 3817 (Joan.
935 3765 988 3815 x,
1027 3750 1108 3816 15)
1138 3769 1165 3796 ››
1195 3747 1254 3800 id
1284 3763 1512 3818 quoque
1540 3747 1840 3818 principali
1874 3748 2172 3803 clementia

542 3843 905 3900 devotissime
962 3841 1339 3912 approbante,
1400 3857 1529 3912 quae
1583 3841 1655 3895 ob
1707 3841 1811 3894 hoc
1867 3842 1952 3896 sui
2006 3842 2169 3912 regni

546 3939 767 4009 apicem
806 3953 838 3989 a
879 3937 991 3988 Deo
1033 3934 1264 3988 solidari
1305 3937 1604 4005 praeoptat,
1635 3934 1678 3987 si
1712 3935 2008 3989 catholicae
2041 3935 2171 3988 fidei

541 4030 906 4102 pereuntium
950 4033 1165 4082 turmas
1214 4027 1488 4097 acquirat,
1545 4027 1849 4098 indignum
1899 4031 2172 4098 reputans

543 4123 872 4178 orthodoxae
922 4119 1054 4173 ﬁdei
1103 4119 1421 4189 principem
1460 4119 1750 4190 sacrilegis
1780 4119 2085 4190 imperare,
2115 4123 2172 4175 et

540 4214 861 4271 infidelium
916 4213 1180 4266 societate
1244 4212 1439 4282 pollui.
1494 4212 1642 4265 Nihil
1704 4213 1857 4266 aliud
1919 4229 2024 4284 pro
2082 4212 2170 4268 his

543 4325 612 4362 ex
662 4309 852 4360 nostra
911 4305 1195 4358 sententia
1249 4304 1551 4371 deﬁnitur,
1604 4320 1775 4374 quam
1831 4311 1890 4360 ut
1941 4305 2168 4362 decreta

541 4399 761 4458 concilii
808 4397 1087 4465 Toletani,
1133 4397 1285 4468 quod
1334 4395 1476 4451 divae
1531 4399 1822 4453 memorias
1876 4399 2167 4455 Sisenandi

2292 489 2495 544 nitndo
2528 507 2560 544 a
2587 489 2747 544 nobis
2776 491 3040 544 omnibus
3080 491 3139 544 in
3188 507 3466 550 commune
3494 493 3584 562 ipsi
3620 495 3808 549 clemeu~

2292 582 2506 637 tissimo
2551 583 2814 654 principi,
2864 584 3149 638 bonorum
3196 584 3708 656 gratifico'largitori,
3748 591 3811 640 cui

2292 678 2552 730 votorum
2578 675 2844 730 instantia
2869 676 3121 747 benigna
3151 678 3293 731 Deus
3317 677 3489 731 attulit
3530 680 3810 748 complenda,

2291 770 2449 838 cujus
2517 769 2806 840 dispositio
2885 770 3138 840 piissima
3208 786 3572 840 pressurarum
3635 772 3813 825 removit

2291 861 2493 930 exitia,
2565 863 2724 931 cujus
2795 863 3144 932 temporibus
3217 863 3426 916 confert
3480 863 3665 932 justitia
3707 864 3816 932 vigo-

2290 971 2412 1009 rem
2437 998 2449 1020 ,
2491 958 2546 1008 et
2593 955 2864 1008 exuberat
2917 956 3108 1009 omnia
3160 957 3433 1026 opulenta,
3471 955 3550 1009 cui
3591 955 3814 1018 Dominus,

2288 1052 2413 1118 post
2441 1048 2735 1118 priesentis
2767 1048 2870 1102 aevi
2899 1051 3164 1118 tempora
3191 1048 3499 1101 diuturnam
3527 1064 3637 1100 cum
3664 1049 3818 1101 sanctis

2288 1141 2551 1195 omnibus
2599 1141 2809 1195 tribuat
2846 1141 2903 1194 in
2948 1141 3401 1195 remuneratione
3451 1157 3693 1194 coronam.
3744 1141 3818 1193 Nos

2287 1239 2475 1288 autem
2526 1251 2724 1288 omnes
2769 1235 2919 1288 hanc
2969 1234 3327 1288 decretorum
3371 1233 3557 1288 seriem
3598 1234 3818 1303 justorum

2289 1333 2344 1382 et
2394 1333 2563 1381 rectze
2615 1327 2784 1394 fidei,
2837 1329 2922 1381 vel
2977 1327 3242 1397 pietatis,
3305 1343 3366 1379 ac
3407 1325 3619 1396 justitize
3660 1326 3818 1378 fontem

2285 1425 2641 1487 manantem,
2675 1438 2868 1475 coram
2920 1422 3033 1474 Deo
3065 1426 3121 1474 et
3149 1419 3361 1489 angelis
3404 1419 3516 1488 ejus
3563 1417 3819 1472 orthodoxis

2287 1515 2551 1568 omnibus
2598 1517 2655 1567 et
2702 1531 2854 1568 nunc
2901 1519 2958 1567 et
3017 1513 3076 1567 in
3144 1513 3335 1567 futuro
3382 1511 3664 1582 impensius
3706 1527 3819 1563 com-

2284 1607 2666 1675 mendamus,
2733 1606 3091 1661 obsecrantes
3143 1611 3205 1660 ut
3258 1605 3399 1659 hanc
3465 1610 3517 1659 et
3575 1606 3822 1656 reverenter

2285 1699 2676 1769 adimpleant,
2748 1704 2804 1753 et
2859 1699 2929 1753 ab
2986 1699 3204 1754 aemulis
3261 1697 3496 1769 benigne
3563 1695 3819 1750 defendant.

2203 1772 2259 1843 B
2283 1792 2788 1848 Contemnentibns
2809 1795 3002 1845 autem
3037 1808 3161 1845 eam
3190 1791 3392 1845 divinae
3423 1788 3700 1844 severitatis
3719 1786 3822 1839 ultio

2283 1885 2540 1956 pavenda
2588 1886 2926 1956 proveniat;
2989 1885 3412 1940 observantibus
3473 1888 3639 1936 autem
3684 1880 3822 1933 omnia

2280 1979 2570 2050 proﬂuens
2610 1996 2718 2049 pax
2765 1983 3043 2049 perpetua
3068 1983 3124 2032 et
3154 1978 3335 2049 gloria
3379 1977 3688 2046 sempiterna
3723 1989 3821 2026 con-

2281 2073 2482 2143 tingat.
2549 2073 2725 2142 Hujus
2781 2088 3010 2142 quoque
3075 2071 3370 2125 sententiae
3423 2068 3712 2124 fortitudine
3762 2064 3820 2116 vel

2280 2166 2473 2236 vigore
2518 2166 2733 2219 decreti
2783 2165 2960 2218 nostri
3006 2164 3210 2218 seriem
3259 2181 3426 2234 quam
3463 2162 3516 2215 in
3553 2155 3823 2214 serenissimi

2280 2259 2506 2314 Domini
2533 2259 2709 2312 nostri
2740 2257 3136 2312 Reccesiunthi
3160 2257 3314 2328 regis
3344 2256 3607 2311 edidimus
3631 2251 3821 2316 nomine,

2279 2369 2384 2423 pro
2436 2352 2606 2406 rebus
2659 2369 2692 2404 a
2746 2352 2890 2406 divae
2947 2349 3240 2405 memoriae
3297 2356 3454 2421 patre
3497 2364 3588 2402 suo
3637 2343 3824 2417 quolibet

2279 2445 2442 2500 titulo
2516 2444 2807 2515 exquisitis
2879 2444 3241 2499 decernimus
3314 2443 3538 2498 omnino
3595 2442 3822 2501 constare;

2278 2538 2465 2610 legem
2504 2538 2746 2609 denique
2801 2554 2976 2608 quam
3031 2554 3135 2608 pro
3195 2535 3532 2590 exsecranda
3578 2531 3823 2604 principum

2277 2631 2565 2687 horrenda
2626 2631 2932 2702 cupiditate
2989 2630 3140 2684 idem
3195 2628 3648 2684 clementissimus
3699 2621 3825 2678 edidit

2276 2726 2537 2796 princeps
2619 2725 2787 2778 simili
2867 2723 3070 2778 robore
3154 2723 3445 2778 firmamus
3489 2764 3502 2789 ,
3579 2722 3719 2788 atque
3783 2716 3824 2765 ut

2277 2819 2481 2873 futuris
2543 2822 2694 2872 retro
2755 2817 3108 2888 temporibus
3163 2817 3353 2871 modis
3404 2813 3645 2870 omnibus
3688 2811 3826 2864 obser-

2276 2917 2458 2982 vetur,
2505 2913 2630 2983 pari
2686 2911 2965 2965 sententia
3013 2910 3400 2976 decrevimus;
3447 2924 3565 2979 quze
3608 2905 3745 2960 etiam
3777 2915 3825 2952 ne

2275 3005 2555 3060 taciturna
2599 3008 2921 3076 temporum
2969 3004 3054 3057 vel
3103 3003 3377 3058 obliviosa
3418 3004 3670 3056 vetustate
3713 2995 3826 3048 dese-

2277 3102 2519 3167 rantur,
2606 3098 2736 3152 huic
2821 3103 3028 3152 nostra‘:
3103 3095 3492 3152 constitutioni
3553 3090 3826 3148 decrevimus

2275 3195 2515 3263 utraque
2542 3191 2905 3257 innectenda,
2938 3192 3010 3245 ita
3041 3195 3380 3246 cunctorum
3429 3187 3694 3243 memoria:
3718 3197 3826 3237 com-

2271 3279 2635 3347 mendamus,
2669 3286 2794 3336 uta
2840 3276 3054 3334 cunctis
3099 3281 3315 3351 regulis
3363 3277 3609 3350 superius
3652 3271 3823 3328 ordina-

2269 3373 2340 3428 tis
2371 3390 2734 3445 nequaquam
2765 3379 3030 3429 maneant
3064 3378 3390 3445 segregata.
3431 3373 3631 3426 Caetera
3656 3377 3824 3438 quoque

2269 3468 2628 3522 decretorum
2661 3472 2984 3522 nostrorum
3022 3467 3256 3538 judicia,
3287 3484 3416 3538 quae
3457 3465 3524 3520 ab
3567 3465 3657 3516 bac
3689 3460 3824 3513 sancta

2269 3561 2482 3632 synodo
2534 3565 2846 3616 noscuntur
2895 3578 3014 3615 esse
3071 3562 3354 3629 confecta,
3409 3561 3452 3613 si
3497 3557 3612 3628 quis
3659 3549 3824 3608 convel-

2225 3655 2385 3709 ‘lere
2440 3655 2674 3708 forsitan
2720 3654 3050 3722 decreverit,
3097 3658 3195 3708 aut
3243 3660 3456 3708 temere
3502 3649 3713 3720 implere
3754 3657 3824 3695 ne~

2271 3747 2525 3820 glexcrit,
2583 3749 2669 3801 vel
2727 3747 3040 3817 infringere
3090 3748 3434 3818 quandoque
3484 3741 3712 3804 voluerit,
3756 3748 3828 3806 per

2260 3841 2540 3912 judicium
2613 3840 3018 3911 omnipotentis
3085 3841 3182 3896 Dei
3263 3841 3568 3895 anathema
3619 3835 3694 3889 sit.
3748 3825 3826 3882 501i

2269 3940 2467 3988 autem
2518 3935 2632 3988 Deo
2687 3937 2884 3989 nostro
2947 3934 3125 4005 gloria
3175 3934 3234 3988 in
3285 3935 3487 3988 saecula
3541 3928 3824 3985 saeculorum.

2268 4030 2470 4082 Amen.

2195 3139 2249 3212 C

2267 4169 2602 4241 Subscriptio
2681 4172 3049 4240 episcoporum
3126 4185 3350 4225 numero
3441 4183 3546 4223 ιιι.
3616 4162 3825 4218 Decretum

2372 4265 2692 4319 universalis
2711 4265 2928 4318 concilii
2945 4264 3150 4318 editum
3177 4266 3236 4318 in
3268 4266 3485 4318 nomine
3504 4256 3752 4332 principis.

2337 4397 2688 4453 Soliditatem
2757 4397 3066 4453 reddidisse
3130 4398 3400 4453 fracturae
3468 4401 3624 4466 atque
3681 4384 3825 4442 fecisse

536 4496 688 4567 regis
731 4497 1112 4566 aggregatum
1166 4495 1252 4545 est
1300 4495 1576 4564 tempore,
1604 4509 1636 4545 a
1665 4492 1830 4547 nobis
1867 4509 1931 4548 ac
1971 4497 2159 4565 postc-
2182 4508 2606 4580 Dconsurgere
2657 4491 2810 4562 quod
2865 4492 3151 4547 exstiterat
3212 4491 3472 4546 collisum
3503 4531 3516 4556 ,
3583 4489 3635 4540 et
3686 4482 3824 4534 incre-

537 4593 616 4645 ris
660 4587 992 4644 omnimoda
1035 4587 1408 4657 suppleantnr
1449 4586 1783 4642 intentione.
1830 4587 1934 4650 Qui
1969 4591 2161 4642 autem
2264 4589 2523 4639 mentum
2552 4588 2637 4639 est
2675 4585 2845 4655 hujus
2881 4585 3159 4640 mercedis
3203 4587 3262 4638 et
3302 4581 3590 4655 plenitudo
3627 4585 3826 4632 consum°

538 4684 607 4737 ab
637 4683 893 4754 ejusdem
920 4680 1121 4752 synodi
1147 4679 1388 4734 voluerit
1417 4680 1694 4734 sententia
1744 4681 2064 4749 dissentire,
2103 4685 2165 4736 ut

535 4791 665 4831 vere
713 4775 1076 4844 sacrilegum,
1121 4774 1344 4829 noverit
1396 4789 1454 4827 se
1502 4773 1890 4829 condemnari.
1947 4774 2162 4828 Divinas

535 4868 824 4924 Trinitatis
884 4867 1257 4937 inseparabile
1316 4883 1530 4921 nomen
1586 4867 1727 4922 sicut
1783 4866 2159 4937 inspiratione

537 4960 784 5017 mirabili
831 4963 1088 5014 nostrum
1131 4964 1432 5014 tractatum
1459 4959 1770 5029 primordio
1797 4960 2156 5026 illuminavit,

534 5055 616 5110 ita
632 5052 1126 5109 consummatione
1146 5051 1370 5105 sublimi
1392 5052 1657 5106 eumdem
1669 5053 1789 5122 jam
1811 5053 2158 5123 perficiendo

534 5147 849 5214 concludat,
919 5150 981 5200 ut
1037 5146 1096 5198 in
1149 5145 1246 5198 illo
1300 5145 1371 5199 sit
1419 5150 1677 5200 nostrum
1742 5146 2074 5218 explicuisse
2127 5164 2160 5202 a

531 5259 646 5316 quo
698 5239 859 5295 nobis
912 5238 1019 5293 fuit
1077 5237 1391 5293 inchoasse.
1450 5240 1657 5293 Damus
1721 5255 1859 5310 ergo
1917 5240 2158 5310 gloriam

531 5343 587 5392 et
613 5337 891 5392 honorem
920 5331 1108 5386 eidem
1149 5335 1360 5385 sanctae
1409 5337 1466 5386 et
1515 5332 1837 5386 indivisibili
1879 5333 2153 5399 Trinitati,

529 5447 656 5506 qum
685 5428 850 5485 nobis
897 5432 954 5481 et
993 5425 1113 5480 haec
1156 5425 1342 5479 dicere
1387 5426 1644 5493 contulit,
1696 5432 1753 5480 et
1795 5425 1856 5480 in
1900 5442 1958 5480 se
2009 5426 2156 5480 dicta

527 5523 851 5596 complevit,
892 5537 1017 5592 quas
1063 5519 1387 5574 reformavit
1427 5519 1484 5573 in
1522 5519 1882 5575 extremitate
1921 5519 2151 5574 saeculo-

526 5633 657 5674 rum
701 5615 958 5675 remedia
997 5617 1253 5682 aetatum,
1300 5618 1357 5668 et
1403 5611 1626 5668 resolvit
1653 5613 1930 5684 ligamina
1957 5609 2151 5668 vincu-

527 5711 736 5767 lorum.
789 5711 873 5768 Sit
915 5708 1224 5782 gratiarum
1273 5708 1417 5764 salus
1469 5712 1525 5763 et
1571 5706 1894 5763 benedictio
1945 5708 2154 5763 exerci-

525 5809 685 5866 tuum
707 5804 948 5860 Domino
975 5803 1504 5877 superserenissimo
1537 5802 1972 5871 Reccesiuntho,
2000 5803 2156 5875 prin-

2209 4713 2212 4716 ~
2264 4683 2430 4732 mata:
2455 4677 2839 4748 perfectionis.
2859 4679 3102 4733 Ponderi
3129 4679 3343 4733 etenim
3370 4672 3672 4732 collidentis
3693 4665 3824 4722 ruina!

2261 4772 2307 4827 si
2347 4771 2656 4843 aequalium
2699 4773 3092 4842 proximorum
3138 4789 3277 4826 cura
3328 4769 3586 4826 convenit
3633 4760 3821 4818 obviare,

2261 4872 2470 4938 quanto
2533 4866 2854 4938 grandioris
2905 4867 3012 4920 erit
3062 4865 3242 4935 culpae
3297 4863 3601 4936 praelibataa
3647 4847 3825 4910 incuria?

2261 4960 2563 5016 discrimen
2605 4960 2916 5026 incurrere,
2965 4959 3010 5013 si
3056 4975 3171 5014 non
3220 4975 3334 5028 quo
3382 4957 3584 5019 valent,
3619 4966 3679 5005 ex
3709 4956 3822 4998 com-

2260 5055 2418 5109 muni
2447 5070 2617 5109 onere
2643 5053 2744 5107 sibi
2771 5053 3101 5106 commissos
3121 5056 3430 5123 procurent
3458 5045 3678 5120 populos
3694 5033 3823 5094 subli-

2259 5147 2446 5202 mare!
2496 5145 2925 5217 Properandum
2975 5161 3112 5215 ergo
3165 5149 3248 5199 est
3294 5143 3444 5198 inter
3485 5140 3662 5194 ruinas
3707 5126 3820 5184 colli.

2257 5241 2481 5296 sionum
2536 5241 2781 5294 catervas
2833 5237 3052 5308 eripere
3097 5237 3429 5292 collisorum
3465 5278 3479 5301 ,
3551 5236 3608 5284 ut
3651 5243 3704 5282 ex
3747 5222 3825 5274 110°

2249 5334 2466 5405 jugiter
2490 5338 2547 5387 et
2575 5333 2717 5386 ultra
2760 5348 2864 5386 nec
2902 5332 3150 5402 vigorem
3198 5327 3442 5385 nocendi
3486 5324 3674 5380 habeat
3712 5326 3826 5410 erit:

2256 5429 2462 5483 cranda
2526 5443 2820 5498 pressura,
2886 5430 2941 5479 et
3001 5425 3184 5479 omnis
3249 5435 3599 5494 compressus
3655 5403 3826 5467 novent

2256 5526 2465 5575 sanctae
2492 5517 2795 5574 sanctionis
2815 5535 2932 5573 esse
2962 5518 3068 5572 sibi
3095 5519 3298 5572 collata
3328 5512 3592 5570 remedia.

2322 5617 2460 5670 Cum
2514 5613 2766 5668 decursis
2833 5629 2969 5683 ergo
3014 5610 3360 5682 temporibus
3423 5608 3574 5663 durae
3637 5601 3821 5654 damna-

2253 5707 2424 5763 tionis
2466 5723 2589 5762 sese
2640 5710 2890 5778 potestas
2939 5705 3124 5778 gravis
3167 5703 3468 5767 attolleret,
3519 5703 3574 5752 et
3621 5695 3672 5748 in
3722 5683 3821 5740 sub-

2247 5801 2414 5874 jectis
2449 5801 2676 5875 populis
2718 5800 3027 5872 impiorum
3079 5798 3401 5854 dominatus
3444 5809 3554 5849 non
3601 5787 3825 5843 reforma-
