3946 6180
1238 332 1708 392 DECRETALIUM

89 349 164 400 517

1746 331 2133 389 COLLECTIO.
3266 339 3322 394 51
3339 343 3369 394 8

89 456 151 506 ret
166 451 277 519 jura
299 445 572 516 regiminis
616 445 718 498 sed
765 444 982 500 excidia
1031 445 1281 515 ultionis,
1319 446 1639 518 aspeximus
1661 456 1719 530 Α
1739 460 1866 500 mus
1895 445 1952 497 et
1979 441 2277 513 deflemus,
2307 447 2372 498 ut
2399 460 2598 499 eorum
2625 443 2832 515 agnitis
2860 445 3038 498 ruinis
3062 461 3180 500 non
3213 447 3368 503 aliud

89 542 378 598 subditorum
440 542 639 592 statum
692 555 805 592 non
857 555 926 592 ex
975 523 1170 593 ordine
1218 540 1469 610 vegetari
1519 555 1636 592 rec—

91 637 206 699 toris,
248 633 337 686 sed
395 631 554 702 dejici
621 647 687 685 ex
757 631 1062 701 gravedine
1124 632 1435 702 potestatis.
1491 633 1637 686 Con-

88 730 324 782 traxerunt
349 725 493 778 enim
525 740 686 794 reges
724 725 869 778 elata
908 725 1135 796 fastigia
1177 725 1233 778 in
1263 725 1495 779 bifronti
1523 724 1636 777 dis—

87 821 192 873 sidio
231 818 456 885 motoris,
504 820 560 871 et
607 822 705 871 aut
751 817 809 870 in
856 817 1035 888 culpis
1080 818 1168 871 lex
1215 818 1395 872 ardua
1445 818 1637 871 saevie-

86 914 168 978 bat,
193 915 274 966 aut
298 911 351 964 in
386 909 573 980 spoliis
610 909 865 964 favorem
904 911 996 964 lex
1030 911 1344 964 voluntaria
1385 927 1636 965 commo-

87 1005 227 1070 dabat,
280 1002 402 1056 inde
462 1006 685 1056 maestos
745 1002 967 1057 animos
1043 1019 1155 1056 non
1223 1020 1349 1074 spes
1415 1003 1640 1057 fovebat

85 1115 132 1150 ex
181 1112 409 1162 munere,
469 1095 566 1149 sed
635 1095 936 1149 tolerantia
999 1096 1240 1150 vexabat
1293 1097 1351 1150 in
1418 1097 1634 1151 funere.

85 1189 204 1243 t'nde
219 1189 323 1259 jam
358 1189 414 1242 in
454 1188 828 1258 reparationis
862 1206 1116 1258 occursu,
1148 1206 1261 1243 non
1301 1192 1494 1243 tamen
1533 1206 1638 1243 nos

84 1283 199 1336 abire
247 1283 350 1336 sola
399 1281 541 1335 ratio
596 1282 765 1352 cogit,
811 1299 1006 1336 verum
1061 1287 1117 1336 et
1161 1283 1279 1354 ipsa
1327 1283 1637 1338 commotio

82 1393 228 1429 rerum
261 1375 502 1447 impellit,
537 1380 603 1428 ut
652 1393 718 1428 ex
757 1375 1015 1430 omnium
1065 1375 1467 1431 deliberatione
1511 1377 1635 1431 ani-

83 1485 257 1523 morum
303 1469 553 1522 concordi
596 1468 692 1522 illa
731 1474 960 1522 maneat
1004 1469 1284 1523 sententia
1327 1469 1480 1535 dicti,
1509 1486 1637 1540 quae

85 1567 122 1614 et
165 1562 308 1614 finem
353 1562 578 1616 ausibus
630 1561 738 1615 rite
790 1568 966 1632 ponat
1021 1562 1244 1629 illicitis,
1306 1566 1363 1616 et
1409 1564 1634 1617 consul-

84 1659 170 1707 tum
196 1655 444 1708 salvandis
479 1655 614 1724 jure
661 1655 810 1709 ferat
855 1655 1101 1726 populis.
1147 1655 1437 1718 Quosdam
1474 1673 1633 1710 nam-

84 1763 162 1815 que
203 1747 577 1818 conspeximus
633 1763 813 1818 reges,
860 1754 1156 1818 postquam
1205 1748 1416 1802 fuerint
1474 1749 1635 1819 regni

83 1839 266 1907 gloriam
321 1841 572 1907 assecuti,
634 1841 952 1895 extenuatis
1014 1841 1226 1895 viribus
1295 1818 1712 1913 populorumB

81 1933 210 2002 regiae
243 1933 470 2004 propria:
518 1951 830 2004 congerere
885 1935 1130 2003 lucrum,
1165 1938 1242 2001 et,
1281 1935 1439 1990 obliti
1484 1935 1637 2006 quod

79 2040 200 2095 reges
224 2026 318 2080 sint
342 2027 538 2093 vocati,
571 2027 967 2082 defensionem
1012 2027 1070 2081 in
1097 2028 1471 2082 vastationem
1500 2045 1634 2082 con-

79 2123 268 2187 vertunt,
309 2124 360 2173 et
406 2121 774 2174 vastationem
828 2120 1156 2175 defensione
1212 2121 1423 2192 pellere
1469 2121 1633 2176 defu-

79 2210 215 2279 giunt,
270 2212 391 2266 illud
454 2213 684 2284 gravius
747 2214 1101 2269 innectentes
1165 2215 1316 2286 quod
1381 2231 1447 2268 ea
1507 2231 1636 2286 qua).

77 2304 280 2359 ridentur
302 2306 590 2377 acquirere
643 2324 758 2360 non
799 2308 965 2378 regni
1011 2309 1287 2380 deputant
1317 2308 1523 2363 honori
1547 2307 1636 2364 vel

78 2395 242 2463 gloria,
281 2399 365 2453 sed
411 2400 488 2453 ita
541 2400 760 2454 malunt
810 2401 870 2453 in
915 2417 1017 2455 suo
1059 2402 1189 2471 jure
1235 2402 1528 2468 confundi,
1575 2406 1637 2456 ut

75 2489 204 2543 veluti
228 2508 280 2545 ex
316 2492 498 2547 debito
531 2493 843 2547 decernant
870 2493 989 2548 haec
1018 2493 1075 2547 in
1102 2495 1412 2550 liberorum
1445 2499 1633 2566 poste-

76 2582 244 2638 ritatem
311 2587 632 2640 transmitti.
698 2587 1078 2650 Quamobrem
1143 2589 1203 2642 in
1270 2590 1636 2661 proprietatis

74 2674 139 2728 illa
157 2683 395 2733 conantur
431 2679 700 2750 redigere
730 2679 880 2747 sinu,
913 2698 1040 2752 quin
1089 2699 1191 2752 pro
1243 2683 1362 2736 solo
1414 2687 1637 2738 constat

77 2767 161 2821 illos
193 2770 390 2843 imperii
427 2774 757 2844 percepisse
802 2774 1116 2845 fastigium,
1148 2780 1203 2830 et
1240 2776 1377 2830 illud
1405 2776 1463 2830 in
1488 2777 1636 2846 juris

74 2865 232 2931 pr0prii
275 2867 544 2920 collocant
584 2870 772 2936 antro,
804 2867 955 2937 quod
1001 2868 1195 2939 populi
1246 2869 1501 2923 utilitatis
1540 2887 1633 2925 ac-

73 2955 279 3022 quisitum
321 2974 433 3012 esse
484 2961 713 3012 constat
762 2960 1017 3014 obtentu.
1070 2962 1211 3015 Nam
1255 2963 1535 3033 numquid
1565 2964 1635 3017 ad

73 3045 173 3112 illos,
199 3056 282 3104 aut
317 3053 665 3123 p0pulorum
712 3052 1008 3122 adventus,
1039 3060 1138 3108 aut
1181 3071 1372 3109 rerum
1414 3061 1637 3127 poterat

73 3153 337 3197 concurrere
383 3162 617 3212 census,
666 3145 774 3198 nisi
816 3145 1159 3201 exstitissent
1214 3148 1409 3217 gloria:
1459 3149 1628 3203 subli-

72 3233 168 3285 mati
212 3237 558 3304 culminibus,
607 3241 707 3292 aut
751 3237 820 3291 ab
868 3239 1178 3310 aequalibus
1225 3240 1304 3294 illi
1343 3241 1634 3311 potuerint

72 3343 210 3384 rerum
239 3335 649 3390 coacervatione
680 3335 868 3403 ditari,
897 3337 1004 3391 nisi
1049 3355 1156 3409 per
1185 3339 1469 3409 subjectos
1513 3340 1632 3410 glo-

70 3421 179 3477 rioso
202 3428 336 3496 apice
377 3430 706 3500 potuissent
751 3430 975 3484 attolli?
1018 3430 1220 3485 Omnia
1265 3438 1433 3487 rectae
1461 3435 1636 3488 totius

70 3513 199 3582 plebis
221 3523 482 3577 memoria
515 3523 772 3594 subjecta
790 3524 857 3577 ad
884 3523 1193 3595 principale
1215 3532 1384 3596 caput
1403 3527 1632 3596 revelat,

67 3613 281 3666 attentum
325 3616 533 3672 debita:
578 3617 852 3686 jussionis
906 3617 1108 3671 obtutu
1150 3619 1510 3688 negotiorum
1563 3621 1633 3674 ab

67 3699 133 3752 illo
181 3715 519 3779 prospectant
586 3711 928 3777 remedium,
995 3711 1084 3764 cui
1147 3713 1319 3766 modo
1385 3718 1630 3784 gratum,

67 3796 194 3850 modo
237 3801 475 3857 debitum
539 3802 800 3874 irrogant
854 3821 1107 3858 censum.
1163 3804 1353 3878 126
1411 3807 1634 3878 Regalis

66 3889 244 3953 proinde
268 3896 587 3950 orthodoxa
616 3896 935 3950 sublimitas
980 3898 1103 3951 haec
1150 3904 1353 3952 cuncta
1397 3899 1502 3952 sibi
1533 3901 1630 3954 de-

65 3976 157 4035 bere
190 3989 463 4056 convincit,
513 4007 588 4044 ex
639 4007 750 4061 quo
804 4008 862 4043 se
906 4007 1107 4062 regem
1160 3993 1532 4063 recognoscit,
1579 3996 1634 4047 et

68 4069 160 4128 inde
191 4083 479 4152 conquisita
528 4099 646 4137 non
690 4083 850 4137 alteri
883 4101 1056 4154 quam
1097 4084 1201 4138 sibi
1239 4085 1389 4155 juste
1435 4087 1629 4140 defen-

69 4164 136 4218 dit.
178 4171 309 4228 L‘nde
356 4193 471 4230 non
526 4193 804 4246 personae,
844 4177 942 4231 sed
988 4179 1253 4248 potentiae
1300 4179 1465 4232 subdi
1514 4180 1632 4234 haec

69 4255 222 4317 debere
251 4283 357 4321 non
398 4269 668 4340 ambigit.
721 4270 933 4340 Regem
979 4277 1191 4324 aeterna
1229 4271 1356 4342 jura
1398 4272 1628 4341 faciunt,

66 4364 147 4406 non
168 4373 396 4430 persona,
426 4364 567 4434 quia
597 4379 712 4416 non
738 4367 959 4416 constat
984 4364 1070 4416 sui
1100 4364 1514 4432 mediocritate,
1534 4365 1632 4420 sed

67 4444 356 4507 sublimitatis
385 4456 632 4510 honore.
676 4457 811 4520 Quae
841 4473 978 4527 ergo
1012 4458 1211 4511 honori
1246 4457 1490 4512 debeant
1529 4459 1628 4512 ho-

1740 536 2024 608 possimus
2052 553 2225 607 quam
2257 536 2461 590 divinae
2486 536 2704 608 judicia
2743 537 3097 592 considerare
3124 540 3366 609 promis-

1739 631 1934 699 sionis,
1975 646 2221 702 quorum
2285 630 2589 684 domorum
2645 631 2824 701 spolia
2873 635 2929 685 et
2978 633 3368 703 potentiamm

1741 724 1966 778 divitias
2003 723 2174 777 simul
2223 739 2286 776 ac
2331 723 2544 793 praedia
2589 724 2666 777 ita
2713 724 3092 795 conspicimus
3134 743 3370 797 prorsus

1742 816 2052 886 exinanita,
2084 819 2146 869 ut
2171 833 2275 870 nec
2303 816 2420 870 fisci
2451 815 2641 870 usibus
2668 819 2984 884 commoda,
3017 835 3121 874 nec
3165 821 3367 891 palati-

1741 910 1828 964 nis
1853 909 2052 964 officiis
2077 909 2432 980 reperiantur
2452 909 2508 963 in
2530 910 2848 964 remedium
2879 913 3123 967 salutare
3144 914 3364 968 collata.

1741 1003 1912 1072 Cujus
1937 1001 2019 1057 rei
2050 1003 2195 1056 serie
2230 1019 2296 1056 ex
2326 1006 2570 1072 utroque
2599 1007 2994 1073 concurrente,
3031 1004 3167 1058 dum
3195 1009 3253 1059 et
3271 1006 3366 1076 ju-

1741 1095 1952 1150 dicatos
1979 1095 2258 1150 sententia
2269 1095 2622 1165 judiciorum
2651 1095 2816 1162 elisit,
2830 1095 2888 1150 in
2902 1112 3101 1150 eorum
3115 1097 3281 1152 bonis
3298 1099 3371 1153 ad

1740 1189 1996 1259 ipsorum
2022 1189 2203 1242 vicem
2231 1187 2592 1242 muniﬁcatus
2615 1205 2785 1244 nemo
2809 1190 3071 1257 surrexit,
3089 1207 3236 1260 pene
3256 1207 3370 1245 non

1740 1282 1987 1336 tenuisse
2007 1281 2367 1353 disciplinam
2388 1281 2445 1335 in
2462 1282 2681 1348 ordine,
2700 1283 2795 1337 sed
2814 1283 3096 1337 defectum
3120 1285 3373 1354 posuisse

1739 1379 2052 1446 pensantur
2079 1375 2137 1428 in
2169 1379 2360 1444 gente,
2386 1374 2479 1428 illo
2508 1375 2714 1445 majori
2741 1375 2933 1429 salutis
2963 1376 3260 1447 dispendio
3283 1393 3374 1431 cu-

1738 1469 1974 1535 mulato,
1996 1468 2129 1538 quia
2153 1472 2267 1522 tam
2284 1468 2404 1522 haec
2426 1485 2551 1539 quae
2567 1468 2834 1538 ajudiciis
2851 1469 2899 1522 vi
2907 1486 3010 1540 ger
3018 1470 3371 1540 judiciorum

1737 1562 2088 1616 abstraxerat
2111 1578 2282 1632 quam
2319 1561 2412 1614 illa
2451 1578 2576 1632 qua:
2619 1563 3028 1634 qualiscunque
3065 1570 3374 1634 proventus

1737 1654 1936 1708 ordine
1988 1655 2404 1724 profligationis
2448 1655 2813 1724 contriverat,
2849 1659 2964 1709 tota
3008 1656 3373 1728 preprietatis

1739 1747 2061 1817 principum
2097 1746 2416 1817 amplitudo
2449 1747 2506 1800 in
2539 1747 2725 1801 sinum
2759 1765 2875 1801 sua:
2913 1749 3250 1818 receptionis
3282 1750 3369 1804 in-

1737 1841 2002 1895 cluserat.
2054 1841 2258 1911 Sicque
2316 1842 2431 1894 solo
2488 1840 2789 1911 principali
2829 1845 3024 1894 ventre
3084 1843 3369 1913 suppleto,

1737 1936 1939 1987 cuncta
1965 1935 2138 1988 totius
2166 1934 2424 1988 membra
2455 1934 2642 2002 gentis
2667 1938 2897 1987 vacuata
2939 1935 3371 2004 languescerent

1737 2043 1803 2080 ex
1832 2026 2115 2081 defuncto.
2144 2026 2305 2080 Unde
2335 2025 2492 2080 venit
2537 2029 2600 2080 ut
2637 2043 2742 2080 nec
2782 2026 3094 2080 subsidium
3145 2028 3366 2082 medio-

1737 2136 1877 2185 cres,
1897 2136 1999 2174 nec
2026 2119 2366 2189 dignitatem
2385 2119 2639 2173 valerent
2659 2119 2915 2174 obtinere
2944 2119 3214 2190 majores,
3235 2120 3371 2192 quia

1736 2213 1873 2266 dum
1898 2212 2066 2266 solius
2090 2212 2382 2282 potestatis
2401 2212 2562 2281 vigor
2588 2211 2840 2266 maxima
2861 2212 3173 2283 occupavit,
3198 2213 3371 2267 totius

1735 2305 1914 2377 plebis
1943 2309 2120 2359 status
2150 2321 2256 2358 nec
2281 2305 2523 2359 minima
2557 2306 2693 2376 jura
2734 2305 3008 2372 defendit,
3037 2309 3208 2376 atque
3239 2323 3369 2360 cum

1738 2399 1892 2452 omni
1918 2398 2169 2468 palatino
2193 2397 2379 2453 ofﬁcio
2407 2398 2692 2468 simulque
2720 2415 2848 2452 cum
2873 2399 3161 2469 majorum
3189 2399 3371 2454 mino-

1736 2508 1981 2562 rumque
2009 2496 2308 2558 conventu,
2339 2509 2445 2546 nos
2488 2508 2705 2559 omnes,
2727 2496 2841 2545 tam
2877 2491 3170 2562 pontifices
3198 2509 3370 2563 quam

1736 2585 1909 2641 etiam
1939 2585 2256 2639 sacerdotes
2287 2588 2342 2639 et
2374 2585 2620 2639 universi
2649 2586 2822 2639 sacris
2847 2585 3142 2639 ordinibus
3181 2587 3366 2640 famu-

1735 2679 1931 2746 lantes,
1951 2679 2218 2733 concordi
2250 2678 2579 2732 definitione
2609 2679 2974 2733 decernimus
3001 2684 3057 2734 et
3084 2683 3366 2750 optamus,

1734 2778 1799 2827 ut
1825 2772 2010 2826 omnis
2031 2771 2460 2842 conquisitionis
2479 2771 2800 2842 proﬂigatio
2819 2772 2878 2826 in
2899 2773 3156 2827 omnium
3175 2789 3368 2828 rerum

1733 2865 2040 2920 viventium
2067 2865 2581 2936 immobiliumque,
2606 2870 2661 2920 et
2686 2865 2900 2920 moveri
2921 2867 3231 2921 valentium
3252 2882 3371 2921 cor-

1735 2975 1872 3030 pore
1902 2960 1988 3013 vel
2016 2958 2223 3030 specie,
2253 2959 2439 3013 forma
2465 2959 2550 3014 vel
2594 2975 2828 3030 genere,
2859 2977 2985 3030 quae
3027 2977 3060 3014 a
3106 2961 3369 3032 gloriosas

1735 3052 2032 3107 memoria:
2077 3052 2482 3106 Cindasiuntho
2513 3068 2648 3124 rege
2693 3069 2726 3106 a
2767 3053 2856 3107 die
2898 3069 3012 3125 quo
3037 3053 3094 3108 in
3121 3071 3366 3126 regnum

1735 3147 2087 3216 dignoscitur
2102 3146 2496 3201 conscendisse
2513 3149 2791 3218 repertus,
2808 3148 3063 3218 quolibet
3083 3149 3256 3204 modo
3279 3165 3370 3205 ex-

1736 3239 1960 3306 stiterit,
2000 3239 2193 3293 omnia
2235 3239 2290 3292 in
2335 3239 2679 3294 serenissimi
2725 3244 2896 3311 atque
2942 3241 3366 3297 clementissimi

1737 3333 1954 3387 domini
2001 3333 2179 3387 nostri
2210 3332 2602 3387 Reccesiunthi
2634 3333 2908 3405 principis
2936 3336 3177 3405 perenni
3212 3339 3368 3392 tran-

1736 3431 1897 3480 seant
1923 3430 2201 3497 potestate
2225 3431 2281 3480 et
2306 3429 2587 3497 perpetuo
2619 3425 2970 3497 deputentur
2996 3428 3050 3481 in
3067 3429 3219 3498 jure,
3251 3446 3366 3484 non

1736 3515 1998 3568 habenda
2037 3515 2312 3585 parentali
2351 3532 2611 3569 successu
2649 3516 2748 3570 sed
2801 3516 3144 3586 possidenda
3190 3518 3370 3588 regali

1736 3608 2139 3680 congressione
2164 3625 2176 3662 :
2201 3608 2280 3661 ita
2312 3613 2372 3661 ut
2393 3609 2545 3678 juste
2572 3608 2675 3662 sibi
2705 3608 2901 3663 debita
2927 3609 3168 3680 quisque
3193 3611 3371 3681 perci-

1735 3702 1872 3772 piat,
1905 3705 1961 3756 et
1991 3702 2062 3755 de
2093 3701 2262 3755 rebus
2288 3702 2356 3755 ad
2385 3702 2637 3756 remedia
2678 3702 3064 3773 subjectorum
3095 3720 3365 3774 quacun-

1736 3812 1847 3866 que
1876 3795 2112 3865 elegerit
2128 3794 2397 3865 principis
2413 3795 2673 3849 voluntas
2695 3800 2969 3862 exerceat,
2995 3797 3104 3850 illis
3121 3800 3367 3852 tantum-

1733 3889 1904 3944 modo
1932 3889 2182 3958 exceptis
2211 3905 2338 3958 quae
2373 3893 2720 3942 memoratus
2751 3888 2895 3942 divas
2926 3890 3223 3944 memorias
3244 3891 3371 3947 Cin-

1735 3982 2072 4037 dasiunthus
2091 3982 2353 4052 princeps
2371 3987 2500 4035 ante
2523 3998 2766 4052 regnum
2786 3988 2883 4037 aut
2903 3999 2966 4036 ex
2989 3983 3252 4054 propriis,
3270 3989 3370 4039 aut

1735 4093 1804 4130 ex
1830 4075 2139 4147 justissime
2163 4075 2490 4146 conquisitis
2504 4075 2654 4128 visus
2675 4081 2759 4130 est
2780 4076 3060 4131 habuisse.
3082 4079 3140 4130 ln
3160 4077 3366 4148 quibus

1733 4170 1948 4224 cunctis
1977 4168 2105 4222 ﬁliis
2132 4185 2248 4222 una
2278 4184 2406 4222 cum
2451 4168 2694 4238 glorioso
2735 4168 2966 4223 domino
3000 4175 3190 4224 nostro
3220 4172 3362 4226 Rec-

1733 4263 2028 4317 cesiuntho
2060 4279 2195 4333 rege
2238 4265 2470 4315 maneat
2511 4261 2708 4316 divisio
2752 4262 2950 4331 libera,
2984 4267 3040 4317 et
3088 4264 3365 4334 possessio

1734 4373 1867 4428 pace
1891 4357 2239 4427 plenissima.
2256 4355 2369 4410 Sed
2386 4355 2495 4410 illae
2513 4373 2606 4410 res
2624 4373 2765 4427 quas
2787 4357 3088 4427 praedictus
3103 4358 3366 4429 princeps

1733 4451 1801 4505 de
1823 4450 1992 4520 justis
2012 4449 2380 4520 proventibus
2400 4449 2530 4502 filiis
2549 4450 2684 4515 suis,
2708 4451 2793 4503 vel
2821 4450 3165 4520 quibuslibet
3177 4451 3367 4520 justis-

66 4539 151 4590 ηε)τί
177 4543 490 4614 deserviant,
520 4553 580 4602 et
608 4566 734 4620 quae
765 4566 930 4621 reges
960 4551 1320 4605 accumulant
1347 4568 1526 4622 regno
1550 4555 1708 4627 re.D
1732 4545 1871 4597 sime
1913 4543 2064 4596 visus
2107 4547 2189 4596 est
2237 4542 2542 4596 contulisse
2589 4543 2675 4596 vel
2720 4543 3011 4614 reliquisse
3057 4560 3257 4597 omnes
3305 4545 3363 4597 in

63 4625 278 4706 linquant,
311 4647 366 4696 ut
395 4643 534 4713 quia
557 4659 652 4696 eos
683 4643 844 4714 regni
874 4643 1054 4714 gloria
1081 4644 1328 4711 decorat,
1352 4644 1458 4715 ipsi
1487 4660 1628 4716 quo-

64 4736 140 4787 "lue
171 4735 309 4801 regni
353 4736 601 4807 gloriam
650 4755 762 4790 non
819 4740 1151 4805 extenuent,
1184 4738 1281 4793 sed
1330 4743 1626 4792 exornent.

65 4812 258 4878 Habeant
281 4827 545 4902 deinceps
567 4832 696 4901 jure
722 4831 934 4885 conditi
973 4848 1138 4902 reges
1169 4831 1228 4885 in
1259 4831 1512 4903 regendo
1531 4832 1627 4902 ju-

66 4906 163 4963 dicia
179 4916 333 4986 justa,
366 4923 422 4976 in
457 4925 747 4994 parcendo
775 4929 1001 4995 pectora
1021 4929 1302 4996 prompta,
1326 4925 1384 4980 in
1406 4925 1630 4996 conqui-

63 5004 193 5060 rendo
215 5014 380 5068 studia
408 5033 603 5086 parca,
639 5017 694 5070 in
727 5020 1116 5073 conservando
1143 5024 1271 5073 vota
1302 5019 1539 5086 sincera,
1565 5022 1631 5072 ut

63 5099 176 5152 ἳᾶηῐο
195 5105 413 5172 gloriam
442 5111 610 5180 regni
637 5127 767 5164 cum
797 5112 1064 5166 felicitate
1095 5115 1397 5179 retentent,
1417 5118 1630 5183 quanto

59 5200 153 5253 iura
186 5200 462 5269 regiminis
501 5208 557 5258 et
601 5205 1050 5260 mansuetudinis
1093 5206 1543 5261 conservaverint
1573 5210 1632 5260 et

65 5288 275 5350 ZI’iQuitate
294 5295 608 5350 direxerint
636 5299 928 5369 promissa:
951 5300 1251 5370 praemium
1279 5299 1530 5355 ditionis.
1552 5301 1630 5353 Ne

63 5386 145 5429 ηυῐι
182 5387 413 5452 prodisse
463 5395 693 5461 putetur
737 5409 808 5446 ex
850 5393 1044 5446 fomite
1089 5392 1346 5463 rationis,
1386 5394 1630 5448 revelare

62 5478 265 5561 convenit
308 5483 722 5539 evidentissima
762 5487 944 5556 specie
988 5482 1201 5556 operis,
1223 5491 1284 5540 ut
1313 5504 1379 5541 ex
1405 5487 1498 5540 illo
1528 5503 1630 5540 nos

64 5559 244 5624 idoneos
270 5581 572 5631 assertores
603 5580 807 5634 habeat
837 5579 1086 5651 probitas
1115 5581 1384 5646 veritatis,
1421 5598 1489 5634 ex
1517 5596 1630 5652 quo

64 5669 237 5745 imper
277 5672 627 5742 semetipsam
671 5675 1040 5729 reservaverit
1091 5675 1334 5745 qualitas
1377 5675 1628 5728 actionis.

64 5744 165 5839 Ecce
188 5759 326 5815 enim
352 5763 431 5817 ita
457 5780 523 5818 ex
552 5767 730 5837 gentis
761 5772 965 5823 nostra
996 5769 1378 5824 mediocribus
1399 5768 1631 5839 majori-

65 5838 238 5919 hosque
272 5859 527 5926 personis
562 5862 764 5918 multos
795 5863 1070 5918 hactenus
1115 5862 1386 5918 corruisse
1418 5861 1630 5936 reperi-

1730 4653 1931 4693 eorum
1954 4637 2082 4706 jure
2113 4641 2387 4690 maneant
2412 4636 2776 4704 inconvulsze,
2813 4637 2911 4689 illa
2943 4636 3115 4706 hujus
3151 4636 3363 4708 negotii

1728 4735 1948 4786 servata
1969 4729 2225 4798 veritate,
2244 4732 2309 4782 ut
2329 4729 2461 4799 quia
2483 4719 2646 4799 grata
2666 4729 2928 4783 voluntas
2946 4729 3165 4783 domini
3185 4730 3364 4785 nostri

1730 4822 2126 4881 Reccesiunthi
2151 4822 2302 4892 regis
2324 4821 2564 4876 reddere
2585 4821 2837 4876 decernit
2854 4822 3157 4894 unicuique
3173 4824 3364 4894 justis-

1729 4918 1872 4973 sime
1908 4916 2118 4985 debita,
2151 4931 2320 4969 nemo
2371 4913 2682 4968 invasionis
2728 4916 3072 4970 calumniam
3117 4923 3360 4986 moveat,

1729 5015 1827 5067 aut
1855 5011 2066 5065 damna
2101 5009 2356 5080 requirat
2385 5013 2593 5078 praster
2623 5025 2751 5080 quae
2783 5009 3039 5080 gloriosa:
3069 5011 3362 5066 memoriae

1732 5105 2052 5178 genitorem
2086 5104 2207 5174 ejus
2253 5103 2511 5173 quaedam
2561 5103 2814 5159 indebite
2853 5103 3120 5159 habuisse
3152 5105 3360 5160 consti-

1730 5203 1899 5254 terat.

1730 5319 1840 5372 Lex
1866 5317 2013 5372 edita
2052 5318 2111 5369 in
2155 5314 2334 5370 eodem
2367 5315 2610 5399 concilio,
2645 5315 2943 5385 imperante
2980 5318 3228 5386 principe
3252 5316 3360 5384 οισι

2461 5403 2622 5441 naso.

1807 5482 1864 5535 In
1913 5482 2145 5536 nomine
2197 5479 2440 5548 Domini,
2483 5480 2700 5534 Flavius
2745 5480 3188 5535 Reccesiunthus
3237 5481 3358 5549 rex',

1733 5577 2057 5632 eminentiae
2087 5575 2360 5630 celsitudo
2380 5577 2623 5630 terrente
2641 5577 2776 5628 tunc
2805 5572 3079 5627 salubrius
3097 5571 3363 5627 sublimia

1733 5670 2009 5743 probatur
2035 5673 2326 5740 appetere,
2354 5685 2482 5722 cum
2513 5668 2678 5722 saluti
2706 5666 3095 5737 proximorum
3122 5665 3217 5736 pia
3247 5681 3366 5721 cer-

1732 5764 1889 5820 nitur
1919 5762 2315 5834 compassione
2341 5761 2624 5833 prodesse,
2653 5758 2804 5814 unde
2851 5758 2995 5813 solet
3029 5759 3366 5832 contingere

1733 5862 1798 5914 ut
1827 5858 1954 5932 plus
1978 5856 2269 5912 commodi
2311 5855 2382 5912 de
2428 5855 2612 5910 aliena
2641 5853 2817 5908 salute
2847 5852 3168 5932 conquirat,
3195 5871 3368 5930 quam
