3946 6180
575 255 674 306 519

1470 249 1750 306 ΑΡΡΕΝΙ).
1792 249 1879 304 ΑΒ
1915 248 2074 305 διΕΟ.
2113 250 2175 305 IX

2280 279 2299 292 -
2335 250 2572 308 ISIDORI
2607 250 3029 308 MERCATORIS
3722 266 3793 317 520

573 359 644 413 de
670 357 902 430 propria
928 357 1249 413 humilitate
1295 357 1534 429 quisque
1586 358 1863 429 proficiat.
1895 360 1956 413 In
2000 359 2197 414 multis
2219 371 2278 444 Α
2299 359 2504 416 Similis
2547 377 2772 432 quoque
2818 358 3103 414 sententia
3131 359 3198 414 de
3227 361 3395 430 terris,
3421 360 3574 416 vineis
3592 367 3795 436 atqncfa-

571 452 724 507 enim
751 452 883 522 quia
907 453 1220 506 multorum
1247 453 1395 506 salus
1424 451 1760 518 attenditur,
1791 452 2021 522 majoris
2060 454 2199 506 lucri

569 562 794 599 summa
819 546 1130 616 perficitur.
1152 546 1263 616 ipsi
1284 546 1644 615 autem,quia
1676 546 1876 615 privati
1908 546 2196 600 commodi

567 638 783 693 fructus
803 638 1108 709 appetitur,
1128 655 1246 692 non
1269 638 1400 692 satis
1421 643 1504 692 est
1522 638 1567 690 si
1588 638 1753 691 unius
1777 638 2037 691 beneﬁcii
2056 655 2198 709 pra:-

567 732 750 785 mium
773 732 1157 802 conquiratur.
1178 732 1314 785 Hinc
1336 735 1393 785 et
1420 731 1516 785 illa
1546 731 1931 802 regendarum
1955 734 2196 786 tantum-

565 826 696 879 dem
731 826 882 879 salus
926 829 1009 879 est
1053 825 1323 894 plebium,
1356 841 1484 896 qua:
1512 841 1626 877 non
1653 841 1782 878 suos
1809 825 1951 878 fines
1976 825 2195 895 privata

563 919 854 972 voluntate
898 918 1208 985 concludit,
1243 918 1343 971 sed
1389 934 1515 988 qua:
1559 917 1940 972 universitatis
1985 918 2194 973 limites

566 1011 854 1064 communi
911 1011 1137 1081 pietatis
1191 1012 1318 1081 lege
1374 1011 1646 1065 defendit.
1709 1006 2068 1081 Quapropter
2123 1028 2194 1066 ne

563 1105 826 1158 salutaris
872 1104 1010 1158 ordo
1054 1103 1441 1174 imperialibus
1482 1103 1740 1158 videatur
1777 1105 1962 1158 verbis
2004 1105 2193 1175 potius

562 1197 804 1252 obtineri
830 1213 1004 1268 quam
1034 1198 1228 1267 pactis,
1261 1198 1330 1250 de
1360 1197 1722 1251 sublimitatis
1756 1198 1987 1252 obtentu
2015 1198 2189 1252 decli-

560 1307 766 1345 namus
791 1291 863 1344 ad
893 1297 1022 1345 vota
1062 1290 1384 1361 supplicum
1415 1291 1735 1361 tranquillae
1770 1291 1996 1344 visionis
2031 1307 2188 1360 aspe-

560 1387 734 1452 ctum,
765 1389 829 1438 ut
873 1384 1004 1438 inde
1047 1385 1304 1438 salutaris
1348 1384 1666 1454 compassio
1700 1385 1904 1437 habeat
1940 1400 2188 1438 commo-

563 1477 718 1542 dum,
762 1479 914 1532 unde
965 1477 1160 1547 plebes
1218 1477 1442 1546 adeptae
1497 1478 1711 1530 fuerint
1764 1477 2190 1547 supplicationis

561 1571 844 1624 eifectum.
875 1573 1016 1626 Cum
1046 1587 1182 1641 ergo
1209 1570 1659 1640 praecedentium
1697 1570 1840 1624 serie
1869 1576 2188 1640 temporum

559 1663 1001 1717 immoderatior
1037 1663 1270 1716 aviditas
1317 1663 1645 1733 principum
1704 1679 1823 1716 sese
1862 1680 2039 1734 prona
2079 1663 2184 1717 dif-

2299 454 2469 508 mulis
2503 453 2854 521 observetur,
2889 453 2936 506 si
2980 453 3099 507 sine
3147 452 3418 524 scripturae
3447 459 3575 510 textu
3613 462 3795 512 tantum-

2298 548 2472 600 modo
2496 563 2688 601 corain
2708 547 2942 601 testibus
2965 546 3219 616 quolibet
3247 551 3394 616 pacto
3424 547 3571 601 fuerit
3597 549 3797 605 deﬁnitio.

2299 642 2374 693 De
2393 640 2563 694 rebus
2589 645 2780 694 autem
2804 640 3066 693 omnibus
3088 656 3121 692 a
3150 642 3388 708 tempore
3413 640 3683 695 Simitillani
3699 644 3801 712 regis

2296 733 2407 786 huc
2432 750 2608 804 usque
2639 751 2671 786 a
2715 732 3061 802 principibus
3103 732 3394 802 acquisitis,
3424 737 3509 786 aut
3543 733 3749 804 deinceps
3774 735 3802 787 si

2294 826 2621 896 provenerit
2642 825 3020 895 acquirendis,
3036 841 3377 896 quaecunque
3392 825 3599 879 forsitan
3611 827 3804 896 princeps

2293 919 2621 972 inordinata
2639 919 2753 971 sive
2773 918 3147 988 reliquit,sive
3165 917 3456 988 reliquerit,
3475 933 3585 987 quae
3600 934 3680 987 pro
3692 919 3806 987 regni

2293 1012 2449 1082 apice
2497 1011 2813 1081 probantur
2863 1010 3136 1080 acquisita
3185 1010 3368 1077 fuisse,
3406 1010 3470 1062 ad
3511 1026 3805 1063 successorem

2295 1105 2692 1159 tantummodo
2723 1104 2887 1174 regni
2916 1103 3272 1157 decernimus
3298 1102 3570 1173 pertinere,
3595 1102 3655 1155 ita
3675 1102 3810 1154 habita

2292 1201 2588 1268 potestate,
2607 1201 2671 1250 ut
2690 1197 2965 1268 quidquid
2988 1214 3055 1250 ex
3082 1196 3168 1249 his
3194 1195 3417 1266 elegerit
3438 1195 3615 1261 facere,
3630 1194 3807 1246 liberum

2291 1290 2499 1343 habeat
2529 1291 2694 1344 velle.
2732 1293 2793 1344 lu
2825 1290 2933 1343 illis
2978 1295 3170 1344 autem
3202 1289 3367 1342 rebus
3390 1304 3506 1358 qua:
3533 1286 3647 1357 ipsis
3671 1292 3744 1339 aut
3767 1286 3811 1338 de

2290 1381 2456 1436 bonis
2484 1389 2807 1453 parentum,
2830 1387 2928 1436 aut
2958 1381 3028 1435 de
3058 1397 3512 1452 quorumcunque
3534 1378 3813 1450 provenerint

2291 1476 2738 1530 successionibus
2769 1476 3183 1546 proximorum,
3202 1474 3278 1527 ita
3305 1473 3477 1527 eidem
3499 1471 3701 1542 principi
3717 1471 3812 1538 ejus.

2290 1584 2398 1638 que
2418 1569 2479 1637 (si
2501 1569 2598 1621 ﬁlii
2623 1567 2923 1638 defuerint)
2944 1567 3266 1621 haeredibus
3287 1565 3536 1636 legitimis
3551 1562 3813 1618 haereditate

2283 1661 2417 1731 jura
2450 1661 2742 1731 patebunt,
2773 1660 2918 1715 sicut
2947 1662 3117 1716 etiam
3147 1643 3513 1728 caeteris‘lege
3537 1658 3611 1710 vel
3649 1671 3815 1709 conces-

556 1755 824 1810 funderet
842 1756 901 1809 in
924 1756 1116 1826 spoliis
1136 1756 1477 1826 populorum
1500 1761 1555 1809 et
1582 1761 1821 1826 augeret
1837 1756 1916 1829 ejs
1938 1757 2188 1827 proprie-
2205 1752 2262 1823 B
2287 1754 2449 1807 sione
2471 1759 2705 1824 paterna
2726 1754 2977 1824 patuisse
3005 1758 3331 1808 noscuntur.
3357 1751 3508 1814 Quod
3531 1750 3571 1803 si
3586 1747 3754 1818 aliquid
3769 1746 3815 1798 de

558 1849 688 1902 tatis
713 1865 947 1902 censum
981 1863 1240 1902 aerumna
1266 1848 1473 1901 flebilis
1513 1849 1922 1918 subjectorum,
1956 1849 2183 1902 tandem

555 1957 818 2012 superna:
847 1942 1215 2012 respectionis
1245 1942 1449 1995 affectu
1489 1941 1648 1996 nobis
1689 1946 1770 1995 est
1795 1942 2059 1995 divinitus
2097 1942 2182 1996 in-

554 2035 852 2105 spiratum,
895 2041 957 2089 ut
1003 2035 1135 2105 quia
1193 2035 1456 2104 subjectis
1518 2035 1748 2105 regibus
1804 2036 2183 2090 reverentiam

556 2127 914 2194 dederamus,
949 2127 1271 2198 principum
1303 2144 1528 2198 quoque
1559 2129 1874 2182 excessibus
1898 2129 2180 2184 retinacu-

554 2221 675 2273 lum
703 2220 1093 2290 temperantiae
1118 2236 1487 2289 poneremus.
1520 2221 1759 2275 Proinde
1784 2222 2004 2275 sincera
2029 2239 2183 2277 man-

553 2312 867 2366 suetudinis
915 2312 1322 2368 deliberatione
1365 2319 1482 2366 tam
1526 2313 1710 2379 nobis,
1751 2331 1926 2384 quam
1969 2316 2182 2370 cunctis

553 2405 751 2476 gloriae
773 2409 983 2460 nostra;
997 2407 1413 2461 successoribus
1428 2406 1706 2474 affuturis,
1726 2409 1844 2461 Deo
1867 2408 2178 2476 mediante,

550 2500 737 2570 legem
773 2500 1054 2570 ponimus,
1079 2500 1369 2555 decretum
1401 2501 1595 2554 divalis
1641 2501 2012 2556 observantia;
2041 2519 2177 2572 pro-

550 2594 892 2665 mulgamus,
911 2599 972 2648 ut
990 2595 1177 2648 nullus
1208 2611 1411 2665 regum
1437 2595 1795 2664 impulsionis
1819 2612 1933 2649 suae
1953 2596 2180 2666 quibus-

549 2703 773 2758 cunque
799 2688 1047 2742 motibus
1074 2691 1172 2741 aut
1196 2688 1474 2757 factionis,
1509 2689 1812 2758 scripturas
1847 2690 1915 2742 de
1946 2689 2176 2759 quibus-

548 2780 686 2834 libet
715 2781 882 2835 rebus
909 2782 1070 2835 alteri
1107 2781 1312 2835 debitis
1356 2782 1437 2835 ita
1475 2785 1829 2852 extorqueat,
1862 2783 1949 2836 vel
1985 2787 2175 2836 extor-

547 2873 807 2944 quendas
871 2874 1148 2943 instituat,
1206 2878 1485 2944 quatenus
1539 2875 1744 2945 injuste
1791 2892 1855 2929 ac
1902 2875 2178 2931 violenter

545 2965 931 3020 indebitarum
961 2966 1067 3019 sibi
1092 2967 1333 3038 quisque
1368 2968 1612 3037 probare
1643 2968 1818 3038 possit
1859 2968 2175 3022 dominium

546 3075 762 3114 rerum.
790 3059 952 3123 Quod
984 3059 1030 3112 si
1063 3059 1297 3130 alicujus
1329 3060 1646 3131 gratissima
1684 3061 1974 3115 voluntate
2018 3061 2177 3132 quid-

2287 1847 2454 1902 rebus
2470 1864 2947 1918 quorumcumque
2967 1852 3268 1918 parentum
3285 1851 3379 1900 aut
3387 1844 3730 1916 proximorum
3741 1856 3817 1892 non

2286 1941 2474 1995 solum
2526 1941 2890 2008 successione,
2933 1941 3030 1995 sed
3072 1940 3247 1996 etiam
3287 1937 3524 2010 qualibet
3569 1933 3814 1994 collatione,

2286 2040 2385 2088 aut
2421 2051 2761 2105 quocunque
2800 2038 3091 2089 contractu
3124 2034 3196 2088 ad
3238 2034 3333 2102 jus
3378 2031 3540 2102 ipsius
3578 2025 3818 2099 pervenisse

2283 2128 2551 2198 patuerit,
2586 2128 2631 2180 si
2662 2128 2961 2198 contingat
2989 2128 3113 2181 haec
3150 2126 3470 2180 inordinata
3497 2121 3718 2191 relinqui,
3741 2132 3819 2170 non

2282 2221 2352 2274 ad
2378 2237 2759 2276 successorem
2790 2220 2975 2292 regni,
3007 2221 3109 2274 sed
3149 2222 3207 2274 et
3247 2219 3318 2272 ad
3355 2218 3494 2272 filios
3522 2216 3598 2269 vel
3634 2210 3821 2266 hzcredcs
3904 2273 3905 2276 η

2284 2314 2405 2383 ejus
2437 2315 2534 2384 qui
2575 2314 2913 2384 conquisivit
2942 2313 3270 2384 specialiter
3315 2311 3494 2366 omnis
3533 2307 3702 2362 eadem
3735 2318 3821 2356 con-

2282 2407 2512 2478 quisitio
2556 2408 2882 2478 pertinebit.
2928 2408 3066 2461 Nam
3112 2407 3182 2460 de
3235 2407 3346 2459 illis
3384 2404 3544 2458 rebus
3587 2397 3822 2471 quzeidcm

2280 2500 2542 2571 princeps
2570 2507 2700 2557 ante
2725 2518 2989 2572 regnum,
3011 2505 3110 2554 aut
3136 2516 3204 2554 ex
3238 2498 3481 2570 proprio,
3508 2501 3595 2549 aut
3621 2510 3673 2547 ex
3689 2490 3822 2561 justis-

2281 2593 2424 2648 simo
2469 2595 2785 2665 conquisite
2833 2593 3184 2665 dignoscitur
3238 2592 3513 2659 habuisse,
3551 2579 3824 2642 irrevocabili

2281 2687 2479 2742 ordine
2506 2691 2606 2741 aut
2628 2688 2876 2743 faciendi
2906 2689 3057 2758 quod
3087 2688 3334 2742 voluerit
3358 2689 3591 2757 potestas
3621 2675 3822 2737 manebit,

2277 2783 2376 2834 aut
2403 2785 2554 2834 certe
2580 2781 2707 2834 ﬁliis
2735 2782 2856 2851 ejus
2881 2781 3159 2835 successio
3189 2781 3364 2851 plena
3396 2775 3613 2849 patebit.
3648 2767 3772 2835 Quod
3797 2765 3827 2818 si

2277 2873 2380 2927 ﬁlii
2407 2873 2712 2944 defuerint,
2743 2873 3014 2945 legitimis
3041 2875 3369 2928 haeredibus
3399 2889 3462 2926 ex
3481 2869 3562 2924 his
3589 2881 3695 2937 quae
3719 2863 3825 2915 inor-

2278 2965 2467 3021 dinata
2517 2967 2832 3038 reliquerit,
2883 2967 3252 3021 haereditario
3303 2967 3434 3036 jure
3485 2961 3628 3016 adire
3673 2953 3826 3011 licebit.

2277 3059 2453 3130 Hujus
2493 3077 2623 3115 sane
2667 3061 2807 3130 legis
2855 3061 3143 3114 sententia
3179 3061 3241 3114 in
3273 3059 3404 3113 solis
3444 3057 3546 3111 erit
3580 3049 3826 3124 principum

544 3152 698 3223 piam
729 3151 796 3206 de
817 3121 990 3206 rebus
1019 3169 1051 3206 a
1078 3121 1424 3223 quocunque
1451 3154 1787 3224 perceperit,
1815 3154 1900 3208 vel
1929 3121 2174 3208 evidenti
2196 3121 2249 3194 Ο
2276 3121 2522 3223 negotiis
2549 3121 2894 3208 observanda
2920 3157 3092 3225 atque
3130 3154 3209 3208 ita
3238 3151 3524 3224 perpetim
3557 3121 3766 3206 valitura,
3790 3145 3830 3190 ut

544 3244 908 3316 praestatione
935 3246 1185 3300 lucratus
1224 3247 1440 3317 aliquid
1494 3247 1685 3316 fuerit,
1716 3247 1775 3300 in
1805 3247 2003 3302 eadem
2035 3248 2170 3301 scri-

2273 3263 2390 3300 non
2417 3251 2548 3300 ante
2577 3247 2855 3318 quispiam
2883 3247 3088 3301 solium
3114 3249 3314 3318 regale
3344 3241 3681 3305 conscendat,
3705 3245 3827 3306 quam

543 3341 708 3408 ptura
725 3342 924 3410 patens
945 3339 1246 3394 voluntatis
1273 3341 1540 3410 praestita
1566 3340 1813 3395 conditio
1843 3343 2170 3410 annotetur,
2265 3340 2579 3411 juramenti
2604 3340 2816 3394 foedere
2837 3341 2986 3394 hanc
3010 3342 3198 3412 legem
3221 3359 3284 3395 se
3303 3341 3364 3395 in
3390 3336 3638 3394 omnibus
3658 3328 3829 3399 impleri?

542 3448 646 3503 per
681 3449 852 3504 quam
884 3436 984 3488 aut
1020 3433 1310 3504 oppressio
1357 3433 1650 3504 principis,
1688 3439 1786 3488 aut
1829 3435 2173 3489 conferentis

538 3525 696 3580 fraus
740 3527 1164 3582 evidentissime
1217 3528 1540 3597 detegatur,
1574 3532 1631 3582 et
1658 3528 1705 3581 si
1735 3528 1982 3599 patuerit
2005 3546 2038 3582 a
2064 3545 2168 3584 no-

539 3619 690 3674 lente
720 3620 893 3675 fuisse
926 3622 1266 3692 scripturam
1304 3627 1579 3688 exactam,
1610 3627 1707 3677 aut
1745 3623 2038 3693 resipiscat
2063 3623 2168 3678 im-

539 3713 790 3783 probitas
820 3715 1112 3787 principis,
1142 3718 1197 3769 et
1224 3718 1458 3769 evacuet
1483 3716 1637 3786 quod
1663 3717 1808 3770 male
1835 3717 2166 3788 construxit,

538 3813 637 3863 aut
663 3813 815 3863 certe
845 3814 974 3880 post
1005 3809 1127 3879 ejus
1164 3812 1410 3864 mortem
1452 3810 1520 3863 ad
1569 3826 1700 3864 eum
1731 3810 1819 3864 cui
1850 3814 2045 3865 exacta
2087 3815 2170 3866 est

539 3901 834 3972 scriptura,
854 3904 939 3956 vel
956 3903 1214 3957 haeredes
1233 3904 1374 3974 ejus,
1394 3920 1482 3958 res
1501 3903 1638 3974 ipse
1660 3903 1781 3957 sine
1809 3903 2169 3959 cunctatione

539 3995 783 4049 debeant
808 3995 1080 4050 revocari.
1112 3997 1220 4050 Illa:
1252 4002 1448 4052 autem
1479 4013 1590 4064 res,
1617 4014 1742 4068 quae
1771 4000 1990 4051 remota
2011 3998 2170 4052 omni

539 4089 1062 4157 comprehensionis
1091 4091 1607 4160 argumentatione,
1626 4089 1726 4144 sed
1749 4107 1905 4144 mera
1929 4090 2166 4145 libidine

539 4180 752 4234 directo
782 4182 948 4236 modo
975 4182 1322 4236 transierunt
1349 4184 1406 4237 in
1433 4183 1705 4254 principis
1731 4187 2091 4254 potestatem,
2109 4184 2168 4239 in

539 4272 620 4327 eis
645 4275 977 4343 perenniter
993 4275 1123 4345 jure
1152 4276 1488 4346 perdurent,
1513 4280 1570 4330 et
1599 4276 1876 4348 quidquid
1902 4294 1970 4332 ex
1996 4279 2161 4332 rebus

538 4366 674 4439 ipsis
692 4367 841 4422 idem
869 4370 1132 4440 princeps
1160 4369 1425 4424 ordinare
1448 4371 1709 4439 voluerit,
1739 4387 1855 4426 suae
1875 4372 2165 4443 potestatis

534 4461 765 4517 arbitrio
793 4462 1124 4533 subjacebit.
1147 4463 1355 4518 Verum
1388 4468 1450 4518 ut
1473 4481 1641 4519 omne
1671 4465 1841 4535 hujus
1869 4467 2164 4537 negotium

537 4555 776 4611 actionis
821 4555 1052 4611 roboret
1095 4556 1388 4612 sinceritas
1428 4559 1699 4626 veritatis,
1734 4577 1862 4613 cum
1892 4577 2166 4631 quarum-

536 4666 760 4720 cunque
781 4667 975 4705 rerum
1003 4651 1297 4722 scripturae
1315 4653 1373 4706 in
1394 4653 1664 4724 principis
1690 4655 1920 4708 nomine
1942 4655 2162 4709 exstite-

532 4741 668 4808 rint,
687 4743 757 4796 ab
779 4744 865 4798 liis
887 4762 1029 4815 quos
1046 4746 1284 4817 elegerit
1305 4747 1566 4818 princeps
1586 4749 2018 4820 diligentissime
2030 4768 2158 4823 per-

534 4834 903 4905 quirantur,si
921 4855 1032 4892 non
1051 4840 1282 4909 aliquod
1296 4841 1569 4895 indicium
1588 4845 1686 4897 aut
1701 4843 1769 4898 de
1786 4844 2162 4916 impressione

535 4928 824 5000 principis,
851 4935 950 4986 aut
976 4932 1043 4986 de
1084 4933 1284 4988 fraude
1325 4935 1661 5006 scripturam
1694 4938 1952 4992 facientis
1990 4941 2161 4994 modo

532 5038 872 5095 quocunque
900 5028 1286 5095 cognoverint.
1320 5031 1396 5082 Ac
1423 5029 1502 5082 sic
1527 5034 1624 5084 aut
1652 5031 1758 5084 rite
1806 5033 1950 5086 facta
1990 5035 2160 5089 series

529 5115 826 5187 scripturae
864 5124 1213 5190 permaneat,
1245 5128 1343 5176 aut
1384 5122 1540 5178 irrite
1579 5125 1837 5180 confecta
1877 5135 2156 5183 vanescat.

2272 3433 2588 3505 promittat,
2614 3450 2955 3505 quacunque
2976 3450 3110 3490 vero
3138 3441 3240 3489 aut
3271 3451 3377 3506 per
3399 3431 3734 3487 tumultuosas
3753 3419 3831 3489 p18-

2270 3527 2389 3594 bes,
2413 3531 2512 3581 aut
2538 3544 2639 3598 per
2666 3528 3005 3582 absconsam
3035 3527 3386 3598 dignitatem
3428 3524 3637 3597 publice
3672 3509 3832 3572 machi-

2273 3623 2488 3689 natum,
2522 3622 2794 3692 adeptum
2821 3639 2942 3675 esse
2971 3621 3293 3675 constiterit
3319 3620 3485 3690 regni
3508 3612 3721 3683 fastigia,
3741 3617 3831 3658 11103

2271 3713 2422 3767 idem
2448 3731 2576 3768 cum
2597 3715 2860 3768 omnibus
2879 3720 2998 3770 tam
3017 3715 3254 3769 nefaria
3279 3714 3391 3768 sibi
3413 3701 3831 3768 consentientibus.

2272 3811 2329 3862 et
2355 3808 2658 3861 anathema
2684 3808 2803 3877 fiat,
2838 3814 2895 3862 et
2933 3807 3395 3863 Christianorum
3438 3797 3829 3860 communionem

2271 3900 2513 3970 amittat,
2541 3905 2656 3955 tam
2695 3901 2831 3956 dirae
2873 3902 3254 3972 percussionis
3299 3901 3522 3957 ultione
3567 3893 3770 3953 collisus,
3795 3886 3834 3934 υἱ

2269 3995 2452 4048 omnis
2474 3995 2649 4048 divini
2667 3994 2882 4050 ordinis
2904 3995 3088 4050 cultor
3104 3995 3201 4066 qui
3219 3996 3308 4049 illi
3327 3990 3720 4050 communicare
3737 3990 3834 4051 Ρῑεε-

2268 4087 2591 4158 sumpserit,
2616 4089 2790 4142 simili
2814 4105 2944 4142 cum
2966 4089 3089 4159 ipso
3123 4089 3499 4144 damnatione
3528 4073 3836 4154 dispereabei

2266 4197 2436 4253 poena
2485 4181 2752 4237 tabescat.
2799 4184 2941 4236 Nam
2981 4183 3026 4236 si
3057 4183 3182 4254 quis
3223 4181 3568 4255 legishujus
3592 4173 3762 4231 seriem
3792 4178 3833 4216 θῐ

2268 4275 2451 4329 officio
2483 4275 2737 4347 palatino
2766 4275 3178 4346 malevolendo,
3207 4280 3314 4331 aut
3360 4269 3696 4330 detrahendo
3731 4263 3835 4317 lace.

2264 4384 2394 4423 rare
2423 4371 2684 4440 voluerit,
2715 4373 2812 4424 aut
2844 4370 3166 4424 evacuando
3195 4370 3546 4440 quandoque
3585 4370 3639 4418 ut
3669 4358 3835 4413 silenler

2267 4463 2543 4518 insultans
2594 4463 2680 4517 vel
2731 4470 2930 4535 aperte
2988 4464 3289 4532 resultans,
3336 4460 3596 4534 proloqui
3650 4452 3837 4509 detectus

2265 4556 2560 4626 exstiterit,
2591 4556 2807 4612 cunctis
2847 4554 3114 4628 palatina
3162 4556 3473 4628 dignitatis
3516 4545 3770 4608 consortiis
3800 4541 3836 4638 et

2265 4651 2465 4704 officiis
2490 4667 2624 4704 mox
2651 4652 2913 4721 nudatus,
2944 4652 3204 4705 omnium
3240 4669 3445 4707 rerum
3474 4661 3688 4703 suarum
3717 4637 3838 4692 dimi-

2263 4743 2415 4798 diam
2430 4750 2652 4814 partem
2670 4745 2912 4814 amittat,
2933 4751 2989 4800 et
3008 4745 3066 4800 in
3080 4746 3356 4816 deputato
3376 4743 3483 4800 sibi
3503 4745 3622 4797 loco
3641 4733 3838 4790 redactus

2262 4838 2434 4892 totius
2464 4839 2654 4910 palatii
2684 4843 2916 4894 maneat
2955 4839 3221 4894 societate
3264 4841 3546 4895 seclusus.
3589 4826 3841 4899 Religiosu5

2261 4939 2435 4994 etiam
2464 4940 2562 5011 qui
2605 4957 2665 4994 se
2699 4941 2757 4993 in
2802 4941 2906 4994 hac
2935 4941 3103 5011 culpa
3133 4940 3473 5007 devolverit,
3503 4931 3661 4991 simili
3695 4932 3839 4982 rerum

2259 5035 2620 5106 proprietatis
2645 5051 2756 5089 suae
2787 5034 3086 5105 dispendio
3129 5033 3475 5104 subjacebit.

528 5240 3839 5276 _______________________________________________.

1267 5370 1662 5440 INCIPIUNT
1707 5374 2097 5442 CAPITULA
2140 5377 2470 5445 CONCILII
2513 5377 2907 5445 TOLETANI
2950 5377 3161 5444 NONI.

601 5509 648 5563 1.
684 5507 755 5562 Ut
784 5505 854 5561 de
885 5504 1054 5562 rebus
1084 5505 1331 5563 ecclesiae
1360 5509 1504 5564 nihil
1525 5511 1771 5584 episcopi
1794 5513 2076 5582 auferant,
2101 5518 2158 5572 et

524 5600 770 5673 qualiter
795 5599 1044 5673 proximi
1077 5600 1399 5660 fundatoris
1439 5605 1686 5663 ecclesias
1715 5607 2154 5667 sollicitudinem

525 5699 744 5762 gerant.

590 5787 642 5840 2.
680 5785 752 5840 Ut
799 5787 1130 5845 fundatores
1165 5793 1531 5850 ecclesiarum
1567 5796 1939 5868 quoadusque
1981 5798 2140 5853 vixe-

2257 5516 2374 5572 rint
2415 5533 2613 5572 earum
2651 5515 2902 5572 habeant
2932 5529 3148 5584 curam,
3181 5511 3414 5585 ipsique
3461 5509 3574 5566 illic
3609 5502 3845 5563 ministros

2255 5611 2475 5683 eligant
2503 5612 2830 5668 servituros.

2323 5679 2376 5761 ἔξ.
2406 5705 2466 5761 Si
2493 5706 2564 5761 de
2608 5707 2775 5763 rebus
2813 5703 3064 5761 ecclesia
3109 5718 3213 5775 pro
3254 5701 3631 5771 praestatione
3674 5679 3847 5759 aliquid

2251 5798 2375 5853 dari
2399 5799 2638 5867 dicatur,
2667 5816 2835 5856 causa
2866 5797 3102 5870 praestiti
3130 5797 3547 5866 cognoscatur.
