3946 6180
143 343 212 396 52f
1290 329 1765 386 DECRETALIUM
1802 323 2186 385 COLLEC'I‘IO.
3310 331 3412 386 522

194 449 232 500 4.
267 442 408 507 Quod
437 441 501 494 de
525 427 852 509 conquisitis
894 440 1065 493 rebus
1108 437 1256 493 inter
1299 437 1594 493 ecclesiam
1631 439 1685 491 et
1707 450 1766 521 Α
1860 439 1944 491 ll.
1972 435 2129 499 Quod
2160 433 2454 490 servilibus
2479 433 2694 492 clericis
2724 434 2857 490 dare
2886 432 3131 491 debeant
3160 434 3406 510 episcopi

141 537 387 594 sacerdotis
415 533 659 588 haredes
687 533 925 602 aqualis
953 532 1150 586 divisio
1183 531 1298 587 fiat.
1784 528 2124 583 libertatem.

189 637 229 685 δ·
254 630 297 685 Si
323 629 594 699 episcopus
632 626 1051 680 monaSterium
1095 625 1229 680 fac”
1265 625 1347 680 "31
1385 623 1682 718 paFOChia'
1859 652 1943 703 t2.
1980 647 2141 712 Quod
2167 651 2295 718 post
2321 652 2571 702 mortem
2599 648 2901 702 sacerdotis
2929 649 2987 702 in
3013 648 3273 703 libertate
3296 666 3409 706 ser-

137 741 237 781 ηέω
261 720 520 868 θεείθῗίθίη
556 720 713 785 ditat,
743 722 1006 790 quartam
1037 724 1253 789 Partem
1281 719 1349 772 de
1394 716 1561 771 rebus
1589 731 1681 770 ec“
1785 742 1866 796 vis
1898 742 2100 796 collata
2123 716 2403 795 annorum
2428 745 2656 811 tempus
2682 741 2887 796 debeat
2917 743 3257 813 computari.

137 818 273 868 clesia
295 831 384 868 con
409 819 538 868 erat.
1869 865 1913 868 ,-
2362 862 2391 868 ,.
2562 861 2575 868 -
2649 862 2658 868 .
3061 861 3072 868 .
3147 862 3158 868 -

136 818 273 872 clesia
295 818 538 868 conferat.

184 914 224 964 6.
259 911 316 963 Ut
340 907 618 978 episcopus
661 906 884 962 tertiam
925 907 1148 976 partem
1178 903 1682 958 ecclesiasticarum

134 1019 279 1058 rerum
302 1001 392 1055 sibi
418 999 681 1064 debitam,
715 999 802 1054 cui
831 999 1086 1070 elegerit,
1123 998 1398 1052 conferat.

1860 865 1943 916 13.
1988 863 2055 916 Ut
2096 879 2163 915 ex
2212 861 2424 916 libertis
2465 861 2713 915 ecclesia
2761 868 2816 916 et
2849 861 3104 932 personis
3144 862 3410 934 ingenuis

1787 955 1966 1028 geniti
2001 955 2071 1009 ab
2097 955 2378 1025 obsequiis
2404 954 2652 1009 ecclesia
2682 971 2799 1009 non
2828 955 3112 1010 recedant.

184 1103 222 1150 7.
247 1097 310 1149 .Ve
339 1099 479 1149 extra
503 1093 867 1146 constitutum
897 1092 1155 1146 ordinem
1183 1090 1474 1145 morientis
1498 1106 1682 1144 sacer-
1861 1077 1942 1132 14.
1975 1075 2137 1139 Ουοά
2167 1076 2212 1128 Si
2259 1075 2452 1130 liberti
2493 1074 2742 1129 Θεεῖθδίεὲ
2786 1075 2857 1128 ad
2894 1091 3022 1129 eam
3063 1075 3270 1130 reverti
3299 1092 3406 1131 n0-

133 1190 240 1243 dotis
261 1187 487 1241 haredes
521 1203 638 1240 rem
672 1186 792 1256 ejus
819 1185 975 1240 adire
1003 1188 1370 1256 praesumant,
1782 1169 2010 1236 luerint,
2027 1169 2214 1222 omnis
2233 1185 2434 1223 eorum
2455 1169 2651 1239 regula
2662 1168 2778 1238 juri
2805 1169 3121 1238 applicetur
3137 1168 3404 1224 ecclesia.

181 1284 219 1334 8.
247 1282 302 1335 Ut
335 1280 389 1333 in
437 1279 725 1349 scripturis
764 1295 907 1350 quas
943 1278 1262 1332 sacerdotes
1301 1278 1386 1331 νε]
1434 1277 1682 1333 ministri
1859 1293 1942 1344 15.
1967 1290 2045 1344 De
2073 1289 2341 1360 obsequio
2372 1294 2429 1343 et
2452 1289 2744 1359 disciplina
2771 1288 3101 1344 libertorum
3137 1289 3405 1346 ecclesia.

129 1375 285 1442 injuste
328 1372 573 1437 fecerint,
627 1377 754 1442 post
815 1375 1060 1426 mortem
1101 1371 1352 1425 habeant
1401 1387 1681 1424 annorum

129 1482 368 1520 numerum
395 1469 803 1534 computatum.

179 1564 218 1612 9.
247 1559 502 1622 Quantum
529 1558 892 1612 commodum
920 1558 964 1611 si
996 1557 1292 1627 episcopus
1320 1555 1480 1610 tollat
1504 1556 1572 1610 de
1599 1572 1682 1610 ec-

129 1652 252 1706 clesia
271 1652 412 1722 cujus
439 1651 805 1706 tumulaverit
832 1651 1198 1706 sacerdotem.

181 1749 244 1799 10.
267 1747 335 1799 De
374 1745 732 1800 damnatione
767 1743 1017 1799 ﬁliorum
1059 1743 1154 1818 qui
1187 1760 1254 1797 ex
1297 1741 1683 1798 sacerdotibus

129 1842 166 1892 et
189 1839 418 1893 ministris
447 1838 623 1910 geniti
653 1837 982 1909 probantur.

1861 1413 1941 1464 t6.
1980 1407 2143 1473 Quod
2171 1408 2372 1463 liberto
2415 1409 2665 1463 ecclesia
2706 1408 2849 1464 nihil
2893 1408 2962 1463 de
3003 1409 3170 1464 rebus
3199 1409 3313 1463 suis
3345 1409 3403 1464 in

1783 1502 2035 1558 alienum
2060 1503 2221 1558 liceat
2249 1502 2572 1558 transferre.

1860 1627 1940 1677 t7.
1989 1624 2055 1676 Ut
2100 1623 2363 1696 haptizati
2409 1623 2584 1680 Judai
2625 1639 2756 1678 cum
2804 1623 3077 1698 episcopis
3119 1623 3407 1679 celebrent

1784 1715 1903 1770 dies
1931 1716 2122 1773 festos.

387 2103 572 2177 127
651 2097 1062 2190 INCIPIT
1147 2096 1763 2191 CONCILIUM
1841 2097 2250 2192 NONUM
2337 2098 3063 2194 TOLETANUM.

123 2288 374 2352 Habitum
397 2309 530 2354 ara
561 2310 809 2366 DCLXIII,
835 2310 1008 2354 anno
1039 2293 1224 2355 tertio
1253 2291 1701 2358 Reccesiunthi
1739 2293 1931 2373 regis.
1964 2293 2112 2357 Kal.
2144 2294 2454 2360 Novemb.
2480 2294 2561 2356 ab
2589 2296 2901 2376 episcopis
2929 2296 3399 2373 septemdecim.

173 2481 568 2539 Cumcanonica
586 2484 942 2541 difﬁnitionis
958 2487 1232 2553 edicto,in
1250 2465 1520 2542 Toletana
1537 2487 1675 2542 urbe
1776 2489 1822 2541 si
1853 2488 1989 2542 talia
2031 2487 2311 2559 episcopis
2351 2505 2520 2558 agere
2561 2492 2760 2557 tentet,
2801 2489 3242 2559 metropolitano
3282 2490 3404 2560 ejus

118 2589 193 2642 pro
217 2579 510 2647 peragendo
545 2578 804 2645 concilio,
836 2585 962 2650 post
1005 2579 1124 2633 dies
1169 2580 1403 2634 Kalend.
1437 2581 1673 2635 Novem-
1776 2581 1898 2634 hac
1931 2580 2215 2635 insinuare
2253 2586 2578 2651 procurent.
2613 2583 2668 2635 Si
2709 2585 2900 2636 autem
2940 2583 3404 2651 metrop‘olitanus

118 2665 274 2734 brium,
289 2686 424 2725 anno
445 2671 689 2742 septimo
709 2672 1106 2727 Reccesiunthi
1127 2673 1398 2744 principis
1423 2673 1670 2744 gloriosi,
1695 2695 1751 2765 Β
1776 2673 1910 2727 talia
1932 2679 2110 2743 gerat,
2132 2674 2280 2744 regis
2302 2674 2423 2728 hac
2446 2673 2675 2727 auribus
2696 2674 2959 2729 intimare
2981 2690 3097 2728 non
3118 2674 3399 2730 differant.

116 2759 157 2810 in
177 2759 370 2816 basilica
397 2771 604 2819 sancta
630 2765 813 2819 Maria
851 2781 1075 2836 semper
1103 2767 1350 2836 Virginis
1393 2767 1451 2820 in
1489 2783 1673 2820 unum
1699 2759 1744 2765 -
1774 2766 1911 2837 Ipsis
1939 2771 2127 2820 tamen
2169 2766 2488 2820 haredibus
2529 2766 2589 2819 in
2629 2766 2842 2820 eisdem
2889 2766 3059 2820 rebus
3095 2783 3211 2821 non
3244 2767 3406 2822 liceat

114 2850 344 2908 fuissemus
374 2857 615 2910 Domino
643 2857 869 2912 favente
901 2859 1138 2924 collecti,
1170 2859 1229 2912 id
1257 2859 1546 2913 communi
1579 2860 1673 2914 de~
1775 2859 1932 2932 quasi
1941 2860 2087 2929 juris
2109 2859 2323 2930 proprii
2341 2863 2681 2929 potestatem
2700 2860 3098 2930 proferre,non
3116 2859 3399 2931 rapinam,

114 2942 310 3000 finitione
340 2947 692 3004 decrevimus
724 2953 804 3018 ut,
836 2952 1079 3021 capitula
1112 2968 1238 3022 qua
1267 2952 1322 3005 in
1352 2951 1548 3022 priscis
1577 2969 1671 3006 ca-
1773 2968 1886 3007 non
1918 2952 2176 3009 fraudem
2204 2953 2484 3022 ingerere,
2517 2970 2620 3006 nec
2645 2952 2978 3007 violentiam
3003 2969 3400 3025 quamcunque

116 3038 302 3093 monibus
325 3042 558 3098 minime
581 3043 940 3098 habebantur
963 3044 1329 3114 inserta,pari
1356 3045 1676 3115 promulga-
1772 3062 2154 3117 praesumere;
2190 3047 2285 3100 sed
2322 3047 2427 3100 hoc
2475 3048 2662 3100 solum
2701 3047 2759 3100 in
2795 3047 3098 3100 salutarem
3129 3045 3400 3101 sollicitu-

112 3138 261 3186 reutur
283 3137 576 3202 sententia,
603 3142 658 3191 et
685 3137 931 3208 antiquis
946 3138 1326 3208 jungerentur
1355 3138 1562 3208 regulis
1585 3155 1674 3208 pe-
1775 3138 1970 3192 dinem
2000 3138 2294 3206 adhibere,
2320 3141 2474 3210 quod
2498 3145 2596 3194 aut
2624 3142 2684 3192 ut
2713 3140 2771 3192 in
2794 3140 3010 3193 nullam
3041 3155 3246 3193 noxam
3273 3156 3404 3210 ope-

111 3225 230 3277 reuni
252 3226 476 3298 jugitate
503 3246 796 3298 mansura,
826 3235 881 3284 et
914 3231 1069 3284 omni
1105 3230 1422 3284 reverentia
1450 3248 1669 3285 conser-
1773 3231 1918 3285 ratio
1943 3247 2147 3285 nocens
2173 3232 2438 3302 attingat,
2467 3237 2563 3285 aut
2590 3237 2650 3285 ut
2677 3231 2735 3285 in
2774 3233 3014 3285 multam
3053 3235 3149 3285 aut
3177 3235 3399 3302 partem

109 3317 264 3372 rauda.
293 3320 389 3374 Sed
420 3323 563 3393 quia
601 3339 963 3394 nequaquam
1005 3327 1155 3378 recte
1184 3324 1436 3378 subditos
1459 3325 1674 3396 judicat
1772 3324 2022 3395 aliquam
2055 3325 2319 3379 salutaris
2341 3341 2556 3379 merces
2587 3328 2856 3379 assumat.
2875 3325 2929 3380 Si
2949 3324 3074 3395 quis
3094 3341 3226 3378 vero
3246 3325 3399 3380 dein-

108 3409 178 3475 qui
208 3427 307 3466 non
352 3415 604 3486 seipsum
650 3415 808 3486 prius
844 3416 1080 3486 justitia
1121 3432 1356 3470 censura
1400 3419 1666 3488 castigat,
1773 3433 1900 3487 ceps
1930 3417 2051 3471 hac
2089 3417 2307 3471 monita
2347 3423 2632 3472 temerare
2673 3417 2926 3483 voluerit,
2955 3422 3011 3471 et
3047 3418 3194 3470 male
3236 3423 3401 3487 rapta

106 3505 256 3568 aptum
289 3507 438 3562 nobis
482 3513 545 3562 et
584 3508 902 3579 expedibile
943 3509 1125 3562 visum
1170 3514 1254 3562 est
1285 3514 1415 3563 ante
1466 3511 1671 3565 nostris
1773 3525 1901 3562 cum
1928 3509 2256 3564 confusione
2292 3509 2547 3564 restituet
2575 3516 2629 3564 et
2661 3508 3260 3563 excommunicationis
3293 3525 3396 3563 an-

106 3597 356 3652 excessibus
379 3601 682 3673 imponere
709 3601 966 3668 modum,
984 3606 1039 3656 et
1066 3603 1143 3655 sic
1175 3606 1363 3656 errata
1390 3603 1670 3672 corrigere
1772 3618 1901 3656 nua
1930 3602 2268 3656 sententiam
2295 3602 2610 3656 sustinebit.
3123 3601 3136 3612 '

103 3686 412 3747 subditorum.
444 3696 605 3748 Tunc
632 3711 880 3766 namque
910 3695 1109 3749 melius
1131 3694 1480 3764 judiciorum
1513 3711 1670 3749 exor—
1843 3697 1903 3750 ll.
1934 3696 2073 3748 Cum
2099 3711 2248 3765 sape
2287 3695 2359 3749 sit
2387 3694 2635 3762 solitum,
2669 3695 2841 3750 etiam
2870 3695 2963 3750 illa
2988 3712 3114 3766 qua
3146 3713 3263 3752 non
3295 3697 3396 3749 de-

103 3778 168 3832 dia
191 3783 447 3854 dicuntur,
462 3804 596 3843 cum
616 3787 898 3857 judicium
921 3793 1050 3842 ante
1067 3788 1408 3860 disponitur,
1427 3804 1494 3842 eo
1519 3789 1669 3858 quod
1769 3789 1976 3842 bentur
1996 3803 2159 3858 prece
2177 3788 2612 3858 supplicationis
2632 3793 2686 3842 et
2704 3788 2757 3842 vi
2775 3788 3202 3858 quodammodo
3219 3793 3400 3844 extor-

100 3874 430 3946 potiusjudicii
448 3883 638 3936 forma
659 3883 974 3951 completur
991 3898 1118 3935 cum
1139 3881 1502 3952 negotiorum
1523 3881 1670 3951 prin-
1770 3880 1932 3952 queri
1974 3881 2201 3947 doloris,
2233 3885 2447 3952 quanto
2473 3881 2654 3950 magis
2683 3886 2738 3935 et
2773 3881 2894 3934 sine
2933 3881 3218 3935 obstaculo
3257 3899 3395 3935 con-

99 3965 215 4033 cipiis
247 3973 466 4042 aquitas
503 3974 890 4044 judicantium
949 3975 1281 4028 antefertur.
1329 3975 1456 4030 Ideo
1504 3991 1667 4030 exor-
1771 3973 1893 4028 cedi
1911 3973 2118 4027 debent
2145 3973 2419 4044 exquisita
2445 3973 2617 4027 simul
2643 3978 2700 4026 et
2727 3972 2926 4027 ordine
2952 3972 3098 4042 juris
3129 3979 3183 4027 et
3202 3974 3396 4028 dolore

99 4056 218 4114 dium
255 4067 522 4136 aquitatis
554 4067 804 4121 inchoari
855 4083 886 4120 a
910 4067 1196 4138 judicibus
1225 4068 1412 4134 debet,
1446 4073 1508 4122 ut
1536 4085 1665 4139 per-
1689 4057 1743 4130 C
1769 4066 2211 4136 compassionis?
2237 4066 2376 4130 Quia
2404 4081 2539 4136 ergo
2578 4066 2703 4119 ﬁeri
2737 4067 3074 4136 plerumque
3105 4068 3394 4136 cognosci-

99 4149 205 4205 tecta
219 4156 348 4225 juris
373 4161 626 4214 causatio
656 4160 899 4214 limitem
928 4161 1180 4230 apertius
1209 4162 1434 4216 formet.
1770 4162 1883 4227 tur,
1913 4165 1975 4213 ut
2015 4159 2266 4213 ecclesia
2307 4159 2685 4229 parochiales,
2715 4160 2802 4213 vel
2843 4175 2998 4213 sacra
3030 4160 3392 4226 monasteria,

148 4244 248 4301 CAP.
276 4251 310 4302 Ι.
342 4251 539 4306 Omnis
586 4253 778 4323 itaque
823 4253 905 4306 rei
950 4253 1342 4308 ecclesiastica
1385 4254 1668 4323 quantitas
1769 4253 1846 4307 ita
1875 4253 2248 4324 quorumdam
2295 4252 2693 4322 episcoporum
2736 4252 2822 4306 vel
2859 4251 3155 4306 insolentia
3189 4253 3274 4306 vel
3305 4254 3394 4306 in-

100 4335 206 4390 sicut
217 4344 517 4399 remedium
534 4345 711 4399 venia
734 4345 931 4399 tribuit
948 4346 1284 4415 conferenti,
1301 4347 1379 4399 ita
1393 4347 1667 4401 damnum
1769 4347 1928 4400 curia
1948 4345 2294 4400 horrendam
2315 4344 2580 4399 decidant
2603 4345 2662 4399 in
2687 4345 2914 4399 ruinam
2941 4349 3003 4398 ut
3025 4345 3249 4415 gravior
3275 4362 3399 4399 exo-

100 4427 176 4482 rite
199 4442 459 4506 praparat
485 4438 820 4492 fraudatori.
846 4441 912 4494 Et
939 4439 1066 4492 ideo
1095 4439 1283 4492 nullus
1310 4440 1667 4493 sacerdotum
1769 4439 1946 4492 riatur
1974 4438 2381 4492 aediﬁcantibus
2409 4454 2640 4504 mceror,
2663 4454 2831 4508 quam
2855 4437 3186 4492 instruendo
3203 4421 3398 4507 gaudii

95 4523 155 4573 rel
178 4527 546 4584 ministrorum
573 4549 639 4584 ex
674 4531 841 4585 rebus
873 4531 1122 4584 ecclesia
1167 4548 1293 4601 qua
1341 4531 1395 4584 in
1428 4531 1664 4602 quibus-
1769 4531 2054 4584 exstiterat
2099 4531 2276 4596 labor,
2313 4531 2463 4586 unde
2493 4532 2589 4601 pia
2623 4530 3008 4602 compassione
3034 4530 3397 4584 decernimus

95 4627 268 4686 cunque
291 4622 417 4676 locis
458 4641 492 4677 a
532 4624 791 4677 fidelibus
822 4624 1146 4694 largiuntur
1171 4623 1385 4694 aliquid
1428 4625 1663 4690 auferat,
1770 4629 1830 4678 ut
1883 4623 2132 4694 quandiu
2178 4623 2507 4678 earumdem
2550 4624 2876 4677 fundatores
2922 4621 3289 4676 ecclesiarum
3339 4623 3394 4676 in

95 4708 245 4775 Eljuri
268 4730 362 4768 suo
394 4721 496 4770 aut
527 4718 810 4770 cathedra
841 4717 1048 4770 civitati
1090 4719 1410 4770 connectat.
1435 4719 1664 4774 Devotio
1767 4715 1870 4770 hac
1899 4715 2010 4768 vita
2037 4715 2366 4784 superstites
2410 4714 2744 4780 exstiterint,
2774 4730 2877 4784 pro
2901 4713 3112 4768 eisdem
3144 4714 3280 4769 locis
3307 4732 3398 4769 cu-

95 4800 208 4854 enim
232 4807 657 4879 uniuscujusque
690 4809 833 4863 sicut
873 4812 1164 4879 gratanter
1191 4812 1384 4862 votum
1431 4812 1668 4865 contulit
1767 4823 1889 4862 ram
1911 4807 2312 4877 permittantur
2332 4807 2539 4860 habere
2566 4806 2860 4859 sollicitam
2881 4811 2938 4861 et
2955 4805 3394 4862 sollicitudinem

93 4889 187 4959 Deo,
199 4895 265 4950 ita
278 4899 528 4955 definivit
544 4902 691 4973 quod
712 4901 1008 4972 plenitudo
1023 4908 1283 4956 votorum
1304 4918 1662 4957 conservare-
1766 4905 1916 4960 ferre
1943 4905 2312 4976 praecipuam,
2344 4908 2514 4975 atque
2547 4909 2794 4958 rectores
2821 4904 3055 4960 idoneos
3084 4905 3142 4959 in
3182 4905 3393 4961 eisdem

96 4987 160 5036 Uir
181 4986 229 5041 in
255 4991 367 5046 loco
410 4996 469 5048 in
512 5011 626 5065 quo
672 4996 824 5048 velut
853 4995 897 5048 si
935 4995 1120 5049 locata
1158 5000 1444 5063 tenentur,
1477 5003 1668 5052 manet
1765 4998 2006 5052 basilicis
2049 4997 2224 5051 iidem
2286 4997 2390 5068 ipsi
2445 4997 2685 5052 offerant
2727 4997 2975 5069 episcopi
3030 4999 3394 5054 ordinandos.

92 5080 231 5142 gratia
253 5084 553 5155 offerentis,
584 5088 660 5141 ita
700 5089 746 5141 si
775 5089 1139 5156 frustrantur,
1168 5088 1430 5143 imminet
1472 5090 1663 5159 perni-
1769 5092 1931 5156 Quod
1966 5091 2012 5144 si
2057 5091 2193 5145 tales
2216 5090 2451 5144 forsitan
2476 5107 2590 5144 non
2627 5090 2986 5146 inveniantur
3021 5093 3089 5146 ab
3129 5093 3229 5162 eis,
3265 5098 3398 5147 tunc

92 5167 176 5223 cies
195 5174 586 5234 defraudantis.
618 5181 822 5234 Verum
853 5187 913 5235 ut
941 5182 1110 5250 hujus
1145 5182 1228 5235 rei
1255 5182 1441 5252 potior
1470 5182 1663 5238 solidi-
1769 5201 1910 5258 quos
1952 5183 2250 5254 episcopus
2291 5183 2401 5237 loci
2440 5183 2761 5254 probaverit
2801 5186 2913 5239 Deo
2962 5185 3197 5254 placitos
3227 5185 3397 5238 sacris

92 5263 154 5358 las
180 5266 458 5341 habeatur,
489 5273 787 5344 condignis
814 5273 964 5340 filiis,
995 5276 1081 5328 vel
1108 5275 1428 5345 nepotibus,
1458 5275 1664 5330 hones-
1767 5277 2010 5332 cultibus
2031 5276 2289 5331 instituat
2310 5292 2438 5330 cum
2467 5292 2667 5331 eorum
2688 5277 3047 5332 conniventia
3067 5278 3392 5331 servituros.

93 5355 392 5433 tioribusque
423 5367 758 5436 propinquis
789 5367 909 5436 ejus
934 5367 1032 5437 qui
1068 5369 1380 5423 construxit
1405 5369 1493 5424 vel
1521 5368 1663 5423 dita-
1685 5417 1743 5442 η
1765 5370 1927 5434 Quod
1959 5370 2007 5424 si
2047 5369 2442 5442 superstitibus
2473 5370 2687 5425 eisdem
2727 5370 3122 5426 fundatoribus
3150 5373 3394 5422 rectores

300 5417 319 5433 ι
424 5417 753 5436 ικητν--νι-έ-
795 5417 904 5436 vim
940 5417 1031 5437 1m
1076 5417 1380 5423 ——--
1419 5417 1493 5424 -ν-
1525 5417 1636 5423 —-~—
1769 5417 1927 5434 κ-’σν-
1959 5417 2007 5424 --
2047 5417 2440 5442 ”“·ι’ν--““-’”“-
2477 5417 2687 5425 ν-ν-ν-
2727 5417 3121 5426 -κ---η---π-
3150 5417 3391 5422 --ν-ν---

91 5446 146 5535 ῆι
171 5454 439 5510 ecclesiam
471 5457 684 5512 licitum
715 5459 789 5513 sit
826 5459 976 5514 hanc
1005 5460 1172 5514 bona
1212 5461 1542 5516 intentionis
1567 5462 1665 5516 ha-
1685 5417 1745 5487 D
1769 5463 1980 5518 ibidem
2006 5463 2438 5535 prasumpserit
2466 5464 2760 5535 episcopus
2785 5464 3068 5532 ordinare,
3093 5464 3147 5515 et
3173 5459 3397 5515 ordina-

91 5534 192 5595 liere
220 5547 515 5617 solertiam,
547 5557 611 5606 ut
635 5552 680 5605 si
711 5553 1061 5608 sacerdotem
1089 5570 1185 5608 seu
1216 5555 1539 5610 ministrum
1565 5555 1664 5609 ali-
1768 5556 1984 5612 tionem
2009 5572 2167 5610 suam
2188 5555 2406 5612 irritam
2425 5557 2642 5612 noverit
2666 5573 2808 5622 esse,
2833 5560 2890 5609 et
2908 5555 2978 5608 ad
2998 5551 3396 5608 verecundiam

91 5634 196 5696 quid
229 5653 292 5691 ex
319 5642 534 5697 collatis
576 5644 746 5698 rebus
776 5647 1142 5715 praviderint
1181 5647 1538 5716 defraudare,
1572 5651 1670 5702 aut
1769 5665 1928 5704 suam
1955 5649 2096 5705 alios
2123 5649 2182 5705 in
2205 5666 2403 5705 eorum
2430 5651 2553 5705 loco
2575 5667 2718 5721 quos
2742 5649 2916 5703 iidem
2936 5647 3044 5718 ipsi
3065 5645 3397 5701 fundatores

91 5733 502 5790 commonitionis
541 5738 790 5793 honesta
838 5739 1216 5794 conventione
1270 5745 1666 5812 compescant,
1770 5743 2084 5815 condignos
2115 5744 2394 5816 elegerint
2424 5741 2694 5799 ordinari.

89 5822 164 5869 aut
181 5823 429 5900 episcopo
455 5831 538 5886 vel
558 5832 740 5908 judici
768 5833 1108 5909 corrigenda
1126 5831 1482 5892 denuntient.
1505 5834 1668 5901 Quod
1838 5835 1919 5892 Ill.
1948 5837 2005 5893 Si
2053 5836 2360 5894 sacerdotes
2407 5836 2496 5893 vel
2545 5833 2793 5892 ministri
2836 5833 2905 5890 de
2946 5831 3117 5891 rebus
3147 5833 3396 5892 ecclesiae
