3946 6180
590 255 690 309 523

1486 249 1768 302 APPEND.
1808 249 1895 301 AD
1933 248 2092 301 sec.
2140 246 2223 299 IX.
2253 273 2320 282 -
2361 245 2601 299 ISIDORI
2640 245 3063 300 MERCATORIS
3753 258 3823 310 52;

593 357 883 432 quidpiam
911 355 1074 411 alicui
1096 356 1197 408 sub
1225 354 1602 425 prastationis
1621 356 1853 410 obtentu
1881 354 2212 418 concedant,
2237 362 2296 434 Α
2316 353 2500 406 centia
2519 352 2588 406 de
2607 352 2776 406 rebus
2797 352 3065 421 ecclesia,
3088 357 3183 406 aut
3203 369 3310 406 non
3326 353 3542 408 retineat
3557 358 3674 412 ratio
3687 362 3824 429 plena,

592 449 960 506 instrumenti
985 464 1208 503 causam
1237 447 1528 502 evidenter
1557 452 1864 518 exponant,
1898 453 1959 502 ut
1983 449 2092 503 hoc
2122 453 2220 503 aut

584 545 734 614 juste
756 542 1012 597 confecta
1036 541 1340 596 transactio
1367 542 1812 608 innotescat,aut
1834 542 1985 595 fraus
2008 541 2218 596 incom~

588 642 787 710 petens
809 652 934 706 qua
955 637 1092 690 latet
1116 640 1406 706 appareat,
1439 635 1601 690 aliter
1626 652 1757 689 vero
1788 651 1891 704 pro
1921 635 2089 706 hujus
2115 650 2213 689 ne-

592 730 732 802 gotii
762 745 928 784 causa
969 729 1237 799 deinceps
1279 728 1556 799 scriptura
1583 729 1830 782 confecta
1877 745 1990 782 non
2017 727 2213 782 valeat.

661 825 747 879 ιν.
783 823 1115 878 Sacerdotes
1151 822 1238 876 vel
1265 822 1590 893 quicunque
1617 822 1699 875 illi
1727 825 1860 876 sunt
1893 822 2100 892 quibus
2125 836 2212 874 ec-

589 915 1030 972 clesiasticarum
1053 931 1244 971 rerum
1265 932 1400 970 cura
1420 917 1716 970 commissa
1738 919 1839 981 est,
1863 931 2216 986 quacunque

589 1008 1098 1066 administrationis
1125 1025 1238 1062 sua
1273 1013 1530 1078 tempore
1561 1008 1824 1076 emerint,
1857 1009 1904 1062 si
1943 1009 2013 1062 de
2043 1009 2215 1062 rebus

588 1101 858 1174 propriis,
880 1101 968 1156 vel
983 1089 1120 1168 'vile,
1150 1103 1234 1155 vel
1277 1118 1479 1172 parum
1518 1102 1838 1170 habuerint,
1869 1102 1940 1155 ad
1969 1101 2215 1156 ecclesia

590 1212 818 1262 nomen,
849 1195 938 1249 cui
978 1195 1297 1249 chartarum
1331 1200 1582 1266 prasunt
1617 1196 1996 1249 instrumenta
2037 1195 2211 1249 conﬁ-

591 1305 760 1360 cere,
807 1294 1135 1361 procurent.
1169 1289 1292 1342 Non
1359 1288 1512 1342 enim
1550 1289 1814 1342 convenit
1859 1294 1921 1342 ut
1959 1288 2208 1355 ecclesia,

587 1399 717 1453 qua
765 1379 996 1452 suspicit
1033 1385 1336 1435 externum
1379 1381 1588 1436 efﬁciat
1627 1382 1685 1434 in
1725 1381 1910 1435 alieno
1956 1381 2210 1448 divitem,

588 1478 646 1530 et
674 1475 733 1528 in
762 1491 864 1529 suo
891 1474 1129 1529 retineat
1160 1475 1562 1529 fraudatorem.
1593 1474 1658 1528 Hi
1688 1490 1820 1528 vero
1851 1475 1946 1545 qui
1977 1490 2212 1529 suarum

585 1584 778 1622 rerum
804 1571 1117 1622 noscuntur
1158 1567 1366 1622 habere
1399 1567 1823 1637 compendium,
1864 1584 1934 1620 ex
1965 1567 2122 1622 omni
2153 1583 2212 1622 re

584 1677 761 1732 quam
778 1664 904 1731 post
924 1660 1293 1714 ordinationis
1315 1677 1430 1714 sua
1444 1661 1596 1715 diem
1615 1661 1716 1714 visi
1735 1665 1866 1715 sunt
1883 1661 2208 1731 acquisisse,

586 1753 701 1808 sive
743 1753 934 1824 aliqua
981 1753 1093 1807 sint
1127 1753 1508 1807 instrumenta
1540 1754 1811 1820 confecta,
1850 1722 2287 1824 compensataB

581 1851 705 1902 tum
727 1846 874 1917 juris
899 1847 986 1900 sui
1020 1863 1191 1918 quam
1219 1845 1724 1900 ecclesiasticarum
1758 1863 1951 1901 rerum
1980 1847 2207 1902 habitu-

581 1940 731 2009 dine,
754 1940 879 1995 sise
896 1940 1194 2010 utriusque
1224 1939 1304 1994 rei
1333 1941 1616 2010 quantitas
1638 1941 2036 2011 exaquaverit,
2059 1941 2210 1996 inter

581 2033 874 2087 ecclesiam
903 2036 959 2088 et
984 2032 1312 2087 decedentis
1337 2033 1596 2086 haredes
1627 2049 1790 2104 aequo
1811 2033 1942 2103 jure
1969 2035 2205 2106 conqui-

578 2125 707 2180 sitio
735 2124 1063 2195 pertinebit.
1097 2124 1151 2178 Si
1178 2127 1369 2178 autem
1395 2125 1661 2196 quaelibet
1698 2143 1830 2196 pars
1878 2128 2083 2198 majori
2109 2145 2205 2183 cu-

578 2215 737 2270 mulo
765 2215 849 2269 sui
863 2216 1009 2286 juris
1029 2216 1359 2282 excreverit,
1382 2217 1664 2287 majorem
1689 2219 2008 2288 portionem
2033 2221 2206 2275 etiam

577 2309 638 2362 in
671 2307 940 2363 divisione
972 2308 1266 2379 percipiet.
1298 2309 1634 2380 Quicunque
1665 2325 1795 2365 vero
1823 2312 1890 2366 de
1921 2312 2207 2382 praedictis

577 2401 959 2456 sacerdotibus
1008 2402 1093 2456 vel
1137 2402 1413 2456 ministris
1457 2419 1558 2472 pro
1599 2403 1683 2456 sui
1741 2405 1984 2460 utilitate
2036 2409 2206 2476 atque

576 2494 822 2548 amicitia
848 2495 930 2550 vel
958 2494 1346 2566 prastatione,
1377 2500 1474 2550 aut
1513 2512 1853 2567 quocunque
1882 2498 2077 2563 modo,
2111 2504 2208 2553 aut

576 2603 678 2659 per
709 2589 1001 2658 scriptura
1053 2589 1255 2643 seriem
1297 2588 1510 2659 aliquid
1540 2590 1853 2644 meruerint
1888 2607 1921 2644 a
1951 2591 2208 2660 quolibet

575 2680 904 2752 pracipere,
936 2681 994 2734 in
1044 2682 1212 2735 rebus
1239 2681 1625 2736 ecclesiasticis
1654 2699 1771 2736 non
1801 2687 2071 2752 poterunt
2096 2700 2202 2738 nu-

577 2773 801 2838 merari,
821 2773 920 2828 sed
944 2774 1095 2844 quod
1123 2773 1326 2828 exinde
1353 2774 1634 2828 voluerint
1656 2775 1840 2829 facere
1863 2775 1923 2829 in
1948 2776 2204 2846 ipsorum

574 2865 881 2919 voluntatis
908 2865 1142 2920 arbitrio
1158 2866 1490 2936 subjacebit,
1507 2866 1642 2937 quia
1669 2865 1712 2920 si
1740 2867 1846 2921 hoc
1859 2871 1986 2938 post
2008 2885 2202 2924 eorum

576 2961 819 3012 mortem
858 2957 1244 3011 inordinatum
1291 2958 1524 3013 fortasse
1569 2960 1926 3028 remanserit,
1970 2962 2204 3017 ecclesia

2318 448 2416 498 aut
2439 445 2591 500 fraus
2614 461 2726 499 non
2750 444 3070 499 inveniatur
3090 445 3259 498 illata.
3276 445 3424 509 Quod
3439 446 3478 499 si
3497 449 3751 520 presbyteri
3763 463 3827 509 aut

2317 537 2539 592 diaconi
2582 537 2812 606 fuerint,
2862 554 3001 608 quos
3046 537 3250 591 obiisse
3299 540 3596 609 constiterit,
3620 559 3713 597 non
3751 547 3830 601 sine

2318 630 2611 699 agnitione
2638 630 2724 684 sui
2773 630 3021 701 episcopi
3050 646 3169 684 rem
3197 631 3312 701 ejus
3337 632 3625 686 haredibus
3648 636 3766 689 adire
3784 640 3828 691 Ii-

2317 724 2481 777 cebit.
2510 724 2771 793 Quisquis
2801 740 2934 777 sane
2963 729 3091 794 post
3126 723 3243 777 hac
3271 728 3617 794 transgressor
3641 726 3830 782 inventus

2318 816 2638 882 exstiterit,
2690 833 2792 886 pro
2841 816 2928 869 his
2985 832 3112 886 qua
3185 833 3296 870 non
3368 823 3650 888 exspectato
3693 822 3830 874 ordine

2315 908 2516 963 adierit
2564 908 2868 962 invasionis
2925 909 3136 963 damno
3196 909 3331 980 legis
3390 911 3650 964 sententia
3700 913 3830 983 subja-

2315 1001 2482 1056 cebit.

2385 1095 2518 1148 VIII.
2565 1095 2618 1149 Si
2657 1095 2917 1149 sacerdos
2950 1097 3034 1149 vel
3079 1095 3352 1162 minister,
3391 1096 3516 1151 dum
3545 1098 3834 1167 gubernacula

2315 1186 2676 1241 ecclesiarum
2725 1188 3123 1244 administrare
3169 1189 3420 1257 videtur,
3457 1195 3633 1243 contra
3667 1193 3831 1244 Patrum

2315 1279 2628 1335 sanctiones
2658 1281 2726 1335 de
2757 1282 2927 1335 rebus
2954 1282 3206 1336 ecclesia
3227 1281 3458 1336 defuisse
3481 1283 3668 1352 aliquid
3689 1283 3834 1354 digno-

2315 1373 2506 1442 scitur,
2544 1390 2654 1427 non
2685 1391 2754 1429 ex
2789 1375 2878 1429 die
2919 1391 3032 1446 quo
3060 1375 3192 1429 talia
3223 1374 3506 1429 scribendo
3536 1374 3754 1440 decrevit,
3775 1376 3836 1428 sed

2316 1483 2381 1520 ex
2408 1483 2521 1537 quo
2552 1467 2682 1520 talia
2702 1467 2999 1522 moriendo
3020 1468 3252 1522 deﬁnita
3273 1467 3494 1538 reliquit
3517 1468 3838 1538 supputatiouis

2312 1565 2451 1618 ordo
2483 1564 2775 1634 substabit,
2801 1581 3079 1636 nusquam
3109 1565 3265 1618 enim
3291 1565 3360 1619 ad
3386 1565 3666 1618 triennium
3690 1570 3838 1634 tempe

2312 1656 2389 1710 ris
2453 1657 2760 1728 pertinebit
2808 1658 2920 1711 vita
2979 1657 3138 1712 irrite
3201 1657 3522 1728 judicantis,
3567 1657 3681 1728 quia
3719 1660 3839 1710 status

2312 1753 2700 1806 contractuum
2747 1750 2908 1804 initia
2953 1767 3063 1804 non
3116 1751 3358 1823 sumpsit
3394 1750 3459 1804 ab
3502 1749 3690 1819 origine
3714 1751 3838 1820 aqui-

2311 1843 2461 1897 tatis.

2385 1938 2465 1989 IX.
2493 1936 2772 2008 Plerique,
2804 1937 2941 1991 dum
2969 1937 3183 2007 rapinis
3212 1936 3436 1990 inhiant
3464 1940 3520 1989 ut
3559 1951 3658 1990 non
3679 1933 3839 1996 debent,

2310 2032 2409 2082 aut
2456 2029 2833 2084 miserationis
2884 2046 3025 2100 opus
3065 2029 3350 2100 condigne
3395 2045 3503 2082 non
3532 2027 3754 2098 implent,
3775 2029 3840 2077 aut

2308 2120 2557 2175 indebita
2587 2122 2692 2192 ipsi
2731 2121 3084 2176 miserationi
3138 2122 3349 2175 damna
3393 2120 3712 2191 permiscent.
3735 2118 3839 2171 Ideo-

2310 2231 2420 2285 que
2471 2230 2544 2267 ne
2599 2215 2841 2284 amplius
2882 2214 3275 2268 misericordia
3332 2229 3467 2284 opus
3519 2209 3843 2266 exsecrabiiiter

2308 2305 2546 2372 labatur,
2568 2306 2627 2360 id
2657 2305 2950 2360 communi
2983 2306 3211 2360 decreto
3231 2305 3514 2360 sancimus
3543 2309 3614 2370 ut,
3629 2319 3735 2356 cum
3751 2317 3842 2370 pon-

2307 2399 2516 2452 tiﬁcem
2548 2398 2692 2452 mori
2713 2397 3036 2468 contigerit,
3059 2399 3360 2469 episcopus
3378 2397 3474 2468 qui
3492 2397 3556 2450 ad
3575 2393 3842 2449 humandum

2308 2509 2509 2564 corpus
2558 2495 2868 2563 advenerit,
2898 2495 3193 2565 descriptis
3235 2493 3514 2549 thesauris
3555 2498 3699 2562 atque
3734 2506 3843 2543 orna-

2306 2587 2514 2641 mentis
2532 2587 2866 2657 omnibus,si
2881 2588 3135 2658 locuples
3151 2586 3479 2643 decedentis
3495 2583 3699 2639 ecclesia
3712 2581 3841 2644 fuerit,

2308 2695 2424 2732 non
2448 2679 2693 2749 amplius
2724 2696 2894 2750 quam
2926 2679 3126 2733 libram
3153 2680 3282 2734 auri
3311 2679 3553 2749 exceptis
3576 2672 3842 2732 ornamentis

2306 2771 2555 2826 ecclesia
2595 2789 2725 2826 cum
2757 2773 2939 2844 gratia
2967 2773 3337 2827 offerentium
3364 2771 3576 2826 auferre
3615 2769 3842 2839 pertentet.

2305 2863 2363 2918 Si
2388 2880 2519 2919 vero
2545 2865 2735 2920 minor
2758 2865 2927 2920 rebus
2959 2865 3228 2933 extiterit,
3264 2864 3554 2919 dimidiam
3582 2861 3748 2915 libram
3772 2856 3841 2908 sibi

2304 2956 2536 3012 licenter
2549 2963 2804 3028 usurpet,
2824 2975 2961 3012 nam
2983 2961 3040 3011 et
3053 2959 3173 3012 hac
3194 2972 3471 3028 usurpare
3488 2956 3598 3026 ipsa
3611 2953 3728 3007 ratio
3739 2948 3844 3003 nulla

573 3049 697 3104 hac
718 3048 823 3103 sibi
850 3049 940 3104 cui
969 3050 1221 3120 pratuit,
1252 3050 1337 3105 vel
1370 3050 1634 3106 minister
1661 3053 1954 3123 exstiterit,
1982 3054 2040 3108 in
2066 3071 2200 3126 per-
2223 3078 2278 3153 Ο
2304 3050 2672 3120 permitteret,
2701 3051 2810 3104 nisi
2839 3050 2960 3121 ejus
2999 3051 3094 3122 qui
3139 3051 3405 3105 convenit
3448 3046 3720 3102 sacerdotis
3748 3041 3844 3108 inlu'

575 3145 810 3212 petuum
839 3142 1167 3197 vindicabit.

645 3235 706 3288 V.
743 3235 910 3289 Bona
941 3234 1024 3290 rei
1051 3235 1184 3290 dare
1212 3237 1558 3304 consultum,
1592 3242 1648 3292 et
1685 3239 1978 3309 prasentis
2021 3241 2200 3295 babe-

573 3332 668 3382 tur
690 3327 820 3382 vitae
841 3327 1154 3383 subsidium
1173 3333 1229 3384 et
1256 3334 1485 3384 aterna
1508 3332 1984 3387 remunerationis
2009 3349 2204 3404 exspe-

571 3419 708 3474 ctari
758 3419 1012 3474 cernitur
1060 3421 1384 3492 praemium.
1442 3422 1705 3493 Quisquis
1758 3423 1948 3495 itaque
1993 3425 2204 3496 episco-

571 3528 782 3584 porum
807 3512 889 3580 ,in
956 3513 1225 3583 parochia
1284 3531 1382 3568 sua
1424 3515 1830 3570 monasterium
1875 3523 2202 3574 construere

570 3604 716 3659 forte
754 3605 1020 3671 voluerit,
1053 3609 1110 3660 et
1151 3607 1256 3660 hoc
1298 3607 1471 3661 rebus
1513 3608 1760 3663 ecclesia
1800 3609 1893 3663 cui
1937 3611 2204 3680 praesidet

573 3695 858 3766 ditaverit,
889 3713 1003 3751 non
1033 3699 1277 3768 amplius
1323 3699 1537 3754 ibidem
1578 3717 1752 3770 quam
1791 3702 2196 3774 quinquagesi-

570 3805 727 3844 mam
765 3794 985 3860 partem
1032 3789 1167 3844 dare
1215 3791 1463 3858 debebit,
1515 3797 1580 3845 ut
1617 3793 1724 3847 hac
1767 3797 2201 3865 temperamenti

572 3882 839 3954 aquitate
869 3886 1086 3936 servata
1113 3887 1169 3937 et
1194 3884 1284 3937 cui
1312 3884 1511 3938 tribuit
1535 3891 1860 3956 competens
1885 3888 2200 3943 subsidium

569 3975 860 4040 conferat,
911 3979 968 4028 et
1006 3975 1095 4028 cui
1133 3976 1282 4029 tollit
1325 3977 1536 4031 damna
1575 3979 1764 4048 gravia
1805 3996 1921 4033 non
1957 3980 2197 4051 inﬂigat.

569 4068 876 4125 Ecclesiam
917 4083 1051 4122 vero
1095 4083 1225 4137 qua
1259 4069 1592 4123 monasticis
1643 4087 1758 4124 non
1799 4073 2202 4128 informabitur

570 4160 802 4231 regulis,
824 4162 922 4213 aut
947 4176 1118 4230 quam
1149 4177 1251 4230 pro
1273 4161 1386 4214 suis
1404 4161 1772 4231 magniﬁcare
1800 4165 2050 4218 noluerit
2070 4167 2202 4220 scri-

569 4251 773 4323 pturis,
803 4268 922 4305 non
948 4251 1193 4323 amplius
1220 4269 1395 4322 quam
1424 4253 1791 4308 centesimam
1822 4261 2040 4326 partem
2073 4275 2201 4314 cen-

571 4360 666 4398 sus
696 4343 946 4398 ecclesia
972 4345 1062 4398 cui
1089 4344 1354 4415 praesidet
1380 4345 1592 4399 ibidem
1619 4347 1875 4402 conferre
1901 4349 2109 4418 licebit,
2135 4369 2200 4407 ea

2303 3143 2402 3198 ria
2417 3144 2892 3214 contemplatione
2905 3143 3215 3214 antiquitas
3230 3144 3342 3198 hoc
3359 3146 3614 3212 usurpata
3624 3137 3843 3194 servasset.

2300 3237 2476 3292 Porro
2504 3235 2674 3291 breve
2704 3237 3116 3307 descriptarum
3149 3253 3347 3291 rerum
3392 3236 3492 3289 sub
3520 3233 3654 3288 ﬁdeli
3688 3230 3840 3285 ratione

2302 3329 2393 3382 hic
2439 3329 2537 3398 qui
2584 3329 2881 3399 descripsit
2917 3329 3164 3400 dirigere
3205 3327 3634 3400 metropolitano
3670 3320 3843 3378 curabit.

2299 3421 2760 3492 MetrOpolitanus
2803 3426 2993 3476 autem
3026 3438 3094 3476 ex
3125 3421 3330 3476 eadem
3375 3419 3654 3476 morientis
3682 3412 3844 3471 ecclesia

2299 3513 2444 3567 nihil
2475 3530 2711 3584 prorsus
2744 3513 2966 3568 auferre
3000 3519 3337 3584 prasumat,
3370 3514 3466 3568 sed
3494 3513 3658 3567 solam
3687 3522 3781 3579 qua:
3800 3501 3845 3556 ad

2301 3623 2435 3661 eum
2462 3607 2708 3676 pertinet
2737 3623 2930 3660 curam
2956 3607 3267 3662 salutarem
3295 3605 3603 3678 impendat.

2370 3700 2430 3753 Χ.
2471 3701 2612 3755 Cum
2641 3699 2834 3753 multa
2863 3716 3032 3770 super
3066 3699 3484 3755 incontinentia
3523 3694 3709 3752 ordinis
3738 3688 3845 3744 cleri—

2300 3807 2492 3845 corum
2521 3791 2793 3846 hactenus
2832 3792 3223 3846 emanaverint
3266 3792 3561 3847 sententia
3589 3791 3788 3846 Patrum,
3811 3785 3845 3830 ei

2301 3885 2622 3937 nullatenus
2661 3883 2911 3954 ipsorum
2951 3885 3186 3939 formari
3216 3885 3470 3956 quiverit
3513 3878 3748 3937 correctio
3771 3887 3846 3927 mo

2301 3993 2448 4041 rum,
2477 3992 2655 4046 usque
2698 3977 2837 4030 adeo
2877 3977 3216 4031 sententiam
3257 3977 3632 4049 judicantium
3670 3973 3846 4041 protrac-

2299 4074 2488 4123 tavere
2516 4069 2819 4123 commissa
2843 4070 3162 4140 culparum,
3190 4076 3257 4125 ut
3282 4087 3403 4126 non
3440 4074 3648 4125 tantum
3673 4064 3847 4118 ferretur

2300 4161 2439 4216 ultio
2482 4161 2541 4215 in
2575 4162 2895 4216 auctoribus
2926 4163 3227 4228 scelerum,
3260 4179 3466 4216 verum
3494 4167 3546 4216 et
3570 4161 3621 4212 in
3647 4148 3846 4227 prosenje

2301 4253 2724 4308 damnatorum.
2749 4255 2988 4326 Ideoque
3005 4255 3244 4326 quilibet
3267 4255 3341 4308 ab
3369 4255 3626 4326 episcopo
3653 4259 3788 4317 usque
3803 4238 3846 4291 ad

2299 4347 2702 4402 subdiaconum
2724 4347 2993 4418 deinceps
3019 4348 3103 4400 vel
3128 4363 3189 4401 ex
3212 4348 3459 4412 ancilla,
3479 4347 3560 4399 vel
3580 4360 3636 4397 ex
3651 4343 3846 4408 ingenua?

569 4439 760 4490 tamen
789 4437 1008 4491 cautela
1038 4441 1280 4505 servata,
1328 4441 1388 4490 ut
1420 4453 1595 4491 unam
1638 4442 2034 4496 tantummodo
2068 4461 2195 4515 qua
2218 4435 2275 4506 Ι)
2298 4441 2627 4494 detestando
2667 4440 2949 4494 connubio
2978 4440 3036 4493 in
3064 4440 3282 4494 honore
3310 4438 3594 4494 constituti
3625 4433 3742 4488 ﬁlios
3761 4440 3848 4498 pro-

569 4529 848 4600 placuerit
876 4544 942 4584 ex
964 4529 1184 4584 duabus
1211 4531 1740 4586 remunerationem
1765 4539 2038 4589 assumat.

639 4625 726 4677 VI.
751 4626 890 4679 Cum
935 4622 1236 4694 praeteritis
1272 4623 1660 4678 sanctionibus
1708 4626 2067 4682 notissimum
2096 4630 2194 4683 ha-

568 4715 788 4783 beatur,
811 4733 940 4788 qua
970 4717 1038 4771 de
1065 4716 1233 4770 rebus
1258 4717 1669 4788 parochialinm
1687 4719 2051 4774 ecclesiarum
2070 4739 2197 4792 pars

571 4807 832 4879 episcopo
853 4809 1198 4876 conferatur,
1232 4813 1553 4881 opportune
1583 4814 1777 4865 tamen
1804 4812 2070 4868 duximus
2097 4815 2194 4868 de-

571 4901 943 4968 cernendum,
975 4907 1037 4956 ut
1064 4902 1110 4956 si
1151 4903 1447 4974 episcopus
1473 4905 1701 4958 tertiam
1729 4921 1902 4975 quam
1927 4907 1998 4960 de
2028 4907 2198 4961 rebus

573 4993 789 5048 eisdem
844 4994 1134 5049 sanctione
1174 4995 1390 5065 pariter
1429 4995 1532 5050 sibi
1581 4997 1834 5052 debitam
1883 4999 2060 5066 novit,
2099 5004 2198 5054 aut

567 5085 674 5158 ipsi
704 5085 955 5141 ecclesia
982 5087 1142 5156 cujus
1172 5103 1263 5141 res
1295 5104 1414 5142 esse
1446 5089 1680 5159 patebit,
1712 5095 1811 5145 aut
1834 5091 1998 5146 alteri
2025 5092 2199 5146 eccle-

567 5177 666 5234 sia
691 5179 781 5233 cui
812 5179 990 5250 elegit
1019 5180 1274 5235 conferre
1298 5181 1629 5248 decreverit,
1650 5185 1705 5237 et
1733 5183 1949 5238 licitum
1970 5190 2198 5239 maneat

567 5276 626 5328 et
647 5271 1013 5326 irrevocabile
1041 5272 1220 5326 robur
1243 5273 1363 5344 ejus
1389 5275 1672 5329 sententia
1693 5275 1857 5332 ferat.

638 5365 746 5421 VII.
777 5364 1086 5437 Propinqui
1113 5366 1410 5422 morientis
1451 5369 1701 5440 episcopi
1748 5368 1889 5423 nihil
1932 5369 2002 5424 de
2028 5369 2195 5424 rebus

565 5457 686 5528 ejus
715 5457 927 5530 absque
960 5459 1377 5531 metropolitani
1405 5461 1727 5532 cognitione
1758 5477 2028 5532 usurpare
2055 5479 2195 5535 pra-

563 5555 822 5620 sumant;
867 5551 1020 5625 quod
1061 5552 1109 5607 si
1149 5552 1198 5607 is
1235 5553 1332 5624 qui
1378 5555 1678 5608 recesserit
1727 5554 2194 5625 metropolitanus

561 5641 752 5710 fuerit,
768 5661 1116 5701 successores
1138 5645 1484 5701 sententiam
1504 5647 1626 5717 ejus
1645 5652 1742 5702 aut
1755 5647 2057 5704 concilium
2077 5665 2193 5704 sus-

559 5734 842 5805 tinebunt,
875 5754 942 5791 ne
976 5739 1183 5808 passim
1234 5739 1580 5794 hareditatis
1610 5740 1884 5798 adeunda
1917 5740 2097 5798 danda
2128 5741 2190 5798 li-

2298 4536 2575 4598 crearent,
2598 4533 2678 4586 illi
2709 4533 2943 4604 quidem
2971 4549 3037 4586 ex
3067 4532 3275 4602 quibus
3307 4531 3488 4603 geniti
3511 4528 3848 4602 probanturca-

2297 4625 2500 4679 nonica
2526 4641 2759 4679 censura
2784 4626 3147 4680 damnentur.
3167 4625 3358 4679 Proles
3389 4630 3577 4678 autem
3600 4619 3753 4674 aliena
3768 4606 3848 4681 p01-

2298 4717 2513 4771 lutione
2539 4733 2657 4772 non
2687 4719 2870 4772 solum
2899 4718 3284 4772 harcditatem
3311 4722 3609 4788 parentum
3635 4715 3847 4774 nusquam

2299 4809 2553 4881 accipiet,
2583 4811 2684 4864 sed
2723 4811 2895 4865 etiam
2940 4810 2998 4864 in
3039 4811 3373 4865 servitutem
3409 4810 3529 4880 ejus
3557 4800 3780 4861 ecclesia,
3805 4792 3848 4844 de

2298 4904 2458 4974 cujus
2506 4905 2812 4958 sacerdotis
2857 4906 2941 4958 vel
2987 4904 3232 4958 ministri
3275 4901 3589 4974 ignominia
3627 4893 3724 4951 nati
3759 4885 3851 4940 ευυί

2291 4997 2420 5067 jure
2448 4997 2687 5067 perenni
2717 4997 3051 5052 manebunt.

2369 5090 2452 5144 XI.
2488 5090 2593 5153 Qui
2630 5106 2698 5144 ex
2727 5090 2956 5144 familiis
2991 5090 3237 5145 ecclesia
3275 5086 3535 5144 servituri
3581 5074 3854 5138 devocari!"r

2298 5183 2354 5236 in
2382 5183 2596 5237 clerum
2623 5182 2692 5236 ab
2727 5182 3005 5254 episcopis
3034 5184 3166 5250 suis,
3199 5181 3480 5237 libertatis
3503 5188 3712 5233 necesse
3730 5169 3793 5220 esi
3811 5162 3852 5212 ιιι

2296 5275 2610 5347 percipiant
2637 5275 2872 5344 donum,
2893 5279 2950 5331 et
2975 5276 3017 5330 si
3044 5277 3297 5330 honesta
3329 5275 3459 5328 vita
3487 5263 3756 5327 claruerint
3777 5267 3854 5308 Im"

2295 5369 2436 5438 ritis,
2463 5372 2585 5423 tum
2614 5369 2841 5424 demum
2867 5369 3179 5439 majoribus
3205 5369 3522 5438 fungantur
3541 5350 3854 5416 oi‘ﬁciisJMs

2294 5479 2425 5516 vero
2451 5462 2648 5534 ﬂagitii
2670 5461 3034 5517 sordidaverit
3045 5460 3454 5530 incorrigibilis
3469 5471 3626 5519 noxa,
3643 5444 3851 5520 perPem

2295 5556 2533 5611 servitus
2564 5555 2896 5611 conditionis
2927 5556 3134 5625 religet
3159 5555 3217 5610 in
3244 5556 3465 5608 catena.

2364 5650 2469 5704 XII.
2512 5650 2568 5705 Si
2615 5649 2871 5706 sacerdos
2911 5649 3230 5704 libertatem
3275 5645 3451 5699 servis
3497 5635 3725 5696 ecclesia
3761 5637 3852 5678 cou-

2292 5743 2438 5798 ferro
2469 5743 2730 5812 voluerit,
2757 5759 2870 5798 non
2900 5759 2933 5796 a
2965 5741 3056 5798 die
3085 5737 3448 5797 confectionis
3466 5733 3720 5804 scriptura
3744 5723 3850 5774 tem-
