3946 6180
130 291 206 340 525
1312 271 1784 328 DECRETALIUM
1823 275 2209 330 COLLECTIO.

3313 282 3413 332 5'26

125 411 206 466 l’us
243 403 494 445 annorum
551 386 942 453 οοηιρυὶδίυηι
1007 379 1242 445 tenebit:
1291 379 1386 434 ⁵εά
1443 397 1509 433 ex
1577 397 1688 450 quo
1711 382 1930 466 Anihil
1983 383 2175 437 licebit
2205 385 2261 437 iu
2291 389 2626 440 extraneum
2671 386 2992 441 dominium
3037 388 3411 443 transactione

124 502 227 540 eum
263 481 347 554 qui
387 479 719 549 scripturam
763 475 1001 530 confecit
1046 471 1232 526 verius
1289 471 1489 526 obiissc
1547 488 1682 526 con-

123 575 300 632 stiterit.

173 698 277 752 XIII.
314 689 622 748 Excessibus
665 688 997 742 libertorum
1049 684 1298 738 ecclesia
1343 685 1684 754 plerumque

122 795 368 863 paternam
394 784 640 838 videmus
668 779 962 834 ecclesiam
1013 776 1356 842 conversari,
1387 781 1444 829 et
1467 775 1686 847 bicipiti

119 881 258 938 coacti
295 893 473 932 sumus
514 875 681 929 tadio
712 872 1035 937 condolere,
1067 886 1203 935 uno,
1238 869 1376 922 dum
1422 867 1686 938 superbia

117 971 392 1030 reluctantis
413 975 605 1023 auctor
621 962 1316 1028 contenmiturlibertatis,
1334 961 1531 1027 altero,
1547 960 1686 1016 dum

115 1069 302 1123 libertas
325 1059 690 1134 superbientis
725 1059 784 1113 in
824 1055 1207 1111 conditionem
1249 1054 1422 1108 relabi
1463 1053 1682 1122 cogitur

117 1157 363 1215 servitutis.
391 1156 514 1210 Ideo
547 1169 678 1207 cum
714 1152 836 1222 jam
866 1147 1167 1220 prateritis
1205 1149 1434 1202 Patrum
1473 1147 1684 1217 regulis

114 1254 264 1308 multa
284 1265 438 1320 super
460 1249 568 1303 hoc
593 1246 826 1300 diversa
851 1239 1264 1297 constitutionis
1291 1240 1685 1294 emanaverint

114 1345 395 1408 sanctiones,
441 1348 632 1396 tamen
678 1336 970 1410 quoddam
1019 1335 1077 1388 in
1134 1332 1556 1404 plenitudinem
1605 1333 1684 1386 rei

113 1444 264 1508 aptum
276 1435 658 1506 conspeximus
676 1432 860 1486 adhuc
874 1430 1162 1483 innectere
1175 1427 1679 1496 complementum.

112 1533 248 1601 Igitur
284 1530 412 1582 sicut
455 1529 648 1597 legum
701 1521 1016 1578 reverenda
1063 1519 1277 1573 sanctio
1322 1518 1563 1584 censuit,
1603 1518 1683 1572 ita

113 1623 272 1677 servari
289 1621 445 1675 totius
471 1616 854 1690 generationis
881 1613 1144 1668 nobilitas
1167 1611 1338 1679 dedit,
1360 1616 1423 1665 ut
1445 1611 1504 1664 in
1526 1611 1683 1664 nullo

111 1717 247 1770 aliena
269 1713 569 1768 commistio
597 1710 860 1776 maculet,
889 1706 1044 1777 quod
1073 1703 1424 1775 generositas
1449 1703 1682 1774 propria

111 1808 358 1862 decoravit.
406 1805 565 1860 Unde
610 1802 826 1856 cunctis
876 1797 1238 1854 ecclesiarum
1283 1796 1518 1863 libertis,
1561 1801 1677 1850 tam

109 1902 206 1954 viris
227 1916 378 1971 quam
409 1896 642 1951 feminis
671 1908 984 1963 eorumque
1022 1889 1346 1962 propagini,
1379 1889 1674 1943 interdici-

108 2001 176 2048 tur
192 1993 378 2063 judicio
410 1990 679 2062 generali,
704 2003 776 2040 ne
803 1985 1069 2054 deinceps
1095 1999 1264 2036 causa
1290 1982 1559 2036 connubii
1581 1987 1679 2036 aut

107 2087 316 2140 Romanis
354 2083 616 2154 ingenuis
661 2079 996 2151 cupulentur
1025 2079 1122 2131 aut
1165 2075 1382 2130 Gothis.
1428 2075 1587 2138 Quod
1630 2075 1676 2128 si

105 2181 182 2233 hoc
217 2181 404 2233 factum
449 2176 799 2248 quandoque
847 2169 1114 2242 patuerit,
1150 2168 1528 2239 permistione
1577 2168 1676 2221 tali

105 2271 252 2344 128
276 2273 455 2342 genita
481 2269 668 2341 proles
695 2266 989 2336 nunquam
1017 2261 1332 2316 merebitur
1349 2261 1446 2332 jus
1473 2259 1674 2315 debita

103 2366 357 2435 dignitatis,
387 2381 488 2418 nec
516 2361 771 2417 ecclesia
810 2372 1068 2428 unquam
1113 2353 1327 2409 carebit
1364 2353 1670 2424 obsequiis,

101 2460 224 2528 cujus
244 2457 495 2513 beneﬁcio
539 2455 760 2509 donum
802 2449 1076 2506 meruisse
1104 2447 1358 2503 noscitur
1382 2446 1668 2501 libertatis.

152 2551 255 2606 XIV.
283 2552 336 2606 Si
362 2550 659 2618 contingat
702 2558 1098 2617 quemcunque
1143 2540 1214 2594 de
1243 2540 1460 2594 libertis
1491 2539 1668 2593 eccle-

98 2645 168 2698 sia
191 2661 475 2716 eorumque
520 2639 1053 2714 prosapia,gcoutra
1098 2634 1397 2706 primavas
1442 2633 1667 2687 moder-

99 2754 264 2808 nasque
305 2740 525 2792 Patrum
575 2733 825 2804 regulas,
853 2734 952 2784 aut
998 2728 1216 2792 Gothis,
1256 2730 1354 2780 aut
1402 2725 1670 2780 Romanis

96 2830 309 2900 ingenius
339 2828 611 2901 copulari,
640 2832 756 2882 tam
783 2825 891 2879 illis
918 2837 1090 2894 quam
1117 2837 1315 2874 eorum
1357 2819 1516 2890 stirpi
1554 2835 1669 2873 non

95 2923 238 2976 licebit
262 2924 325 2978 ab
352 2923 609 2978 ecclesia
636 2917 954 2990 patrocinio
981 2914 1225 2986 evagari,
1251 2912 1347 2967 sed
1377 2912 1449 2967 ad
1481 2911 1670 2966 debita

94 3016 307 3086 obsequia
347 3015 554 3070 reverti
597 3011 834 3083 cogendi
865 3014 1025 3077 sunt;
1055 3011 1152 3060 aut
1177 3005 1220 3060 si
1252 3005 1436 3059 redire
1468 3005 1665 3058 nolue-

1788 492 2122 546 quacunque
2149 477 2446 545 deducere,
2467 478 2564 531 sed
2586 479 2631 532 si
2660 495 2726 532 ex
2756 479 2842 533 his
2868 479 3140 550 qualibet
3164 481 3409 534 vendere

1790 570 2026 623 fortasse
2059 570 2357 634 voluerint,
2391 570 2668 624 sacerdoti
2703 573 2958 642 ejusdem
2988 573 3235 627 ecclesia
3273 574 3407 628 offc-

1785 668 1915 716 rant
1931 663 2327 717 convenienter
2343 663 2918 736 emenda,earumque
2939 682 3130 720 rerum
3149 667 3331 736 pretia
3349 674 3412 722 ut

1788 754 1868 808 eis
1894 755 2164 825 placuerit
2192 759 2290 809 aut
2315 755 2660 826 dispensent,
2685 761 2782 810 aut
2807 757 3077 811 habeant.
3107 759 3246 813 Nam
3275 764 3332 813 et
3351 760 3410 814 in

1788 849 2108 902 dominium
2139 848 2312 919 partis
2335 849 2566 902 alterius
2590 849 2670 903 rei
2689 866 2801 902 sua
2821 867 3053 904 censum
3081 852 3410 907 nullomodo

1786 942 2031 996 transire
2063 941 2458 1012 permittimus.
2491 941 2613 996 Suis
2645 957 2782 1012 ergo
2813 941 2943 996 ﬁliis
2967 945 3052 997 vel
3075 944 3412 1016 prOpinquis

1786 1035 2041 1104 ejusdem
2074 1035 2325 1088 ecclesia
2356 1034 2441 1088 vel
2469 1034 2696 1088 servitio
2727 1035 2810 1088 vel
2856 1037 3169 1106 patrocinio
3215 1039 3404 1109 subju-

1787 1128 1932 1198 gatis
1956 1144 2312 1198 quacunque
2343 1127 2590 1182 vendere
2615 1129 2702 1182 vel
2739 1128 2951 1183 donare
2978 1130 3256 1186 voluerint
3283 1132 3406 1187 adi~

1783 1223 1874 1274 tus
1901 1219 2133 1273 omnino
2158 1219 2389 1290 patebit.

1857 1315 2010 1368 XVII.
2048 1313 2315 1383 Baptizati
2343 1313 2519 1367 Judaei
2546 1329 2884 1386 quocunque
2914 1315 3038 1370 loco
3080 1322 3231 1371 certo
3266 1323 3411 1373 tem-

1785 1422 1920 1478 pore
1950 1411 2376 1473 conversentur,
2411 1405 2564 1460 festis
2593 1409 2780 1460 tamen
2813 1408 3114 1479 pracipuis
3149 1411 3282 1464 Novi
3309 1413 3408 1466 Te-

1787 1499 2053 1552 stamenti
2079 1499 2222 1552 serie
2255 1499 2616 1564 consecratis,
2645 1515 2708 1552 ac
2742 1499 2940 1554 diebus
2972 1501 3080 1554 illis
3106 1519 3246 1574 quos
3275 1505 3410 1559 olim

1784 1592 2076 1646 sanctione
2103 1592 2304 1645 veteris
2330 1592 2472 1662 legis
2498 1591 2724 1645 sibimet
2744 1593 3052 1649 censebant
3070 1612 3190 1650 esse
3213 1598 3413 1652 solem-

1786 1702 1905 1750 nes,
1957 1685 2016 1738 in
2073 1685 2390 1739 civitatibus
2454 1684 2807 1756 publicisque
2859 1689 3226 1744 conventibus
3279 1709 3411 1746 cum

1703 1756 1757 1827 Β
1784 1778 2020 1832 summis
2051 1777 2147 1831 Dei
2186 1777 2566 1831 sacerdotibus
2611 1778 2891 1833 celebrare
2934 1781 3314 1853 pracipimus,
3348 1791 3413 1840 ut

1781 1888 1978 1926 eorum
2008 1871 2497 1925 conversationem
2519 1873 2574 1924 et
2595 1869 2767 1924 fidem
2793 1875 2846 1924 et
2865 1873 3114 1942 pontifex
3135 1877 3412 1947 approbet

1779 1969 1834 2019 et
1864 1965 2070 2018 veritas
2097 1969 2296 2018 servet.
2331 1963 2504 2033 Hujus
2529 1979 2662 2016 vero
2689 1969 2997 2020 temerator
3025 1967 3212 2037 edicti,
3239 1975 3411 2040 prout

1779 2057 2075 2128 episcOpus
2126 2056 2468 2128 permiserit,
2518 2061 2616 2110 aut
2665 2057 2856 2128 ﬂagris
2905 2065 3004 2113 aut
3051 2061 3407 2118 abstinentia

1777 2150 2105 2220 subjacebit.
2140 2149 2387 2220 Expletis
2412 2150 2676 2204 omnibus
2702 2167 2830 2222 qua
2874 2151 2944 2205 ad
2975 2153 3285 2209 honestatis
3312 2173 3404 2212 rc-

1777 2244 1970 2316 gulam
2027 2244 2083 2296 in
2143 2243 2509 2297 collationem
2567 2259 2772 2298 venere
2830 2245 3166 2314 fraternam,
3218 2257 3407 2319 grates

1776 2336 2118 2392 exsolvimus
2146 2335 2458 2390 immortali
2479 2336 2714 2390 Domino
2735 2337 2835 2391 soli
2857 2338 3016 2409 cujus
3037 2339 3406 2412 dispositione

1777 2429 2023 2484 mirabili
2047 2430 2117 2483 ad
2147 2429 2298 2484 hunc
2330 2433 2540 2483 sancta
2569 2430 3035 2502 congregationis
3062 2437 3266 2489 catum
3290 2452 3408 2491 me-

1773 2523 1991 2577 ruimus
2031 2522 2290 2588 adunari,
2321 2527 2386 2576 ut
2430 2523 2745 2576 communis
2788 2523 2926 2578 visio
2972 2529 3403 2597 prosperitatem

1772 2615 2114 2682 ostenderet,
2133 2619 2188 2669 et
2209 2615 2332 2686 pari
2351 2615 2650 2685 junctione
2673 2616 3034 2672 concordiam
3064 2619 3398 2690 assignaret.

1771 2709 2141 2764 Obsecrantes
2171 2707 2292 2778 ejus
2319 2708 2767 2762 misericordiam
2801 2710 3042 2780 largam,
3075 2716 3140 2766 ut
3165 2716 3402 2771 serenis-

1770 2802 1912 2856 simo
1940 2802 2178 2856 Domino
2207 2806 2263 2855 et
2291 2801 2518 2855 amabili
2539 2801 2783 2870 Christo,
2819 2803 3230 2860 Reccesiuntho
3251 2809 3403 2879 prin-

1769 2895 1815 2949 ci
1822 2895 1880 2966 pi
1897 2895 2164 2967 glorioso,
2181 2895 2258 2949 ita
2275 2895 2574 2965 prasentis
2587 2894 2715 2949 vita
2735 2896 3060 2952 felicitatem
3081 2899 3397 2971 impendat,

1769 2994 1832 3042 ut
1861 2988 2132 3059 angelica
2159 2987 2527 3042 beatitudinis
2555 2988 2793 3058 gloriam
2821 2993 2946 3059 post
2974 2990 3233 3063 longave
3257 2998 3398 3050 tem-

93 3080 551 3180 ring-quacunque
587 3080 964 3175 velvparentes
995 3115 1193 3156 eorum
1217 3099 1304 3152 vel
1335 3097 1440 3168 ipsi
1471 3098 1542 3152 ab
1571 3113 1662 3152 ec-
1688 3112 1741 3187 Ο
1767 3081 2230 3187 poraionc‘edat,
2259 3085 2427 3187 atque
2453 3080 2532 3182 ita
2562 3080 2945 3187 noscjusdem
2977 3083 3259 3140 felicitatis
3293 3089 3394 3142 la-

92 3204 217 3256 clesia
232 3201 579 3273 suntadepti,
596 3199 684 3254 vel
705 3198 764 3252 in
779 3198 900 3268 ejus
922 3191 1231 3266 patrocinio
1253 3191 1355 3245 visi
1377 3193 1510 3246 sunt
1528 3207 1662 3245 con-

94 3295 294 3365 quisisse,
321 3296 620 3350 insistente
665 3290 954 3363 pontifice,
994 3288 1050 3342 in
1092 3285 1367 3340 ditionem
1417 3283 1663 3355 propria

90 3389 373 3444 reducantur
395 3387 672 3443 ecclesia.

139 3521 222 3574 XV.
247 3522 495 3577 Ecclesia
546 3519 735 3573 liberti
766 3528 1078 3584 eorumque
1122 3509 1427 3583 progenies
1473 3507 1661 3562 eidem

89 3613 298 3681 basilica,
317 3616 381 3669 de
409 3632 522 3686 qua
551 3609 826 3666 libertatis
855 3606 1092 3680 gratiam
1119 3605 1477 3670 meruerunt,
1506 3601 1660 3655 obse-

87 3706 186 3774 quia
218 3715 482 3780 prompta,
526 3706 861 3774 sinceraque
899 3699 1203 3772 parabunt,
1247 3696 1380 3768 quia
1417 3695 1560 3748 sicut
1601 3695 1659 3747 in

86 3797 160 3852 hoc
186 3802 436 3874 obsequio
460 3816 572 3872 pro
598 3796 964 3870 possibilitate
997 3792 1085 3846 sui
1114 3790 1265 3861 quod
1295 3788 1463 3842 utiles
1495 3786 1656 3857 inge-

86 3893 157 3945 nui
189 3894 403 3961 dabunt,
429 3895 510 3948 ita
545 3906 776 3964 quoque
813 3889 871 3942 in
915 3883 1317 3941 emendatione
1361 3879 1656 3952 culparum

84 3987 194 4052 quod
221 3988 436 4042 inutiles
463 3983 708 4057 ingenui
745 3979 1121 4036 sustinebunt.

133 4107 239 4161 XVI.
287 4107 523 4163 Libertis
573 4103 823 4160 ecclesia
879 4114 1192 4170 eorumque
1242 4095 1545 4168 propagini
1591 4111 1656 4150 ex

84 4200 293 4255 omnibus
336 4218 466 4273 qua
513 4201 589 4255 de
625 4199 756 4269 jure
788 4195 1036 4250 ecclesia
1067 4197 1377 4247 noscuntur
1420 4191 1652 4258 habere,

87 4324 202 4333 μ...-

1768 3177 1852 3227 tos
1879 3173 2106 3239 efﬁciat,
2128 3176 2193 3226 ut
2217 3173 2277 3226 in
2309 3177 2453 3227 terra
2473 3173 2788 3227 viventium
2828 3181 3293 3234 remuneraturos
3319 3184 3400 3234 at-

1765 3267 1944 3321 tollat.
1978 3265 2342 3335 Antiquitatis
2374 3265 2579 3318 dehinc
2610 3266 2870 3320 ordinem
2900 3268 3271 3325 saluberrime
3301 3289 3392 3328 re-

1765 3359 2010 3413 tinentes
2039 3363 2342 3428 postquam
2389 3357 2668 3412 rationem
2712 3359 2839 3412 festi
2878 3361 3162 3415 Paschalis
3187 3363 3391 3419 frater-

1765 3451 1909 3505 nitas
1933 3456 2118 3504 vestra
2163 3449 2442 3520 cognovit,
2477 3451 2695 3504 noverit
2735 3468 2794 3504 se
2837 3468 2988 3506 anno
3032 3459 3267 3508 venturo
3301 3457 3392 3512 die

1763 3544 2139 3598 Kalendarum
2185 3542 2589 3596 Novembrium
2621 3559 2792 3597 causa
2818 3546 3127 3614 peragendi
3167 3549 3391 3604 concilii

1761 3638 1820 3690 in
1849 3637 1954 3690 hac
1992 3636 2130 3688 urbe
2172 3635 2397 3689 favente
2448 3634 2684 3689 Domino
2731 3638 3087 3708 congregari,
3117 3643 3183 3693 ut
3219 3641 3388 3696 simili

1759 3729 2093 3799 disceptatu,
2120 3732 2216 3781 aut
2241 3743 2368 3798 qua
2407 3728 2863 3797 prospexerimus
2897 3746 3152 3801 congrua
3191 3734 3386 3788 decer-

1761 3838 1986 3888 namus,
2010 3825 2109 3874 aut
2133 3820 2302 3874 solius
2323 3819 2476 3890 pacis
2507 3825 2788 3875 conventu
2816 3823 3091 3878 latemur.
3120 3826 3389 3880 Consum-

1761 3919 1982 3968 matum
2013 3917 2096 3966 est
2125 3913 2230 3966 hoc
2270 3916 2526 3966 sanctum
2571 3913 2876 3967 concilium
2916 3914 3009 3968 die
3053 3921 3246 3971 octava
3289 3920 3388 3972 Ka-

1757 4007 2051 4061 lendarum
2080 4004 2503 4070 Novembrium,
2528 4021 2678 4060 anno
2701 4005 2938 4061 feliciter
2962 4007 3206 4080 septimo
3224 4011 3385 4080 regni

1759 4099 2099 4155 serenissimi
2131 4101 2299 4168 atque
2324 4097 2751 4152 clementissimi
2793 4099 3010 4155 domini
3037 4102 3217 4157 nostri
3245 4104 3382 4158 Rec-

1758 4192 2043 4248 cesiunthi
2068 4192 2238 4263 regis,
2265 4208 2377 4246 ara
2407 4207 2636 4248 DCvau.

725 4428 1123 4495 INCIPIUNT
1167 4425 1560 4491 CAPITULA
1601 4423 1932 4490 CONCILII
1976 4422 2367 4487 TOLETANI
2411 4418 2698 4486 DECIMI.

135 4561 170 4609 t.
195 4560 260 4614 De
279 4561 612 4616 celebritate
638 4557 1086 4613 annuntiationis
1112 4555 1440 4610 Dominica.

129 4654 168 4703 2.
194 4653 261 4707 De
289 4654 371 4709 his
401 4655 503 4726 qui
547 4653 814 4707 adversus
840 4651 1159 4722 principem
1199 4648 1654 4718 conjuraverunt.

132 4745 168 4795 3.
203 4746 269 4799 De
330 4747 617 4819 episcopis
672 4745 771 4817 qui
837 4743 1192 4798 monasteriis
1245 4743 1333 4794 vel
1413 4737 1658 4794 ecclesiis

79 4842 481 4909 consanguineos
529 4856 680 4907 suos,
709 4839 794 4892 vel
827 4838 931 4892 sibi
959 4838 1212 4891 faventes
1246 4833 1583 4905 praﬁciunt.

129 4928 168 4980 t.
193 4931 260 4985 De
287 4933 644 5003 professione
673 4935 729 4985 et
768 4930 969 4985 habitu
1008 4930 1310 4984 viduarum
1353 4925 1656 4980 sanctimo-

80 5017 286 5079 nialium.

1677 4568 1736 4639 D
1830 4556 1882 4604 5.
1914 4551 1990 4604 De
2021 4548 2550 4603 sanctimonialibus
2592 4549 2820 4603 feminis
2862 4567 2989 4620 qua
3026 4551 3382 4621 propositum

1759 4643 2106 4713 abjecerunt.

1829 4739 1882 4790 6.
1915 4737 1993 4789 De
2027 4735 2117 4789 his
2161 4734 2260 4806 qui
2299 4735 2355 4788 in
2397 4749 2568 4806 parva
2607 4737 2770 4788 atate
2814 4749 3002 4787 coram
3051 4737 3384 4806 parentibus

1760 4828 2050 4900 religionis
2093 4827 2348 4882 habitum
2394 4825 2702 4892 tenuerint,
2741 4827 2827 4880 vel
2871 4843 3049 4898 usque
3096 4828 3168 4883 ad
3212 4824 3398 4901 quar-‘

1760 4927 1883 4976 tum
1927 4937 2143 4975 annum
2190 4919 2359 4974 liceat
2403 4917 2735 4990 parentibus
2784 4917 2929 4973 ﬁlios
2977 4920 3202 4976 tradere
3253 4923 3380 4978 reli-

1762 5014 1937 5084 gioni.

1633 5120 1970 5130 _.—_—————

475 5245 894 5338 INCIPIT
966 5239 1576 5336 CONCILIUM
1643 5236 2151 5330 DECIMUM
2218 5234 2931 5327 TOLETANUM.

869 5390 1040 5454 ΛΕνα
1071 5407 1372 5462 DCLXVIII,
1413 5405 1585 5450 anno
1615 5393 1840 5449 octavo
1870 5379 2314 5448 Reccesiunthz’
2351 5380 2542 5459 regis.

130 5516 552 5578 Gratulationem
593 5523 757 5579 nobis
797 5523 1147 5595 spiritualem
1196 5521 1436 5577 contulit
1476 5520 1665 5575 divina
1766 5516 1964 5583 animi,
1993 5517 2051 5570 et
2077 5515 2136 5568 in
2162 5516 2505 5568 conventum
2531 5512 2987 5582 loci,referentes
3014 5511 3218 5580 gratias
3247 5509 3385 5563 invi-

81 5610 238 5677 Fatis,
266 5616 494 5685 quando
541 5616 736 5672 tribuit
781 5617 931 5671 inter
970 5633 1074 5671 nos
1107 5618 1164 5670 et
1207 5613 1467 5670 salutaris
1498 5612 1659 5667 disci-

1765 5609 1912 5664 sibili
1939 5610 2074 5675 Deo,
2100 5611 2158 5662 et
2189 5605 2436 5679 glorioso
2465 5621 2657 5660 rerum
2705 5603 2934 5658 domino
2973 5601 3382 5657 Reccesiuntho

82 5698 214 5764 Plina
248 5706 625 5779 frequentiam
655 5711 956 5766 convenire
991 5711 1060 5764 ad
1090 5709 1453 5781 pacificorum
1484 5705 1665 5760 studia
1765 5703 1911 5773 regi,
1952 5701 2112 5772 cujus
2173 5699 2524 5755 sanctissimo
2566 5702 2692 5752 voto
2748 5699 2967 5751 retenta
3028 5694 3386 5765 paternitatis

76 5802 361 5867 Prﬂoptata.
394 5803 770 5876 Congregatis
792 5821 930 5878 ergo
950 5802 1114 5859 nobis
1135 5805 1193 5857 et
1219 5801 1278 5857 in
1305 5798 1667 5857 concordiam
1768 5798 1973 5852 sanctae
1999 5793 2304 5850 traditione
2330 5793 2398 5848 ad
2424 5807 2646 5847 sacrum
2669 5788 2948 5862 quivimus
2975 5788 3216 5846 adunari
3248 5806 3383 5849 conv
