3946 6180
563 281 662 332 527
1437 274 1723 330 APPEND.
1766 275 1854 329 AD
1893 274 2056 329 SEC.
2097 275 2184 328 1X.

2214 301 2282 313 -—
2321 272 2557 327 ISIDORI
2594 273 3021 328 MERCATORIS
3725 289 3798 343 5‘28

561 390 817 452 ventum,
847 380 947 438 has
972 381 1167 437 subter
1192 397 1439 437 annexas
1485 383 1706 453 regulas
1751 384 2012 438 concordi
2040 383 2178 438 deti-
2203 393 2262 466 Α
2282 380 2575 435 contemni
2603 381 2836 452 quidem
2863 380 3254 452 magnitudine
3273 383 3503 439 decentis
3523 391 3692 458 poterit
3712 409 3801 462 gra-

561 479 778 534 nitione
838 477 1088 547 prolatas
1141 480 1354 531 interna
1415 476 1716 532 statuimus
1772 493 2004 532 manere
2058 478 2186 549 lege

558 572 812 647 praefixa.

630 667 759 721 CAP.
776 667 817 720 Ι.
833 666 913 719 De
931 664 1256 719 celebritate
1277 664 1594 719 festivitatis
1619 665 1822 719 divinae
1837 665 2043 734 Matris,
2059 682 2186 719 cum

558 758 702 814 nihil
734 758 867 813 ﬁdei
892 758 1182 813 sinceritas
1212 775 1314 828 per
1356 759 1735 814 diversitatem
1779 759 2078 813 adversum
2106 759 2188 813 in-

559 855 767 919 currat,
798 856 853 906 et
881 852 1162 906 unitatem
1194 853 1483 908 catholicae
1512 853 1726 923 regulae
1753 852 1990 907 varietas
2033 853 2188 906 nulla

561 947 840 1016 decerpat,
888 951 971 1000 est
1015 950 1208 1000 tamen
1255 946 1408 1016 quod
1453 946 1562 1000 nisi
1601 949 1925 1017 temporum
1974 946 2186 1000 unitate

559 1042 829 1106 servetur,
860 1042 915 1092 et
943 1039 1235 1092 dissidium
1283 1039 1588 1094 indiscissaa
1633 1040 1865 1095 unitatis
1909 1040 2190 1110 parturiat

561 1120 618 1188 et
671 1135 1156 1186 sacramentorum
1223 1133 1438 1188 unitate
1507 1137 1764 1188 constare
1820 1149 1933 1187 non
1978 1133 2184 1186 valeat.

561 1229 699 1283 Hinc
731 1231 815 1281 est
838 1226 991 1280 enim
1023 1227 1180 1296 quod
1219 1227 1487 1280 Paschale
1528 1227 1738 1281 festum
1775 1243 1894 1280 uno
1923 1226 2013 1280 die
2041 1228 2184 1280 cele-

560 1322 794 1376 bremus
820 1323 876 1374 et
902 1323 1182 1389 tempore,
1217 1337 1288 1374 ne
1316 1321 1373 1373 in
1414 1320 1713 1374 Judaicum
1743 1320 2068 1374 decidamus
2097 1336 2187 1374 er-

561 1431 775 1469 rorem.
806 1413 946 1468 Hinc
974 1414 1281 1467 adventum
1317 1413 1494 1467 sancti
1544 1413 1788 1483 Spiritus
1831 1417 1954 1483 post
2000 1429 2185 1467 resur-

560 1509 874 1563 rectionem
904 1507 1130 1562 Domini
1147 1508 1254 1560 nisi
1272 1511 1660 1578 exspectemus
1676 1512 1934 1577 tempore
1959 1506 2190 1560 deﬁnito

563 1602 785 1656 dierum
810 1606 1068 1667 numero,
1086 1617 1200 1654 non
1220 1617 1521 1671 possumus
1553 1599 1783 1670 impleri
1805 1600 2058 1670 ejusdem
2075 1599 2192 1669 Spi-

562 1696 704 1749 ritus
737 1695 905 1760 dono,
937 1694 1206 1766 quoniam
1253 1693 1298 1747 si
1341 1697 1496 1748 caret
1534 1693 1889 1764 plenitudine
1942 1693 2188 1759 numeri,

563 1805 753 1844 carere
781 1791 967 1858 potest
1012 1791 1069 1841 et
1104 1786 1355 1858 mysterii
1401 1791 1789 1853 sacramento;
1823 1786 1956 1840 hinc
1988 1785 2188 1840 nativi-

559 1882 691 1937 tatis
717 1880 1022 1936 Dominicae
1056 1895 1278 1935 sacrum
1314 1897 1425 1951 quo
1460 1880 1751 1935 evidenter
1780 1880 1850 1933 de
1887 1882 2047 1933 utero
2076 1879 2191 1932 Vir-

561 1974 736 2046 ginali
757 1974 1004 2029 Verbum
1027 1974 1238 2045 prodiit
1262 1991 1392 2028 caro
1413 1974 1625 2028 factum
1646 1973 1859 2043 absque
1887 1972 2058 2026 dubio
2081 1988 2191 2026 ser-

560 2073 652 2122 vat
695 2072 752 2122 et
807 2067 1080 2138 temporis
1125 2083 1372 2133 cursum,
1423 2069 1480 2121 et
1527 2069 1899 2136 repraesentat
1954 2065 2190 2135 speciale

561 2160 672 2215 diei
720 2162 1103 2214 momentum.
1137 2159 1191 2214 Si
1233 2175 1369 2228 ergo
1412 2159 1715 2212 nativitatis
1753 2162 1808 2212 et
1852 2158 2052 2212 mortis
2092 2159 2194 2212 hu-

556 2254 651 2322 jus
679 2251 955 2306 incarnati
979 2251 1143 2305 Verbi
1174 2251 1292 2304 dies
1312 2251 1525 2320 absque
1555 2250 1959 2305 immutatione
1979 2251 2057 2304 ita
2077 2267 2193 2304 cer-

561 2351 653 2399 tus
695 2343 956 2410 habetur,
985 2348 1048 2396 ut
1091 2343 1302 2414 absque
1335 2343 1654 2398 diversitate
1683 2343 1742 2396 in
1771 2348 1887 2398 toto
1924 2343 2057 2397 orbe
2082 2347 2192 2396 ter-

561 2453 756 2492 rarum
802 2436 872 2490 ab
918 2437 1076 2490 omni
1119 2437 1383 2491 concordi
1419 2437 1667 2490 Ecclesia
1712 2436 2048 2504 celebretur,
2092 2453 2193 2490 cur

559 2548 678 2586 non
695 2530 970 2584 festivitas
996 2529 1255 2601 gloriosze
1273 2529 1469 2584 matris
1489 2530 1609 2599 ejus
1626 2529 1821 2583 eadem
1838 2529 2192 2583 observantia

560 2640 675 2678 uno
705 2623 872 2678 simul
901 2624 1113 2694 ubique
1145 2624 1258 2690 die,
1293 2622 1578 2693 simulque
1617 2622 1894 2676 habeatur
1929 2621 2192 2676 honore?

562 2718 851 2772 Invenitur
877 2718 1094 2770 etenim
1121 2717 1180 2770 in
1208 2716 1402 2770 multis
1433 2715 1716 2786 Hispaniae
1747 2715 1998 2785 partibus
2022 2715 2192 2784 hujus

562 2812 769 2864 sanctae
794 2809 1037 2879 Virginis
1053 2810 1260 2864 festum
1282 2826 1400 2864 non
1420 2825 1537 2863 uno
1562 2808 1673 2874 die,
1689 2824 1792 2878 per
1809 2824 2010 2862 omnes
2024 2824 2193 2863 anno-

563 2918 692 2957 rum
723 2901 958 2955 circulos
983 2901 1094 2972 agi.
1126 2904 1246 2965 Quo
1275 2902 1428 2955 enim
1457 2901 1774 2955 transducit
1815 2900 2076 2954 homines
2103 2900 2190 2954 di-

562 2994 795 3049 versitas
825 2997 1154 3064 temporum
1183 2995 1320 3049 dum
1351 2994 1682 3049 varietatem
1713 2994 2053 3049 celebritatis
2078 3011 2192 3048 non

562 3088 770 3142 habere
800 3088 1134 3159 probantur.
1161 3088 1280 3150 Qua
1309 3088 1378 3142 de
1410 3103 1471 3142 re
1497 3087 1763 3158 quoniam
1794 3087 1884 3141 die
1912 3103 2024 3158 qua
2044 3087 2196 3141 inve-

565 3181 721 3236 nitur
745 3181 984 3252 angelus
1016 3181 1227 3250 Virgini
1251 3181 1418 3236 Verbi
1447 3185 1804 3252 conceptum,
1829 3184 1886 3234 et
1905 3181 2194 3235 nuntiasse

563 3274 770 3342 verbis,
800 3277 856 3328 et
893 3273 1162 3328 indidisse
1210 3273 1514 3340 miraculis,
1549 3274 1749 3328 eadem
1791 3274 1880 3328 die
1922 3273 2193 3328 festivitas

562 3383 678 3422 non
707 3369 894 3438 potest
912 3366 1186 3421 celebrari
1217 3367 1520 3438 condigne,
1543 3368 1692 3438 quod
1721 3367 2012 3422 interdum
2041 3367 2192 3431 Qua-

564 3459 888 3532 dragesima
914 3459 1002 3514 vel
1030 3459 1296 3514 Paschale
1316 3460 1527 3514 festum
1552 3460 1816 3514 videatur
1840 3461 2192 3527 incumbere,

565 3554 624 3608 in
649 3553 856 3626 quibus
875 3552 1020 3608 nihil
1041 3553 1112 3607 de
1134 3556 1460 3608 sanctorum
1488 3553 1939 3608 solemnitatibus
1967 3554 2109 3606 sicut
2130 3570 2196 3606 ex

568 3645 900 3718 antiquitate
924 3645 1171 3717 regulari
1203 3651 1434 3700 cautum
1462 3649 1565 3713 est,
1593 3645 1858 3700 convenit
1901 3646 2192 3713 celebrari,

565 3756 695 3794 cum
722 3740 1034 3794 secundum
1054 3739 1234 3810 ipsam
1263 3738 1719 3793 incarnationem
1739 3738 1906 3792 Verbi
1934 3755 2048 3793 non
2066 3755 2198 3794 con-

565 3831 772 3902 veniat,
801 3837 936 3888 tunc
979 3831 1401 3888 celebritatibus
1446 3830 1763 3902 praedicari,
1797 3831 2028 3902 quando
2059 3848 2196 3886 con-

567 3928 678 3981 stat
726 3925 974 3997 idipsum
1015 3929 1144 3996 post
1190 3928 1439 3980 mortem
1489 3924 1674 3979 carnis
1718 3924 1896 3995 gloria
1940 3940 2194 3978 resurre-

566 4018 768 4074 ctionis
796 4017 1000 4087 attolli;
1029 4018 1158 4074 ideo
1202 4018 1431 4089 speciali
1474 4018 1878 4072 constitutione
1926 4017 2194 4084 sancitur,

570 4115 632 4166 ut
659 4115 789 4166 ante
813 4116 1073 4166 octavum
1103 4110 1254 4165 diem
1283 4127 1394 4182 quo
1426 4115 1592 4165 natus
1622 4114 1705 4164 est
1725 4109 2019 4176 Dominus,
2047 4109 2200 4179 geni-

565 4203 723 4258 tricis
740 4219 967 4274 quoque
984 4204 1031 4274 ej
1042 4221 1104 4257 us
1126 4203 1244 4258 dies
1263 4204 1540 4258 habeatur
1560 4202 1958 4258 celeberrimus
1987 4206 2043 4256 et
2062 4218 2200 4273 prae-

569 4295 781 4364 clarus;
824 4313 895 4351 ex
921 4296 1042 4367 pari
1073 4295 1228 4350 enim
1254 4296 1468 4350 honore
1510 4298 1750 4361 constat,
1782 4299 1847 4349 ut
1881 4294 2024 4348 sicut
2052 4294 2197 4349 nati-

567 4389 805 4445 vitatem
834 4389 957 4444 Filii
987 4387 1347 4460 sequentium
1394 4388 1615 4444 dierum
1653 4388 1975 4459 insequitur
2020 4387 2201 4458 digni-

567 4485 674 4551 tas,
702 4483 782 4538 ita
807 4482 1173 4539 festivitatem
1200 4481 1398 4536 matris
1426 4484 1512 4536 tot
1551 4481 1771 4537 dierum
1818 4484 2084 4552 sequatur
2115 4497 2198 4535 sa-

570 4593 665 4632 cra
703 4577 1054 4632 solemnitas.
1100 4577 1240 4631 Nam
1281 4574 1417 4648 quid
1463 4576 1672 4630 festum
1722 4574 1919 4629 matris
1969 4579 2054 4629 est
2094 4573 2202 4628 nisi

569 4670 883 4726 incarnatio
916 4669 1126 4727 Verbi?
1169 4670 1338 4741 Cujus
1382 4669 1590 4725 festum
1635 4668 1713 4722 ita
1760 4668 1925 4723 debet
1961 4683 2082 4723 esse
2120 4685 2206 4722 so-

572 4763 785 4830 lemne,
818 4764 962 4818 sicut
989 4768 1093 4833 est,
1124 4769 1189 4818 ut
1217 4763 1470 4834 ejusdem
1501 4761 1813 4817 nativitatis
1841 4761 2026 4816 Verbi.
2048 4761 2204 4826 Quod

571 4859 783 4924 tamen,
810 4872 914 4910 nec
959 4857 1076 4911 sine
1122 4857 1380 4928 exemplo
1424 4856 1676 4911 decentis
1724 4854 1923 4923 moris,
1967 4854 2066 4926 qui
2103 4869 2206 4926 per

573 4947 824 5002 diversas
851 4949 1050 5003 mundi
1088 4953 1276 5019 partes
1320 4949 1672 5020 dignoscitur
1715 4947 2024 5014 observari,
2053 4947 2207 5001 vide-

572 5046 666 5095 tur
702 5040 944 5095 institui.
991 5043 1052 5096 In
1098 5041 1290 5095 multis
1338 5041 1532 5112 itaque
1579 5040 1836 5095 Ecclesiis
1873 5057 1906 5094 a
1940 5040 2104 5095 nobis
2149 5044 2208 5096 et

574 5134 752 5206 spatio
779 5134 1036 5203 remotis,
1067 5138 1123 5188 et
1143 5134 1327 5200 terris,
1345 5134 1436 5187 hic
1458 5150 1580 5189 mos
1603 5133 1926 5204 agnoscitur
1952 5133 2202 5202 retineri,

571 5227 814 5299 proinde
843 5229 909 5281 ut
931 5226 1000 5281 de
1029 5229 1232 5282 caetero
1266 5226 1543 5297 quidquid
1566 5231 1650 5282 est
1675 5226 1911 5282 dubium
1933 5225 2006 5280 sit
2024 5243 2208 5282 remo-

571 5327 718 5390 tum,
742 5319 1074 5376 solemnitas
1094 5319 1400 5376 Dominicte
1428 5319 1628 5375 matris
1653 5319 1742 5374 die
1764 5319 1985 5374 decimo
2009 5319 2206 5390 quinto

571 5415 960 5470 Kalendarum
986 5413 1392 5469 Ianuariarum
1415 5411 1748 5468 omnimodo
1779 5412 2114 5480 celebretur,
2149 5415 2207 5467 et

570 5508 834 5564 nativitas
867 5507 992 5562 Filii
1037 5506 1160 5577 ejus
1195 5505 1503 5562 Salvatoris
1552 5505 1732 5560 nostri
1760 5505 1851 5560 die
1881 5507 2075 5560 octavo
2107 5507 2205 5560 Ka-

569 5602 867 5657 lendarum
917 5601 1275 5672 earumdem,
1320 5599 1462 5656 sicut
1515 5617 1638 5656 mos
1685 5603 1788 5668 est,
1836 5598 2101 5655 solemnis
2143 5599 2204 5655 in

574 5695 842 5751 omnibus
885 5695 1183 5752 habeatur.

637 5788 698 5842 ll.
750 5789 1153 5861 Frequentium
1207 5787 1596 5845 molestiarum
1649 5802 1856 5844 nocens
1914 5787 2195 5861 impulsus

2286 474 2488 541 vitatis,
2523 475 2622 528 sed
2649 474 2780 545 quia
2805 475 3044 529 honesta
3074 475 3380 530 sollicitudo
3412 479 3638 536 cohibere
3660 501 3803 556 prope-

2286 572 2390 636 rat,
2439 568 2592 637 quod
2633 567 2994 638 frequentata
3054 569 3277 624 usitatio
3328 570 3487 626 vitare
3531 590 3631 628 non
3672 585 3801 644 curat,

2286 660 2415 714 ideo
2445 665 2501 714 et
2530 677 2662 714 cum
2688 661 3063 731 quorumdam
3107 667 3459 732 paternorum
3502 667 3805 724 sanctionibus

2289 753 2644 808 decretorum
2675 757 2731 807 et
2754 753 3206 808 institutionibus
3250 756 3318 809 sit
3359 755 3602 827 legalibus
3637 767 3805 816 cautum

2286 863 2361 902 ne
2401 850 2596 902 contra
2638 848 2879 900 salutem
2924 847 3267 918 principum,
3299 851 3587 920 gentisque,
3611 857 3691 906 aut
3719 872 3808 924 pro

2288 940 2424 1012 priae
2456 940 2655 1010 patriae
2687 941 2988 1012 quisquam
3026 941 3288 996 meditari
3323 950 3538 998 conetur
3560 946 3809 1014 adversum,

2287 1035 2396 1088 hoc
2410 1050 2593 1087 unum
2608 1033 2929 1105 specialiter
2940 1050 3093 1088 nunc
3106 1034 3450 1106 depromitur
3459 1037 3809 1106 observandum,

2289 1131 2353 1182 ut
2397 1127 2443 1181 si
2485 1127 2609 1198 quis
2648 1127 3048 1198 religiosorum
3091 1128 3160 1181 ab
3206 1128 3451 1199 episcopo
3489 1147 3645 1200 usque
3676 1133 3729 1186 ad
3750 1150 3814 1187 ex-

2287 1226 2536 1276 tremum
2579 1219 2792 1273 ordinis
2836 1220 3169 1275 clericorum
3215 1221 3328 1275 sive
3369 1224 3722 1278 monachorum
3746 1242 3812 1294 ge-

2291 1314 2504 1368 neralia
2520 1313 2854 1382 juramenta
2880 1312 2936 1366 in
2964 1313 3204 1368 salutem
3236 1315 3446 1385 regiam
3474 1317 3723 1386 gentisque
3751 1323 3816 1371 aut

2289 1407 2486 1478 patriae
2532 1406 2661 1460 data
2702 1405 3022 1476 reperiatur
3060 1406 3286 1461 violasse
3329 1408 3591 1461 voltmtate
3627 1409 3814 1477 profana,

2290 1516 2419 1554 mox
2466 1499 2694 1570 propria
2734 1498 3013 1568 dignitate
3056 1499 3326 1570 privatus,
3359 1504 3415 1553 et
3440 1501 3553 1554 loco
3580 1505 3628 1555 et
3660 1502 3816 1555 honore

2290 1593 2564 1648 habeatur
2589 1592 2867 1661 exclusus,
2899 1609 2966 1645 eo
2991 1593 3367 1647 miserationis
3398 1594 3611 1647 obtentu
3631 1598 3817 1648 tantum-

2290 1686 2460 1740 modo
2491 1688 2798 1754 reservato,
2828 1688 2890 1738 ut
2916 1702 2990 1739 an
3022 1686 3228 1753 locum,
3250 1703 3322 1740 an
3351 1687 3620 1752 honorem,
3639 1704 3698 1740 an
3721 1691 3821 1739 utra-

2212 1776 2268 1846 B
2292 1796 2402 1850 que
2427 1778 2712 1850 possideat
2738 1778 3083 1833 concedendi
3122 1778 3218 1848 jus
3261 1778 3632 1849 licentiamque
3671 1779 3820 1850 princi-

2292 1873 2432 1944 palis
2456 1876 2698 1944 potestas
2728 1872 2998 1927 obtineat.

2363 1967 2446 2020 ΙΙΙ.
2478 1965 2823 2020 Reverentiae
2851 1965 3024 2020 totius
3049 1965 3244 2020 auditu
3273 1965 3620 2038 percipiatur,
3644 1965 3747 2037 quia
3767 1982 3826 2019 res

2291 2061 2434 2114 dura
2463 2077 2580 2114 non
2599 2059 2809 2113 frustra
2841 2059 3060 2129 cogitur
3089 2060 3194 2113 hac
3225 2059 3437 2114 duriori
3463 2060 3723 2130 exstirpari
3743 2076 3829 2112 cen-

2292 2170 2440 2208 sura.
2471 2153 2821 2224 Agnovimus
2845 2153 2996 2206 enim
3026 2154 3304 2224 quosdam
3331 2153 3603 2225 pontifices
3627 2151 3826 2223 praecepti

2290 2246 2563 2317 Principis
2607 2247 3014 2316 apostolorum,
3055 2246 3151 2317 qui
3195 2246 3276 2300 ait
3316 2263 3329 2301 :
3382 2270 3409 2297 ((
3454 2247 3645 2301 Pascite
3680 2247 3756 2316 qui
3789 2246 3826 2297 in

2291 2339 2449 2394 vobis
2469 2343 2553 2393 est
2586 2356 2842 2410 gregem,
2872 2355 2989 2393 non
3021 2344 3236 2406 coacte,
3262 2340 3360 2394 sed
3386 2343 3830 2411 spontanee,neque

2293 2432 2652 2487 dominantes
2688 2432 2748 2485 in
2777 2433 2945 2500 clero,
2979 2433 3079 2486 sed
3107 2433 3293 2487 forma
3321 2433 3463 2488 facta
3491 2433 3658 2503 gregis
3680 2432 3718 2501 (Ι
3731 2435 3828 2486 Petr.

2292 2542 2345 2595 v,
2376 2527 2458 2595 2);
2503 2544 2530 2576 »
2569 2525 2650 2579 ita
2697 2541 2815 2579 esse
2858 2525 3244 2595 immemores,
3289 2530 3354 2580 ut
3407 2525 3709 2596 quibusdam
3747 2539 3830 2576 mo-

2291 2618 2569 2684 nasteriis,
2620 2617 3145 2688 parochialibusque
3188 2618 3453 2688 ecclesiis,
3497 2621 3588 2672 aut
3624 2634 3719 2671 suae
3748 2632 3835 2669 con-

2294 2710 2688 2781 sanguinitatis
2731 2727 3023 2781 personas,
3069 2716 3167 2766 aut
3216 2711 3424 2767 favoris
3465 2710 3726 2784 participes
3768 2709 3836 2760 ini-

2293 2821 2471 2876 quum
2493 2821 2645 2876 saepe
2667 2808 2911 2858 statuant
2931 2804 2989 2858 in
3010 2805 3332 2874 przelatum,
3349 2806 3426 2860 ita
3440 2806 3545 2860 illis
3559 2803 3836 2876 providentes

2294 2898 2594 2952 commoda
2658 2897 2979 2966 inhonesta,
3025 2901 3086 2951 ut
3133 2901 3231 2952 aut
3289 2899 3370 2952 eis
3425 2898 3714 2953 deferantur
3751 2909 3836 2966 qua

2293 2990 2523 3062 proprio
2555 2990 2816 3062 episc0po
2847 2991 2981 3044 dare
3005 2991 3194 3061 justus
3223 2992 3365 3046 ordo
3393 2990 3756 3062 depoposcerit,
3773 2991 3840 3039 aut

2296 3100 2422 3153 qua:
2484 3099 2681 3154 rapere
2746 3083 3002 3154 deputati
3065 3086 3341 3139 exactoris
3383 3084 3634 3140 violentia
3673 3080 3838 3153 poterit.

2214 3135 2269 3210 Ο
2292 3135 2533 3230 Proinde
2548 3135 2848 3230 Ldecenterf
2883 3177 3148 3231 omnibus
3186 3179 3379 3248 placet
3417 3179 3475 3233 in
3518 3135 3747 3248 praesenti
3767 3172 3840 3224 tale

2295 3269 2614 3324 rescindere
2637 3269 2871 3337 factum,
2895 3273 2950 3323 et
2972 3286 3086 3323 non
3114 3286 3235 3325 esse
3257 3271 3330 3326 de
3359 3275 3556 3326 cetero
3573 3266 3841 3325 faciendum,

2294 3379 2427 3418 nam
2447 3361 2699 3434 quisquis
2727 3362 3060 3432 pontificum
3082 3362 3372 3435 deinceps,
3394 3368 3493 3419 aut
3512 3361 3746 3434 sanguine
3761 3374 3845 3428 pro-

2295 3455 2544 3527 pinquis,
2563 3458 2661 3508 aut
2687 3455 2874 3509 favore
2901 3455 3153 3526 personis
3178 3457 3605 3526 quibuscumque
3625 3449 3844 3510 devinctis,

2295 3549 2429 3602 talia
2456 3549 2854 3603 commendare
2880 3549 3036 3603 lucra
3065 3551 3370 3604 tentaverit
3397 3554 3453 3604 et
3477 3565 3632 3602 suum
3656 3542 3846 3599 nefanda

2294 3641 2760 3712 praesumptionis
2801 3642 3106 3709 excidium,
3137 3645 3193 3696 et
3219 3644 3376 3712 quod
3390 3644 3606 3714 jussum
3629 3637 3767 3694 fuerit
3787 3634 3849 3687 deo

2295 3738 2526 3789 vocetur
2560 3735 2620 3788 in
2663 3734 2908 3802 irritum,
2937 3740 2993 3789 et
3023 3735 3121 3805 qui
3147 3735 3438 3790 ordinavit
3467 3751 3659 3790 annum
3685 3743 3848 3784 excomo

2297 3826 2665 3882 municationi
2690 3827 2998 3898 subjaceat,
3024 3844 3151 3898 quae
3180 3845 3314 3884 vero
3345 3829 3527 3883 ablata
3554 3829 3755 3881 fortasse
3771 3820 3850 3873 fue-

2297 3921 2431 3986 rint,
2463 3920 2532 3974 ab
2560 3937 2626 3973 eo
2657 3919 2756 3991 qui
2781 3921 2909 3974 tulit
2934 3921 3252 3976 reddantur
3280 3923 3342 3976 in
3371 3923 3624 3993 duplum.

2368 4013 2455 4068 IV.
2506 4014 2653 4067 Bene
2708 4030 2813 4084 per
2860 4013 3134 4085 Spiritum
3182 4015 3417 4070 Domini
3462 4026 3728 4086 possumus
3765 4019 3852 4060 cum

2299 4110 2491 4160 sancto
2536 4106 2798 4177 Apostolo
2847 4106 3056 4174 dicere,
3101 4131 3126 4155 ‹‹
3172 4125 3293 4162 non
3340 4109 3606 4180 ignorare
3644 4121 3724 4157 vos
3753 4103 3856 4152 astu-

2298 4199 2436 4254 tiam
2468 4200 2687 4254 Satanae
2722 4199 2793 4268 (II
2819 4201 2938 4256 Cor.
2970 4217 3029 4269 ιι,
3063 4202 3146 4270 11)
3181 4222 3206 4249 ››
3241 4202 3382 4272 quia
3423 4199 3738 4272 impellimur
3756 4213 3776 4241 ‹‹
3799 4205 3854 4242 ze-

2298 4293 2352 4346 lo
2401 4293 2600 4347 domus
2645 4292 2741 4346 Dei
2786 4293 2954 4362 (Joan.
2990 4309 3045 4359 n,
3089 4293 3195 4363 l7),
3237 4315 3264 4343 ››
3311 4297 3370 4349 et
3421 4295 3614 4348 ardore
3657 4283 3853 4345 cremari.

2299 4385 2566 4440 Videmus
2591 4385 2745 4439 enim
2772 4385 2844 4439 ad
2861 4389 3016 4440 tanta
3040 4385 3304 4441 fraudum
3339 4387 3523 4442 studia
3548 4382 3856 4440 convalescen-

2221 4482 2417 4571 Dtem
2463 4478 2770 4532 excrevisse
2810 4478 3147 4549 perniciem,
3188 4484 3252 4533 ut
3300 4485 3361 4534 et
3401 4481 3660 4551 primaeva
3691 4476 3858 4529 Patrum

2304 4570 2631 4626 constitutio
2662 4587 2695 4624 a
2735 4571 3077 4642 quibusdam
3127 4572 3454 4627 aestimetur
3483 4571 3652 4636 illudi,
3676 4571 3723 4623 et
3757 4575 3858 4616 nova

2295 4663 2558 4736 judicum
2612 4668 2842 4734 putetur
2887 4664 3127 4718 intentio
3172 4665 3324 4735 pelli.
3379 4668 3522 4720 Nam
3573 4661 3861 4717 inveniuntur

2305 4757 2593 4812 nonnullas
2617 4756 2801 4812 viduae
2827 4757 3058 4812 diversis
3085 4758 3546 4813 excusationibus
3561 4773 3615 4811 se
3635 4754 3751 4808 adeo
3771 4761 3861 4800 con-

2305 4853 2579 4922 tegentes,
2608 4855 2668 4905 ut
2707 4850 3074 4905 blandiantur
3099 4850 3206 4905 sibi
3252 4868 3310 4905 se
3344 4869 3466 4906 non
3502 4854 3711 4905 Patrum
3746 4841 3864 4913 plena

2303 4943 2598 5015 religionis
2614 4944 2873 5014 alligatas
2895 4944 3252 4999 institutione
3275 4945 3486 4999 teneri.
3515 4942 3662 4997 Unde
3677 4931 3864 5003 antiquis

2303 5038 2640 5093 inconcusse
2670 5037 3142 5109 permanentibus
3165 5037 3383 5108 regulis
3417 5037 3527 5092 hoc
3553 5032 3780 5104 adjicitur
3799 5039 3866 5077 nO'

2305 5146 2388 5185 vae
2415 5131 2637 5185 oraculo
2665 5129 2994 5198 sanctionis,
3016 5135 3080 5184 ut
3101 5129 3288 5196 vidua,
3320 5146 3451 5200 qua
3478 5131 3676 5183 sancta:
3698 5116 3867 5187 religit‘r

2307 5223 2394 5279 nis
2440 5223 2695 5279 obtinere
2737 5222 3094 5294 propositum
3135 5223 3407 5291 voluerit,
3440 5216 3705 5276 sacerdoti
3733 5217 3778 5267 et
3798 5207 3869 5262 mi'

2304 5318 2482 5373 nistro
2508 5317 2578 5371 ad
2608 5333 2781 5388 quem
2829 5319 2925 5371 aut
2969 5315 3091 5386 ipsa
3139 5315 3375 5383 venerit,
3413 5319 3511 5368 aut
3553 5325 3708 5384 quem
3745 5303 3800 5357 ad
3829 5312 3868 5348 59>

2305 5411 2497 5465 venire
2540 5410 2860 5481 contigerit,
2894 5408 3115 5480 scriptis
3159 5407 3572 5480 professionem
3616 5401 3759 5457 faciat
3785 5404 3868 5446 asc

2303 5509 2402 5558 aut
2436 5503 2619 5573 signo,
2655 5506 2749 5556 aut
2790 5501 3199 5572 subscriptione
3233 5503 3518 5568 notatam,
3548 5489 3869 5550 continentem

2305 5612 2363 5652 se
2388 5601 2443 5651 et
2471 5595 2764 5668 religionis
2807 5595 3163 5667 propositum
3189 5593 3326 5650 velle
3354 5593 3464 5648 hoc
3494 5585 3791 5662 perenniter
3809 5578 3872 5675 in-

2301 5689 2505 5747 violate
2551 5706 2791 5746 servare.
2821 5691 2977 5744 Tunc
3018 5692 3246 5759 accepta
3285 5703 3318 5740 a
3363 5684 3650 5740 sacerdote
3691 5674 3764 5752 vel
3794 5684 3872 5768 ml"

2301 5785 2479 5841 nistro
2503 5787 2632 5858 apta
2659 5782 2951 5856 religionis
2989 5783 3160 5852 hujus
3223 5783 3376 5834 veste
3418 5795 3518 5832 seu
3563 5773 3749 5830 lectulo
3786 5775 3880 5835 qui?
