3946 6180
192 250 284 307 529
1395 247 1870 305 DECRETALIUM
1906 247 2292 305 COLLECTIO.
3421 255 3523 313 530

191 375 357 425 scens,
378 357 490 413 sive
518 371 857 429 quocunque
883 356 941 411 in
969 357 1095 412 loco
1123 356 1441 413 consistens
1465 355 1795 412 incunctan-
1816 371 1876 445 Α
1896 356 2128 428 quando
2159 355 2485 425 habuerint,
2517 372 2653 412 mox
2679 356 2752 411 ad
2789 356 3087 429 religionis
3114 359 3330 414 cultum
3365 360 3525 417 habi-

191 456 268 506 ter
291 466 354 505 ea
381 451 592 518 utatur,
620 466 727 504 nec
756 450 961 505 diversi
988 450 1193 505 coloris
1226 454 1325 505 aut
1352 451 1586 506 diversa
1616 449 1794 522 partis
1894 454 2132 521 tumque
2158 452 2516 519 revocentur,
2549 453 2606 505 et
2644 451 2748 506 sub
2775 454 3009 505 strenua
3035 450 3387 508 districtione
3410 455 3521 510 hu-

190 544 373 599 eadem
405 544 479 598 sit
512 542 775 598 notabilis
799 545 987 613 vestis,
1018 544 1114 599 sed
1142 544 1404 615 religiosa
1442 548 1496 599 et
1526 560 1643 598 non
1669 560 1789 598 sus-
1885 542 2212 613 juscemodi
2238 542 2606 598 observantia
2632 543 2902 600 inservire
2928 546 3225 615 cogantur.
3257 547 3519 602 Parenti-

185 639 350 709 pecta,
382 652 512 712 qua
540 639 729 691 careat
752 637 1119 692 varietatibus
1165 636 1442 705 colorum,
1473 640 1531 690 et
1558 636 1791 691 diversi-
1890 634 1997 689 bus
2024 651 2156 690 sane
2180 635 2328 690 filios
2349 652 2479 691 suos
2496 636 2759 707 religioni
2777 638 3114 694 contradere
3138 655 3256 694 non
3275 640 3520 711 amplius

187 730 374 784 tatibus
416 731 753 800 specierum,
782 730 925 786 adeo
958 735 1019 784 ut
1054 731 1270 801 absque
1316 730 1425 784 ulla
1474 729 1791 800 suspicione
1892 744 2063 799 quam
2087 744 2271 800 usque
2293 729 2363 783 ad
2383 728 2667 784 decimum
2686 730 2869 785 atatis
2892 747 3091 787 eorum
3114 748 3331 788 annum
3348 733 3522 790 licen-

187 823 627 894 transgressionis
672 827 911 878 maneat
956 823 1077 877 usui
1140 826 1366 878 tantum
1417 828 1549 893 apta
1582 826 1790 877 sancta
1891 821 1968 876 tia
1997 821 2207 893 poterit
2234 837 2354 877 esse
2386 839 2400 891 ;
2433 826 2635 893 postea
2658 839 2796 878 vero
2821 840 2894 878 an
2945 841 3075 880 cum
3102 825 3392 883 voluntate
3419 844 3520 899 pa-

184 916 477 987 religionis,
512 921 568 971 et
606 917 692 970 sui
734 917 887 971 sexui
931 921 1260 988 competens
1287 917 1359 971 ad
1393 915 1788 971 testimonium
1887 917 2138 982 rentum,
2156 932 2230 970 an
2254 932 2368 971 sua
2398 916 2717 972 devotionis
2744 916 2817 971 sit
2834 917 3147 973 solitarium
3171 924 3386 989 votum,
3410 922 3520 978 erit

184 1010 473 1082 probitatis.
506 1011 577 1064 Ut
601 999 793 1065 autem
832 1010 1099 1081 deinceps
1145 1011 1223 1065 nil
1268 1009 1573 1065 devocetur
1600 1009 1660 1064 in
1689 1009 1790 1064 du.
1887 1008 2018 1062 ﬁliis
2046 1008 2264 1063 licitum
2312 1009 2608 1081 religionis
2652 1026 2941 1065 assumere
2985 1013 3219 1067 cultum.
3251 1014 3517 1086 Quisquis

183 1103 343 1172 bium,
368 1103 540 1174 pallio
565 1119 873 1175 purpureo,
907 1104 995 1157 vel
1029 1102 1183 1175 nigri
1218 1103 1421 1159 coloris
1455 1107 1629 1175 caput
1650 1119 1785 1157 con-
1886 1105 2078 1156 autem
2105 1102 2193 1155 vel
2237 1100 2547 1158 abolitione
2591 1105 2840 1158 tonsura
2886 1104 2974 1158 vel
3020 1106 3301 1161 saecularis
3351 1108 3518 1163 vestis

182 1199 320 1266 tegat
340 1195 407 1250 ab
437 1195 607 1251 initio
628 1199 904 1267 suscepta
931 1196 1249 1268 religionis,
1278 1199 1341 1250 ut
1369 1196 1506 1251 dum
1552 1195 1665 1250 illic
1692 1199 1784 1249 tu-
1885 1194 2270 1266 assumptione
2300 1194 2551 1250 detectus
2593 1196 2768 1250 fuerit
2810 1196 3067 1268 attigisse
3113 1200 3519 1270 transgressio-

181 1290 291 1344 lerit
313 1289 538 1360 signum
565 1290 877 1360 probabilis
905 1290 1241 1359 sanctitatis,
1273 1290 1368 1344 ubi
1420 1288 1632 1344 nullius
1670 1289 1787 1343 falli
1886 1302 2041 1357 nem,
2089 1291 2146 1343 et
2181 1288 2782 1344 excommunicationis
2826 1306 3122 1347 censuram
3167 1292 3430 1363 accipiat,
3462 1298 3519 1351 et

181 1383 364 1454 poterit
402 1382 546 1437 visio
573 1382 867 1450 intuentis,
895 1398 1197 1454 nunquam
1236 1385 1480 1438 attentet
1503 1385 1655 1438 astus
1683 1383 1782 1438 de-
1883 1380 2150 1453 religioni
2177 1397 2403 1452 semper
2444 1381 2736 1437 inhareat.
2782 1383 3110 1453 Opitulante
3153 1384 3517 1443 miseratione

180 1476 425 1532 testanda
456 1477 945 1548 prasumptionis.
1885 1474 2091 1542 divina,
2121 1478 2180 1530 et
2203 1475 2592 1547 gloriosissimi
2613 1475 3011 1532 Reccesiunthi
3039 1477 3311 1550 principis
3338 1478 3517 1535 inha-

237 1571 290 1623 V.
318 1570 525 1624 Omnes
553 1569 786 1625 femina
813 1586 940 1641 qua
959 1570 1083 1640 jam
1100 1569 1534 1641 inprateritum
1556 1569 1782 1641 religio-
1882 1571 2042 1623 rente
2067 1568 2355 1625 voluntate
2403 1568 2684 1640 religiosa,
2709 1568 2799 1624 his
2837 1570 3077 1626 testibus
3119 1572 3516 1629 decentissime

176 1663 249 1717 nis
275 1666 416 1717 veste
442 1662 771 1734 probantur
797 1662 1011 1718 induta
1030 1662 1221 1730 fuisse,
1244 1662 1388 1718 nihil
1409 1663 1784 1719 excusationis
1880 1661 2146 1731 alligatis,
2197 1661 2258 1716 in
2296 1678 2435 1732 pace
2475 1662 2762 1732 connexis,
2793 1679 2863 1717 ex
2903 1663 3039 1718 totis
3069 1666 3517 1735 pracordiorum

180 1754 342 1829 129
388 1756 581 1810 valeat
625 1756 685 1809 in
733 1756 1159 1827 oppositionem
1201 1756 1469 1826 qualibet
1513 1752 1857 1827 objectio,B
1881 1753 2184 1809 visceribus
2216 1754 2417 1810 damus
2457 1755 2696 1826 gloriam
2724 1757 2782 1811 et
2830 1757 3110 1813 honorem
3156 1760 3262 1814 soli
3299 1763 3514 1816 atemo

178 1848 401 1919 quamvis
442 1848 683 1902 diversis
727 1865 792 1903 ac
832 1848 1050 1903 callidis
1094 1848 1439 1903 adumbrare
1483 1865 1542 1903 se
1607 1849 1781 1904 velint
1881 1852 1937 1902 et
1975 1847 2289 1903 immortali
2315 1849 2432 1904 Deo
2479 1849 2631 1904 Patri
2675 1854 2731 1904 et
2777 1848 2916 1904 Filio
2944 1855 3002 1905 et
3026 1851 3263 1921 Spiritui
3295 1857 3512 1921 sancto,

178 1941 382 1997 fallacia
422 1941 803 2012 argumentis,
835 1942 932 1996 sed
965 1942 1039 1996 ad
1068 1942 1506 1996 sacratissimam
1535 1942 1779 1997 sanctio-
1880 1940 2041 2010 cujus
2070 1941 2220 1996 dono
2246 1942 2514 1996 collatum
2537 1942 2700 1996 nobis
2728 1942 3094 2014 agnoscimus
3120 1961 3225 2015 pro
3253 1945 3375 2015 ejus
3409 1948 3513 2001 Ec-

178 2051 288 2089 nem
306 2034 599 2106 disciplina
616 2034 923 2090 sanctiores
952 2038 1146 2090 teneat
1168 2034 1440 2107 religatas
1458 2040 1626 2107 atque
1653 2037 1781 2091 sub-
1878 2033 2061 2087 clesia
2088 2036 2255 2101 statu,
2285 2038 2343 2089 et
2371 2051 2574 2105 regere
2606 2052 2800 2090 curam
2829 2039 2882 2090 et
2910 2053 3073 2108 posse
3118 2037 3260 2092 sacri
3286 2038 3518 2110 regimi-

175 2144 339 2183 nexas.
387 2128 880 2183 Commoneantur
925 2143 1057 2183 sane
1097 2128 1400 2183 sacerdotis
1443 2128 1779 2183 auctoritate
1877 2126 1965 2180 nis
1990 2127 2375 2197 competentia
2393 2128 2693 2200 disponere
2709 2129 2865 2200 jura,
2887 2146 3048 2202 aquo
3073 2130 3321 2200 petimus
3344 2135 3401 2186 et
3420 2149 3516 2203 op-

175 2230 227 2279 nt
248 2226 466 2281 redeant
490 2230 720 2297 sponte.
752 2226 857 2289 Qui
902 2226 951 2279 si
975 2227 1164 2281 redire
1208 2226 1500 2281 noluerint
1528 2226 1779 2297 impulsu
1877 2222 2065 2274 tamus
2092 2223 2158 2274 ut
2181 2225 2511 2291 porrectam
2535 2221 2595 2276 in
2622 2223 2984 2294 longitudine
3010 2223 3263 2279 felicium
3286 2225 3510 2282 dierum

177 2318 468 2385 sacerdotis,
497 2319 578 2373 ad
629 2318 923 2390 religionis
953 2318 1172 2373 cultum
1223 2319 1590 2385 reducantur,
1620 2322 1676 2373 et
1717 2318 1777 2373 in
1877 2312 2239 2367 sacratissimi
2273 2314 2548 2386 principis
2576 2316 2769 2385 vitam,
2794 2321 2850 2371 et
2878 2316 3033 2371 omni
3070 2316 3386 2387 gloriarum
3419 2318 3512 2374 de-

176 2412 499 2466 monasteriis
554 2412 805 2467 redacta
855 2411 1463 2466 excommunicationis
1489 2411 1775 2481 condigne
1876 2422 2006 2460 core
2026 2407 2308 2477 perpetim
2324 2407 2533 2463 faciam
2548 2409 2765 2479 pollere
2782 2410 2979 2463 salute.
2995 2410 3164 2464 Nobis
3181 2428 3411 2482 quoque
3431 2416 3511 2467 at-

174 2506 421 2560 scntentia
447 2506 753 2561 feriantur.
788 2505 884 2559 Hic
912 2504 1068 2560 idem
1104 2521 1333 2576 quoque
1372 2504 1511 2559 ordo
1553 2504 1611 2559 in
1656 2505 1774 2558 illa-
1875 2498 2087 2553 tribuat
2113 2504 2441 2571 susceptum
2461 2502 2721 2556 Ecclesia
2751 2518 2867 2557 sua
2892 2518 3155 2574 regnum,
3177 2520 3310 2558 cum
3339 2506 3509 2575 aqui-

173 2614 280 2651 mm
309 2599 787 2654 condemnatione
813 2599 1087 2664 manebit,
1118 2615 1246 2669 qua;
1273 2597 1591 2669 quamlibet
1617 2615 1649 2652 a
1682 2614 1772 2651 sa—
1874 2594 1993 2646 tate
2022 2591 2341 2663 disponere,
2364 2592 2423 2648 in
2448 2593 2828 2650 sollicitudine
2853 2596 3172 2665 gubernare
3200 2602 3257 2651 et
3284 2597 3345 2650 in
3371 2614 3506 2669 pace

173 2690 369 2746 cerdote
409 2691 801 2747 sanctimonia
834 2694 1051 2747 vestem
1094 2708 1209 2746 non
1243 2691 1607 2761 accepissent,
1638 2691 1774 2760 ipsa
1875 2687 2092 2753 tenere,
2122 2689 2186 2740 ut
2209 2691 2334 2756 post
2380 2686 2551 2757 hujus
2585 2687 2787 2742 mundi
2814 2693 3070 2760 suscepta
3098 2689 3352 2760 pericula
3383 2707 3507 2761 per-

174 2786 337 2839 tamen
356 2790 451 2840 aut
474 2784 701 2840 induta
721 2790 873 2855 sunt,
894 2788 993 2839 aut
1019 2784 1076 2838 in
1092 2785 1187 2839 illo
1206 2785 1303 2840 diu
1326 2784 1523 2839 habitu
1542 2800 1776 2840 consen-
1872 2778 2067 2833 venire
2084 2778 2363 2848 possimus
2382 2779 2457 2834 ad
2481 2780 2729 2835 calestia
2756 2796 2949 2851 regna.
2971 2785 3169 2837 Amen.
3191 2783 3502 2853 Eugenius,

171 2882 349 2945 serunt,
364 2879 456 2950 qui
490 2878 794 2949 religionis
823 2894 943 2932 esse
968 2879 1153 2933 cultus
1173 2878 1243 2932 ab
1274 2877 1629 2932 intuentibus
1656 2894 1774 2932 cre-
1870 2870 2143 2942 indiguus
2166 2872 2451 2927 Toletante
2478 2872 2625 2929 sedis
2669 2874 3142 2945 metropolitanus
3186 2875 3503 2948 episcopus,

172 2969 383 3037 deretur,
429 2972 473 3026 si
504 2988 707 3026 coram
734 2971 998 3038 Ecclesia,
1028 2972 1115 3025 vel
1146 2971 1435 3025 sacerdote
1480 2973 1579 3024 aut
1603 2970 1773 3025 etiam
1872 2963 1995 3018 hac
2010 2966 2336 3020 nostrarum
2357 2964 2753 3021 definitionum
2772 2970 2980 3022 statuta
3001 2968 3506 3041 subscripsi.Simi-

172 3065 604 3136 competentibus
631 3064 869 3119 testibus
897 3064 1148 3135 quinque
1172 3062 1388 3118 induta;
1420 3064 1590 3119 certis
1615 3063 1769 3117 indi-
1795 3112 1845 3136 Π
1871 3057 2001 3112 liter
2016 3061 2072 3112 et
2086 3057 2183 3113 alii
2202 3058 2448 3129 episcopi
2468 3060 2924 3131 subscripserunt
2938 3078 3179 3117 numero
3195 3062 3501 3119 sexdecim.

182 3112 602 3136 πψτη-ππ-
637 3112 866 3119 -ν---πη
901 3112 1147 3135 π---ιη
1175 3112 1386 3118 -η--νη
1425 3112 1585 3119 -ν-τη
1615 3112 1739 3117 -----
2150 3112 2153 3113 ν
2216 3112 2256 3129 γι
2391 3112 2409 3129 ι
2480 3112 3163 3131 νκκρντ-θικη-π-η-πη--ς

171 3155 249 3209 ciis
281 3160 370 3211 aut
393 3157 743 3213 testimoniis
769 3158 1176 3228 approbantur,
1208 3172 1411 3212 omnes
1456 3159 1653 3211 tamen
1681 3157 1772 3211 ha
1791 3112 1847 3187 Ο
2202 3154 2484 3206 Decretum
2512 3168 2613 3222 pro
2639 3155 2879 3209 Potamio
2900 3158 3163 3224 episcopo.

171 3264 247 3302 seu
270 3250 559 3306 venientes
579 3250 651 3304 ad
679 3250 929 3321 primam
948 3250 1309 3321 religionem,
1333 3266 1434 3304 seu
1455 3253 1582 3320 post
1594 3253 1774 3304 trans-
1941 3245 2245 3297 Assum8re
2310 3249 2639 3314 poteramus
2698 3262 2966 3301 canoram
3031 3248 3090 3302 in
3155 3254 3325 3303 cantu
3389 3252 3505 3304 fra-

172 3357 388 3410 gressum
434 3346 805 3397 resumentes
843 3342 1103 3397 iteratam
1147 3342 1598 3409 conversionem,
1628 3342 1773 3397 sicut
1871 3338 2051 3389 terna
2081 3335 2296 3390 latitia
2324 3337 2546 3403 tibiam,
2580 3339 2717 3409 quia
2741 3339 2931 3393 divina
2957 3340 3134 3410 pietas
3161 3347 3505 3398 conventum

170 3433 489 3503 praemissum
520 3440 633 3504 est,
664 3441 720 3490 et
762 3435 933 3505 pallio
981 3434 1165 3506 capita
1194 3438 1501 3506 contegant
1533 3438 1591 3489 et
1633 3420 1768 3489 θοὴ-
1871 3431 2131 3482 nostrum
2194 3428 2268 3482 ad
2333 3429 2646 3485 concordia
2706 3438 3111 3486 convocaverat
3176 3434 3381 3501 studia,
3448 3440 3505 3491 et

169 3526 397 3597 scriptam
454 3527 910 3598 roboratamque
965 3527 1335 3599 professionis
1377 3526 1587 3581 faciant
1633 3527 1767 3582 scri-
1870 3524 2211 3575 convenerat
2264 3522 2597 3577 maestitiam
2648 3523 2847 3593 vitare,
2889 3526 3165 3596 quoniam
3202 3527 3504 3583 usitatione

169 3623 383 3689 pturam,
414 3638 518 3693 per
554 3637 725 3691 quam
751 3621 993 3675 ulterius
1025 3638 1142 3675 non
1192 3621 1454 3675 sinantur
1477 3620 1659 3675 relabi
1700 3622 1770 3676 ad
1871 3613 2184 3684 diSCipliDt-B
2236 3614 2571 3669 Videbamur
2612 3621 2875 3686 paternas
2912 3619 3134 3689 regulas
3185 3619 3503 3692 innovasse,

167 3714 616 3779 pravaricationis
644 3713 958 3768 audaciam.
994 3714 1131 3778 Qua
1152 3730 1288 3767 vero
1306 3730 1373 3767 ex
1396 3713 1662 3767 omnibus
1680 3714 1771 3767 his
1869 3706 1971 3760 sed
1999 3706 2224 3777 gravius
2250 3708 2479 3763 sistrum
2504 3724 2607 3778 pro
2639 3709 2899 3779 cymbala
2926 3712 3224 3779 sumimus,
3254 3719 3310 3769 et
3335 3715 3504 3768 funus

165 3801 345 3859 fuerint
368 3809 623 3878 reperta
666 3806 921 3861 animum
955 3812 1054 3862 aut
1079 3811 1293 3861 vestem
1333 3807 1391 3860 in
1444 3808 1767 3876 transgres-
1869 3816 1973 3870 pro
1992 3800 2242 3854 carmine
2260 3800 3071 3875 decantamu5,gementesque
3093 3796 3501 3861 cumJeremia

165 3895 294 3952 sione
309 3898 552 3968 dedisse,
572 3899 1183 3954 excommunicationis
1199 3899 1539 3955 sententiam
1561 3899 1766 3968 ferant,
1869 3891 2096 3946 ﬂetibus
2122 3892 2363 3947 dicimus
2387 3910 2401 3947 ε
2421 3893 2768 3949 Dissolutum
2789 3900 2875 3950 est
2902 3898 3172 3968 gaudium
3196 3899 3377 3953 cordis
3402 3916 3505 3954 no—

168 3990 211 4040 et
225 4005 425 4045 rursum
456 3994 684 4046 mutato
710 3992 908 4047 habitu
931 3992 990 4046 in
1010 3991 1393 4059 monasteriis,
1415 3991 1596 4047 donec
1618 3992 1770 4047 diem
1870 3984 1990 4052 stri,
2013 4001 2207 4041 versus
2228 3991 2314 4041 est
2339 3986 2397 4040 in
2419 3987 2634 4042 luctum
2661 3989 2869 4044 chorus
2897 3994 3106 4045 noster.
3132 3992 3293 4047 Unde
3312 3997 3370 4047 et
3393 4010 3498 4059 va,

164 4080 393 4138 ultimum
417 4084 711 4153 claudant,
741 4084 845 4139 sub
877 4084 1148 4140 arumnis
1185 4085 1377 4139 ardua
1418 4084 1768 4155 poenitentia
1869 4094 2062 4132 coram
2100 4078 2268 4133 nobis
2310 4080 2713 4150 conspicimus,
2746 4083 3019 4152 quoniam
3061 4084 3324 4139 cecidisse
3352 4102 3504 4140 coro-

165 4181 396 4230 maneant
419 4178 701 4248 religata.
1867 4187 2006 4226 nam
2044 4171 2246 4243 capitis
2270 4173 2451 4227 nostri
2479 4173 2757 4241 videmus,
2788 4175 2926 4229 dum
2956 4179 3070 4231 tam
3104 4176 3291 4232 nobile
3334 4178 3394 4232 in
3419 4178 3503 4233 in-

222 4268 295 4321 Vl.
326 4270 397 4325 De
425 4270 516 4324 his
548 4270 649 4342 qui
691 4270 749 4324 in
779 4285 948 4341 parva
991 4273 1158 4325 atate
1209 4284 1399 4324 coram
1437 4270 1768 4340 parentibus
1866 4264 2100 4319 ﬁrmum
2144 4265 2375 4335 corruit,
2425 4267 2574 4337 quod
2616 4271 2734 4322 tam
2777 4269 2841 4323 in
2891 4270 3149 4324 sublimas
3189 4270 3503 4327 sanctitatis

169 4358 428 4431 religionis
464 4363 731 4419 habitum
775 4368 1104 4429 tenuerunt,
1148 4362 1249 4434 qui
1279 4378 1458 4432 usque
1499 4362 1613 4416 huc
1651 4363 1766 4417 dis.-
1872 4358 2156 4428 optimum
2198 4358 2370 4413 stetit.
2414 4361 2551 4414 Ecce
2583 4361 2792 4415 etenim
2839 4363 3212 4418 tractantibus
3250 4364 3410 4419 nobis
3442 4365 3500 4419 in

172 4452 338 4508 solutae
365 4455 715 4529 Operationis
744 4455 975 4512 effectus
1021 4455 1312 4510 interdum
1363 4457 1590 4509 mutare
1636 4456 1768 4511 fecit
1786 4476 1847 4548 D
1869 4466 2008 4521 pace
2040 4450 2111 4503 de
2140 4451 2533 4505 ecclesiasticis
2559 4454 2773 4524 regulis
2806 4454 3055 4509 delatum
3088 4461 3173 4511 est
3200 4459 3503 4512 conventui
3558 4466 3563 4471 '

172 4541 440 4603 honestum
498 4548 925 4604 constitutionis
973 4548 1243 4616 edictum,
1296 4548 1434 4603 dum
1480 4541 1836 4603 incondite—
1869 4546 2064 4596 nostro
2094 4542 2417 4612 epistolium
2448 4546 2701 4599 confusa
2726 4546 3094 4601 confessionis
3121 4552 3178 4603 et
3200 4548 3497 4604 abolenda

172 4639 340 4694 resolvi
382 4647 640 4712 putatur,
680 4642 833 4713 quod
878 4641 1265 4696 indissolubile
1317 4640 1619 4696 sanationis
1665 4658 1766 4696 an-
1869 4634 2313 4704 subscriptionis,
2342 4636 2494 4705 quod
2520 4637 2788 4690 Potanius
2836 4639 3192 4693 Bracarensis
3238 4642 3499 4698 Ecclesia

173 4732 396 4787 ctoritate
427 4737 677 4788 tenetur.
712 4734 847 4789 Ideo
878 4733 1158 4805 quidquid
1184 4733 1413 4788 obvium
1439 4750 1505 4787 ex
1549 4735 1768 4789 incerto
1869 4728 2167 4797 episcopus
2192 4726 2262 4781 de
2303 4727 2463 4781 factis
2490 4728 2742 4798 propriis
2770 4730 2882 4784 suis
2910 4736 3207 4789 annotarat
3228 4735 3497 4790 articulis.

172 4825 380 4878 occurrit
417 4827 714 4882 evidenter
742 4827 910 4896 abjici
958 4827 1147 4896 debet,
1179 4829 1241 4881 ut
1273 4826 1344 4880 de
1385 4829 1588 4881 catero
1628 4827 1768 4881 nihil
1870 4824 1993 4888 Quo
2019 4828 2286 4891 reserato,
2319 4823 2459 4894 quid
2492 4819 3106 4900 oblitterandapagina
3144 4834 3201 4886 et
3225 4832 3501 4887 abolenda

173 4917 380 4984 supersit
403 4920 557 4991 quod
587 4920 647 4973 in
676 4919 913 4974 dubium
937 4922 1132 4989 nutet;
1161 4919 1404 4990 ideoque
1432 4918 1478 4972 si
1504 4919 1564 4973 in
1593 4921 1769 4990 quali—
1867 4916 2190 4971 litterarum
2214 4917 2535 4988 panderent
2556 4918 2857 4984 elementa,
2871 4921 3098 4977 ﬂetibus
3113 4924 3299 4995 potius
3324 4942 3501 4996 quam

171 5001 248 5058 bet
283 5010 481 5065 minori
531 5016 697 5067 atate
747 5013 831 5066 vel
876 5012 1171 5083 religionis
1214 5017 1507 5067 tonsuram
1556 5012 1642 5065 vel
1673 5028 1766 5066 re-
1869 5008 2228 5064 sermonibus
2289 5009 2605 5081 lacrymosa
2661 5014 2923 5067 contritio
2989 5016 3292 5072 recensuit.
3346 5019 3499 5071 Tunc

170 5092 337 5166 ligioni
375 5103 626 5159 debitam
668 5108 882 5159 vestem
922 5104 980 5159 in
1015 5109 1261 5176 utroque
1312 5120 1445 5159 sexu
1485 5103 1630 5172 filiis,
1673 5108 1769 5159 aut
1869 5102 2115 5157 solitario
2145 5105 2370 5156 tantum
2409 5103 2786 5175 secretimque
2827 5106 3094 5162 adunatis
3142 5109 3499 5180 pontiﬁcibus

172 5202 294 5245 unus
330 5203 424 5250 aut
468 5198 638 5252 ambo
686 5200 949 5268 parentes
988 5197 1285 5266 dederunt,
1320 5203 1473 5252 certe
1520 5201 1620 5252 aut
1662 5214 1764 5252 no-
1866 5195 1990 5262 Dei,
2013 5195 2353 5266 praedictum
2384 5196 2716 5269 episcopum
2743 5199 2939 5254 adesse
2961 5217 3149 5256 coram
3175 5201 3340 5255 nobis
3365 5201 3497 5254 feci-

172 5276 382 5339 lentibus
423 5290 510 5343 vel
553 5290 938 5345 nescientibus
986 5306 1044 5345 se
1092 5295 1429 5361 susceptam,
1470 5306 1588 5345 non
1636 5306 1767 5344 mox
1866 5304 2013 5357 mus,
2041 5304 2219 5359 quem
2247 5287 2590 5359 singultibus
2630 5292 3030 5361 aggredientes
3058 5293 3298 5363 amplius
3324 5308 3496 5363 quam

171 5371 322 5430 Visam
366 5380 424 5433 in
453 5380 583 5436 ﬁliis
613 5382 1020 5452 abdicaverint,
1067 5383 1166 5438 sed
1196 5384 1285 5438 vel
1334 5399 1529 5438 coram
1574 5398 1633 5437 se
1680 5384 1767 5437 vel
1864 5380 2127 5452 loquelis,
2155 5386 2467 5436 reseratam
2494 5381 2575 5436 illi
2605 5399 2721 5437 sua
2768 5384 3169 5452 deformitatis,
3201 5389 3258 5439 et
3282 5389 3493 5439 nostra

173 5478 332 5524 coram
351 5472 614 5542 Ecclesia,
637 5476 944 5547 palamque
968 5475 1028 5530 in
1055 5479 1336 5532 conventu
1363 5476 1595 5533 eosdem
1619 5475 1766 5530 ﬁlios
1866 5473 2212 5528 confusionis
2239 5473 2581 5544 scripturam
2625 5475 3182 5545 protulimus.Quam
3212 5474 3494 5545 accipiens

173 5558 288 5613 talia
328 5563 528 5622 habere
553 5568 937 5639 permiserint,
966 5569 1040 5624 ad
1071 5570 1402 5624 saecularem
1429 5569 1637 5623 reverti
1665 5569 1764 5622 ha-
1866 5583 1933 5621 ac
1970 5581 2268 5621 recurrens
2305 5565 2716 5621 sciscitantibus
2740 5566 2922 5633 nobis,
2952 5571 3146 5621 utrum
3173 5567 3259 5621 sui
3284 5568 3492 5638 operis,

174 5644 331 5707 bitum
362 5656 493 5728 ipsis
521 5660 649 5717 filiis
669 5662 1017 5736 quandoque
1042 5663 1270 5735 penitus
1296 5678 1414 5717 non
1436 5661 1647 5728 licebit,
1666 5662 1765 5716 sed
1866 5664 2047 5714 etsua
2062 5658 2441 5714 annotationis
2459 5658 2743 5713 intimatio
2754 5660 2899 5713 esset
2910 5675 2927 5728 ς
2947 5657 3094 5711 illico
3110 5674 3277 5713 suum
3299 5663 3488 5716 actum

178 5745 385 5803 convicti
408 5753 556 5824 quod
585 5758 884 5812 tonsuram
912 5761 1011 5813 aut
1035 5755 1365 5828 religiosam
1410 5757 1626 5811 vestem
1658 5753 1762 5809 ali-
1866 5751 2063 5824 suique
2094 5749 2206 5806 oris
2237 5750 2552 5824 eloquium,
2582 5766 2816 5809 suorum
2836 5749 3146 5821 digitorum
3166 5767 3289 5809 esse
3320 5752 3492 5810 robur
