3946 6180
499 279 591 332 531

498 383 764 452 asseruit;
796 388 944 456 quod
971 386 1084 440 illic
1114 388 1422 458 relegendo
1451 389 1732 459 praevidit.
1754 391 1999 443 Rursum
2024 389 2126 442 sub
2149 401 2207 473 Α

500 478 674 530 divini
702 479 956 532 nominis
985 480 1397 536 contestatione
1434 482 1586 536 hunc
1615 482 1941 552 adjurantes
1970 483 2123 536 obte-

501 571 630 624 stati
661 588 872 638 sumus,
904 575 966 625 ut
995 589 1066 626 an
1094 573 1162 628 de
1191 591 1246 627 se
1277 580 1474 645 sponte
1502 575 1865 629 mendacium
1895 575 2124 641 diceret,

498 667 595 717 aut
622 663 859 734 alicujus
889 665 1153 721 violentia
1177 673 1538 737 premeretur
1564 672 1620 720 et
1648 668 1977 737 perterritus
1994 668 2128 722 talia

500 763 812 824 enarraret,
842 759 1120 812 veraciter
1145 759 1445 815 indicaret.
1475 761 1579 824 Qui
1620 777 1750 814 mox
1792 761 1965 814 flebili
1995 778 2126 814 voce

499 850 917 922 luminibusque
936 854 1159 922 ploratu
1187 853 1568 920 madentibus,
1594 858 1649 908 et
1673 854 1896 923 fragore
1920 855 2128 925 singul-

497 950 678 1010 tuum,
707 961 836 999 cum
870 945 1035 999 unius
1076 947 1173 1000 Dei
1212 947 1457 1002 nominis
1482 948 1831 1016 juramento,
1870 949 2130 1002 clamavit

497 1055 556 1090 se
584 1041 640 1091 et
678 1055 810 1093 vera
851 1039 1050 1092 eadem
1091 1041 1239 1094 mala
1277 1041 1344 1095 de
1389 1057 1446 1094 se
1487 1041 1764 1109 confiteri,
1799 1046 1855 1095 et
1895 1041 1966 1094 ad
2008 1043 2127 1096 haec

497 1131 818 1184 confitenda
842 1134 996 1186 nulla
1016 1149 1073 1186 se
1104 1133 1368 1188 violentia
1395 1135 1762 1204 praegravari,
1784 1134 1933 1188 unde
1951 1134 2125 1188 etiam

497 1224 678 1277 ferme
701 1241 804 1294 per
821 1242 1028 1279 novem
1050 1242 1274 1281 menses
1295 1233 1492 1297 sponte
1521 1227 1838 1282 deseruisse
1869 1229 2128 1296 regimen

497 1317 753 1371 Ecclesiae
783 1335 917 1385 suae,
946 1323 1001 1373 et
1026 1320 1314 1390 ergastulo
1341 1320 1592 1390 quodam
1622 1338 1726 1391 pro
1759 1321 2002 1375 admisso
2029 1322 2128 1374 ﬂa-

499 1409 636 1478 gitio
660 1415 887 1465 acturus
914 1413 1304 1483 pmnitentiam
1354 1430 1413 1466 se
1457 1414 1796 1469 conclusisse
1842 1413 2124 1484 praedixit.

496 1504 648 1556 Tunc
697 1520 800 1572 per
838 1505 1063 1559 fidelem
1115 1506 1523 1560 confessionem
1569 1510 1652 1560 est
1690 1507 1928 1577 agnitio,
1971 1506 2126 1577 quod

496 1600 649 1648 tactu
693 1597 945 1652 femineo
997 1600 1307 1654 sorduisset
1340 1599 1633 1654 deﬂorata.
1665 1600 1818 1654 Licet
1850 1600 2002 1654 hunc
2033 1617 2127 1670 pa-

494 1695 656 1742 terna
691 1691 996 1761 antiquitas
1027 1692 1198 1745 sacris
1242 1694 1450 1762 regulis
1497 1693 1740 1764 dejicere
1787 1693 1856 1746 ab
1912 1695 2123 1746 honore

1388 283 1670 336 APPEND.
1715 282 1802 335 AD
1842 282 2002 335 sese.
2045 282 2132 335 IX.
2166 309 2234 321 —-
2264 280 2507 336 lSIDORl
2545 280 2965 336 MERCATORIS
3677 292 3750 344 332

2646 391 2919 443 Decretum
2950 391 3410 444 testamentarium.

2302 481 2554 536 Vidimus
2579 481 2910 535 tractatibus
2954 481 3208 535 invenire
3235 482 3376 552 quod
3395 482 3585 550 justum
3615 491 3695 553 est,
3716 494 3756 542 et

2230 575 2576 645 experientia
2603 591 2720 628 esse
2743 574 3129 644 judicantium
3156 574 3625 644 comprobatuin,et
3641 579 3759 647 juxta

2229 669 2438 723 summi
2452 667 2650 738 judicii
2679 671 2889 720 statuta
2915 667 3132 738 plenior
3151 667 3358 721 invenit
3378 670 3652 724 auctoritas.
3669 673 3759 726 Ideo

2231 761 2436 816 mentis
2481 761 2860 814 intentionem
2901 760 3127 831 orisque
3158 760 3316 814 simul
3357 761 3523 814 studia
3547 763 3761 818 deducen-

2231 859 2331 920 tes,
2361 854 2420 908 in
2447 854 2833 924 cognitionem
2861 853 3127 908 audiendi
3153 854 3360 924 negotii
3385 854 3606 908 delatum
3631 859 3762 910 estad

2228 964 2328 1001 nos
2352 951 2694 1003 conventum
2724 947 2902 1001 sancti
2927 947 3151 1001 concilii
3172 963 3239 1001 ex
3267 947 3463 1001 directo
3489 949 3676 1016 gloriosi
3696 949 3764 1002 do-

2228 1041 2370 1094 mini
2415 1040 2588 1094 nostri
2621 1040 3014 1094 Reccesiunthi
3045 1040 3195 1111 regis
3227 1056 3329 1111 per
3361 1040 3604 1094 illustrem
3624 1042 3764 1096 virum

2231 1135 2624 1188 Vuambanem
2652 1136 3053 1188 testamentum
3072 1133 3330 1202 gloriosae
3358 1133 3619 1186 memoriae
3632 1135 3765 1187 sancti

2227 1227 2450 1280 Martini
2484 1227 2738 1282 Ecclesiae
2785 1226 3137 1280 Bracarensis
3167 1225 3426 1296 episcopi,
3455 1226 3543 1296 qui
3568 1231 3616 1279 et
3639 1226 3765 1279 Duni-

2227 1321 2376 1374 leuse
2422 1319 2826 1374 monasterium
2858 1319 3008 1371 visus
3050 1322 3136 1371 est
3178 1319 3630 1384 construxisse,ut
3664 1335 3770 1372 rese-

2228 1417 2352 1467 rato
2382 1429 2451 1468 eo
2479 1429 2624 1484 quoc
2673 1413 2762 1466 hic
2799 1417 3150 1466 memoratus
3178 1411 3516 1466 beatissimus
3539 1411 3609 1464 vir
3629 1411 3769 1464 decre-

2226 1507 2395 1560 visset
2421 1511 2632 1560 nostrae
2660 1506 2966 1576 cognitioni
3012 1508 3341 1574 patesceret.
3365 1505 3479 1568 Quo
3504 1508 3771 1558 testamento

2226 1601 2284 1654 in
2317 1598 2577 1654 omnium
2609 1601 2877 1652 convectu
2907 1599 3135 1665 relecto,
3164 1597 3526 1668 comperimus
3546 1612 3605 1650 ex
3622 1596 3794 1649 ordine.

2227 1710 2261 1748 a
2285 1696 2600 1746 memorato
2623 1691 2880 1763 principe
2907 1692 2976 1745 ad
2997 1707 3099 1745 nos
3130 1707 3252 1746 esse
3269 1690 3548 1756 directum,
3564 1689 3773 1760 quoniam

495 1781 900 1849 decernat,nos
929 1789 1120 1839 taman
1151 1785 1534 1840 miserationis
1546 1786 1675 1856 jura
1702 1791 1986 1840 servantes
2010 1802 2123 1840 non
2144 1767 2200 1839 B
2223 1788 2376 1841 idem
2403 1785 2658 1856 gloriosa:
2685 1784 2975 1838 memoria:
3019 1787 3247 1838 sanctus
3276 1783 3360 1838 vir
3397 1783 3468 1836 ita
3494 1783 3770 1848 decreverat,

494 1875 834 1930 abstulimus
862 1894 1074 1932 nomen
1111 1879 1359 1944 honoris,
1389 1880 1543 1950 quod
1583 1880 1704 1949 ipse
1753 1879 1858 1932 sibi
1896 1880 1981 1932 sui
2024 1879 2126 1932 cri-

490 1967 660 2021 minis
685 1969 1040 2024 confessione
1061 1973 1180 2041 jam
1213 1973 1538 2041 abstulerat,
1554 1973 1654 2026 sed
1682 1973 1861 2026 valida
1886 1972 2126 2026 auctori-

490 2064 605 2114 tate
625 2062 981 2117 decrevimus
1002 2071 1290 2135 perpetute
1309 2066 1662 2136 poenitentiae
1684 2067 1835 2119 hunc
1853 2065 2125 2120 inservire

491 2154 688 2208 officiis
713 2160 768 2209 et
799 2158 1091 2223 zei'iimnis,
1110 2159 1470 2228 providentes
1499 2159 1697 2213 melius
1732 2159 1886 2212 illum
1919 2176 2020 2229 per
2044 2175 2126 2211 as-

490 2264 691 2319 peram
735 2249 816 2301 irc
863 2250 1209 2319 poenitentiae
1251 2251 1639 2317 solitudinem,
1681 2256 1746 2305 ut
1783 2252 2124 2323 quandoque

491 2341 823 2410 perveniret
847 2342 918 2396 ad
933 2342 1210 2412 refrigerii
1223 2344 1576 2398 mansionem
1595 2361 1767 2414 quam
1782 2345 2042 2398 relictum
2065 2345 2121 2398 in

492 2433 796 2488 voluntatis
813 2451 925 2489 sua:
942 2434 1242 2490 latitudine
1260 2437 1331 2491 ad
1347 2437 1717 2508 praecipitium
1736 2437 1900 2508 dejici
1913 2443 2124 2492 aeterna

490 2525 880 2583 damnatione.
895 2530 1046 2582 Tunc
1067 2530 1443 2585 venerabilem
1466 2531 1836 2585 Fructuosum
1859 2531 2121 2585 Ecclesiae

489 2620 803 2675 Dunilensis
830 2622 1158 2694 episcopum
1188 2624 1477 2678 communi
1507 2624 1766 2678 omnium
1795 2629 2122 2678 nostrorum

489 2713 764 2768 electione
791 2715 1185 2769 constituimus
1228 2717 1487 2770 Ecclesia:
1534 2717 1886 2771 Bracarensis
1916 2717 2118 2786 guber-

488 2807 687 2860 nacula
713 2808 1026 2876 continere,
1045 2809 1118 2862 ita
1138 2813 1201 2862 ut
1229 2825 1459 2863 omnem
1494 2811 1858 2879 metropolim
1887 2809 2116 2879 provin-

487 2898 588 2950 ciae
619 2899 862 2952 Gallicis:
893 2905 1236 2971 cunctosque
1267 2901 1558 2971 episcopos
1591 2903 1946 2972 populosque
1984 2918 2116 2955 con-

489 2994 690 3045 ventus
721 2992 900 3062 ipsius
942 2994 1317 3064 omniumque
1341 3011 1534 3048 curam
1565 2996 1886 3048 animarum
1916 2995 2115 3048 Braca-

488 3083 669 3137 rensis
721 3085 982 3139 Ecclesiae
1038 3085 1116 3140 sic
1179 3087 1611 3157 gubernandam
1674 3087 1984 3157 suscipiens
2041 3087 2192 3198 itaC

488 3181 796 3247 componat
819 3181 986 3248 atque
1017 3185 1326 3247 conservet,
1358 3184 1420 3233 ut
1449 3185 1506 3234 et
1532 3180 1830 3234 Dominum
1858 3183 2115 3234 nostrum

489 3268 558 3322 de
578 3270 917 3324 rectitudine
935 3271 1120 3342 operis
1139 3273 1226 3325 sui
1258 3272 1534 3342 glorificet
1554 3278 1612 3327 et
1638 3273 1799 3326 nobis
1816 3273 1884 3326 de
1909 3273 2118 3326 incolu-

487 3361 682 3416 mitate
717 3364 971 3417 Ecclesiae
1003 3365 1124 3434 ejus
1156 3365 1422 3435 gaudium
1447 3369 1696 3435 prmstet.
1724 3366 1860 3429 Quia
1887 3382 2018 3419 vero
2046 3366 2114 3419 ad

485 3453 678 3508 futura
708 3456 1034 3526 prospicere
1061 3459 1340 3527 convenit,
1360 3474 1430 3512 ne
1452 3457 1740 3512 exoriatur
1765 3458 1823 3512 in
1855 3463 2001 3512 statu
2022 3475 2116 3528 pa-

486 3546 564 3600 cis
589 3548 847 3617 quaedam
873 3551 1183 3604 commotio
1203 3550 1582 3619 litis,Patrum
1609 3553 2114 3621 sententiam,quae

478 3639 598 3708 jam
613 3640 826 3695 dictum
839 3644 1157 3697 Potamium
1173 3644 1503 3715 episcopum
1520 3644 1856 3698 rectitudine
1868 3645 2116 3713 damnat,

484 3732 614 3787 huic
643 3733 868 3789 decreto
901 3740 1238 3791 connectere
1287 3742 1481 3792 nostra
1512 3737 1801 3807 vigilantia
1831 3740 2112 3807 procurat.

825 3831 912 3884 Ea:
939 3831 1160 3884 concilio
1196 3832 1500 3893 Valentino,
1535 3831 1692 3884 titulo
1721 3832 1772 3883 4.
1931 3822 1940 3831 ’

556 3923 663 3976 Nec
706 3922 866 3989 illud,
915 3922 1135 3988 fratres,
1169 3923 1412 3978 scribere
1447 3923 1697 3977 alienum
1738 3923 1809 3978 ob
1853 3923 2113 3977 Ecclesiae

486 4014 788 4068 utilitatem
815 4016 1160 4080 censuimus,
1193 4020 1257 4068 ut
1287 4016 1502 4070 sciretis
1533 4002 1861 4086 quicunque
1889 4017 1991 4069 sub
2022 4032 2112 4069 or-

485 4106 794 4172 dinatione,
825 4109 910 4160 vel
965 4107 1312 4175 diaconatus,
1343 4109 1428 4161 vel
1470 4108 1833 4178 presbyterii,
1872 4108 1957 4161 vel
1995 4108 2111 4178 epi-

485 4203 742 4267 scopatus
770 4199 996 4252 mortali
1037 4200 1277 4253 crimine
1327 4201 1573 4254 dixerint
1611 4217 1668 4254 se
1697 4216 1817 4254 esse
1849 4200 2110 4270 pollutos,

485 4305 518 4342 a
545 4289 881 4358 supradictis
926 4291 1220 4346 ordinibus
1257 4291 1694 4356 submovendos,
1737 4309 1862 4346 reos
1900 4292 2112 4346 scilicet

483 4382 567 4435 vel
598 4382 712 4435 veri
739 4383 1114 4450 confessione,
1141 4384 1229 4437 vel
1263 4384 1559 4438 mendacio
1606 4385 1886 4439 falsitatis.
1922 4386 2112 4455 Neque

2228 1882 2289 1932 ut
2315 1878 2746 1933 succedentibus
2783 1894 2885 1948 per
2932 1877 3192 1932 ordinem
3233 1876 3454 1946 regibus
3491 1875 3554 1929 ad
3587 1875 3776 1944 comple~

2226 1975 2487 2026 mentum
2515 1972 2634 2041 ejus
2663 1970 2839 2041 ipsius
2866 1969 3191 2024 constitutio
3223 1969 3595 2024 commendata
3622 1982 3772 2021 mane-

2225 2069 2329 2118 ret.
2352 2066 2505 2118 Tunc
2535 2063 2740 2118 deinde
2761 2064 2993 2117 allatum
3024 2067 3108 2117 est
3130 2062 3297 2116 nobis
3323 2065 3688 2116 testamentum
3714 2059 3778 2112 Ri-

2225 2157 2428 2222 cuniri,
2445 2162 2776 2210 memoratze
2796 2156 3059 2210 Ecclesiae
3077 2154 3395 2209 Dunilensis
3415 2154 3652 2226 episcopi,
3665 2151 3777 2222 quod

2224 2252 2292 2305 de
2317 2251 2485 2305 rebus
2511 2250 2624 2303 suis
2647 2251 2707 2304 in
2734 2249 2933 2304 eadem
2954 2249 3199 2304 Ecclesia
3217 2248 3530 2303 decreverat
3553 2246 3780 2300 examina-

2224 2343 2376 2397 tione
2399 2343 2648 2396 veridica
2673 2343 3075 2396 dirimendum.
3107 2342 3225 2405 Quo
3251 2342 3454 2394 relecto
3480 2337 3779 2409 cognovimus

2224 2437 2491 2491 eumdem
2526 2439 2818 2490 auctorem
2847 2451 3014 2489 suum
3055 2435 3132 2488 illi
3175 2434 3409 2488 diversae
3433 2431 3782 2487 constitutionis

2223 2530 2464 2584 edidisse
2492 2529 2865 2596 conditiones,
2898 2528 3047 2582 inter
3083 2543 3221 2597 quas
3263 2544 3434 2582 unam
3476 2525 3689 2580 validam
3719 2540 3782 2575 co-

2224 2628 2386 2677 natus
2415 2625 2500 2676 est
2526 2621 2872 2692 relegatione
2903 2620 3318 2691 constringere,
3346 2621 3606 2690 deputans
3627 2622 3672 2671 et
3695 2617 3783 2670 illa-

2221 2716 2400 2769 tiones
2438 2715 2801 2781 tributorum,
2845 2717 2901 2767 et
2935 2713 3115 2784 pretia
3153 2714 3389 2784 frugum
3425 2713 3617 2782 absque
3639 2710 3783 2779 aliqua

2221 2807 2597 2861 diminutione
2611 2823 2800 2860 annua
2811 2822 2945 2860 voce
2957 2805 3308 2877 pauperibus
3323 2821 3570 2875 erogare,
3586 2802 3784 2871 nihilque

2220 2917 2343 2954 esse
2371 2900 2582 2970 absque
2611 2899 3020 2954 deliberatione
3048 2898 3332 2965 relictum,
3362 2898 3505 2968 quod
3529 2895 3696 2949 usibus
3716 2894 3785 2946 Ec-

2219 2993 2403 3048 clesiae
2450 2996 2641 3063 posset
2679 2992 2922 3062 quadam
2961 2990 3307 3046 liberalitate
3352 2990 3716 3045 servire.Tunc
3738 3001 3784 3039 ex

2218 3103 2350 3140 voce
2377 3085 2552 3157 patris
2579 3084 2903 3139 Dunilensis
2940 3083 3218 3151 Ecclesiae,
3245 3087 3554 3138 astructum
3581 3084 3652 3136 est
3671 3077 3785 3150 quod

2221 3180 2508 3234 universas
2537 3179 2754 3249 species
2779 3177 3001 3249 generis
3031 3181 3087 3232 et
3107 3179 3383 3249 corporis,
3411 3193 3589 3232 rerum
3615 3190 3719 3245 quae
3743 3172 3785 3224 in

2217 3273 2470 3342 ejusdem
2496 3271 2759 3326 Ecclesiae
2783 3271 2954 3326 domo
2972 3270 3316 3326 intrinsecus
3333 3271 3404 3324 ad
3428 3286 3550 3324 usus
3577 3264 3788 3322 domesti-

2217 3383 2309 3420 cos
2338 3371 2393 3420 et
2412 3371 2674 3435 tempore
2705 3380 2821 3418 suae
2853 3363 3224 3418 ordinationis
3254 3364 3414 3418 idem
3443 3362 3709 3433 episcopus
3724 3357 3790 3412 Ri-

2217 3459 2447 3513 cimirus
2478 3457 2714 3523 invenit,
2745 3462 2801 3511 et
2829 3473 2957 3528 qua:
2987 3457 3105 3528 ipse
3134 3461 3232 3510 aut
3258 3457 3328 3511 de
3365 3472 3530 3528 opere
3554 3453 3789 3521 utriusque

2217 3567 2383 3605 sexus
2407 3550 2687 3605 artiﬁcum
2724 3549 3077 3604 familiarum
3129 3550 3391 3605 Ecclesia;
3429 3548 3604 3620 potuit
3627 3545 3790 3599 habere

2215 3645 2473 3698 confecta
2513 3647 2683 3714 atque
2721 3643 2894 3711 illata,
2929 3647 3029 3697 aut
3058 3659 3184 3714 quae
3217 3659 3318 3696 sua
3367 3641 3691 3713 professione
3716 3637 3786 3689 ha-

2213 3737 2400 3792 buisse
2427 3736 2576 3790 visus
2616 3741 2700 3790 est
2725 3735 3064 3807 conquisita,
3093 3735 3291 3790 omnia
3321 3735 3568 3790 moriens
3606 3729 3789 3801 jussisse

2215 3829 2560 3901 pauperibus
2603 3845 2861 3900 erogare.
2912 3829 3188 3892 Quaedam
3229 3846 3368 3883 vero
3413 3829 3486 3883 ita
3525 3826 3611 3880 vili
3653 3821 3790 3894 pretio

2215 3923 2465 3978 vendere
2493 3922 2784 3976 ordinasse
2809 3925 2876 3975 ut
2903 3921 3216 3991 negotiatio
3262 3922 3473 3976 harum
3502 3935 3676 3975 rerum
3702 3930 3793 3986 per-

2215 4017 2352 4070 ditio
2377 4015 2564 4086 potius
2589 4031 2762 4086 quam
2783 4015 3056 4069 mercatio
3076 4021 3425 4070 censeretur.
3448 4012 3676 4069 Edidisse
3692 4022 3793 4079 quo-

2213 4126 2328 4181 que
2354 4109 2631 4180 quosdam
2669 4108 2873 4162 liberos
2917 4125 2987 4161 ex
3019 4108 3275 4178 ejusdem
3304 4107 3561 4162 Ecclesiae
3592 4099 3792 4161 familiis,

2214 4203 2418 4274 quibus
2446 4201 2618 4255 etiam
2647 4217 2776 4255 cum
2799 4201 2920 4254 aliis
2951 4201 3022 4254 ad
3049 4217 3106 4255 se
3135 4201 3552 4270 pertinentibus
3580 4193 3792 4251 omnibus

2212 4295 2455 4364 amplius
2467 4310 2637 4364 quam
2652 4293 3070 4364 quinquaginta
3082 4293 3366 4364 reperitur
3378 4293 3653 4362 utriusque
3663 4299 3793 4342 sexus

2214 4388 2433 4442 dedisse
2462 4386 2771 4457 mancipia;
2794 4386 3000 4456 quibus
3024 4386 3249 4440 damnis
3269 4386 3349 4440 ita
3369 4385 3616 4457 cognitis,
3632 4380 3740 4451 quia
3753 4378 3793 4430 et

485 4475 638 4529 enim
693 4477 902 4530 absolvi
949 4481 1133 4546 potest
1171 4478 1230 4530 in
1272 4477 1378 4542 his,
1419 4476 1461 4530 si
1501 4477 1560 4530 in
1594 4478 1806 4547 seipsos
1842 4477 2186 4559 dixerint,D
2210 4486 2410 4535 cuncta
2455 4479 2712 4534 remedia
2751 4479 3088 4533 intrinsecus
3135 4480 3340 4533 domus
3381 4485 3502 4534 tam
3539 4476 3792 4532 indiscrete

480 4569 631 4638 quod
664 4569 877 4624 dictum
906 4569 961 4623 in
991 4569 1135 4624 alios
1154 4570 1475 4640 puniretur,
1498 4570 1772 4640 quoniam
1801 4570 1984 4624 omnis
2010 4571 2109 4641 qui

482 4661 586 4713 sibi
615 4661 787 4716 fuerit
817 4663 1016 4718 mortis
1053 4680 1222 4717 causa
1247 4663 1431 4732 major
1474 4662 1756 4717 homicida
1797 4663 1888 4716 sit.
1924 4663 2109 4716 Multae

481 4753 713 4822 quidem
753 4759 808 4807 et
835 4757 961 4810 alia:
991 4757 1292 4811 sententiae
1323 4757 1453 4810 huic
1485 4758 1750 4827 poterant
1776 4756 1987 4810 innecti
2020 4755 2112 4809 de-

481 4849 655 4910 creto,
674 4864 800 4917 quae
828 4849 1160 4917 praedictum
1185 4849 1507 4905 Potamium
1528 4851 1860 4920 episcopum
1881 4849 2111 4903 severis-

481 4938 621 4991 sima
663 4941 997 4993 auctoritate
1045 4941 1290 5010 abjicere
1332 4943 1559 5012 jubent,
1597 4942 1695 4997 sed
1739 4959 1806 4996 ex
1843 4942 2110 4996 omnibus

481 5030 626 5084 hanc
656 5031 1028 5102 conscriptam
1058 5049 1267 5103 ponere
1298 5036 1637 5090 sententiam
1663 5035 1990 5100 maluimus,
2013 5051 2105 5103 ne,

481 5123 526 5176 si
557 5123 724 5177 totius
768 5123 1151 5179 damnationis
1198 5126 1376 5181 edicta
1420 5127 1867 5198 replicassemus,
1899 5128 2110 5197 gravis-

479 5215 636 5270 sima:
674 5216 905 5270 ultionis
949 5222 1204 5272 auctores
1235 5219 1470 5274 existere
1498 5219 1836 5274 videremur.
1878 5221 2107 5274 Factum

479 5308 771 5363 decretum
805 5309 908 5363 sub
935 5310 1027 5364 die
1058 5311 1438 5366 Kalendarum
1488 5311 1828 5380 Decembris,
1851 5329 2002 5366 anno
2022 5313 2104 5367 fe-

479 5401 661 5456 liciter
691 5404 888 5456 octavo
909 5402 1073 5473 regni
1105 5402 1495 5472 gloriosissimi
1526 5404 1748 5458 Domini
1775 5405 2104 5459 Reccesiun-

478 5493 562 5547 thi
586 5494 755 5565 regis.
783 5495 1090 5566 Engenius,
1119 5495 1390 5566 indignus
1415 5497 1701 5551 Toletanae
1730 5497 1878 5552 sedis
1906 5501 2109 5552 metro-

479 5585 765 5652 politanus
817 5587 1135 5659 episcopus,
1175 5588 1282 5642 hoc
1328 5588 1526 5658 judicii
1579 5589 1758 5643 nostri
1816 5590 2107 5644 decretum

479 5675 806 5748 subscripsi.
842 5680 1116 5736 Similiter
1140 5684 1197 5736 et
1234 5681 1325 5736 alii
1360 5681 1607 5754 episcopi
1655 5682 2109 5753 subscripserunt

479 5780 720 5822 numero
749 5774 833 5825 17.

2211 4573 2414 4644 largita
2455 4573 2702 4640 fuerant,
2730 4587 2802 4626 ne
2846 4571 3002 4643 quod
3041 4572 3110 4625 ad
3157 4572 3546 4643 integritatem
3583 4564 3793 4623 Ecclesiae

2210 4661 2493 4731 reliquum
2547 4665 2888 4730 superesset,
2940 4675 3068 4712 cum
3114 4660 3270 4713 nulla
3323 4661 3627 4716 imminens
3663 4667 3796 4710 causa

2211 4769 2528 4825 pauperum
2554 4752 2902 4808 necessitatis
2932 4752 3218 4819 existeret,
3247 4770 3376 4824 quae
3405 4755 3512 4808 hoc
3540 4756 3647 4804 tam
3690 4748 3796 4800 inte-

2212 4863 2311 4916 gre
2331 4851 2386 4900 et
2411 4846 2656 4916 perfecte
2675 4846 3022 4900 examussim
3051 4861 3286 4915 erogare
3305 4845 3794 4917 deposceret,atque

2210 4957 2312 5012 pro
2341 4939 2559 4994 libertis
2589 4939 2696 4994 illis
2721 4937 2863 4994 nihil
2889 4939 3204 4993 secundum
3231 4939 3569 4993 canonicam
3596 4932 3794 4989 sanctio-

2210 5048 2343 5087 nem
2378 5032 2576 5086 datum
2621 5031 2679 5086 in
2723 5031 3183 5086 communionem
3227 5034 3562 5102 patesceret,
3600 5027 3686 5083 sed
3717 5037 3796 5077 nec

2207 5141 2312 5196 pro
2337 5124 2640 5195 mancipiis
2670 5127 2726 5177 et
2750 5123 2983 5194 reliquis
3009 5123 3177 5178 rebus
3203 5123 3421 5178 eisdem
3444 5121 3649 5178 libertis
3665 5116 3798 5172 colla-

2208 5219 2278 5273 tis
2301 5217 2515 5290 aliquid
2546 5217 2602 5271 in
2640 5216 3096 5286 repensationem
3127 5216 3374 5271 ecclesiae
3404 5217 3652 5272 relictum
3669 5213 3796 5266 note-

2209 5317 2408 5377 sceret,
2429 5327 2626 5365 verum
2653 5313 2710 5364 et
2734 5325 2898 5364 suam
2931 5325 3050 5364 rem
3079 5309 3156 5363 ita
3182 5310 3241 5363 in
3266 5310 3498 5364 nomine
3523 5313 3799 5380 pauperum

2208 5405 2536 5474 relegasset,
2569 5420 2641 5457 ne
2669 5401 2886 5473 aliquid
2911 5401 3150 5456 remedii
3181 5419 3250 5458 ex
3280 5403 3386 5456 hoc
3434 5395 3801 5456 ecclesiasticus

2210 5513 2341 5550 usus
2375 5497 2706 5566 attingeret,
2755 5495 2910 5551 ducti
2958 5511 3153 5550 sumus
3196 5499 3312 5551 tam
3354 5493 3586 5550 rationis
3625 5486 3798 5544 intuitu

2207 5605 2382 5660 quam
2407 5591 2783 5660 paternarum
2815 5589 3174 5644 sanctionum
3223 5589 3390 5656 dicto,
3438 5586 3611 5659 ipsius
3654 5583 3796 5637 testa-

2207 5682 2386 5737 menti
2413 5682 2638 5749 seriem,
2671 5682 2776 5736 etsi
2806 5698 2922 5736 non
2952 5697 3351 5756 usquequaque
3397 5681 3456 5736 in
3487 5677 3699 5735 irritum
3725 5671 3798 5725 de-

2210 5790 2429 5842 vocare,
2476 5775 2536 5828 in
2581 5775 2834 5846 quodam
2892 5778 3078 5831 tamen
3123 5774 3450 5832 rationabili
3501 5768 3798 5828 auctoritate
