  <div class='ocr_page' id='page_1' title='image "/cluster/home/n/w/nwhite01/storage/ocr_20150623/130/hvd.32044054759915/296.png"; bbox 0 0 3946 6180; ppageno 0'>
   <div class='ocr_carea' id='block_1_1' title="bbox 181 302 265 353">
    <p class='ocr_par' dir='ltr' id='par_1_1' title="bbox 181 302 265 353">
     <span class='ocr_line' id='line_1_1' title="bbox 181 302 265 353; baseline -0.024 0"><span class='ocrx_word' id='word_1_1' title='bbox 181 302 265 353; x_wconf 77' lang='grc'>533</span> 
     </span>
    </p>
   </div>
   <div class='ocr_carea' id='block_1_2' title="bbox 1356 295 2249 351">
    <p class='ocr_par' dir='ltr' id='par_1_2' title="bbox 1356 295 2249 351">
     <span class='ocr_line' id='line_1_2' title="bbox 1356 295 2249 351; baseline 0.002 -3"><span class='ocrx_word' id='word_1_2' title='bbox 1356 295 1826 351; x_wconf 74' lang='lat' dir='ltr'>DECRETALIUM</span> <span class='ocrx_word' id='word_1_3' title='bbox 1865 297 2249 350; x_wconf 82' lang='lat' dir='ltr'>COLLECTIO.</span> 
     </span>
    </p>
   </div>
   <div class='ocr_carea' id='block_1_3' title="bbox 3376 297 3477 352">
    <p class='ocr_par' dir='ltr' id='par_1_3' title="bbox 3376 297 3477 352">
     <span class='ocr_line' id='line_1_3' title="bbox 3376 297 3477 352; baseline 0.04 -3"><span class='ocrx_word' id='word_1_4' title='bbox 3376 297 3477 352; x_wconf 77' lang='grc'>534</span> 
     </span>
    </p>
   </div>
   <div class='ocr_carea' id='block_1_4' title="bbox 173 401 3476 490">
    <p class='ocr_par' dir='ltr' id='par_1_4' title="bbox 173 401 3476 490">
     <span class='ocr_line' id='line_1_4' title="bbox 173 401 3476 490; baseline 0.001 -32"><span class='ocrx_word' id='word_1_5' title='bbox 173 405 579 475; x_wconf 73' lang='lat' dir='ltr'>temperamento</span> <span class='ocrx_word' id='word_1_6' title='bbox 603 401 902 470; x_wconf 80' lang='lat' dir='ltr'>deducere,</span> <span class='ocrx_word' id='word_1_7' title='bbox 930 401 1306 472; x_wconf 85' lang='lat' dir='ltr'>scilicet,quia</span> <span class='ocrx_word' id='word_1_8' title='bbox 1327 406 1618 458; x_wconf 89' lang='lat' dir='ltr'>tantorum</span> <span class='ocrx_word' id='word_1_9' title='bbox 1642 404 1751 458; x_wconf 91' lang='lat' dir='ltr'>dis-</span> <span class='ocrx_word' id='word_1_10' title='bbox 1773 418 1832 490; x_wconf 76' lang='grc' dir='ltr'><strong>Α</strong></span> <span class='ocrx_word' id='word_1_11' title='bbox 1853 403 2207 475; x_wconf 90' lang='lat' dir='ltr'>disponenda</span> <span class='ocrx_word' id='word_1_12' title='bbox 2235 405 2630 476; x_wconf 81' lang='lat' dir='ltr'>relinquimus,</span> <span class='ocrx_word' id='word_1_13' title='bbox 2661 409 2725 459; x_wconf 92' lang='lat' dir='ltr'>ut</span> <span class='ocrx_word' id='word_1_14' title='bbox 2763 406 2896 475; x_wconf 85' lang='lat' dir='ltr'>quia</span> <span class='ocrx_word' id='word_1_15' title='bbox 2927 407 3044 458; x_wconf 67' lang='lat' dir='ltr'>haec</span> <span class='ocrx_word' id='word_1_16' title='bbox 3076 405 3310 459; x_wconf 88' lang='lat' dir='ltr'>evidens</span> <span class='ocrx_word' id='word_1_17' title='bbox 3339 407 3476 460; x_wconf 89' lang='lat' dir='ltr'>ordo</span> 
     </span>
    </p>
   </div>
   <div class='ocr_carea' id='block_1_5' title="bbox 175 499 1754 574">
    <p class='ocr_par' dir='ltr' id='par_1_5' title="bbox 175 499 1754 574">
     <span class='ocr_line' id='line_1_5' title="bbox 175 499 1754 574; baseline 0 -19"><span class='ocrx_word' id='word_1_18' title='bbox 175 500 471 574; x_wconf 89' lang='lat' dir='ltr'>pendiorum</span> <span class='ocrx_word' id='word_1_19' title='bbox 499 499 773 553; x_wconf 89' lang='lat' dir='ltr'>damnisa</span> <span class='ocrx_word' id='word_1_20' title='bbox 819 503 1132 552; x_wconf 90' lang='lat' dir='ltr'>memorato</span> <span class='ocrx_word' id='word_1_21' title='bbox 1180 499 1448 554; x_wconf 85' lang='lat' dir='ltr'>Ricimiro</span> <span class='ocrx_word' id='word_1_22' title='bbox 1492 503 1754 572; x_wconf 88' lang='lat' dir='ltr'>episcopo</span> 
     </span>
    </p>
   </div>
   <div class='ocr_carea' id='block_1_6' title="bbox 173 591 1753 662">
    <p class='ocr_par' dir='ltr' id='par_1_6' title="bbox 173 591 1753 662">
     <span class='ocr_line' id='line_1_6' title="bbox 173 591 1753 662; baseline -0.001 -13"><span class='ocrx_word' id='word_1_23' title='bbox 173 595 326 659; x_wconf 82' lang='lat' dir='ltr'>factis,</span> <span class='ocrx_word' id='word_1_24' title='bbox 343 609 424 647; x_wconf 89' lang='lat' dir='ltr'>res</span> <span class='ocrx_word' id='word_1_25' title='bbox 445 591 840 646; x_wconf 89' lang='lat' dir='ltr'>ecclesiasticas</span> <span class='ocrx_word' id='word_1_26' title='bbox 869 592 1220 662; x_wconf 78' lang='lat' dir='ltr'>dignoscitur</span> <span class='ocrx_word' id='word_1_27' title='bbox 1239 593 1548 662; x_wconf 88' lang='lat' dir='ltr'>subjacere,</span> <span class='ocrx_word' id='word_1_28' title='bbox 1565 596 1753 648; x_wconf 91' lang='lat' dir='ltr'>omnis</span> 
     </span>
    </p>
   </div>
   <div class='ocr_carea' id='block_1_7' title="bbox 173 685 1751 756">
    <p class='ocr_par' dir='ltr' id='par_1_7' title="bbox 173 685 1751 756">
     <span class='ocr_line' id='line_1_7' title="bbox 173 685 1751 756; baseline 0.001 -16"><span class='ocrx_word' id='word_1_29' title='bbox 173 704 246 740; x_wconf 88' lang='lat' dir='ltr'>res</span> <span class='ocrx_word' id='word_1_30' title='bbox 259 687 366 756; x_wconf 89' lang='lat' dir='ltr'>ejus</span> <span class='ocrx_word' id='word_1_31' title='bbox 376 701 539 756; x_wconf 91' lang='lat' dir='ltr'>quam</span> <span class='ocrx_word' id='word_1_32' title='bbox 552 685 934 755; x_wconf 89' lang='lat' dir='ltr'>indelegatam</span> <span class='ocrx_word' id='word_1_33' title='bbox 951 685 1181 755; x_wconf 84' lang='lat' dir='ltr'>reliquit</span> <span class='ocrx_word' id='word_1_34' title='bbox 1200 703 1518 756; x_wconf 84' lang='lat' dir='ltr'>pauperum</span> <span class='ocrx_word' id='word_1_35' title='bbox 1536 688 1751 741; x_wconf 89' lang='lat' dir='ltr'>nomini</span> 
     </span>
    </p>
   </div>
   <div class='ocr_carea' id='block_1_8' title="bbox 169 777 1751 849">
    <p class='ocr_par' dir='ltr' id='par_1_8' title="bbox 169 777 1751 849">
     <span class='ocr_line' id='line_1_8' title="bbox 169 777 1751 849; baseline -0.001 -15"><span class='ocrx_word' id='word_1_36' title='bbox 169 780 334 834; x_wconf 82' lang='lat' dir='ltr'>tandiu</span> <span class='ocrx_word' id='word_1_37' title='bbox 361 778 641 832; x_wconf 89' lang='lat' dir='ltr'>Dunilensi</span> <span class='ocrx_word' id='word_1_38' title='bbox 670 777 928 833; x_wconf 63' lang='lat' dir='ltr'>Ecclesiae</span> <span class='ocrx_word' id='word_1_39' title='bbox 974 779 1140 849; x_wconf 88' lang='lat' dir='ltr'>plena</span> <span class='ocrx_word' id='word_1_40' title='bbox 1168 780 1446 834; x_wconf 83' lang='lat' dir='ltr'>deserviat</span> <span class='ocrx_word' id='word_1_41' title='bbox 1483 780 1751 834; x_wconf 78' lang='lat' dir='ltr'>facultate</span> 
     </span>
    </p>
   </div>
   <div class='ocr_carea' id='block_1_9' title="bbox 170 871 1752 942">
    <p class='ocr_par' dir='ltr' id='par_1_9' title="bbox 170 871 1752 942">
     <span class='ocr_line' id='line_1_9' title="bbox 170 871 1752 942; baseline 0 -15"><span class='ocrx_word' id='word_1_42' title='bbox 170 874 320 928; x_wconf 90' lang='lat' dir='ltr'>donec</span> <span class='ocrx_word' id='word_1_43' title='bbox 337 887 499 925; x_wconf 91' lang='lat' dir='ltr'>omne</span> <span class='ocrx_word' id='word_1_44' title='bbox 524 871 629 925; x_wconf 91' lang='lat' dir='ltr'>hoc</span> <span class='ocrx_word' id='word_1_45' title='bbox 650 871 928 925; x_wconf 88' lang='lat' dir='ltr'>damnum</span> <span class='ocrx_word' id='word_1_46' title='bbox 950 871 1100 942; x_wconf 92' lang='lat' dir='ltr'>quod</span> <span class='ocrx_word' id='word_1_47' title='bbox 1121 872 1177 925; x_wconf 91' lang='lat' dir='ltr'>in</span> <span class='ocrx_word' id='word_1_48' title='bbox 1196 873 1529 926; x_wconf 87' lang='lat' dir='ltr'>utensilibus</span> <span class='ocrx_word' id='word_1_49' title='bbox 1551 873 1752 927; x_wconf 83' lang='lat' dir='ltr'>donius</span> 
     </span>
    </p>
   </div>
   <div class='ocr_carea' id='block_1_10' title="bbox 165 964 1749 1034">
    <p class='ocr_par' dir='ltr' id='par_1_10' title="bbox 165 964 1749 1034">
     <span class='ocr_line' id='line_1_10' title="bbox 165 964 1749 1034; baseline 0.001 -16"><span class='ocrx_word' id='word_1_50' title='bbox 165 966 410 1027; x_wconf 83' lang='lat' dir='ltr'>sustinuit,</span> <span class='ocrx_word' id='word_1_51' title='bbox 440 965 617 1018; x_wconf 83' lang='lat' dir='ltr'>valeat</span> <span class='ocrx_word' id='word_1_52' title='bbox 666 964 984 1018; x_wconf 88' lang='lat' dir='ltr'>evidentius</span> <span class='ocrx_word' id='word_1_53' title='bbox 1029 964 1300 1034; x_wconf 86' lang='lat' dir='ltr'>reparari.</span> <span class='ocrx_word' id='word_1_54' title='bbox 1332 969 1402 1018; x_wconf 83' lang='lat' dir='ltr'>At</span> <span class='ocrx_word' id='word_1_55' title='bbox 1429 970 1562 1018; x_wconf 89' lang='lat' dir='ltr'>tunc</span> <span class='ocrx_word' id='word_1_56' title='bbox 1591 983 1749 1020; x_wconf 87' lang='lat' dir='ltr'>com-</span> 
     </span>
    </p>
   </div>
   <div class='ocr_carea' id='block_1_11' title="bbox 168 1057 1748 1130">
    <p class='ocr_par' dir='ltr' id='par_1_11' title="bbox 168 1057 1748 1130">
     <span class='ocr_line' id='line_1_11' title="bbox 168 1057 1748 1130; baseline 0.003 -21"><span class='ocrx_word' id='word_1_57' title='bbox 168 1057 331 1130; x_wconf 76' lang='grc'>130</span> <span class='ocrx_word' id='word_1_58' title='bbox 360 1057 508 1127; x_wconf 89' lang='lat' dir='ltr'>pleta</span> <span class='ocrx_word' id='word_1_59' title='bbox 533 1057 884 1111; x_wconf 82' lang='lat' dir='ltr'>restitutione</span> <span class='ocrx_word' id='word_1_60' title='bbox 907 1057 1102 1110; x_wconf 89' lang='lat' dir='ltr'>damni</span> <span class='ocrx_word' id='word_1_61' title='bbox 1131 1058 1458 1112; x_wconf 83' lang='lat' dir='ltr'>observetur</span> <span class='ocrx_word' id='word_1_62' title='bbox 1484 1059 1625 1113; x_wconf 89' lang='lat' dir='ltr'>sicut</span> <span class='ocrx_word' id='word_1_63' title='bbox 1650 1060 1748 1113; x_wconf 89' lang='lat' dir='ltr'>de-</span> 
     </span>
    </p>
   </div>
   <div class='ocr_carea' id='block_1_12' title="bbox 165 1149 1749 1221">
    <p class='ocr_par' dir='ltr' id='par_1_12' title="bbox 165 1149 1749 1221">
     <span class='ocr_line' id='line_1_12' title="bbox 165 1149 1749 1221; baseline 0.001 -17"><span class='ocrx_word' id='word_1_64' title='bbox 165 1157 289 1204; x_wconf 79' lang='lat' dir='ltr'>creta</span> <span class='ocrx_word' id='word_1_65' title='bbox 311 1154 388 1204; x_wconf 90' lang='lat' dir='ltr'>est</span> <span class='ocrx_word' id='word_1_66' title='bbox 407 1149 574 1203; x_wconf 88' lang='lat' dir='ltr'>series</span> <span class='ocrx_word' id='word_1_67' title='bbox 603 1149 948 1217; x_wconf 86' lang='lat' dir='ltr'>testamenti,</span> <span class='ocrx_word' id='word_1_68' title='bbox 982 1149 1168 1204; x_wconf 88' lang='lat' dir='ltr'>liberti</span> <span class='ocrx_word' id='word_1_69' title='bbox 1200 1167 1333 1203; x_wconf 86' lang='lat' dir='ltr'>vero</span> <span class='ocrx_word' id='word_1_70' title='bbox 1365 1151 1462 1221; x_wconf 88' lang='lat' dir='ltr'>qui</span> <span class='ocrx_word' id='word_1_71' title='bbox 1489 1168 1552 1204; x_wconf 81' lang='lat' dir='ltr'>ex</span> <span class='ocrx_word' id='word_1_72' title='bbox 1581 1151 1749 1206; x_wconf 87' lang='lat' dir='ltr'>fami-</span> 
     </span>
    </p>
   </div>
   <div class='ocr_carea' id='block_1_13' title="bbox 164 1242 1749 1315">
    <p class='ocr_par' dir='ltr' id='par_1_13' title="bbox 164 1242 1749 1315">
     <span class='ocr_line' id='line_1_13' title="bbox 164 1242 1749 1315; baseline 0.001 -19"><span class='ocrx_word' id='word_1_73' title='bbox 164 1244 235 1297; x_wconf 88' lang='lat' dir='ltr'>liis</span> <span class='ocrx_word' id='word_1_74' title='bbox 255 1242 487 1297; x_wconf 79' lang='lat' dir='ltr'>ecclesiae</span> <span class='ocrx_word' id='word_1_75' title='bbox 514 1242 643 1296; x_wconf 89' lang='lat' dir='ltr'>facti</span> <span class='ocrx_word' id='word_1_76' title='bbox 671 1247 821 1310; x_wconf 91' lang='lat' dir='ltr'>sunt,</span> <span class='ocrx_word' id='word_1_77' title='bbox 844 1247 899 1297; x_wconf 89' lang='lat' dir='ltr'>et</span> <span class='ocrx_word' id='word_1_78' title='bbox 927 1259 1026 1297; x_wconf 91' lang='lat' dir='ltr'>seu</span> <span class='ocrx_word' id='word_1_79' title='bbox 1054 1259 1142 1298; x_wconf 87' lang='lat' dir='ltr'>res</span> <span class='ocrx_word' id='word_1_80' title='bbox 1173 1248 1230 1296; x_wconf 91' lang='lat' dir='ltr'>et</span> <span class='ocrx_word' id='word_1_81' title='bbox 1261 1245 1522 1298; x_wconf 90' lang='lat' dir='ltr'>universa</span> <span class='ocrx_word' id='word_1_82' title='bbox 1541 1261 1669 1315; x_wconf 56' lang='lat' dir='ltr'>quae</span> <span class='ocrx_word' id='word_1_83' title='bbox 1689 1246 1749 1298; x_wconf 91' lang='lat' dir='ltr'>in</span> 
     </span>
    </p>
   </div>
   <div class='ocr_carea' id='block_1_14' title="bbox 162 1336 1747 1406">
    <p class='ocr_par' dir='ltr' id='par_1_14' title="bbox 162 1336 1747 1406">
     <span class='ocr_line' id='line_1_14' title="bbox 162 1336 1747 1406; baseline 0.001 -16"><span class='ocrx_word' id='word_1_84' title='bbox 162 1336 420 1406; x_wconf 87' lang='lat' dir='ltr'>mancipiis</span> <span class='ocrx_word' id='word_1_85' title='bbox 446 1336 683 1406; x_wconf 87' lang='lat' dir='ltr'>aliisque</span> <span class='ocrx_word' id='word_1_86' title='bbox 718 1336 1070 1406; x_wconf 81' lang='lat' dir='ltr'>corporibus,</span> <span class='ocrx_word' id='word_1_87' title='bbox 1101 1336 1188 1389; x_wconf 88' lang='lat' dir='ltr'>vel</span> <span class='ocrx_word' id='word_1_88' title='bbox 1221 1336 1350 1402; x_wconf 86' lang='lat' dir='ltr'>illis,</span> <span class='ocrx_word' id='word_1_89' title='bbox 1381 1337 1466 1391; x_wconf 90' lang='lat' dir='ltr'>vel</span> <span class='ocrx_word' id='word_1_90' title='bbox 1500 1338 1616 1391; x_wconf 89' lang='lat' dir='ltr'>suis</span> <span class='ocrx_word' id='word_1_91' title='bbox 1647 1338 1747 1391; x_wconf 82' lang='lat' dir='ltr'>ho-</span> 
     </span>
    </p>
   </div>
   <div class='ocr_carea' id='block_1_15' title="bbox 161 1429 1746 1500">
    <p class='ocr_par' dir='ltr' id='par_1_15' title="bbox 161 1429 1746 1500">
     <span class='ocr_line' id='line_1_15' title="bbox 161 1429 1746 1500; baseline 0.001 -18"><span class='ocrx_word' id='word_1_92' title='bbox 161 1429 375 1483; x_wconf 89' lang='lat' dir='ltr'>minibus</span> <span class='ocrx_word' id='word_1_93' title='bbox 426 1429 630 1483; x_wconf 87' lang='lat' dir='ltr'>collata</span> <span class='ocrx_word' id='word_1_94' title='bbox 659 1445 778 1482; x_wconf 91' lang='lat' dir='ltr'>esse</span> <span class='ocrx_word' id='word_1_95' title='bbox 817 1429 1252 1500; x_wconf 89' lang='lat' dir='ltr'>dignoscuntur,</span> <span class='ocrx_word' id='word_1_96' title='bbox 1286 1433 1488 1484; x_wconf 89' lang='lat' dir='ltr'>cuncta</span> <span class='ocrx_word' id='word_1_97' title='bbox 1532 1431 1590 1483; x_wconf 91' lang='lat' dir='ltr'>in</span> <span class='ocrx_word' id='word_1_98' title='bbox 1635 1431 1746 1485; x_wconf 92' lang='lat' dir='ltr'>dis-</span> 
     </span>
    </p>
   </div>
   <div class='ocr_carea' id='block_1_16' title="bbox 161 1521 1749 1594">
    <p class='ocr_par' dir='ltr' id='par_1_16' title="bbox 161 1521 1749 1594">
     <span class='ocr_line' id='line_1_16' title="bbox 161 1521 1749 1594; baseline 0.002 -20"><span class='ocrx_word' id='word_1_99' title='bbox 161 1522 370 1576; x_wconf 85' lang='lat' dir='ltr'>cretione</span> <span class='ocrx_word' id='word_1_100' title='bbox 398 1521 733 1577; x_wconf 88' lang='lat' dir='ltr'>venerabilis</span> <span class='ocrx_word' id='word_1_101' title='bbox 760 1521 952 1575; x_wconf 83' lang='lat' dir='ltr'>fratris</span> <span class='ocrx_word' id='word_1_102' title='bbox 977 1523 1157 1576; x_wconf 88' lang='lat' dir='ltr'>nostri</span> <span class='ocrx_word' id='word_1_103' title='bbox 1191 1523 1478 1577; x_wconf 83' lang='lat' dir='ltr'>Fructuosi</span> <span class='ocrx_word' id='word_1_104' title='bbox 1501 1523 1749 1594; x_wconf 86' lang='lat' dir='ltr'>episcopi</span> 
     </span>
    </p>
   </div>
   <div class='ocr_carea' id='block_1_17' title="bbox 1852 497 3475 570">
    <p class='ocr_par' dir='ltr' id='par_1_17' title="bbox 1852 497 3475 570">
     <span class='ocr_line' id='line_1_17' title="bbox 1852 497 3475 570; baseline 0.001 -20"><span class='ocrx_word' id='word_1_105' title='bbox 1852 499 2085 550; x_wconf 87' lang='lat' dir='ltr'>Patrum</span> <span class='ocrx_word' id='word_1_106' title='bbox 2132 497 2188 550; x_wconf 92' lang='lat' dir='ltr'>in</span> <span class='ocrx_word' id='word_1_107' title='bbox 2227 497 2448 551; x_wconf 89' lang='lat' dir='ltr'>irritum</span> <span class='ocrx_word' id='word_1_108' title='bbox 2483 497 2738 564; x_wconf 85' lang='lat' dir='ltr'>devocat,</span> <span class='ocrx_word' id='word_1_109' title='bbox 2770 498 2918 552; x_wconf 92' lang='lat' dir='ltr'>illius</span> <span class='ocrx_word' id='word_1_110' title='bbox 2959 503 3475 570; x_wconf 82' lang='lat' dir='ltr'>temperamentum</span> 
     </span>
    </p>
   </div>
   <div class='ocr_carea' id='block_1_18' title="bbox 1855 590 3474 662">
    <p class='ocr_par' dir='ltr' id='par_1_18' title="bbox 1855 590 3474 662">
     <span class='ocr_line' id='line_1_18' title="bbox 1855 590 3474 662; baseline 0.001 -19"><span class='ocrx_word' id='word_1_111' title='bbox 1855 591 1974 643; x_wconf 64' lang='lat' dir='ltr'>hinc</span> <span class='ocrx_word' id='word_1_112' title='bbox 1998 590 2072 643; x_wconf 89' lang='lat' dir='ltr'>ad</span> <span class='ocrx_word' id='word_1_113' title='bbox 2097 591 2526 644; x_wconf 87' lang='lat' dir='ltr'>miserationem</span> <span class='ocrx_word' id='word_1_114' title='bbox 2547 591 2811 658; x_wconf 85' lang='lat' dir='ltr'>adducat,</span> <span class='ocrx_word' id='word_1_115' title='bbox 2829 592 3072 662; x_wconf 82' lang='lat' dir='ltr'>qualiter</span> <span class='ocrx_word' id='word_1_116' title='bbox 3095 607 3198 646; x_wconf 87' lang='lat' dir='ltr'>nec</span> <span class='ocrx_word' id='word_1_117' title='bbox 3219 593 3474 660; x_wconf 89' lang='lat' dir='ltr'>regulam</span> 
     </span>
    </p>
   </div>
   <div class='ocr_carea' id='block_1_19' title="bbox 1852 683 3476 753">
    <p class='ocr_par' dir='ltr' id='par_1_19' title="bbox 1852 683 3476 753">
     <span class='ocr_line' id='line_1_19' title="bbox 1852 683 3476 753; baseline 0 -17"><span class='ocrx_word' id='word_1_118' title='bbox 1852 687 2152 753; x_wconf 87' lang='lat' dir='ltr'>paternam</span> <span class='ocrx_word' id='word_1_119' title='bbox 2195 684 2395 737; x_wconf 89' lang='lat' dir='ltr'>modus</span> <span class='ocrx_word' id='word_1_120' title='bbox 2425 685 2656 737; x_wconf 83' lang='lat' dir='ltr'>excedat</span> <span class='ocrx_word' id='word_1_121' title='bbox 2680 690 2734 738; x_wconf 91' lang='lat' dir='ltr'>et</span> <span class='ocrx_word' id='word_1_122' title='bbox 2760 685 3180 739; x_wconf 87' lang='lat' dir='ltr'>miserationem</span> <span class='ocrx_word' id='word_1_123' title='bbox 3208 683 3476 738; x_wconf 83' lang='lat' dir='ltr'>severitas</span> 
     </span>
    </p>
   </div>
   <div class='ocr_carea' id='block_1_20' title="bbox 1854 777 3473 846">
    <p class='ocr_par' dir='ltr' id='par_1_20' title="bbox 1854 777 3473 846">
     <span class='ocr_line' id='line_1_20' title="bbox 1854 777 3473 846; baseline 0.001 -18"><span class='ocrx_word' id='word_1_124' title='bbox 1854 777 2201 846; x_wconf 83' lang='lat' dir='ltr'>exstinguat,</span> <span class='ocrx_word' id='word_1_125' title='bbox 2233 782 2297 831; x_wconf 90' lang='lat' dir='ltr'>ut</span> <span class='ocrx_word' id='word_1_126' title='bbox 2331 778 2640 830; x_wconf 89' lang='lat' dir='ltr'>secundum</span> <span class='ocrx_word' id='word_1_127' title='bbox 2686 779 2884 831; x_wconf 90' lang='lat' dir='ltr'>merita</span> <span class='ocrx_word' id='word_1_128' title='bbox 2929 778 3293 832; x_wconf 84' lang='lat' dir='ltr'>servientium</span> <span class='ocrx_word' id='word_1_129' title='bbox 3323 783 3378 831; x_wconf 90' lang='lat' dir='ltr'>et</span> <span class='ocrx_word' id='word_1_130' title='bbox 3406 778 3473 830; x_wconf 88' lang='lat' dir='ltr'>li-</span> 
     </span>
    </p>
   </div>
   <div class='ocr_carea' id='block_1_21' title="bbox 1851 869 3471 940">
    <p class='ocr_par' dir='ltr' id='par_1_21' title="bbox 1851 869 3471 940">
     <span class='ocr_line' id='line_1_21' title="bbox 1851 869 3471 940; baseline 0 -17"><span class='ocrx_word' id='word_1_131' title='bbox 1851 869 2087 924; x_wconf 90' lang='lat' dir='ltr'>bertatis</span> <span class='ocrx_word' id='word_1_132' title='bbox 2113 871 2347 940; x_wconf 64' lang='lat' dir='ltr'>prmmia</span> <span class='ocrx_word' id='word_1_133' title='bbox 2376 873 2431 923; x_wconf 92' lang='lat' dir='ltr'>et</span> <span class='ocrx_word' id='word_1_134' title='bbox 2459 886 2674 938; x_wconf 89' lang='lat' dir='ltr'>rerum,</span> <span class='ocrx_word' id='word_1_135' title='bbox 2699 871 2784 924; x_wconf 91' lang='lat' dir='ltr'>vel</span> <span class='ocrx_word' id='word_1_136' title='bbox 2804 871 3096 925; x_wconf 86' lang='lat' dir='ltr'>subtrahat</span> <span class='ocrx_word' id='word_1_137' title='bbox 3115 871 3366 936; x_wconf 88' lang='lat' dir='ltr'>donaria,</span> <span class='ocrx_word' id='word_1_138' title='bbox 3388 872 3471 924; x_wconf 92' lang='lat' dir='ltr'>vel</span> 
     </span>
    </p>
   </div>
   <div class='ocr_carea' id='block_1_22' title="bbox 1852 962 3471 1028">
    <p class='ocr_par' dir='ltr' id='par_1_22' title="bbox 1852 962 3471 1028">
     <span class='ocr_line' id='line_1_22' title="bbox 1852 962 3471 1028; baseline 0 -12"><span class='ocrx_word' id='word_1_139' title='bbox 1852 963 2141 1017; x_wconf 87' lang='lat' dir='ltr'>concedat.</span> <span class='ocrx_word' id='word_1_140' title='bbox 2199 964 2426 1017; x_wconf 86' lang='lat' dir='ltr'>Editum</span> <span class='ocrx_word' id='word_1_141' title='bbox 2451 964 2555 1017; x_wconf 88' lang='lat' dir='ltr'>sub</span> <span class='ocrx_word' id='word_1_142' title='bbox 2584 962 2673 1017; x_wconf 92' lang='lat' dir='ltr'>die</span> <span class='ocrx_word' id='word_1_143' title='bbox 2705 965 3082 1017; x_wconf 82' lang='lat' dir='ltr'>Kalendarum</span> <span class='ocrx_word' id='word_1_144' title='bbox 3133 964 3471 1028; x_wconf 87' lang='lat' dir='ltr'>Decembris,</span> 
     </span>
    </p>
   </div>
   <div class='ocr_carea' id='block_1_23' title="bbox 1850 1055 3477 1126">
    <p class='ocr_par' dir='ltr' id='par_1_23' title="bbox 1850 1055 3477 1126">
     <span class='ocr_line' id='line_1_23' title="bbox 1850 1055 3477 1126; baseline 0.001 -18"><span class='ocrx_word' id='word_1_145' title='bbox 1850 1072 2000 1109; x_wconf 91' lang='lat' dir='ltr'>anno</span> <span class='ocrx_word' id='word_1_146' title='bbox 2024 1055 2259 1109; x_wconf 84' lang='lat' dir='ltr'>feliciter</span> <span class='ocrx_word' id='word_1_147' title='bbox 2285 1057 2524 1126; x_wconf 88' lang='lat' dir='ltr'>septimo</span> <span class='ocrx_word' id='word_1_148' title='bbox 2553 1057 2718 1126; x_wconf 81' lang='lat' dir='ltr'>regni</span> <span class='ocrx_word' id='word_1_149' title='bbox 2741 1056 3127 1126; x_wconf 87' lang='lat' dir='ltr'>gloriosissimi</span> <span class='ocrx_word' id='word_1_150' title='bbox 3149 1055 3362 1110; x_wconf 90' lang='lat' dir='ltr'>domini</span> <span class='ocrx_word' id='word_1_151' title='bbox 3380 1073 3477 1109; x_wconf 93' lang='lat' dir='ltr'>no-</span> 
     </span>
    </p>
   </div>
   <div class='ocr_carea' id='block_1_24' title="bbox 1849 1148 3474 1219">
    <p class='ocr_par' dir='ltr' id='par_1_24' title="bbox 1849 1148 3474 1219">
     <span class='ocr_line' id='line_1_24' title="bbox 1849 1148 3474 1219; baseline 0.001 -18"><span class='ocrx_word' id='word_1_152' title='bbox 1849 1149 1952 1202; x_wconf 91' lang='lat' dir='ltr'>stri</span> <span class='ocrx_word' id='word_1_153' title='bbox 2002 1148 2398 1202; x_wconf 85' lang='lat' dir='ltr'>Reccesiunthi</span> <span class='ocrx_word' id='word_1_154' title='bbox 2446 1150 2617 1219; x_wconf 88' lang='lat' dir='ltr'>regis.</span> <span class='ocrx_word' id='word_1_155' title='bbox 2668 1149 2970 1219; x_wconf 89' lang='lat' dir='ltr'>Eugenius,</span> <span class='ocrx_word' id='word_1_156' title='bbox 3001 1149 3270 1218; x_wconf 88' lang='lat' dir='ltr'>indignus</span> <span class='ocrx_word' id='word_1_157' title='bbox 3313 1150 3474 1203; x_wconf 88' lang='lat' dir='ltr'>Tole-</span> 
     </span>
    </p>
   </div>
   <div class='ocr_carea' id='block_1_25' title="bbox 1850 1241 3478 1312">
    <p class='ocr_par' dir='ltr' id='par_1_25' title="bbox 1850 1241 3478 1312">
     <span class='ocr_line' id='line_1_25' title="bbox 1850 1241 3478 1312; baseline 0 -19"><span class='ocrx_word' id='word_1_158' title='bbox 1850 1246 1996 1294; x_wconf 80' lang='lat' dir='ltr'>tanae</span> <span class='ocrx_word' id='word_1_159' title='bbox 2024 1241 2172 1294; x_wconf 90' lang='lat' dir='ltr'>sedis</span> <span class='ocrx_word' id='word_1_160' title='bbox 2199 1241 2670 1312; x_wconf 89' lang='lat' dir='ltr'>metropolitanus</span> <span class='ocrx_word' id='word_1_161' title='bbox 2699 1243 3012 1312; x_wconf 90' lang='lat' dir='ltr'>episcopus,</span> <span class='ocrx_word' id='word_1_162' title='bbox 3042 1243 3145 1295; x_wconf 92' lang='lat' dir='ltr'>hoc</span> <span class='ocrx_word' id='word_1_163' title='bbox 3158 1241 3359 1311; x_wconf 90' lang='lat' dir='ltr'>judicii</span> <span class='ocrx_word' id='word_1_164' title='bbox 3382 1258 3478 1294; x_wconf 90' lang='lat' dir='ltr'>no-</span> 
     </span>
    </p>
   </div>
   <div class='ocr_carea' id='block_1_26' title="bbox 1851 1333 3584 1406">
    <p class='ocr_par' dir='ltr' id='par_1_26' title="bbox 1851 1333 3584 1406">
     <span class='ocr_line' id='line_1_26' title="bbox 1851 1333 3584 1406; baseline 0.001 -20"><span class='ocrx_word' id='word_1_165' title='bbox 1851 1334 1951 1386; x_wconf 89' lang='lat' dir='ltr'>stri</span> <span class='ocrx_word' id='word_1_166' title='bbox 1994 1333 2283 1388; x_wconf 89' lang='lat' dir='ltr'>decretum</span> <span class='ocrx_word' id='word_1_167' title='bbox 2325 1335 2651 1405; x_wconf 89' lang='lat' dir='ltr'>subscripsi.</span> <span class='ocrx_word' id='word_1_168' title='bbox 2699 1335 2972 1390; x_wconf 91' lang='lat' dir='ltr'>Similiter</span> <span class='ocrx_word' id='word_1_169' title='bbox 3010 1340 3067 1389; x_wconf 92' lang='lat' dir='ltr'>et</span> <span class='ocrx_word' id='word_1_170' title='bbox 3094 1335 3187 1389; x_wconf 88' lang='lat' dir='ltr'>alii</span> <span class='ocrx_word' id='word_1_171' title='bbox 3227 1334 3471 1406; x_wconf 86' lang='lat' dir='ltr'>episcopi</span> <span class='ocrx_word' id='word_1_172' title='bbox 3573 1347 3584 1352; x_wconf 82' lang='lat'>&#39;</span> 
     </span>
    </p>
   </div>
   <div class='ocr_carea' id='block_1_27' title="bbox 1851 1426 2823 1498">
    <p class='ocr_par' dir='ltr' id='par_1_27' title="bbox 1851 1426 2823 1498">
     <span class='ocr_line' id='line_1_27' title="bbox 1851 1426 2823 1498; baseline 0.004 -19"><span class='ocrx_word' id='word_1_173' title='bbox 1851 1426 2306 1498; x_wconf 88' lang='lat' dir='ltr'>subscripserunt</span> <span class='ocrx_word' id='word_1_174' title='bbox 2334 1443 2575 1483; x_wconf 91' lang='lat' dir='ltr'>numero</span> <span class='ocrx_word' id='word_1_175' title='bbox 2608 1429 2823 1484; x_wconf 90' lang='lat' dir='ltr'>decem.</span> 
     </span>
    </p>
   </div>
   <div class='ocr_carea' id='block_1_28' title="bbox 758 1799 2849 1866">
    <p class='ocr_par' dir='ltr' id='par_1_28' title="bbox 758 1799 2849 1866">
     <span class='ocr_line' id='line_1_28' title="bbox 758 1799 2849 1866; baseline 0 -5"><span class='ocrx_word' id='word_1_176' title='bbox 758 1799 1152 1864; x_wconf 88' lang='lat' dir='ltr'><strong>INCIPIUNT</strong></span> <span class='ocrx_word' id='word_1_177' title='bbox 1195 1799 1587 1865; x_wconf 80' lang='lat' dir='ltr'>CAPITULA</span> <span class='ocrx_word' id='word_1_178' title='bbox 1637 1799 1968 1865; x_wconf 88' lang='lat' dir='ltr'><strong>CONCILII</strong></span> <span class='ocrx_word' id='word_1_179' title='bbox 2013 1799 2406 1865; x_wconf 86' lang='lat' dir='ltr'>TOLETANI</span> <span class='ocrx_word' id='word_1_180' title='bbox 2451 1799 2849 1866; x_wconf 83' lang='lat' dir='ltr'>UNDECIMI.</span> 
     </span>
    </p>
   </div>
   <div class='ocr_carea' id='block_1_29' title="bbox 217 1935 1262 2005">
    <p class='ocr_par' dir='ltr' id='par_1_29' title="bbox 217 1935 1262 2005">
     <span class='ocr_line' id='line_1_29' title="bbox 217 1935 1262 2005; baseline 0.002 -17"><span class='ocrx_word' id='word_1_181' title='bbox 217 1940 255 1988; x_wconf 84' lang='lat' dir='ltr'>l.</span> <span class='ocrx_word' id='word_1_182' title='bbox 279 1937 350 1988; x_wconf 72' lang='lat' dir='ltr'>Ne</span> <span class='ocrx_word' id='word_1_183' title='bbox 379 1935 626 1989; x_wconf 89' lang='lat' dir='ltr'>tumultu</span> <span class='ocrx_word' id='word_1_184' title='bbox 659 1935 962 1990; x_wconf 90' lang='lat' dir='ltr'>concilium</span> <span class='ocrx_word' id='word_1_185' title='bbox 997 1935 1262 2005; x_wconf 78' lang='lat' dir='ltr'>agitetur.</span> 
     </span>
    </p>
   </div>
   <div class='ocr_carea' id='block_1_30' title="bbox 213 2028 1745 2100">
    <p class='ocr_par' dir='ltr' id='par_1_30' title="bbox 213 2028 1745 2100">
     <span class='ocr_line' id='line_1_30' title="bbox 213 2028 1745 2100; baseline 0.002 -19"><span class='ocrx_word' id='word_1_186' title='bbox 213 2032 256 2082; x_wconf 77' lang='lat'>2.</span> <span class='ocrx_word' id='word_1_187' title='bbox 282 2030 394 2082; x_wconf 78' lang='lat' dir='ltr'>Non</span> <span class='ocrx_word' id='word_1_188' title='bbox 423 2028 635 2082; x_wconf 90' lang='lat' dir='ltr'>debere</span> <span class='ocrx_word' id='word_1_189' title='bbox 661 2029 1164 2100; x_wconf 86' lang='lat' dir='ltr'>metropolitanum</span> <span class='ocrx_word' id='word_1_190' title='bbox 1194 2047 1224 2082; x_wconf 89' lang='lat' dir='ltr'>a</span> <span class='ocrx_word' id='word_1_191' title='bbox 1257 2030 1745 2084; x_wconf 81' lang='lat' dir='ltr'>confinitimorum</span> 
     </span>
    </p>
   </div>
   <div class='ocr_carea' id='block_1_31' title="bbox 156 2122 749 2176">
    <p class='ocr_par' dir='ltr' id='par_1_31' title="bbox 156 2122 749 2176">
     <span class='ocr_line' id='line_1_31' title="bbox 156 2122 749 2176; baseline 0.005 -3"><span class='ocrx_word' id='word_1_192' title='bbox 156 2122 484 2175; x_wconf 84' lang='lat' dir='ltr'>instructione</span> <span class='ocrx_word' id='word_1_193' title='bbox 509 2137 749 2176; x_wconf 91' lang='lat' dir='ltr'>cessare.</span> 
     </span>
    </p>
   </div>
   <div class='ocr_carea' id='block_1_32' title="bbox 211 2213 1742 2283">
    <p class='ocr_par' dir='ltr' id='par_1_32' title="bbox 211 2213 1742 2283">
     <span class='ocr_line' id='line_1_32' title="bbox 211 2213 1742 2283; baseline 0.003 -16"><span class='ocrx_word' id='word_1_194' title='bbox 211 2217 254 2267; x_wconf 89' lang='lat'>3.</span> <span class='ocrx_word' id='word_1_195' title='bbox 283 2215 342 2268; x_wconf 76' lang='lat' dir='ltr'>Ut</span> <span class='ocrx_word' id='word_1_196' title='bbox 379 2214 434 2266; x_wconf 89' lang='lat' dir='ltr'>in</span> <span class='ocrx_word' id='word_1_197' title='bbox 461 2230 581 2267; x_wconf 88' lang='lat' dir='ltr'>una</span> <span class='ocrx_word' id='word_1_198' title='bbox 625 2213 914 2283; x_wconf 88' lang='lat' dir='ltr'>provincia</span> <span class='ocrx_word' id='word_1_199' title='bbox 954 2213 1244 2268; x_wconf 88' lang='lat' dir='ltr'>diversitas</span> <span class='ocrx_word' id='word_1_200' title='bbox 1277 2214 1598 2270; x_wconf 81' lang='lat' dir='ltr'>ofﬁciorum</span> <span class='ocrx_word' id='word_1_201' title='bbox 1629 2233 1742 2272; x_wconf 90' lang='lat' dir='ltr'>non</span> 
     </span>
    </p>
   </div>
   <div class='ocr_carea' id='block_1_33' title="bbox 155 2311 391 2360">
    <p class='ocr_par' dir='ltr' id='par_1_33' title="bbox 155 2311 391 2360">
     <span class='ocr_line' id='line_1_33' title="bbox 155 2311 391 2360; baseline 0.008 -2"><span class='ocrx_word' id='word_1_202' title='bbox 155 2311 391 2360; x_wconf 83' lang='lat' dir='ltr'>teneatur.</span> 
     </span>
    </p>
   </div>
   <div class='ocr_carea' id='block_1_34' title="bbox 209 2397 1068 2453">
    <p class='ocr_par' dir='ltr' id='par_1_34' title="bbox 209 2397 1068 2453">
     <span class='ocr_line' id='line_1_34' title="bbox 209 2397 1068 2453; baseline 0 -1"><span class='ocrx_word' id='word_1_203' title='bbox 209 2400 250 2452; x_wconf 72' lang='grc'><strong>4.</strong></span> <span class='ocrx_word' id='word_1_204' title='bbox 277 2399 347 2452; x_wconf 92' lang='lat' dir='ltr'>De</span> <span class='ocrx_word' id='word_1_205' title='bbox 377 2397 662 2453; x_wconf 89' lang='lat' dir='ltr'>discordia</span> <span class='ocrx_word' id='word_1_206' title='bbox 694 2399 1068 2453; x_wconf 90' lang='lat' dir='ltr'>sacerdotum.</span> 
     </span>
    </p>
   </div>
   <div class='ocr_carea' id='block_1_35' title="bbox 211 2491 1554 2562">
    <p class='ocr_par' dir='ltr' id='par_1_35' title="bbox 211 2491 1554 2562">
     <span class='ocr_line' id='line_1_35' title="bbox 211 2491 1554 2562; baseline 0.003 -18"><span class='ocrx_word' id='word_1_207' title='bbox 211 2495 250 2544; x_wconf 88' lang='lat'>5.</span> <span class='ocrx_word' id='word_1_208' title='bbox 280 2493 350 2546; x_wconf 90' lang='lat' dir='ltr'>De</span> <span class='ocrx_word' id='word_1_209' title='bbox 375 2491 805 2562; x_wconf 90' lang='lat' dir='ltr'>compescendis</span> <span class='ocrx_word' id='word_1_210' title='bbox 831 2492 1152 2546; x_wconf 85' lang='lat' dir='ltr'>excessibus</span> <span class='ocrx_word' id='word_1_211' title='bbox 1179 2494 1554 2548; x_wconf 90' lang='lat' dir='ltr'>sacerdotum.</span> 
     </span>
    </p>
   </div>
   <div class='ocr_carea' id='block_1_36' title="bbox 209 2584 1740 2655">
    <p class='ocr_par' dir='ltr' id='par_1_36' title="bbox 209 2584 1740 2655">
     <span class='ocr_line' id='line_1_36' title="bbox 209 2584 1740 2655; baseline 0.003 -20"><span class='ocrx_word' id='word_1_212' title='bbox 209 2587 252 2638; x_wconf 84' lang='lat'>6.</span> <span class='ocrx_word' id='word_1_213' title='bbox 277 2584 386 2637; x_wconf 74' lang='lat' dir='ltr'>Non</span> <span class='ocrx_word' id='word_1_214' title='bbox 420 2585 633 2638; x_wconf 90' lang='lat' dir='ltr'>debere</span> <span class='ocrx_word' id='word_1_215' title='bbox 670 2585 984 2638; x_wconf 83' lang='lat' dir='ltr'>sacerdotes</span> <span class='ocrx_word' id='word_1_216' title='bbox 1025 2584 1276 2655; x_wconf 89' lang='lat' dir='ltr'>qualibet</span> <span class='ocrx_word' id='word_1_217' title='bbox 1311 2586 1369 2640; x_wconf 92' lang='lat' dir='ltr'>in</span> <span class='ocrx_word' id='word_1_218' title='bbox 1403 2587 1633 2640; x_wconf 88' lang='lat' dir='ltr'>ecclesia</span> <span class='ocrx_word' id='word_1_219' title='bbox 1661 2587 1740 2640; x_wconf 84' lang='lat' dir='ltr'>fa-</span> 
     </span>
    </p>
   </div>
   <div class='ocr_carea' id='block_1_37' title="bbox 149 2677 1736 2751">
    <p class='ocr_par' dir='ltr' id='par_1_37' title="bbox 149 2677 1736 2751">
     <span class='ocr_line' id='line_1_37' title="bbox 149 2677 1736 2751; baseline 0.004 -23"><span class='ocrx_word' id='word_1_220' title='bbox 149 2677 287 2731; x_wconf 86' lang='lat' dir='ltr'>miliis</span> <span class='ocrx_word' id='word_1_221' title='bbox 312 2677 690 2731; x_wconf 84' lang='lat' dir='ltr'>truncationes</span> <span class='ocrx_word' id='word_1_222' title='bbox 714 2677 1108 2731; x_wconf 90' lang='lat' dir='ltr'>membrorum</span> <span class='ocrx_word' id='word_1_223' title='bbox 1136 2678 1345 2747; x_wconf 87' lang='lat' dir='ltr'>facere,</span> <span class='ocrx_word' id='word_1_224' title='bbox 1379 2696 1482 2734; x_wconf 90' lang='lat' dir='ltr'>nec</span> <span class='ocrx_word' id='word_1_225' title='bbox 1523 2679 1736 2751; x_wconf 91' lang='lat' dir='ltr'>aliquid</span> 
     </span>
    </p>
   </div>
   <div class='ocr_carea' id='block_1_38' title="bbox 150 2769 1287 2841">
    <p class='ocr_par' dir='ltr' id='par_1_38' title="bbox 150 2769 1287 2841">
     <span class='ocr_line' id='line_1_38' title="bbox 150 2769 1287 2841; baseline 0.002 -19"><span class='ocrx_word' id='word_1_226' title='bbox 150 2770 276 2839; x_wconf 85' lang='lat' dir='ltr'>quod</span> <span class='ocrx_word' id='word_1_227' title='bbox 298 2774 474 2824; x_wconf 91' lang='lat' dir='ltr'>morte</span> <span class='ocrx_word' id='word_1_228' title='bbox 501 2769 878 2841; x_wconf 86' lang='lat' dir='ltr'>plectendum</span> <span class='ocrx_word' id='word_1_229' title='bbox 907 2773 989 2824; x_wconf 88' lang='lat' dir='ltr'>est</span> <span class='ocrx_word' id='word_1_230' title='bbox 1006 2770 1287 2840; x_wconf 86' lang='lat' dir='ltr'>judicare.</span> 
     </span>
    </p>
   </div>
   <div class='ocr_carea' id='block_1_39' title="bbox 203 2862 1731 2926">
    <p class='ocr_par' dir='ltr' id='par_1_39' title="bbox 203 2862 1731 2926">
     <span class='ocr_line' id='line_1_39' title="bbox 203 2862 1731 2926; baseline 0.003 -11"><span class='ocrx_word' id='word_1_231' title='bbox 203 2868 246 2915; x_wconf 89' lang='lat'>7.</span> <span class='ocrx_word' id='word_1_232' title='bbox 271 2864 393 2926; x_wconf 59' lang='lat' dir='ltr'>Quae</span> <span class='ocrx_word' id='word_1_233' title='bbox 432 2863 644 2916; x_wconf 89' lang='lat' dir='ltr'>debeat</span> <span class='ocrx_word' id='word_1_234' title='bbox 671 2862 936 2916; x_wconf 90' lang='lat' dir='ltr'>discretio</span> <span class='ocrx_word' id='word_1_235' title='bbox 963 2863 1326 2917; x_wconf 89' lang='lat' dir='ltr'>ecclesiarum</span> <span class='ocrx_word' id='word_1_236' title='bbox 1359 2880 1479 2917; x_wconf 85' lang='lat' dir='ltr'>esse</span> <span class='ocrx_word' id='word_1_237' title='bbox 1508 2866 1731 2919; x_wconf 91' lang='lat' dir='ltr'>rectori-</span> 
     </span>
    </p>
   </div>
   <div class='ocr_carea' id='block_1_40' title="bbox 147 2955 1738 3026">
    <p class='ocr_par' dir='ltr' id='par_1_40' title="bbox 147 2955 1738 3026">
     <span class='ocr_line' id='line_1_40' title="bbox 147 2955 1738 3026; baseline 0.003 -19"><span class='ocrx_word' id='word_1_238' title='bbox 147 2955 246 3021; x_wconf 87' lang='lat' dir='ltr'>bus,</span> <span class='ocrx_word' id='word_1_239' title='bbox 267 2973 330 3009; x_wconf 90' lang='lat' dir='ltr'>ne</span> <span class='ocrx_word' id='word_1_240' title='bbox 354 2972 452 3026; x_wconf 89' lang='lat' dir='ltr'>per</span> <span class='ocrx_word' id='word_1_241' title='bbox 477 2955 832 3009; x_wconf 85' lang='lat' dir='ltr'>inconditam</span> <span class='ocrx_word' id='word_1_242' title='bbox 858 2955 1210 3026; x_wconf 88' lang='lat' dir='ltr'>disciplinam</span> <span class='ocrx_word' id='word_1_243' title='bbox 1241 2956 1480 3010; x_wconf 89' lang='lat' dir='ltr'>subeant</span> <span class='ocrx_word' id='word_1_244' title='bbox 1502 2958 1738 3011; x_wconf 89' lang='lat' dir='ltr'>homici-</span> 
     </span>
    </p>
   </div>
   <div class='ocr_carea' id='block_1_41' title="bbox 150 3048 436 3103">
    <p class='ocr_par' dir='ltr' id='par_1_41' title="bbox 150 3048 436 3103">
     <span class='ocr_line' id='line_1_41' title="bbox 150 3048 436 3103; baseline 0.01 -3"><span class='ocrx_word' id='word_1_245' title='bbox 150 3048 211 3101; x_wconf 89' lang='lat' dir='ltr'>dii</span> <span class='ocrx_word' id='word_1_246' title='bbox 236 3052 436 3103; x_wconf 91' lang='lat' dir='ltr'>notam.</span> 
     </span>
    </p>
   </div>
   <div class='ocr_carea' id='block_1_42' title="bbox 199 3141 1741 3213">
    <p class='ocr_par' dir='ltr' id='par_1_42' title="bbox 199 3141 1741 3213">
     <span class='ocr_line' id='line_1_42' title="bbox 199 3141 1741 3213; baseline 0 -17"><span class='ocrx_word' id='word_1_247' title='bbox 199 3145 242 3196; x_wconf 87' lang='lat'>8.</span> <span class='ocrx_word' id='word_1_248' title='bbox 268 3143 340 3195; x_wconf 83' lang='lat' dir='ltr'>Ne</span> <span class='ocrx_word' id='word_1_249' title='bbox 371 3142 689 3213; x_wconf 86' lang='lat' dir='ltr'>quidquam</span> <span class='ocrx_word' id='word_1_250' title='bbox 731 3141 956 3211; x_wconf 59' lang='lat' dir='ltr'>premit</span> <span class='ocrx_word' id='word_1_251' title='bbox 985 3157 1089 3212; x_wconf 92' lang='lat' dir='ltr'>pro</span> <span class='ocrx_word' id='word_1_252' title='bbox 1131 3141 1333 3196; x_wconf 87' lang='lat' dir='ltr'>divinis</span> <span class='ocrx_word' id='word_1_253' title='bbox 1376 3144 1741 3197; x_wconf 87' lang='lat' dir='ltr'>sacramentis</span> 
     </span>
    </p>
   </div>
   <div class='ocr_carea' id='block_1_43' title="bbox 148 3235 436 3305">
    <p class='ocr_par' dir='ltr' id='par_1_43' title="bbox 148 3235 436 3305">
     <span class='ocr_line' id='line_1_43' title="bbox 148 3235 436 3305; baseline 0.007 -19"><span class='ocrx_word' id='word_1_254' title='bbox 148 3235 436 3305; x_wconf 82' lang='lat' dir='ltr'>accipiatur.</span> 
     </span>
    </p>
   </div>
   <div class='ocr_carea' id='block_1_44' title="bbox 1765 1934 3473 2019">
    <p class='ocr_par' dir='ltr' id='par_1_44' title="bbox 1765 1934 3473 2019">
     <span class='ocr_line' id='line_1_44' title="bbox 1765 1934 3473 2019; baseline -0.003 -28"><span class='ocrx_word' id='word_1_255' title='bbox 1765 1949 1822 2019; x_wconf 83' lang='lat' dir='ltr'><strong>B</strong></span> <span class='ocrx_word' id='word_1_256' title='bbox 1921 1941 2005 1991; x_wconf 89' lang='grc'><strong>10.</strong></span> <span class='ocrx_word' id='word_1_257' title='bbox 2034 1938 2104 1990; x_wconf 92' lang='lat' dir='ltr'>Ut</span> <span class='ocrx_word' id='word_1_258' title='bbox 2131 1953 2329 1991; x_wconf 91' lang='lat' dir='ltr'>omnes</span> <span class='ocrx_word' id='word_1_259' title='bbox 2366 1937 2660 2007; x_wconf 85' lang='lat' dir='ltr'>pontifices</span> <span class='ocrx_word' id='word_1_260' title='bbox 2708 1940 3067 2005; x_wconf 88' lang='lat' dir='ltr'>rectoresque</span> <span class='ocrx_word' id='word_1_261' title='bbox 3112 1934 3473 1988; x_wconf 87' lang='lat' dir='ltr'>ecclesiarum</span> 
     </span>
    </p>
   </div>
   <div class='ocr_carea' id='block_1_45' title="bbox 1847 2025 3472 2100">
    <p class='ocr_par' dir='ltr' id='par_1_45' title="bbox 1847 2025 3472 2100">
     <span class='ocr_line' id='line_1_45' title="bbox 1847 2025 3472 2100; baseline -0.002 -18"><span class='ocrx_word' id='word_1_262' title='bbox 1847 2032 2103 2100; x_wconf 88' lang='lat' dir='ltr'>tempore</span> <span class='ocrx_word' id='word_1_263' title='bbox 2124 2046 2236 2100; x_wconf 94' lang='lat' dir='ltr'>quo</span> <span class='ocrx_word' id='word_1_264' title='bbox 2262 2028 2560 2083; x_wconf 90' lang='lat' dir='ltr'>ordinandi</span> <span class='ocrx_word' id='word_1_265' title='bbox 2584 2033 2715 2083; x_wconf 92' lang='lat' dir='ltr'>sunt</span> <span class='ocrx_word' id='word_1_266' title='bbox 2736 2028 2838 2081; x_wconf 91' lang='lat' dir='ltr'>sub</span> <span class='ocrx_word' id='word_1_267' title='bbox 2859 2027 3118 2081; x_wconf 88' lang='lat' dir='ltr'>cautione</span> <span class='ocrx_word' id='word_1_268' title='bbox 3143 2025 3472 2096; x_wconf 87' lang='lat' dir='ltr'>promittant</span> 
     </span>
    </p>
   </div>
   <div class='ocr_carea' id='block_1_46' title="bbox 1845 2122 2831 2194">
    <p class='ocr_par' dir='ltr' id='par_1_46' title="bbox 1845 2122 2831 2194">
     <span class='ocr_line' id='line_1_46' title="bbox 1845 2122 2831 2194; baseline -0.001 -17"><span class='ocrx_word' id='word_1_269' title='bbox 1845 2123 1997 2194; x_wconf 93' lang='lat' dir='ltr'>quod</span> <span class='ocrx_word' id='word_1_270' title='bbox 2025 2122 2336 2192; x_wconf 87' lang='lat' dir='ltr'>justissime</span> <span class='ocrx_word' id='word_1_271' title='bbox 2360 2123 2545 2177; x_wconf 90' lang='lat' dir='ltr'>vivere</span> <span class='ocrx_word' id='word_1_272' title='bbox 2574 2122 2831 2176; x_wconf 90' lang='lat' dir='ltr'>debeant.</span> 
     </span>
    </p>
   </div>
   <div class='ocr_carea' id='block_1_47' title="bbox 1924 2211 3468 2286">
    <p class='ocr_par' dir='ltr' id='par_1_47' title="bbox 1924 2211 3468 2286">
     <span class='ocr_line' id='line_1_47' title="bbox 1924 2211 3468 2286; baseline -0.003 -17"><span class='ocrx_word' id='word_1_273' title='bbox 1924 2219 2004 2270; x_wconf 84' lang='grc'>11.</span> <span class='ocrx_word' id='word_1_274' title='bbox 2040 2217 2116 2270; x_wconf 90' lang='lat' dir='ltr'>De</span> <span class='ocrx_word' id='word_1_275' title='bbox 2147 2215 2523 2270; x_wconf 90' lang='lat' dir='ltr'>elucidatione</span> <span class='ocrx_word' id='word_1_276' title='bbox 2551 2215 2772 2286; x_wconf 89' lang='lat' dir='ltr'>antiqui</span> <span class='ocrx_word' id='word_1_277' title='bbox 2801 2213 3032 2268; x_wconf 90' lang='lat' dir='ltr'>canonis</span> <span class='ocrx_word' id='word_1_278' title='bbox 3059 2229 3172 2283; x_wconf 88' lang='lat' dir='ltr'>quo</span> <span class='ocrx_word' id='word_1_279' title='bbox 3210 2211 3468 2282; x_wconf 72' lang='lat' dir='ltr'>praecipi-</span> 
     </span>
    </p>
   </div>
   <div class='ocr_carea' id='block_1_48' title="bbox 1844 2303 3471 2380">
    <p class='ocr_par' dir='ltr' id='par_1_48' title="bbox 1844 2303 3471 2380">
     <span class='ocr_line' id='line_1_48' title="bbox 1844 2303 3471 2380; baseline -0.004 -18"><span class='ocrx_word' id='word_1_280' title='bbox 1844 2313 1957 2375; x_wconf 89' lang='lat' dir='ltr'>tur,</span> <span class='ocrx_word' id='word_1_281' title='bbox 1986 2312 2050 2361; x_wconf 89' lang='lat' dir='ltr'>ut</span> <span class='ocrx_word' id='word_1_282' title='bbox 2090 2309 2136 2361; x_wconf 89' lang='lat' dir='ltr'>si</span> <span class='ocrx_word' id='word_1_283' title='bbox 2166 2309 2293 2379; x_wconf 88' lang='lat' dir='ltr'>quis</span> <span class='ocrx_word' id='word_1_284' title='bbox 2333 2313 2619 2380; x_wconf 79' lang='lat' dir='ltr'>acceptam</span> <span class='ocrx_word' id='word_1_285' title='bbox 2659 2325 2691 2360; x_wconf 91' lang='lat' dir='ltr'>a</span> <span class='ocrx_word' id='word_1_286' title='bbox 2732 2306 3017 2361; x_wconf 89' lang='lat' dir='ltr'>sacerdote</span> <span class='ocrx_word' id='word_1_287' title='bbox 3065 2303 3471 2358; x_wconf 84' lang='lat' dir='ltr'>Eucharistiam</span> 
     </span>
    </p>
   </div>
   <div class='ocr_carea' id='block_1_49' title="bbox 1844 2398 3227 2472">
    <p class='ocr_par' dir='ltr' id='par_1_49' title="bbox 1844 2398 3227 2472">
     <span class='ocr_line' id='line_1_49' title="bbox 1844 2398 3227 2472; baseline -0.002 -18"><span class='ocrx_word' id='word_1_288' title='bbox 1844 2417 1960 2454; x_wconf 91' lang='lat' dir='ltr'>non</span> <span class='ocrx_word' id='word_1_289' title='bbox 1988 2402 2312 2472; x_wconf 87' lang='lat' dir='ltr'>sumpserit,</span> <span class='ocrx_word' id='word_1_290' title='bbox 2345 2403 2494 2456; x_wconf 89' lang='lat' dir='ltr'>velut</span> <span class='ocrx_word' id='word_1_291' title='bbox 2525 2401 2831 2471; x_wconf 89' lang='lat' dir='ltr'>sacrilegus</span> <span class='ocrx_word' id='word_1_292' title='bbox 2860 2398 3227 2470; x_wconf 87' lang='lat' dir='ltr'>propellatur.</span> 
     </span>
    </p>
   </div>
   <div class='ocr_carea' id='block_1_50' title="bbox 1921 2491 3468 2563">
    <p class='ocr_par' dir='ltr' id='par_1_50' title="bbox 1921 2491 3468 2563">
     <span class='ocr_line' id='line_1_50' title="bbox 1921 2491 3468 2563; baseline -0.001 -17"><span class='ocrx_word' id='word_1_293' title='bbox 1921 2497 2000 2548; x_wconf 83' lang='lat' dir='ltr'>l2.</span> <span class='ocrx_word' id='word_1_294' title='bbox 2043 2495 2120 2548; x_wconf 80' lang='lat' dir='ltr'>Ne</span> <span class='ocrx_word' id='word_1_295' title='bbox 2168 2496 2223 2547; x_wconf 92' lang='lat' dir='ltr'>in</span> <span class='ocrx_word' id='word_1_296' title='bbox 2281 2495 2526 2548; x_wconf 82' lang='lat' dir='ltr'>conﬁnio</span> <span class='ocrx_word' id='word_1_297' title='bbox 2578 2494 2774 2548; x_wconf 91' lang='lat' dir='ltr'>mortis</span> <span class='ocrx_word' id='word_1_298' title='bbox 2824 2492 3108 2563; x_wconf 79' lang='lat' dir='ltr'>paenitens</span> <span class='ocrx_word' id='word_1_299' title='bbox 3144 2508 3177 2544; x_wconf 89' lang='lat' dir='ltr'>a</span> <span class='ocrx_word' id='word_1_300' title='bbox 3219 2491 3468 2544; x_wconf 89' lang='lat' dir='ltr'>reconci-</span> 
     </span>
    </p>
   </div>
   <div class='ocr_carea' id='block_1_51' title="bbox 1841 2583 3470 2656">
    <p class='ocr_par' dir='ltr' id='par_1_51' title="bbox 1841 2583 3470 2656">
     <span class='ocr_line' id='line_1_51' title="bbox 1841 2583 3470 2656; baseline -0.002 -17"><span class='ocrx_word' id='word_1_301' title='bbox 1841 2585 2074 2639; x_wconf 88' lang='lat' dir='ltr'>liatione</span> <span class='ocrx_word' id='word_1_302' title='bbox 2104 2586 2294 2640; x_wconf 89' lang='lat' dir='ltr'>divina</span> <span class='ocrx_word' id='word_1_303' title='bbox 2324 2586 2715 2656; x_wconf 89' lang='lat' dir='ltr'>suspendatur,</span> <span class='ocrx_word' id='word_1_304' title='bbox 2740 2591 2795 2640; x_wconf 93' lang='lat' dir='ltr'>et</span> <span class='ocrx_word' id='word_1_305' title='bbox 2820 2590 2880 2638; x_wconf 91' lang='lat' dir='ltr'>ut</span> <span class='ocrx_word' id='word_1_306' title='bbox 2907 2584 3116 2637; x_wconf 91' lang='lat' dir='ltr'>oblatio</span> <span class='ocrx_word' id='word_1_307' title='bbox 3149 2583 3271 2652; x_wconf 91' lang='lat' dir='ltr'>ejus</span> <span class='ocrx_word' id='word_1_308' title='bbox 3298 2583 3470 2653; x_wconf 84' lang='lat' dir='ltr'>poeni-</span> 
     </span>
    </p>
   </div>
   <div class='ocr_carea' id='block_1_52' title="bbox 1842 2665 3466 2748">
    <p class='ocr_par' dir='ltr' id='par_1_52' title="bbox 1842 2665 3466 2748">
     <span class='ocr_line' id='line_1_52' title="bbox 1842 2665 3466 2748; baseline -0.002 -16"><span class='ocrx_word' id='word_1_309' title='bbox 1842 2678 2011 2732; x_wconf 90' lang='lat' dir='ltr'>tentis</span> <span class='ocrx_word' id='word_1_310' title='bbox 2039 2679 2136 2748; x_wconf 91' lang='lat' dir='ltr'>qui</span> <span class='ocrx_word' id='word_1_311' title='bbox 2164 2695 2267 2732; x_wconf 91' lang='lat' dir='ltr'>nec</span> <span class='ocrx_word' id='word_1_312' title='bbox 2297 2682 2489 2732; x_wconf 85' lang='lat' dir='ltr'>tamen</span> <span class='ocrx_word' id='word_1_313' title='bbox 2519 2665 2912 2732; x_wconf 85' lang='lat' dir='ltr'>reconciliatus</span> <span class='ocrx_word' id='word_1_314' title='bbox 2945 2678 3014 2730; x_wconf 92' lang='lat' dir='ltr'>de</span> <span class='ocrx_word' id='word_1_315' title='bbox 3043 2677 3147 2730; x_wconf 88' lang='lat' dir='ltr'>hac</span> <span class='ocrx_word' id='word_1_316' title='bbox 3178 2676 3291 2728; x_wconf 88' lang='lat' dir='ltr'>vita</span> <span class='ocrx_word' id='word_1_317' title='bbox 3317 2675 3466 2730; x_wconf 78' lang='lat' dir='ltr'>exie—</span> 
     </span>
    </p>
   </div>
   <div class='ocr_carea' id='block_1_53' title="bbox 1843 2771 2655 2842">
    <p class='ocr_par' dir='ltr' id='par_1_53' title="bbox 1843 2771 2655 2842">
     <span class='ocr_line' id='line_1_53' title="bbox 1843 2771 2655 2842; baseline 0 -18"><span class='ocrx_word' id='word_1_318' title='bbox 1843 2771 1915 2824; x_wconf 91' lang='lat' dir='ltr'>rit</span> <span class='ocrx_word' id='word_1_319' title='bbox 1939 2771 2008 2824; x_wconf 89' lang='lat' dir='ltr'>ab</span> <span class='ocrx_word' id='word_1_320' title='bbox 2037 2771 2273 2824; x_wconf 89' lang='lat' dir='ltr'>ecclesia</span> <span class='ocrx_word' id='word_1_321' title='bbox 2313 2775 2655 2842; x_wconf 88' lang='lat' dir='ltr'>receptetur.</span> 
     </span>
    </p>
   </div>
   <div class='ocr_carea' id='block_1_54' title="bbox 1917 2861 3394 2935">
    <p class='ocr_par' dir='ltr' id='par_1_54' title="bbox 1917 2861 3394 2935">
     <span class='ocr_line' id='line_1_54' title="bbox 1917 2861 3394 2935; baseline 0 -18"><span class='ocrx_word' id='word_1_322' title='bbox 1917 2867 2001 2918; x_wconf 90' lang='grc'><strong>13.</strong></span> <span class='ocrx_word' id='word_1_323' title='bbox 2032 2865 2106 2918; x_wconf 93' lang='lat' dir='ltr'>De</span> <span class='ocrx_word' id='word_1_324' title='bbox 2132 2864 2518 2919; x_wconf 86' lang='lat' dir='ltr'>sacerdotibus</span> <span class='ocrx_word' id='word_1_325' title='bbox 2543 2865 2641 2935; x_wconf 91' lang='lat' dir='ltr'>qui</span> <span class='ocrx_word' id='word_1_326' title='bbox 2661 2862 2846 2916; x_wconf 84' lang='lat' dir='ltr'>vexati</span> <span class='ocrx_word' id='word_1_327' title='bbox 2879 2863 3082 2918; x_wconf 90' lang='lat' dir='ltr'>cadere</span> <span class='ocrx_word' id='word_1_328' title='bbox 3112 2861 3394 2917; x_wconf 89' lang='lat' dir='ltr'>videntur.</span> 
     </span>
    </p>
   </div>
   <div class='ocr_carea' id='block_1_55' title="bbox 1915 2955 3470 3029">
    <p class='ocr_par' dir='ltr' id='par_1_55' title="bbox 1915 2955 3470 3029">
     <span class='ocr_line' id='line_1_55' title="bbox 1915 2955 3470 3029; baseline -0.001 -20"><span class='ocrx_word' id='word_1_329' title='bbox 1915 2957 1998 3010; x_wconf 75' lang='grc'>14.</span> <span class='ocrx_word' id='word_1_330' title='bbox 2033 2958 2100 3011; x_wconf 90' lang='lat' dir='ltr'>Ut</span> <span class='ocrx_word' id='word_1_331' title='bbox 2129 2957 2228 3029; x_wconf 91' lang='lat' dir='ltr'>qui</span> <span class='ocrx_word' id='word_1_332' title='bbox 2258 2957 2498 3012; x_wconf 92' lang='lat' dir='ltr'>Domino</span> <span class='ocrx_word' id='word_1_333' title='bbox 2529 2961 2745 3011; x_wconf 90' lang='lat' dir='ltr'>canunt</span> <span class='ocrx_word' id='word_1_334' title='bbox 2781 2960 2952 3026; x_wconf 89' lang='lat' dir='ltr'>atque</span> <span class='ocrx_word' id='word_1_335' title='bbox 2984 2955 3302 3009; x_wconf 82' lang='lat' dir='ltr'>sacriﬁcant</span> <span class='ocrx_word' id='word_1_336' title='bbox 3344 2959 3470 3025; x_wconf 87' lang='lat' dir='ltr'>post</span> 
     </span>
    </p>
   </div>
   <div class='ocr_carea' id='block_1_56' title="bbox 1843 3049 3049 3119">
    <p class='ocr_par' dir='ltr' id='par_1_56' title="bbox 1843 3049 3049 3119">
     <span class='ocr_line' id='line_1_56' title="bbox 1843 3049 3049 3119; baseline -0.001 -17"><span class='ocrx_word' id='word_1_337' title='bbox 1843 3065 1900 3102; x_wconf 86' lang='lat' dir='ltr'>se</span> <span class='ocrx_word' id='word_1_338' title='bbox 1930 3066 2156 3119; x_wconf 88' lang='lat' dir='ltr'>semper</span> <span class='ocrx_word' id='word_1_339' title='bbox 2183 3050 2427 3104; x_wconf 88' lang='lat' dir='ltr'>habeant</span> <span class='ocrx_word' id='word_1_340' title='bbox 2454 3049 2698 3105; x_wconf 89' lang='lat' dir='ltr'>aditoria</span> <span class='ocrx_word' id='word_1_341' title='bbox 2727 3049 3049 3103; x_wconf 89' lang='lat' dir='ltr'>constituta.</span> 
     </span>
    </p>
   </div>
   <div class='ocr_carea' id='block_1_57' title="bbox 1919 3140 3466 3212">
    <p class='ocr_par' dir='ltr' id='par_1_57' title="bbox 1919 3140 3466 3212">
     <span class='ocr_line' id='line_1_57' title="bbox 1919 3140 3466 3212; baseline -0.001 -16"><span class='ocrx_word' id='word_1_342' title='bbox 1919 3146 2002 3196; x_wconf 75' lang='grc'>15.</span> <span class='ocrx_word' id='word_1_343' title='bbox 2037 3143 2114 3197; x_wconf 90' lang='lat' dir='ltr'>De</span> <span class='ocrx_word' id='word_1_344' title='bbox 2140 3142 2492 3197; x_wconf 88' lang='lat' dir='ltr'>institutione</span> <span class='ocrx_word' id='word_1_345' title='bbox 2524 3143 2659 3197; x_wconf 89' lang='lat' dir='ltr'>certi</span> <span class='ocrx_word' id='word_1_346' title='bbox 2694 3141 2965 3212; x_wconf 89' lang='lat' dir='ltr'>temporis</span> <span class='ocrx_word' id='word_1_347' title='bbox 2997 3157 3110 3212; x_wconf 91' lang='lat' dir='ltr'>quo</span> <span class='ocrx_word' id='word_1_348' title='bbox 3159 3140 3466 3194; x_wconf 90' lang='lat' dir='ltr'>concilium</span> 
     </span>
    </p>
   </div>
   <div class='ocr_carea' id='block_1_58' title="bbox 1843 3241 2064 3306">
    <p class='ocr_par' dir='ltr' id='par_1_58' title="bbox 1843 3241 2064 3306">
     <span class='ocr_line' id='line_1_58' title="bbox 1843 3241 2064 3306; baseline 0.005 -17"><span class='ocrx_word' id='word_1_349' title='bbox 1843 3241 2064 3306; x_wconf 86' lang='lat' dir='ltr'>agatur.</span> 
     </span>
    </p>
   </div>
   <div class='ocr_carea' id='block_1_59' title="bbox 200 3305 3467 3400">
    <p class='ocr_par' dir='ltr' id='par_1_59' title="bbox 200 3305 3467 3400">
     <span class='ocr_line' id='line_1_59' title="bbox 200 3305 3467 3400; baseline 0 -21"><span class='ocrx_word' id='word_1_350' title='bbox 200 3330 244 3380; x_wconf 86' lang='lat'>9.</span> <span class='ocrx_word' id='word_1_351' title='bbox 269 3329 403 3391; x_wconf 84' lang='lat' dir='ltr'>Quid</span> <span class='ocrx_word' id='word_1_352' title='bbox 429 3327 712 3384; x_wconf 88' lang='lat' dir='ltr'>custodiri</span> <span class='ocrx_word' id='word_1_353' title='bbox 733 3328 934 3382; x_wconf 85' lang='lat' dir='ltr'>debeat</span> <span class='ocrx_word' id='word_1_354' title='bbox 959 3328 1002 3381; x_wconf 93' lang='lat' dir='ltr'>si</span> <span class='ocrx_word' id='word_1_355' title='bbox 1031 3343 1132 3398; x_wconf 89' lang='lat' dir='ltr'>per</span> <span class='ocrx_word' id='word_1_356' title='bbox 1152 3328 1451 3398; x_wconf 84' lang='lat' dir='ltr'>praemium</span> <span class='ocrx_word' id='word_1_357' title='bbox 1479 3329 1605 3398; x_wconf 89' lang='lat' dir='ltr'>quis</span> <span class='ocrx_word' id='word_1_358' title='bbox 1627 3329 1742 3399; x_wconf 92' lang='lat' dir='ltr'>epi-</span> <span class='ocrx_word' id='word_1_359' title='bbox 1761 3305 1816 3379; x_wconf 68' lang='grc' dir='ltr'>Ο</span> <span class='ocrx_word' id='word_1_360' title='bbox 1894 3305 2000 3382; x_wconf 76' lang='grc'><strong>16.</strong></span> <span class='ocrx_word' id='word_1_361' title='bbox 2030 3331 2105 3383; x_wconf 89' lang='lat' dir='ltr'>De</span> <span class='ocrx_word' id='word_1_362' title='bbox 2147 3328 2422 3384; x_wconf 90' lang='lat' dir='ltr'>relatione</span> <span class='ocrx_word' id='word_1_363' title='bbox 2468 3329 2784 3398; x_wconf 87' lang='lat' dir='ltr'>gratiarum</span> <span class='ocrx_word' id='word_1_364' title='bbox 2832 3346 2933 3400; x_wconf 92' lang='lat' dir='ltr'>pro</span> <span class='ocrx_word' id='word_1_365' title='bbox 2978 3326 3467 3382; x_wconf 88' lang='lat' dir='ltr'>consummatione</span> 
     </span>
    </p>
   </div>
   <div class='ocr_carea' id='block_1_60' title="bbox 146 3420 1742 3492">
    <p class='ocr_par' dir='ltr' id='par_1_60' title="bbox 146 3420 1742 3492">
     <span class='ocr_line' id='line_1_60' title="bbox 146 3420 1742 3492; baseline 0.003 -22"><span class='ocrx_word' id='word_1_366' title='bbox 146 3435 311 3490; x_wconf 86' lang='lat' dir='ltr'>scopus</span> <span class='ocrx_word' id='word_1_367' title='bbox 326 3421 438 3491; x_wconf 85' lang='lat' dir='ltr'>ﬁat,</span> <span class='ocrx_word' id='word_1_368' title='bbox 453 3423 550 3476; x_wconf 89' lang='lat' dir='ltr'>vel</span> <span class='ocrx_word' id='word_1_369' title='bbox 572 3437 681 3492; x_wconf 91' lang='lat' dir='ltr'>qua</span> <span class='ocrx_word' id='word_1_370' title='bbox 697 3421 979 3475; x_wconf 88' lang='lat' dir='ltr'>sententia</span> <span class='ocrx_word' id='word_1_371' title='bbox 1001 3420 1237 3474; x_wconf 86' lang='lat' dir='ltr'>feriatur</span> <span class='ocrx_word' id='word_1_372' title='bbox 1257 3421 1354 3491; x_wconf 91' lang='lat' dir='ltr'>qui</span> <span class='ocrx_word' id='word_1_373' title='bbox 1375 3422 1443 3475; x_wconf 90' lang='lat' dir='ltr'>ad</span> <span class='ocrx_word' id='word_1_374' title='bbox 1464 3422 1742 3476; x_wconf 85' lang='lat' dir='ltr'>honorem</span> 
     </span>
    </p>
   </div>
   <div class='ocr_carea' id='block_1_61' title="bbox 145 3513 1735 3586">
    <p class='ocr_par' dir='ltr' id='par_1_61' title="bbox 145 3513 1735 3586">
     <span class='ocr_line' id='line_1_61' title="bbox 145 3513 1735 3586; baseline 0.004 -25"><span class='ocrx_word' id='word_1_375' title='bbox 145 3517 398 3584; x_wconf 86' lang='lat' dir='ltr'>acceptum</span> <span class='ocrx_word' id='word_1_376' title='bbox 433 3531 543 3586; x_wconf 87' lang='lat' dir='ltr'>per</span> <span class='ocrx_word' id='word_1_377' title='bbox 573 3514 872 3584; x_wconf 87' lang='lat' dir='ltr'>pecuniam</span> <span class='ocrx_word' id='word_1_378' title='bbox 901 3513 1196 3568; x_wconf 90' lang='lat' dir='ltr'>ordinatus</span> <span class='ocrx_word' id='word_1_379' title='bbox 1222 3513 1393 3568; x_wconf 89' lang='lat' dir='ltr'>fuisse</span> <span class='ocrx_word' id='word_1_380' title='bbox 1433 3514 1735 3582; x_wconf 85' lang='lat' dir='ltr'>detegitur.</span> 
     </span>
    </p>
   </div>
   <div class='ocr_carea' id='block_1_62' title="bbox 1843 3421 2087 3475">
    <p class='ocr_par' dir='ltr' id='par_1_62' title="bbox 1843 3421 2087 3475">
     <span class='ocr_line' id='line_1_62' title="bbox 1843 3421 2087 3475; baseline 0.012 -3"><span class='ocrx_word' id='word_1_381' title='bbox 1843 3421 2087 3475; x_wconf 89' lang='lat' dir='ltr'>concilii.</span> 
     </span>
    </p>
   </div>
   <div class='ocr_carea' id='block_1_63' title="bbox 464 3775 3103 3882">
    <p class='ocr_par' dir='ltr' id='par_1_63' title="bbox 464 3775 3103 3882">
     <span class='ocr_line' id='line_1_63' title="bbox 464 3775 3103 3882; baseline 0.005 -14"><span class='ocrx_word' id='word_1_382' title='bbox 464 3777 888 3869; x_wconf 87' lang='lat' dir='ltr'>INCIPIT</span> <span class='ocrx_word' id='word_1_383' title='bbox 967 3777 1577 3870; x_wconf 89' lang='lat' dir='ltr'>CONCILIUM</span> <span class='ocrx_word' id='word_1_384' title='bbox 1651 3776 2336 3869; x_wconf 90' lang='lat' dir='ltr'>TOLETANUM</span> <span class='ocrx_word' id='word_1_385' title='bbox 2411 3775 3103 3882; x_wconf 73' lang='lat' dir='ltr'>UNDECIMUM,</span> 
     </span>
    </p>
   </div>
   <div class='ocr_carea' id='block_1_64' title="bbox 579 3958 3007 4041">
    <p class='ocr_par' dir='ltr' id='par_1_64' title="bbox 579 3958 3007 4041">
     <span class='ocr_line' id='line_1_64' title="bbox 579 3958 3007 4041; baseline -0.002 -19"><span class='ocrx_word' id='word_1_386' title='bbox 579 3959 896 4022; x_wconf 78' lang='lat' dir='ltr'>Habitum</span> <span class='ocrx_word' id='word_1_387' title='bbox 921 3977 1059 4023; x_wconf 74' lang='lat' dir='ltr'>aera</span> <span class='ocrx_word' id='word_1_388' title='bbox 1087 3979 1338 4036; x_wconf 86' lang='lat' dir='ltr'>nccxm,</span> <span class='ocrx_word' id='word_1_389' title='bbox 1367 3981 1540 4024; x_wconf 87' lang='lat' dir='ltr'>anno</span> <span class='ocrx_word' id='word_1_390' title='bbox 1575 3968 1647 4025; x_wconf 81' lang='lat'>13</span> <span class='ocrx_word' id='word_1_391' title='bbox 1682 3962 2063 4025; x_wconf 78' lang='lat' dir='ltr'>Wamebam’</span> <span class='ocrx_word' id='word_1_392' title='bbox 2089 3962 2284 4041; x_wconf 79' lang='lat' dir='ltr'>regis,</span> <span class='ocrx_word' id='word_1_393' title='bbox 2317 3979 2383 4022; x_wconf 86' lang='lat' dir='ltr'>v1</span> <span class='ocrx_word' id='word_1_394' title='bbox 2418 3959 2575 4022; x_wconf 83' lang='lat' dir='ltr'>Idus</span> <span class='ocrx_word' id='word_1_395' title='bbox 2604 3958 3007 4024; x_wconf 77' lang='lat' dir='ltr'>Novembris.</span> 
     </span>
    </p>
   </div>
   <div class='ocr_carea' id='block_1_65' title="bbox 198 4118 1735 4188">
    <p class='ocr_par' dir='ltr' id='par_1_65' title="bbox 198 4118 1735 4188">
     <span class='ocr_line' id='line_1_65' title="bbox 198 4118 1735 4188; baseline 0.005 -18"><span class='ocrx_word' id='word_1_396' title='bbox 198 4118 248 4171; x_wconf 91' lang='lat' dir='ltr'>ln</span> <span class='ocrx_word' id='word_1_397' title='bbox 289 4121 522 4176; x_wconf 88' lang='lat' dir='ltr'>nomine</span> <span class='ocrx_word' id='word_1_398' title='bbox 573 4125 780 4175; x_wconf 66' lang='lat' dir='ltr'>sanctae</span> <span class='ocrx_word' id='word_1_399' title='bbox 828 4121 1135 4188; x_wconf 87' lang='lat' dir='ltr'>Trinitatis,</span> <span class='ocrx_word' id='word_1_400' title='bbox 1164 4123 1414 4176; x_wconf 88' lang='lat' dir='ltr'>collectis</span> <span class='ocrx_word' id='word_1_401' title='bbox 1457 4124 1517 4177; x_wconf 91' lang='lat' dir='ltr'>in</span> <span class='ocrx_word' id='word_1_402' title='bbox 1558 4141 1735 4177; x_wconf 92' lang='lat' dir='ltr'>unum</span> 
     </span>
    </p>
   </div>
   <div class='ocr_carea' id='block_1_66' title="bbox 140 4209 1737 4283">
    <p class='ocr_par' dir='ltr' id='par_1_66' title="bbox 140 4209 1737 4283">
     <span class='ocr_line' id='line_1_66' title="bbox 140 4209 1737 4283; baseline 0.006 -24"><span class='ocrx_word' id='word_1_403' title='bbox 140 4209 649 4283; x_wconf 78' lang='lat' dir='ltr'>Carthaginensium</span> <span class='ocrx_word' id='word_1_404' title='bbox 666 4214 970 4283; x_wconf 72' lang='lat' dir='ltr'>provinciae</span> <span class='ocrx_word' id='word_1_405' title='bbox 993 4214 1380 4269; x_wconf 86' lang='lat' dir='ltr'>sacerdotibus</span> <span class='ocrx_word' id='word_1_406' title='bbox 1399 4217 1455 4269; x_wconf 91' lang='lat' dir='ltr'>in</span> <span class='ocrx_word' id='word_1_407' title='bbox 1475 4217 1737 4270; x_wconf 78' lang='lat' dir='ltr'>Toletana</span> 
     </span>
    </p>
   </div>
   <div class='ocr_carea' id='block_1_67' title="bbox 144 4301 1733 4377">
    <p class='ocr_par' dir='ltr' id='par_1_67' title="bbox 144 4301 1733 4377">
     <span class='ocr_line' id='line_1_67' title="bbox 144 4301 1733 4377; baseline 0.006 -25"><span class='ocrx_word' id='word_1_408' title='bbox 144 4301 272 4369; x_wconf 85' lang='lat' dir='ltr'>urbe,</span> <span class='ocrx_word' id='word_1_409' title='bbox 297 4306 352 4359; x_wconf 89' lang='lat' dir='ltr'>in</span> <span class='ocrx_word' id='word_1_410' title='bbox 379 4306 572 4362; x_wconf 71' lang='lat' dir='ltr'>beata:</span> <span class='ocrx_word' id='word_1_411' title='bbox 599 4307 797 4360; x_wconf 89' lang='lat' dir='ltr'>matris</span> <span class='ocrx_word' id='word_1_412' title='bbox 827 4307 1050 4360; x_wconf 90' lang='lat' dir='ltr'>Domini</span> <span class='ocrx_word' id='word_1_413' title='bbox 1079 4307 1266 4361; x_wconf 63' lang='lat' dir='ltr'>Maria:</span> <span class='ocrx_word' id='word_1_414' title='bbox 1295 4308 1543 4377; x_wconf 87' lang='lat' dir='ltr'>Virginis</span> <span class='ocrx_word' id='word_1_415' title='bbox 1579 4309 1733 4373; x_wconf 89' lang='lat' dir='ltr'>sede,</span> 
     </span>
    </p>
   </div>
   <div class='ocr_carea' id='block_1_68' title="bbox 142 4398 1736 4468">
    <p class='ocr_par' dir='ltr' id='par_1_68' title="bbox 142 4398 1736 4468">
     <span class='ocr_line' id='line_1_68' title="bbox 142 4398 1736 4468; baseline 0.005 -23"><span class='ocrx_word' id='word_1_416' title='bbox 142 4408 265 4449; x_wconf 83' lang='lat' dir='ltr'>anno</span> <span class='ocrx_word' id='word_1_417' title='bbox 304 4404 504 4468; x_wconf 72' lang='lat' dir='ltr'>quarto</span> <span class='ocrx_word' id='word_1_418' title='bbox 554 4398 1014 4452; x_wconf 85' lang='lat' dir='ltr'>excellentissimi</span> <span class='ocrx_word' id='word_1_419' title='bbox 1056 4415 1121 4451; x_wconf 89' lang='lat' dir='ltr'>ac</span> <span class='ocrx_word' id='word_1_420' title='bbox 1165 4399 1412 4468; x_wconf 87' lang='lat' dir='ltr'>religiosi</span> <span class='ocrx_word' id='word_1_421' title='bbox 1441 4400 1736 4453; x_wconf 87' lang='lat' dir='ltr'>Wambani</span> 
     </span>
    </p>
   </div>
   <div class='ocr_carea' id='block_1_69' title="bbox 1836 4119 3466 4190">
    <p class='ocr_par' dir='ltr' id='par_1_69' title="bbox 1836 4119 3466 4190">
     <span class='ocr_line' id='line_1_69' title="bbox 1836 4119 3466 4190; baseline -0.002 -14"><span class='ocrx_word' id='word_1_422' title='bbox 1836 4124 1977 4176; x_wconf 91' lang='lat' dir='ltr'>citer</span> <span class='ocrx_word' id='word_1_423' title='bbox 1998 4123 2186 4176; x_wconf 87' lang='lat' dir='ltr'>sensui</span> <span class='ocrx_word' id='word_1_424' title='bbox 2208 4123 2400 4176; x_wconf 90' lang='lat' dir='ltr'>volens</span> <span class='ocrx_word' id='word_1_425' title='bbox 2422 4122 2722 4186; x_wconf 77' lang='lat' dir='ltr'>inhaerere,</span> <span class='ocrx_word' id='word_1_426' title='bbox 2741 4135 2916 4174; x_wconf 72' lang='lat' dir='ltr'>sacras</span> <span class='ocrx_word' id='word_1_427' title='bbox 2933 4119 3233 4190; x_wconf 59' lang='lat' dir='ltr'>Scriptura:</span> <span class='ocrx_word' id='word_1_428' title='bbox 3253 4119 3466 4190; x_wconf 85' lang='lat' dir='ltr'>purita-</span> 
     </span>
    </p>
   </div>
   <div class='ocr_carea' id='block_1_70' title="bbox 1836 4213 3468 4284">
    <p class='ocr_par' dir='ltr' id='par_1_70' title="bbox 1836 4213 3468 4284">
     <span class='ocr_line' id='line_1_70' title="bbox 1836 4213 3468 4284; baseline -0.001 -16"><span class='ocrx_word' id='word_1_429' title='bbox 1836 4220 1948 4269; x_wconf 86' lang='lat' dir='ltr'>tem</span> <span class='ocrx_word' id='word_1_430' title='bbox 1995 4232 2110 4268; x_wconf 60' lang='lat' dir='ltr'>suae</span> <span class='ocrx_word' id='word_1_431' title='bbox 2148 4215 2434 4284; x_wconf 90' lang='lat' dir='ltr'>pravitatis</span> <span class='ocrx_word' id='word_1_432' title='bbox 2465 4213 2844 4284; x_wconf 87' lang='lat' dir='ltr'>intelligentia</span> <span class='ocrx_word' id='word_1_433' title='bbox 2878 4213 3156 4283; x_wconf 88' lang='lat' dir='ltr'>profanat.</span> <span class='ocrx_word' id='word_1_434' title='bbox 3188 4214 3468 4267; x_wconf 72' lang='lat' dir='ltr'>Praeterea</span> 
     </span>
    </p>
   </div>
   <div class='ocr_carea' id='block_1_71' title="bbox 1838 4305 3468 4362">
    <p class='ocr_par' dir='ltr' id='par_1_71' title="bbox 1838 4305 3468 4362">
     <span class='ocr_line' id='line_1_71' title="bbox 1838 4305 3468 4362; baseline -0.001 -2"><span class='ocrx_word' id='word_1_435' title='bbox 1838 4313 2252 4362; x_wconf 86' lang='lat' dir='ltr'>sacrosanctam</span> <span class='ocrx_word' id='word_1_436' title='bbox 2282 4307 2584 4362; x_wconf 87' lang='lat' dir='ltr'>Ecclesiam</span> <span class='ocrx_word' id='word_1_437' title='bbox 2619 4306 2717 4360; x_wconf 89' lang='lat' dir='ltr'>Dei</span> <span class='ocrx_word' id='word_1_438' title='bbox 2750 4307 3052 4360; x_wconf 89' lang='lat' dir='ltr'>vulnerant</span> <span class='ocrx_word' id='word_1_439' title='bbox 3080 4305 3252 4359; x_wconf 87' lang='lat' dir='ltr'>etiam</span> <span class='ocrx_word' id='word_1_440' title='bbox 3284 4311 3468 4359; x_wconf 91' lang='lat' dir='ltr'>custo-</span> 
     </span>
    </p>
   </div>
   <div class='ocr_carea' id='block_1_72' title="bbox 1838 4398 3467 4470">
    <p class='ocr_par' dir='ltr' id='par_1_72' title="bbox 1838 4398 3467 4470">
     <span class='ocr_line' id='line_1_72' title="bbox 1838 4398 3467 4470; baseline 0 -18"><span class='ocrx_word' id='word_1_441' title='bbox 1838 4400 1936 4453; x_wconf 90' lang='lat' dir='ltr'>des</span> <span class='ocrx_word' id='word_1_442' title='bbox 1958 4401 2100 4470; x_wconf 91' lang='lat' dir='ltr'>ejus,</span> <span class='ocrx_word' id='word_1_443' title='bbox 2121 4400 2218 4470; x_wconf 90' lang='lat' dir='ltr'>qui</span> <span class='ocrx_word' id='word_1_444' title='bbox 2238 4417 2368 4454; x_wconf 90' lang='lat' dir='ltr'>cum</span> <span class='ocrx_word' id='word_1_445' title='bbox 2388 4399 2664 4454; x_wconf 88' lang='lat' dir='ltr'>deberent</span> <span class='ocrx_word' id='word_1_446' title='bbox 2679 4399 2750 4452; x_wconf 91' lang='lat' dir='ltr'>ob</span> <span class='ocrx_word' id='word_1_447' title='bbox 2765 4398 3058 4468; x_wconf 82' lang='lat' dir='ltr'>dignitatis</span> <span class='ocrx_word' id='word_1_448' title='bbox 3075 4398 3467 4452; x_wconf 81' lang='lat' dir='ltr'>excellentiam</span> 
     </span>
    </p>
   </div>
   <div class='ocr_carea' id='block_1_73' title="bbox 142 4482 3469 4566">
    <p class='ocr_par' dir='ltr' id='par_1_73' title="bbox 142 4482 3469 4566">
     <span class='ocr_line' id='line_1_73' title="bbox 142 4482 3469 4566; baseline -0.001 -14"><span class='ocrx_word' id='word_1_449' title='bbox 142 4486 392 4560; x_wconf 69' lang='lat' dir='ltr'>Pl&#39;iDCiPis,</span> <span class='ocrx_word' id='word_1_450' title='bbox 427 4493 534 4545; x_wconf 84' lang='lat' dir='ltr'>sub</span> <span class='ocrx_word' id='word_1_451' title='bbox 568 4490 658 4544; x_wconf 78' lang='lat' dir='ltr'>die</span> <span class='ocrx_word' id='word_1_452' title='bbox 687 4490 931 4560; x_wconf 75' lang='lat' dir='ltr'>septimo</span> <span class='ocrx_word' id='word_1_453' title='bbox 965 4491 1092 4544; x_wconf 80' lang='lat' dir='ltr'>ldus</span> <span class='ocrx_word' id='word_1_454' title='bbox 1120 4491 1471 4545; x_wconf 74' lang='lat' dir='ltr'>Novembris.</span> <span class='ocrx_word' id='word_1_455' title='bbox 1502 4493 1611 4545; x_wconf 82' lang='lat' dir='ltr'>Res</span> <span class='ocrx_word' id='word_1_456' title='bbox 1642 4510 1734 4546; x_wconf 72' lang='grc' dir='ltr'>νο·</span> <span class='ocrx_word' id='word_1_457' title='bbox 1756 4482 1814 4552; x_wconf 90' lang='grc' dir='ltr'>Ι)</span> <span class='ocrx_word' id='word_1_458' title='bbox 1838 4501 2073 4550; x_wconf 69' lang='lat' dir='ltr'>caeteros</span> <span class='ocrx_word' id='word_1_459' title='bbox 2110 4513 2214 4566; x_wconf 91' lang='lat' dir='ltr'>per</span> <span class='ocrx_word' id='word_1_460' title='bbox 2241 4513 2357 4550; x_wconf 71' lang='lat' dir='ltr'>sum</span> <span class='ocrx_word' id='word_1_461' title='bbox 2383 4497 2607 4550; x_wconf 91' lang='lat' dir='ltr'>virtutis</span> <span class='ocrx_word' id='word_1_462' title='bbox 2638 4495 3015 4549; x_wconf 86' lang='lat' dir='ltr'>imitationem</span> <span class='ocrx_word' id='word_1_463' title='bbox 3057 4509 3358 4564; x_wconf 85' lang='lat' dir='ltr'>provocare</span> <span class='ocrx_word' id='word_1_464' title='bbox 3398 4495 3469 4548; x_wconf 89' lang='lat' dir='ltr'>ad</span> 
     </span>
    </p>
   </div>
   <div class='ocr_carea' id='block_1_74' title="bbox 144 4577 1739 4653">
    <p class='ocr_par' dir='ltr' id='par_1_74' title="bbox 144 4577 1739 4653">
     <span class='ocr_line' id='line_1_74' title="bbox 144 4577 1739 4653; baseline 0.008 -27"><span class='ocrx_word' id='word_1_465' title='bbox 144 4577 232 4630; x_wconf 84' lang='lat' dir='ltr'>tiva</span> <span class='ocrx_word' id='word_1_466' title='bbox 255 4583 454 4650; x_wconf 81' lang='lat' dir='ltr'>gaudii,</span> <span class='ocrx_word' id='word_1_467' title='bbox 476 4587 539 4638; x_wconf 89' lang='lat' dir='ltr'>et</span> <span class='ocrx_word' id='word_1_468' title='bbox 572 4583 690 4636; x_wconf 88' lang='lat' dir='ltr'>dies</span> <span class='ocrx_word' id='word_1_469' title='bbox 721 4583 962 4637; x_wconf 90' lang='lat' dir='ltr'>nimium</span> <span class='ocrx_word' id='word_1_470' title='bbox 990 4587 1199 4652; x_wconf 62' lang='lat' dir='ltr'>optatas</span> <span class='ocrx_word' id='word_1_471' title='bbox 1223 4584 1622 4653; x_wconf 87' lang='lat' dir='ltr'>gratulationis</span> <span class='ocrx_word' id='word_1_472' title='bbox 1653 4601 1739 4638; x_wconf 92' lang='lat' dir='ltr'>oc-</span> 
     </span>
    </p>
   </div>
   <div class='ocr_carea' id='block_1_75' title="bbox 144 4673 1740 4747">
    <p class='ocr_par' dir='ltr' id='par_1_75' title="bbox 144 4673 1740 4747">
     <span class='ocr_line' id='line_1_75' title="bbox 144 4673 1740 4747; baseline 0.006 -27"><span class='ocrx_word' id='word_1_473' title='bbox 144 4673 304 4738; x_wconf 89' lang='lat' dir='ltr'>currit,</span> <span class='ocrx_word' id='word_1_474' title='bbox 333 4674 387 4728; x_wconf 93' lang='lat' dir='ltr'>in</span> <span class='ocrx_word' id='word_1_475' title='bbox 416 4693 534 4746; x_wconf 89' lang='lat' dir='ltr'>quo</span> <span class='ocrx_word' id='word_1_476' title='bbox 565 4675 729 4729; x_wconf 89' lang='lat' dir='ltr'>nobis</span> <span class='ocrx_word' id='word_1_477' title='bbox 757 4675 953 4729; x_wconf 86' lang='lat' dir='ltr'>datum</span> <span class='ocrx_word' id='word_1_478' title='bbox 986 4681 1068 4730; x_wconf 91' lang='lat' dir='ltr'>est</span> <span class='ocrx_word' id='word_1_479' title='bbox 1098 4676 1416 4746; x_wconf 85' lang='lat' dir='ltr'>conspicere</span> <span class='ocrx_word' id='word_1_480' title='bbox 1444 4677 1657 4747; x_wconf 90' lang='lat' dir='ltr'>pariter</span> <span class='ocrx_word' id='word_1_481' title='bbox 1683 4681 1740 4730; x_wconf 91' lang='lat' dir='ltr'>et</span> 
     </span>
    </p>
   </div>
   <div class='ocr_carea' id='block_1_76' title="bbox 145 4760 1735 4838">
    <p class='ocr_par' dir='ltr' id='par_1_76' title="bbox 145 4760 1735 4838">
     <span class='ocr_line' id='line_1_76' title="bbox 145 4760 1735 4838; baseline 0.007 -26"><span class='ocrx_word' id='word_1_482' title='bbox 145 4760 317 4819; x_wconf 82' lang='lat' dir='ltr'>deﬂere</span> <span class='ocrx_word' id='word_1_483' title='bbox 344 4769 484 4837; x_wconf 92' lang='lat' dir='ltr'>quid</span> <span class='ocrx_word' id='word_1_484' title='bbox 510 4770 897 4838; x_wconf 86' lang='lat' dir='ltr'>lacrymarum</span> <span class='ocrx_word' id='word_1_485' title='bbox 944 4769 1014 4824; x_wconf 91' lang='lat' dir='ltr'>de</span> <span class='ocrx_word' id='word_1_486' title='bbox 1040 4768 1340 4838; x_wconf 65' lang='lat' dir='ltr'>praeteritis</span> <span class='ocrx_word' id='word_1_487' title='bbox 1372 4770 1612 4824; x_wconf 91' lang='lat' dir='ltr'>Domino</span> <span class='ocrx_word' id='word_1_488' title='bbox 1637 4769 1735 4823; x_wconf 91' lang='lat' dir='ltr'>de-</span> 
     </span>
    </p>
   </div>
   <div class='ocr_carea' id='block_1_77' title="bbox 143 4850 1738 4931">
    <p class='ocr_par' dir='ltr' id='par_1_77' title="bbox 143 4850 1738 4931">
     <span class='ocr_line' id='line_1_77' title="bbox 143 4850 1738 4931; baseline 0.006 -27"><span class='ocrx_word' id='word_1_489' title='bbox 143 4850 372 4927; x_wconf 81' lang='lat' dir='ltr'>beamus;</span> <span class='ocrx_word' id='word_1_490' title='bbox 407 4876 646 4915; x_wconf 86' lang='lat' dir='ltr'>eramus</span> <span class='ocrx_word' id='word_1_491' title='bbox 673 4861 826 4914; x_wconf 90' lang='lat' dir='ltr'>enim</span> <span class='ocrx_word' id='word_1_492' title='bbox 858 4861 1147 4931; x_wconf 89' lang='lat' dir='ltr'>hucusque</span> <span class='ocrx_word' id='word_1_493' title='bbox 1179 4861 1524 4930; x_wconf 89' lang='lat' dir='ltr'>prolabentis</span> <span class='ocrx_word' id='word_1_494' title='bbox 1551 4862 1738 4916; x_wconf 66' lang='lat' dir='ltr'>seaculi</span> 
     </span>
    </p>
   </div>
   <div class='ocr_carea' id='block_1_78' title="bbox 145 4947 1738 5024">
    <p class='ocr_par' dir='ltr' id='par_1_78' title="bbox 145 4947 1738 5024">
     <span class='ocr_line' id='line_1_78' title="bbox 145 4947 1738 5024; baseline 0.008 -28"><span class='ocrx_word' id='word_1_495' title='bbox 145 4947 422 5006; x_wconf 81' lang='lat' dir='ltr'>colluvione</span> <span class='ocrx_word' id='word_1_496' title='bbox 462 4953 781 5019; x_wconf 88' lang='lat' dir='ltr'>instabiles,</span> <span class='ocrx_word' id='word_1_497' title='bbox 809 4953 943 5024; x_wconf 90' lang='lat' dir='ltr'>quia</span> <span class='ocrx_word' id='word_1_498' title='bbox 969 4969 1186 5008; x_wconf 89' lang='lat' dir='ltr'>annosa</span> <span class='ocrx_word' id='word_1_499' title='bbox 1216 4953 1388 5006; x_wconf 89' lang='lat' dir='ltr'>series</span> <span class='ocrx_word' id='word_1_500' title='bbox 1412 4956 1738 5024; x_wconf 89' lang='lat' dir='ltr'>temporum</span> 
     </span>
    </p>
   </div>
   <div class='ocr_carea' id='block_1_79' title="bbox 143 5039 1740 5100">
    <p class='ocr_par' dir='ltr' id='par_1_79' title="bbox 143 5039 1740 5100">
     <span class='ocr_line' id='line_1_79' title="bbox 143 5039 1740 5100; baseline 0.004 -7"><span class='ocrx_word' id='word_1_501' title='bbox 143 5039 394 5097; x_wconf 86' lang='lat' dir='ltr'>subtracta</span> <span class='ocrx_word' id='word_1_502' title='bbox 422 5046 554 5099; x_wconf 90' lang='lat' dir='ltr'>luce</span> <span class='ocrx_word' id='word_1_503' title='bbox 579 5045 948 5100; x_wconf 90' lang='lat' dir='ltr'>conciliorum</span> <span class='ocrx_word' id='word_1_504' title='bbox 984 5063 1097 5099; x_wconf 90' lang='lat' dir='ltr'>non</span> <span class='ocrx_word' id='word_1_505' title='bbox 1130 5049 1248 5100; x_wconf 90' lang='lat' dir='ltr'>tam</span> <span class='ocrx_word' id='word_1_506' title='bbox 1275 5045 1412 5099; x_wconf 90' lang='lat' dir='ltr'>vitia</span> <span class='ocrx_word' id='word_1_507' title='bbox 1447 5046 1740 5100; x_wconf 82' lang='lat' dir='ltr'>auferebat</span> 
     </span>
    </p>
   </div>
   <div class='ocr_carea' id='block_1_80' title="bbox 144 5137 1740 5207">
    <p class='ocr_par' dir='ltr' id='par_1_80' title="bbox 144 5137 1740 5207">
     <span class='ocr_line' id='line_1_80' title="bbox 144 5137 1740 5207; baseline 0.005 -24"><span class='ocrx_word' id='word_1_508' title='bbox 144 5146 287 5198; x_wconf 80' lang='lat' dir='ltr'>quam</span> <span class='ocrx_word' id='word_1_509' title='bbox 309 5142 554 5191; x_wconf 88' lang='lat' dir='ltr'>matrem</span> <span class='ocrx_word' id='word_1_510' title='bbox 573 5138 837 5192; x_wconf 90' lang='lat' dir='ltr'>omnium</span> <span class='ocrx_word' id='word_1_511' title='bbox 859 5154 1120 5192; x_wconf 90' lang='lat' dir='ltr'>errorum</span> <span class='ocrx_word' id='word_1_512' title='bbox 1147 5137 1526 5207; x_wconf 86' lang='lat' dir='ltr'>ignorantiam</span> <span class='ocrx_word' id='word_1_513' title='bbox 1549 5138 1740 5192; x_wconf 91' lang='lat' dir='ltr'>otiosis</span> 
     </span>
    </p>
   </div>
   <div class='ocr_carea' id='block_1_81' title="bbox 141 5227 1735 5301">
    <p class='ocr_par' dir='ltr' id='par_1_81' title="bbox 141 5227 1735 5301">
     <span class='ocr_line' id='line_1_81' title="bbox 141 5227 1735 5301; baseline 0.008 -28"><span class='ocrx_word' id='word_1_514' title='bbox 141 5227 393 5282; x_wconf 89' lang='lat' dir='ltr'>mentibus</span> <span class='ocrx_word' id='word_1_515' title='bbox 428 5229 749 5301; x_wconf 86' lang='lat' dir='ltr'>ingerebat.</span> <span class='ocrx_word' id='word_1_516' title='bbox 804 5230 1085 5284; x_wconf 85' lang='lat' dir='ltr'>Hactenus</span> <span class='ocrx_word' id='word_1_517' title='bbox 1112 5230 1266 5284; x_wconf 91' lang='lat' dir='ltr'>enim</span> <span class='ocrx_word' id='word_1_518' title='bbox 1298 5230 1599 5284; x_wconf 84' lang='lat' dir='ltr'>ﬂorentem</span> <span class='ocrx_word' id='word_1_519' title='bbox 1629 5233 1735 5285; x_wconf 88' lang='lat' dir='ltr'>Do-</span> 
     </span>
    </p>
   </div>
   <div class='ocr_carea' id='block_1_82' title="bbox 145 5317 1735 5394">
    <p class='ocr_par' dir='ltr' id='par_1_82' title="bbox 145 5317 1735 5394">
     <span class='ocr_line' id='line_1_82' title="bbox 145 5317 1735 5394; baseline 0.007 -27"><span class='ocrx_word' id='word_1_520' title='bbox 145 5317 261 5371; x_wconf 87' lang='lat' dir='ltr'>mini</span> <span class='ocrx_word' id='word_1_521' title='bbox 281 5322 507 5376; x_wconf 88' lang='lat' dir='ltr'>vineam</span> <span class='ocrx_word' id='word_1_522' title='bbox 554 5323 986 5376; x_wconf 82' lang='lat' dir='ltr'>devastaverunt</span> <span class='ocrx_word' id='word_1_523' title='bbox 1025 5322 1148 5393; x_wconf 90' lang='lat' dir='ltr'>apri</span> <span class='ocrx_word' id='word_1_524' title='bbox 1187 5322 1532 5390; x_wconf 86' lang='lat' dir='ltr'>frendentes,</span> <span class='ocrx_word' id='word_1_525' title='bbox 1564 5341 1735 5394; x_wconf 89' lang='lat' dir='ltr'>spon-</span> 
     </span>
    </p>
   </div>
   <div class='ocr_carea' id='block_1_83' title="bbox 142 5413 1738 5486">
    <p class='ocr_par' dir='ltr' id='par_1_83' title="bbox 142 5413 1738 5486">
     <span class='ocr_line' id='line_1_83' title="bbox 142 5413 1738 5486; baseline 0.003 -21"><span class='ocrx_word' id='word_1_526' title='bbox 142 5424 240 5463; x_wconf 82' lang='lat' dir='ltr'>sam</span> <span class='ocrx_word' id='word_1_527' title='bbox 268 5413 488 5478; x_wconf 89' lang='lat' dir='ltr'>Christi,</span> <span class='ocrx_word' id='word_1_528' title='bbox 523 5431 693 5485; x_wconf 87' lang='lat' dir='ltr'>quam</span> <span class='ocrx_word' id='word_1_529' title='bbox 727 5416 812 5468; x_wconf 91' lang='lat' dir='ltr'>sui</span> <span class='ocrx_word' id='word_1_530' title='bbox 841 5414 1236 5486; x_wconf 90' lang='lat' dir='ltr'>pretiosissimi</span> <span class='ocrx_word' id='word_1_531' title='bbox 1271 5415 1568 5485; x_wconf 86' lang='lat' dir='ltr'>sanguinis</span> <span class='ocrx_word' id='word_1_532' title='bbox 1597 5416 1738 5470; x_wconf 75' lang='lat' dir='ltr'>effu-</span> 
     </span>
    </p>
   </div>
   <div class='ocr_carea' id='block_1_84' title="bbox 144 5500 1740 5579">
    <p class='ocr_par' dir='ltr' id='par_1_84' title="bbox 144 5500 1740 5579">
     <span class='ocr_line' id='line_1_84' title="bbox 144 5500 1740 5579; baseline 0.008 -29"><span class='ocrx_word' id='word_1_533' title='bbox 144 5500 275 5557; x_wconf 83' lang='lat' dir='ltr'>sione</span> <span class='ocrx_word' id='word_1_534' title='bbox 300 5507 641 5574; x_wconf 88' lang='lat' dir='ltr'>conciliavit,</span> <span class='ocrx_word' id='word_1_535' title='bbox 670 5523 1042 5579; x_wconf 89' lang='lat' dir='ltr'>conspurcare</span> <span class='ocrx_word' id='word_1_536' title='bbox 1069 5511 1127 5562; x_wconf 92' lang='lat' dir='ltr'>et</span> <span class='ocrx_word' id='word_1_537' title='bbox 1154 5507 1405 5578; x_wconf 90' lang='lat' dir='ltr'>polluere</span> <span class='ocrx_word' id='word_1_538' title='bbox 1435 5513 1630 5562; x_wconf 75' lang='lat' dir='ltr'>conata</span> <span class='ocrx_word' id='word_1_539' title='bbox 1657 5513 1740 5562; x_wconf 91' lang='lat' dir='ltr'>est</span> 
     </span>
    </p>
   </div>
   <div class='ocr_carea' id='block_1_85' title="bbox 143 5588 1739 5663">
    <p class='ocr_par' dir='ltr' id='par_1_85' title="bbox 143 5588 1739 5663">
     <span class='ocr_line' id='line_1_85' title="bbox 143 5588 1739 5663; baseline 0.007 -20"><span class='ocrx_word' id='word_1_540' title='bbox 143 5588 518 5653; x_wconf 64' lang='lat' dir='ltr'>haereticorum</span> <span class='ocrx_word' id='word_1_541' title='bbox 559 5599 792 5654; x_wconf 88' lang='lat' dir='ltr'>subdola</span> <span class='ocrx_word' id='word_1_542' title='bbox 839 5599 1202 5663; x_wconf 88' lang='lat' dir='ltr'>machinatio,</span> <span class='ocrx_word' id='word_1_543' title='bbox 1245 5604 1300 5654; x_wconf 88' lang='lat' dir='ltr'>et</span> <span class='ocrx_word' id='word_1_544' title='bbox 1348 5600 1739 5654; x_wconf 90' lang='lat' dir='ltr'>inconsutilem</span> 
     </span>
    </p>
   </div>
   <div class='ocr_carea' id='block_1_86' title="bbox 144 5683 1736 5758">
    <p class='ocr_par' dir='ltr' id='par_1_86' title="bbox 144 5683 1736 5758">
     <span class='ocr_line' id='line_1_86' title="bbox 144 5683 1736 5758; baseline 0.004 -19"><span class='ocrx_word' id='word_1_545' title='bbox 144 5683 340 5742; x_wconf 86' lang='lat' dir='ltr'>Domini</span> <span class='ocrx_word' id='word_1_546' title='bbox 386 5695 598 5746; x_wconf 87' lang='lat' dir='ltr'>vestem</span> <span class='ocrx_word' id='word_1_547' title='bbox 644 5693 915 5758; x_wconf 89' lang='lat' dir='ltr'>dividere,</span> <span class='ocrx_word' id='word_1_548' title='bbox 963 5693 1236 5747; x_wconf 89' lang='lat' dir='ltr'>unitatem</span> <span class='ocrx_word' id='word_1_549' title='bbox 1286 5692 1414 5746; x_wconf 83' lang='lat' dir='ltr'>ﬁdei</span> <span class='ocrx_word' id='word_1_550' title='bbox 1459 5691 1736 5756; x_wconf 87' lang='lat' dir='ltr'>scindere,</span> 
     </span>
    </p>
   </div>
   <div class='ocr_carea' id='block_1_87' title="bbox 146 5775 1741 5854">
    <p class='ocr_par' dir='ltr' id='par_1_87' title="bbox 146 5775 1741 5854">
     <span class='ocr_line' id='line_1_87' title="bbox 146 5775 1741 5854; baseline 0.004 -22"><span class='ocrx_word' id='word_1_551' title='bbox 146 5775 403 5838; x_wconf 81' lang='lat' dir='ltr'>charitatis</span> <span class='ocrx_word' id='word_1_552' title='bbox 431 5785 628 5840; x_wconf 90' lang='lat' dir='ltr'>tollere</span> <span class='ocrx_word' id='word_1_553' title='bbox 659 5787 934 5853; x_wconf 86' lang='lat' dir='ltr'>fomenta,</span> <span class='ocrx_word' id='word_1_554' title='bbox 957 5801 1087 5841; x_wconf 90' lang='lat' dir='ltr'>cum</span> <span class='ocrx_word' id='word_1_555' title='bbox 1116 5801 1216 5839; x_wconf 90' lang='lat' dir='ltr'>suo</span> <span class='ocrx_word' id='word_1_556' title='bbox 1244 5784 1475 5854; x_wconf 89' lang='lat' dir='ltr'>proprio</span> <span class='ocrx_word' id='word_1_557' title='bbox 1501 5785 1741 5854; x_wconf 82' lang='lat' dir='ltr'>pertina-</span> 
     </span>
    </p>
   </div>
   <div class='ocr_carea' id='block_1_88' title="bbox 1839 4587 3467 4656">
    <p class='ocr_par' dir='ltr' id='par_1_88' title="bbox 1839 4587 3467 4656">
     <span class='ocr_line' id='line_1_88' title="bbox 1839 4587 3467 4656; baseline 0 -16"><span class='ocrx_word' id='word_1_558' title='bbox 1839 4588 2126 4641; x_wconf 87' lang='lat' dir='ltr'>charitatis</span> <span class='ocrx_word' id='word_1_559' title='bbox 2186 4594 2241 4642; x_wconf 91' lang='lat' dir='ltr'>et</span> <span class='ocrx_word' id='word_1_560' title='bbox 2302 4589 2530 4642; x_wconf 89' lang='lat' dir='ltr'>unitatis</span> <span class='ocrx_word' id='word_1_561' title='bbox 2579 4588 3014 4652; x_wconf 89' lang='lat' dir='ltr'>observantiam,</span> <span class='ocrx_word' id='word_1_562' title='bbox 3066 4589 3335 4656; x_wconf 87' lang='lat' dir='ltr'>tanquam</span> <span class='ocrx_word' id='word_1_563' title='bbox 3387 4587 3467 4640; x_wconf 85' lang='lat' dir='ltr'>sal</span> 
     </span>
    </p>
   </div>
   <div class='ocr_carea' id='block_1_89' title="bbox 1839 4676 3466 4749">
    <p class='ocr_par' dir='ltr' id='par_1_89' title="bbox 1839 4676 3466 4749">
     <span class='ocr_line' id='line_1_89' title="bbox 1839 4676 3466 4749; baseline 0 -17"><span class='ocrx_word' id='word_1_564' title='bbox 1839 4679 2203 4747; x_wconf 88' lang='lat' dir='ltr'>infatuatum,</span> <span class='ocrx_word' id='word_1_565' title='bbox 2229 4681 2414 4749; x_wconf 90' lang='lat' dir='ltr'>potius</span> <span class='ocrx_word' id='word_1_566' title='bbox 2441 4679 2694 4733; x_wconf 87' lang='lat' dir='ltr'>scandali</span> <span class='ocrx_word' id='word_1_567' title='bbox 2723 4695 2895 4748; x_wconf 87' lang='lat' dir='ltr'>quam</span> <span class='ocrx_word' id='word_1_568' title='bbox 2926 4676 3312 4732; x_wconf 65' lang='lat' dir='ltr'>aediﬁcationis</span> <span class='ocrx_word' id='word_1_569' title='bbox 3331 4678 3466 4732; x_wconf 87' lang='lat' dir='ltr'>dant</span> 
     </span>
    </p>
   </div>
   <div class='ocr_carea' id='block_1_90' title="bbox 1838 4770 3464 4840">
    <p class='ocr_par' dir='ltr' id='par_1_90' title="bbox 1838 4770 3464 4840">
     <span class='ocr_line' id='line_1_90' title="bbox 1838 4770 3464 4840; baseline 0 -16"><span class='ocrx_word' id='word_1_570' title='bbox 1838 4772 2155 4825; x_wconf 89' lang='lat' dir='ltr'>materiam.</span> <span class='ocrx_word' id='word_1_571' title='bbox 2199 4772 2335 4826; x_wconf 84' lang='lat' dir='ltr'>Hinc</span> <span class='ocrx_word' id='word_1_572' title='bbox 2371 4771 2735 4826; x_wconf 88' lang='lat' dir='ltr'>cernentibus</span> <span class='ocrx_word' id='word_1_573' title='bbox 2783 4770 3070 4840; x_wconf 89' lang='lat' dir='ltr'>quomodo</span> <span class='ocrx_word' id='word_1_574' title='bbox 3128 4770 3464 4825; x_wconf 67' lang='lat' dir='ltr'>Babilonicaa</span> 
     </span>
    </p>
   </div>
   <div class='ocr_carea' id='block_1_91' title="bbox 1839 4864 3464 4933">
    <p class='ocr_par' dir='ltr' id='par_1_91' title="bbox 1839 4864 3464 4933">
     <span class='ocr_line' id='line_1_91' title="bbox 1839 4864 3464 4933; baseline 0.001 -17"><span class='ocrx_word' id='word_1_575' title='bbox 1839 4864 2190 4918; x_wconf 86' lang='lat' dir='ltr'>confusionis</span> <span class='ocrx_word' id='word_1_576' title='bbox 2229 4864 2338 4917; x_wconf 91' lang='lat' dir='ltr'>olla</span> <span class='ocrx_word' id='word_1_577' title='bbox 2377 4880 2663 4929; x_wconf 90' lang='lat' dir='ltr'>succensa,</span> <span class='ocrx_word' id='word_1_578' title='bbox 2693 4879 2843 4916; x_wconf 92' lang='lat' dir='ltr'>nunc</span> <span class='ocrx_word' id='word_1_579' title='bbox 2888 4869 3143 4933; x_wconf 88' lang='lat' dir='ltr'>tempora</span> <span class='ocrx_word' id='word_1_580' title='bbox 3182 4868 3464 4918; x_wconf 90' lang='lat' dir='ltr'>averteret</span> 
     </span>
    </p>
   </div>
   <div class='ocr_carea' id='block_1_92' title="bbox 1837 4955 3467 5021">
    <p class='ocr_par' dir='ltr' id='par_1_92' title="bbox 1837 4955 3467 5021">
     <span class='ocr_line' id='line_1_92' title="bbox 1837 4955 3467 5021; baseline -0.001 -11"><span class='ocrx_word' id='word_1_581' title='bbox 1837 4956 2226 5021; x_wconf 89' lang='lat' dir='ltr'>conciliorum,</span> <span class='ocrx_word' id='word_1_582' title='bbox 2270 4972 2421 5009; x_wconf 91' lang='lat' dir='ltr'>nunc</span> <span class='ocrx_word' id='word_1_583' title='bbox 2460 4956 2782 5009; x_wconf 91' lang='lat' dir='ltr'>sacerdotes</span> <span class='ocrx_word' id='word_1_584' title='bbox 2831 4955 3053 5009; x_wconf 90' lang='lat' dir='ltr'>Domini</span> <span class='ocrx_word' id='word_1_585' title='bbox 3099 4955 3167 5010; x_wconf 91' lang='lat' dir='ltr'>de</span> <span class='ocrx_word' id='word_1_586' title='bbox 3206 4957 3467 5010; x_wconf 89' lang='lat' dir='ltr'>resolutis</span> 
     </span>
    </p>
   </div>
   <div class='ocr_carea' id='block_1_93' title="bbox 1838 5048 3461 5118">
    <p class='ocr_par' dir='ltr' id='par_1_93' title="bbox 1838 5048 3461 5118">
     <span class='ocr_line' id='line_1_93' title="bbox 1838 5048 3461 5118; baseline 0.001 -17"><span class='ocrx_word' id='word_1_587' title='bbox 1838 5049 2094 5102; x_wconf 88' lang='lat' dir='ltr'>moribus</span> <span class='ocrx_word' id='word_1_588' title='bbox 2142 5049 2407 5116; x_wconf 88' lang='lat' dir='ltr'>irretiret,</span> <span class='ocrx_word' id='word_1_589' title='bbox 2439 5054 2766 5118; x_wconf 68' lang='lat' dir='ltr'>purpurata.-</span> <span class='ocrx_word' id='word_1_590' title='bbox 2816 5048 2972 5101; x_wconf 89' lang='lat' dir='ltr'>enim</span> <span class='ocrx_word' id='word_1_591' title='bbox 3019 5048 3332 5103; x_wconf 88' lang='lat' dir='ltr'>meretricis</span> <span class='ocrx_word' id='word_1_592' title='bbox 3377 5064 3461 5102; x_wconf 89' lang='lat' dir='ltr'>se-</span> 
     </span>
    </p>
   </div>
   <div class='ocr_carea' id='block_1_94' title="bbox 1838 5140 3464 5211">
    <p class='ocr_par' dir='ltr' id='par_1_94' title="bbox 1838 5140 3464 5211">
     <span class='ocr_line' id='line_1_94' title="bbox 1838 5140 3464 5211; baseline -0.001 -18"><span class='ocrx_word' id='word_1_593' title='bbox 1838 5141 2162 5211; x_wconf 90' lang='lat' dir='ltr'>quebantur</span> <span class='ocrx_word' id='word_1_594' title='bbox 2189 5140 2576 5208; x_wconf 85' lang='lat' dir='ltr'>incitamenta,</span> <span class='ocrx_word' id='word_1_595' title='bbox 2605 5141 2740 5210; x_wconf 88' lang='lat' dir='ltr'>quia</span> <span class='ocrx_word' id='word_1_596' title='bbox 2765 5141 3124 5194; x_wconf 88' lang='lat' dir='ltr'>ecclesiastici</span> <span class='ocrx_word' id='word_1_597' title='bbox 3155 5144 3464 5195; x_wconf 91' lang='lat' dir='ltr'>conventus</span> 
     </span>
    </p>
   </div>
   <div class='ocr_carea' id='block_1_95' title="bbox 1831 5231 3460 5307">
    <p class='ocr_par' dir='ltr' id='par_1_95' title="bbox 1831 5231 3460 5307">
     <span class='ocr_line' id='line_1_95' title="bbox 1831 5231 3460 5307; baseline -0.002 -21"><span class='ocrx_word' id='word_1_598' title='bbox 1831 5250 1952 5307; x_wconf 33' lang='lat' dir='ltr'>‘non</span> <span class='ocrx_word' id='word_1_599' title='bbox 1978 5233 2173 5287; x_wconf 89' lang='lat' dir='ltr'>aderat</span> <span class='ocrx_word' id='word_1_600' title='bbox 2199 5233 2515 5304; x_wconf 90' lang='lat' dir='ltr'>disciplina,</span> <span class='ocrx_word' id='word_1_601' title='bbox 2547 5249 2651 5286; x_wconf 89' lang='lat' dir='ltr'>nec</span> <span class='ocrx_word' id='word_1_602' title='bbox 2683 5237 2804 5286; x_wconf 90' lang='lat' dir='ltr'>erat</span> <span class='ocrx_word' id='word_1_603' title='bbox 2829 5233 2929 5302; x_wconf 91' lang='lat' dir='ltr'>qui</span> <span class='ocrx_word' id='word_1_604' title='bbox 2954 5233 3266 5288; x_wconf 90' lang='lat' dir='ltr'>errantium</span> <span class='ocrx_word' id='word_1_605' title='bbox 3288 5231 3460 5285; x_wconf 87' lang='lat' dir='ltr'>corri-</span> 
     </span>
    </p>
   </div>
   <div class='ocr_carea' id='block_1_96' title="bbox 1841 5325 3452 5396">
    <p class='ocr_par' dir='ltr' id='par_1_96' title="bbox 1841 5325 3452 5396">
     <span class='ocr_line' id='line_1_96' title="bbox 1841 5325 3452 5396; baseline -0.003 -17"><span class='ocrx_word' id='word_1_606' title='bbox 1841 5331 2002 5395; x_wconf 90' lang='lat' dir='ltr'>geret</span> <span class='ocrx_word' id='word_1_607' title='bbox 2029 5331 2238 5396; x_wconf 88' lang='lat' dir='ltr'>partes,</span> <span class='ocrx_word' id='word_1_608' title='bbox 2267 5342 2398 5379; x_wconf 92' lang='lat' dir='ltr'>cum</span> <span class='ocrx_word' id='word_1_609' title='bbox 2429 5342 2616 5379; x_wconf 90' lang='lat' dir='ltr'>sermo</span> <span class='ocrx_word' id='word_1_610' title='bbox 2646 5325 2867 5379; x_wconf 90' lang='lat' dir='ltr'>divinus</span> <span class='ocrx_word' id='word_1_611' title='bbox 2898 5326 3202 5379; x_wconf 89' lang='lat' dir='ltr'>haberetur</span> <span class='ocrx_word' id='word_1_612' title='bbox 3233 5337 3452 5376; x_wconf 82' lang='lat' dir='ltr'>exosus.</span> 
     </span>
    </p>
   </div>
   <div class='ocr_carea' id='block_1_97' title="bbox 1839 5414 3464 5488">
    <p class='ocr_par' dir='ltr' id='par_1_97' title="bbox 1839 5414 3464 5488">
     <span class='ocr_line' id='line_1_97' title="bbox 1839 5414 3464 5488; baseline -0.004 -16"><span class='ocrx_word' id='word_1_613' title='bbox 1839 5420 1906 5472; x_wconf 85' lang='lat' dir='ltr'>Et</span> <span class='ocrx_word' id='word_1_614' title='bbox 1926 5418 2061 5487; x_wconf 91' lang='lat' dir='ltr'>quia</span> <span class='ocrx_word' id='word_1_615' title='bbox 2088 5435 2200 5472; x_wconf 91' lang='lat' dir='ltr'>non</span> <span class='ocrx_word' id='word_1_616' title='bbox 2233 5422 2358 5472; x_wconf 89' lang='lat' dir='ltr'>erat</span> <span class='ocrx_word' id='word_1_617' title='bbox 2375 5417 2804 5472; x_wconf 89' lang='lat' dir='ltr'>adunandorum</span> <span class='ocrx_word' id='word_1_618' title='bbox 2837 5417 3168 5488; x_wconf 85' lang='lat' dir='ltr'>pontificum</span> <span class='ocrx_word' id='word_1_619' title='bbox 3190 5414 3301 5467; x_wconf 88' lang='lat' dir='ltr'>ulla</span> <span class='ocrx_word' id='word_1_620' title='bbox 3320 5428 3464 5483; x_wconf 71' lang='lat' dir='ltr'>prae-</span> 
     </span>
    </p>
   </div>
   <div class='ocr_carea' id='block_1_98' title="bbox 1840 5508 3459 5580">
    <p class='ocr_par' dir='ltr' id='par_1_98' title="bbox 1840 5508 3459 5580">
     <span class='ocr_line' id='line_1_98' title="bbox 1840 5508 3459 5580; baseline -0.004 -17"><span class='ocrx_word' id='word_1_621' title='bbox 1840 5511 2042 5580; x_wconf 91' lang='lat' dir='ltr'>ceptio,</span> <span class='ocrx_word' id='word_1_622' title='bbox 2093 5511 2381 5565; x_wconf 88' lang='lat' dir='ltr'>crescebat</span> <span class='ocrx_word' id='word_1_623' title='bbox 2437 5511 2703 5565; x_wconf 89' lang='lat' dir='ltr'>immanis</span> <span class='ocrx_word' id='word_1_624' title='bbox 2750 5511 2863 5563; x_wconf 85' lang='lat' dir='ltr'>vita</span> <span class='ocrx_word' id='word_1_625' title='bbox 2914 5508 3280 5570; x_wconf 86' lang='lat' dir='ltr'>deteriorum,</span> <span class='ocrx_word' id='word_1_626' title='bbox 3328 5520 3459 5558; x_wconf 89' lang='lat' dir='ltr'>cum</span> 
     </span>
    </p>
   </div>
   <div class='ocr_carea' id='block_1_99' title="bbox 1838 5601 3458 5670">
    <p class='ocr_par' dir='ltr' id='par_1_99' title="bbox 1838 5601 3458 5670">
     <span class='ocr_line' id='line_1_99' title="bbox 1838 5601 3458 5670; baseline -0.004 -14"><span class='ocrx_word' id='word_1_627' title='bbox 1838 5603 2065 5657; x_wconf 85' lang='lat' dir='ltr'>tandem</span> <span class='ocrx_word' id='word_1_628' title='bbox 2099 5620 2202 5656; x_wconf 92' lang='lat' dir='ltr'>nos</span> <span class='ocrx_word' id='word_1_629' title='bbox 2245 5603 2436 5656; x_wconf 89' lang='lat' dir='ltr'>divina</span> <span class='ocrx_word' id='word_1_630' title='bbox 2465 5602 2770 5657; x_wconf 89' lang='lat' dir='ltr'>clementia</span> <span class='ocrx_word' id='word_1_631' title='bbox 2801 5601 2988 5670; x_wconf 91' lang='lat' dir='ltr'>operis</span> <span class='ocrx_word' id='word_1_632' title='bbox 3018 5613 3290 5652; x_wconf 87' lang='lat' dir='ltr'>manuum</span> <span class='ocrx_word' id='word_1_633' title='bbox 3329 5612 3458 5650; x_wconf 83' lang='lat' dir='ltr'>sua-</span> 
     </span>
    </p>
   </div>
   <div class='ocr_carea' id='block_1_100' title="bbox 1838 5689 3456 5765">
    <p class='ocr_par' dir='ltr' id='par_1_100' title="bbox 1838 5689 3456 5765">
     <span class='ocr_line' id='line_1_100' title="bbox 1838 5689 3456 5765; baseline -0.004 -18"><span class='ocrx_word' id='word_1_634' title='bbox 1838 5711 1968 5748; x_wconf 88' lang='lat' dir='ltr'>rum</span> <span class='ocrx_word' id='word_1_635' title='bbox 1994 5695 2299 5765; x_wconf 86' lang='lat' dir='ltr'>perditioni</span> <span class='ocrx_word' id='word_1_636' title='bbox 2321 5696 2648 5759; x_wconf 88' lang='lat' dir='ltr'>condolcns,</span> <span class='ocrx_word' id='word_1_637' title='bbox 2673 5709 2845 5764; x_wconf 89' lang='lat' dir='ltr'>prava</span> <span class='ocrx_word' id='word_1_638' title='bbox 2870 5691 3144 5744; x_wconf 89' lang='lat' dir='ltr'>indirecta</span> <span class='ocrx_word' id='word_1_639' title='bbox 3161 5689 3456 5753; x_wconf 89' lang='lat' dir='ltr'>reducens,</span> 
     </span>
    </p>
   </div>
   <div class='ocr_carea' id='block_1_101' title="bbox 1839 5781 3458 5855">
    <p class='ocr_par' dir='ltr' id='par_1_101' title="bbox 1839 5781 3458 5855">
     <span class='ocr_line' id='line_1_101' title="bbox 1839 5781 3458 5855; baseline -0.004 -14"><span class='ocrx_word' id='word_1_640' title='bbox 1839 5803 2006 5842; x_wconf 86' lang='lat' dir='ltr'>suum</span> <span class='ocrx_word' id='word_1_641' title='bbox 2035 5791 2290 5844; x_wconf 87' lang='lat' dir='ltr'>sanctum</span> <span class='ocrx_word' id='word_1_642' title='bbox 2315 5787 2564 5844; x_wconf 88' lang='lat' dir='ltr'>Sabaoth</span> <span class='ocrx_word' id='word_1_643' title='bbox 2589 5785 2749 5842; x_wconf 90' lang='lat' dir='ltr'>novis</span> <span class='ocrx_word' id='word_1_644' title='bbox 2776 5781 3184 5855; x_wconf 85' lang='lat' dir='ltr'>propaginibus</span> <span class='ocrx_word' id='word_1_645' title='bbox 3205 5797 3270 5836; x_wconf 87' lang='lat' dir='ltr'>ac</span> <span class='ocrx_word' id='word_1_646' title='bbox 3299 5781 3458 5853; x_wconf 83' lang='lat' dir='ltr'>plan-</span> 
     </span>
    </p>
   </div>
  </div>
