3946 6180
500 289 601 341 535

1378 290 1661 345 APPEND.
1702 290 1790 345 AD
1826 289 1989 344 SrEC.
2032 288 2117 342 IX.
2149 315 2218 328 -
2259 284 2504 341 lSIDORl
2541 284 2967 341 MERCATOBJS
3675 301 3747 354 536

498 394 570 448 tis
612 394 847 449 novellis
884 395 1122 450 fundare
1161 398 1368 465 volens,
1384 397 1769 469 'negligentiae
1811 397 2126 467 subrogans
2147 394 2559 479 Aexcitatione
2602 393 2788 463 magis
2817 392 2892 447 ad
2917 392 3351 465 intelligendum
3375 396 3633 454 verborum
3658 406 3751 459 red-

501 485 868 555 diligentiam,
903 503 1003 557 pro
1035 487 1358 559 ignorantia
1395 490 1750 562 disciplinam
1791 489 2124 555 immittens,

498 595 602 649 pro
630 579 885 634 socordia
917 582 1223 651 solertiam,
1254 600 1357 653 pro
1395 583 1699 638 schismate
1729 583 2008 637 unitatem
2038 581 2124 635 in-

500 672 732 739 ducens,
761 690 867 744 pro
906 673 1114 729 zizania
1157 692 1306 731 vera:
1342 676 1499 748 pacis
1528 676 1818 731 vinculum
1860 675 2124 746 largiens,

499 782 605 837 pro
632 765 860 820 caducis
891 768 1197 823 coelestium
1226 770 1504 825 desideria
1534 770 1857 837 infundens,
1885 785 1988 841 pro
2014 772 2130 823 tur-

497 859 665 931 pibus
692 859 931 915 honesta
973 862 1175 916 sectari
1220 863 1537 930 stimulans,
1569 880 1603 917 a
1628 863 1865 919 terrenis
1896 866 1951 917 et
1998 862 2125 916 inti-

500 952 612 1006 mis
635 952 706 1006 ad
746 953 1010 1007 sublimia
1060 954 1309 1025 erigens,
1345 973 1446 1010 nos
1485 957 1543 1011 in
1591 957 1695 1011 hac
1742 956 2127 1027 lacrymarum

497 1047 641 1100 valle
669 1047 858 1116 potius
904 1047 1210 1103 morientes
1246 1065 1418 1119 quam
1448 1052 1721 1118 viventes,
1752 1050 1809 1104 in
1844 1050 1949 1103 hoc
1975 1054 2161 1127 vasto”

499 1138 887 1209 periculorum
926 1140 1075 1193 mari
1100 1147 1375 1212 vagantes
1408 1143 1528 1197 sine
1555 1143 1795 1213 remige,
1827 1143 1945 1197 sine
1976 1143 2131 1197 clavo

499 1231 613 1285 huc
639 1232 884 1302 illucque
907 1237 1310 1304 tempestatum
1340 1235 1601 1290 ﬂuctibus
1630 1253 1732 1306 per
1752 1236 1993 1306 abrupta
2019 1236 2127 1290 col-

500 1323 656 1394 lisos,
690 1323 750 1377 in
792 1324 1063 1380 continua
1106 1328 1390 1382 malorum
1439 1328 1558 1382 acie
1605 1329 2000 1399 conﬂigentes,
2033 1328 2131 1391 ubi

502 1433 602 1471 nos
651 1416 1018 1473 circumstant
1070 1419 1223 1474 mille
1274 1420 1623 1487 discrimina,
1671 1421 1771 1475 ubi
1818 1420 2128 1475 versutissi-

499 1527 628 1564 mus
651 1510 951 1565 insidiatur
980 1513 1153 1567 hostis
1183 1513 1341 1568 mille
1379 1514 1628 1568 nocendi
1658 1513 1873 1568 artibus
1916 1515 2128 1568 instru-

502 1609 642 1669 ctus,
676 1619 744 1658 ex
772 1604 883 1658 alto
908 1605 1028 1659 caeli
1060 1605 1344 1661 domicilio
1375 1607 1682 1677 respiciens
1703 1607 1997 1677 asperitati
2026 1623 2129 1662 no-

504 1701 633 1751 strzc
674 1713 731 1751 se
779 1714 1141 1752 occursuram
1191 1700 1439 1769 praebuit
1486 1703 1541 1755 et
1588 1701 1771 1767 saluti,
1800 1716 2131 1772 prmparans

503 1790 714 1844 nostris
740 1792 958 1846 saeculis
984 1791 1236 1863 religiosi
1262 1793 1535 1864 principis
1565 1799 1821 1848 mentem
1865 1794 2130 1849 devotam
2149 1773 2208 1846 B

502 1884 717 1954 pariter
746 1898 803 1939 et
830 1884 1188 1939 instructam.
1228 1886 1400 1956 Cujus
1442 1887 1692 1956 providae
1740 1886 2132 1942 sollicitudinis

502 1981 650 2045 voto,
692 1981 746 2033 et
789 1978 887 2032 lux
932 1978 1300 2033 conciliorum
1348 1984 1612 2035 renovata
1665 1979 2041 2051 resplenduit,
2079 1984 2135 2035 et

500 2070 718 2124 alterna
743 2070 983 2125 charitas
1002 2088 1060 2126 se
1077 2077 1275 2127 mutuo
1292 2072 1353 2126 in
1371 2072 1721 2143 corrigendis
1746 2074 1832 2128 vel
1851 2072 2134 2128 instruen-

505 2163 591 2217 dis
622 2164 877 2218 moribus
904 2164 1185 2233 excitavit,
1208 2166 1345 2219 dum
1367 2169 1423 2219 et
1450 2166 1804 2237 aggregandi
1823 2166 1987 2220 nobis
2007 2166 2135 2221 hor-

502 2258 625 2310 tatu
649 2256 922 2327 principis
954 2257 1185 2328 gloriosi
1207 2258 1443 2312 facultas
1464 2258 1592 2313 data
1612 2262 1715 2327 est,
1732 2262 1789 2312 et
1809 2262 2135 2330 opportuna

503 2348 854 2419 corrigendis
882 2355 1200 2421 praeparata
1228 2356 1284 2406 et
1309 2350 1607 2422 disciplina
1637 2354 1717 2420 ut,
1751 2351 1847 2422 qui
1887 2352 2136 2406 decursis

503 2442 679 2512 longe
720 2445 851 2497 ante
876 2443 1229 2513 temporibus
1268 2447 1395 2515 post
1426 2444 1621 2500 decem
1659 2447 1715 2499 et
1742 2449 1887 2513 octo,
1922 2445 2137 2499 scilicet

502 2534 822 2589 labentium
847 2551 1131 2591 annorum
1160 2553 1483 2605 excursum,
1514 2538 1573 2591 in
1602 2553 1782 2592 unum
1819 2538 2134 2593 meruimus

504 2629 807 2700 aggregari
831 2634 1195 2698 conventum,
1211 2630 1418 2686 mereri
1444 2631 1724 2702 possimus
1750 2630 1990 2702 spiritali
2011 2648 2135 2704 gra-

503 2721 583 2776 tia
611 2722 925 2793 sanitatem,
958 2740 1061 2777 nec
1091 2724 1245 2778 enim
1289 2741 1568 2779 numerus
1605 2724 1710 2778 iste
1738 2723 1958 2778 alienus
1989 2730 2074 2779 est
2102 2741 2137 2778 a

506 2814 705 2881 salute,
729 2814 806 2869 sic
834 2815 1045 2887 quippe
1071 2817 1324 2872 «mulier
1346 2817 1447 2871 illa
1469 2816 1529 2870 in
1555 2816 1856 2887 Evangelio
1877 2821 1967 2871 ter
1984 2816 2136 2871 senis

506 2923 787 2962 annorum
840 2909 1165 2963 excursibus
1196 2926 1363 2963 curva
1395 2910 1539 2977 (Luc.
1587 2924 1704 2976 xm,
1739 2913 1823 2979 11,
1852 2914 1903 2963 et
1942 2910 2074 2978 seq.)
2105 2930 2132 2958 ››

505 3016 631 3071 ῳιεε
674 3002 920 3072 ﬁguram
961 3002 1133 3056 totius
1162 3001 1401 3056 humani
1448 3002 1675 3071 generis
1725 3001 1982 3073 gestabat
2031 3003 2135 3057 sub

505 3098 862 3149 sacramento
889 3095 1061 3166 hujus
1091 3095 1321 3149 numeri
1364 3094 1557 3149 salutis
1599 3094 1857 3165 pristinas
1894 3095 2133 3150 sanitate
2155 3134 2210 3209 Ο

511 3186 751 3209 Δ-..,Ι.---
788 3188 893 3209 ΚΥ-..
919 3203 1044 3209 -..-,
1068 3203 1168 3209 ..-η
1187 3204 1358 3209 ___.-_
1382 3204 1542 3209 -___._-_
1572 3187 1746 3209 _--L..:
1783 3187 1989 3209 __.'l:_:_
2008 3205 2037 3209 __
2056 3204 2111 3209 __.

507 3186 770 3242 donatur.
788 3188 895 3242 Nos
913 3203 1050 3259 ergo
1067 3203 1169 3258 per
1183 3204 1361 3242 annos
1376 3204 1547 3242 curvo
1572 3187 1750 3241 nostri
1779 3187 1992 3242 ordinis
2007 3204 2133 3259 per-

506 3278 738 3334 sistente
760 3284 928 3349 statu,
958 3280 1017 3334 in
1043 3297 1109 3335 eo
1136 3280 1290 3351 quod
1317 3280 1476 3334 nulla
1507 3296 1609 3334 nos
1638 3280 2013 3335 conciliorum
2039 3282 2131 3335 de-

506 3372 687 3427 ﬁnitio
707 3373 1000 3443 jungeret,
1022 3374 1211 3428 nullus
1240 3373 1413 3427 etiam
1435 3377 1750 3428 conventus
1776 3374 2133 3429 ecclesiastici

508 3466 725 3519 ordinis
744 3465 1039 3535 adunaret,
1058 3466 1296 3520 tandem
1320 3466 1526 3520 divinae
1545 3465 1847 3521 voluntatis
1865 3466 2131 3537 imperio,

507 3559 563 3611 ct
588 3557 837 3627 religiosi
864 3557 1132 3628 principis
1153 3560 1313 3629 jussu
1343 3559 1559 3613 evocati
1584 3558 1643 3612 in
1667 3559 2002 3613 Toletanam
2032 3575 2130 3613 ur-

502 3649 635 3704 bem
671 3650 1070 3721 convenimus;
1106 3650 1203 3722 qui
1233 3668 1363 3706 cum
1389 3651 1448 3705 in
1475 3652 1711 3706 ecclesia
1739 3651 1921 3706 beatae
1945 3651 2133 3707 Marias

504 3742 750 3813 Virginis
788 3743 991 3799 debitis
1018 3744 1077 3799 in
1110 3743 1339 3799 sedibus
1379 3744 1718 3811 locaremur,
1749 3743 1901 3799 inter
1930 3748 2134 3800 caetera

503 3852 632 3906 quae
664 3836 946 3891 subterius
974 3838 1213 3893 discreto
1244 3838 1624 3908 capitulorum
1652 3836 1851 3891 ordine
1886 3843 2019 3892 sunt
2047 3837 2129 3891 di-

505 3935 679 3999 gesta,
707 3946 822 3983 non
852 3930 1079 3987 aliunde
1110 3930 1365 4001 primum
1394 3930 1667 4001 coepimus
1692 3930 1905 3984 habere
1926 3946 2134 3985 sermo-

506 4038 660 4089 nem,
692 4023 800 4076 nisi
842 4022 911 4077 de
952 4024 1084 4077 ﬁdei
1128 4024 1408 4094 puritate;
1450 4027 1516 4077 ut
1556 4023 1690 4093 quia
1728 4021 2016 4077 initiandis
2061 4021 2134 4076 ad

508 4114 736 4168 beatam
760 4115 936 4169 vitam
962 4115 1309 4183 hominibus,
1330 4116 1454 4170 haec
1483 4116 1669 4186 prima
1695 4129 1924 4184 semper
1943 4119 2025 4168 est
2045 4114 2135 4168 via

507 4205 724 4272 salutis,
744 4207 950 4276 praevia
971 4223 1197 4277 quoque
1219 4207 1426 4262 nostris
1452 4208 1615 4262 ﬁeret
1639 4205 1959 4276 praeceptis,
1979 4206 2135 4261 unde

508 4312 682 4351 sacrae
708 4297 1097 4353 instructionis
1127 4315 1333 4353 arcana
1368 4302 1692 4353 sanctorum
1719 4297 1947 4365 Nicaeni,
1980 4298 2131 4353 scili-

507 4394 596 4445 cet
647 4390 1278 4461 Constantinopolitani,
1310 4391 1601 4462 Ephesini,
1647 4394 1818 4461 atque
1866 4391 2132 4447 Calcedo-

2229 488 2388 543 deret
2412 488 2648 559 simplex
2674 486 2898 542 collatio
2925 503 3099 558 quam
3125 488 3299 542 relata
3323 490 3580 547 condensa
3607 493 3751 550 lectio-

2228 582 2317 635 nis
2353 581 2672 648 instructio,
2703 580 2838 651 quia
2868 583 2925 635 et
2966 596 3165 636 revera
3193 585 3358 636 tanta:
3381 583 3458 637 rei
3492 587 3754 655 mysterium

2226 674 2305 729 ita
2332 674 2647 729 sacerdotes
2674 674 2771 728 Dei
2800 674 3063 728 convenit
3103 690 3281 742 nosse,
3313 680 3371 729 ut
3400 691 3504 730 non
3527 678 3756 748 superficie

2228 768 2533 822 verborum
2562 767 2869 822 efferantur
2890 767 3187 838 incogniti,
3219 768 3313 823 sed
3337 784 3459 824 sane
3481 785 3622 825 sensu
3640 771 3759 827 intel-

2226 863 2480 933 ligentia
2508 863 2865 934 reperiantur
2883 862 3161 933 instructi,
3188 866 3254 917 ut
3278 863 3334 917 in
3357 863 3639 920 disserendo
3660 884 3762 937 pne-

2229 957 2394 1027 cipue
2421 956 2589 1027 hujus
2619 960 2828 1010 sancta:
2857 954 3145 1010 Trinitatis
3176 971 3377 1010 arcana
3408 957 3521 1027 plus
3546 958 3763 1014 evidentia

2230 1065 2407 1120 quam
2437 1048 2759 1120 eloquentia
2792 1065 2888 1103 eos
2921 1048 3129 1103 efﬁciat
3154 1054 3443 1120 saporatos.
3477 1049 3555 1103 Sic
3579 1050 3702 1105 enim
3723 1058 3763 1106 et

2232 1142 2407 1197 divini
2435 1142 2690 1196 muneris
2718 1142 2869 1196 dono
2915 1142 3139 1196 attracti
3177 1145 3325 1208 sunt,
3350 1146 3409 1196 ut
3444 1142 3579 1212 justa
3612 1143 3763 1197 deﬁni-

2230 1235 2399 1289 tionis
2456 1235 2686 1289 alternae
2736 1234 3038 1306 promissio
3087 1237 3490 1289 monstraretur
3532 1235 3583 1288 in
3620 1252 3764 1306 opere.

2231 1328 2391 1384 Unde
2420 1328 2570 1399 quod
2596 1328 2782 1399 primo
2812 1327 2904 1383 die
2935 1328 3291 1399 prmsidentis
3315 1328 3683 1399 metropolitani
3696 1330 3769 1383 lin-

2233 1438 2343 1493 gua
2363 1421 2640 1492 profudit,
2661 1421 2751 1476 die
2774 1421 2944 1476 tertia
2963 1421 3222 1476 omnium
3243 1425 3489 1476 nostrum
3510 1436 3602 1476 vox
3618 1421 3771 1493 sigilla-

2232 1514 2337 1569 tim
2370 1514 2626 1569 collative
2668 1514 2918 1585 repetiit.
2949 1516 3055 1569 Iste
3086 1530 3225 1585 ergo
3267 1515 3580 1587 tenorﬁdei
3612 1518 3770 1569 nostra

2231 1608 2328 1679 qui
2357 1612 2416 1662 et
2440 1624 2473 1663 a
2503 1608 2684 1678 capite
2712 1608 2939 1679 copiose
2967 1607 3257 1679 proﬂuxit,
3286 1612 3340 1663 et
3363 1624 3395 1662 a
3423 1605 3657 1662 membris
3677 1622 3773 1681 pro-

2230 1701 2395 1756 batus
2424 1700 2661 1770 gloriose
2692 1700 2943 1755 emicuit.

2302 1794 2658 1849 Conﬁtemur
2684 1799 2741 1849 et
2783 1794 3065 1850 credimus
3105 1797 3359 1849 sanctam
3400 1798 3553 1866 atque
3582 1792 3777 1849 ineffabi-

2230 1888 2349 1942 lem
2375 1887 2733 1956 Trinitatem,
2766 1889 3012 1955 Patrem,
3037 1891 3093 1943 et
3118 1888 3348 1955 Filium,
3371 1891 3425 1942 et
3445 1888 3678 1958 Spiritum
3693 1902 3780 1940 san-

2232 1984 2407 2050 ctum,
2438 1997 2616 2035 unum
2642 1982 2822 2035 Deum
2852 1981 3186 2036 naturaliter
3211 1997 3351 2047 esse,
3378 1981 3533 2035 unius
3575 1979 3777 2035 substan-

2232 2074 2347 2140 tias,
2377 2073 2546 2127 unius
2596 2079 2832 2140 natura},
2861 2074 3031 2128 unius
3072 2090 3301 2146 quoque
3345 2074 3623 2144 majestatis
3656 2078 3781 2143 atque

2232 2166 2475 2221 virtutis.
2508 2168 2575 2221 Et
2604 2168 2827 2222 Patrem
2853 2166 3084 2238 quidem
3113 2182 3225 2221 non
3255 2167 3522 2239 genitum,
3545 2182 3647 2221 non
3669 2180 3779 2219 crea-

2232 2263 2376 2326 tum,
2410 2259 2507 2313 sed
2538 2259 2860 2330 ingenitum
2906 2259 3265 2330 proﬁtemur.
3318 2262 3435 2331 Ipse
3459 2259 3597 2314 enim
3622 2276 3651 2312 a
3670 2257 3784 2311 nullo

2234 2351 2519 2423 originem
2547 2352 2720 2422 ducit,
2755 2370 2820 2406 ex
2848 2368 2963 2423 quo
2986 2357 3043 2407 et
3070 2353 3243 2407 Filius
3272 2352 3615 2420 nativitatem,
3633 2356 3679 2404 et
3699 2349 3786 2420 Spi-

2234 2444 2375 2499 ritus
2417 2447 2641 2500 sanctus
2685 2446 3104 2516 processionem
3152 2446 3388 2518 accepit.
3435 2446 3568 2500 Fons
3606 2460 3718 2514 ergo
3748 2446 3788 2494 el

2233 2537 2394 2607 origo
2426 2537 2598 2592 totius
2643 2537 2951 2594 divinitatis
2994 2538 3112 2609 ipse
3157 2543 3262 2595 est.
3295 2541 3410 2610 Ipse
3447 2552 3646 2609 quoque
3668 2536 3787 2589 Pater

2234 2630 2478 2685 essentia
2493 2630 2728 2701 quidem
2754 2631 3049 2686 ineﬂ‘abilis
3071 2632 3403 2687 substantiae
3420 2647 3528 2685 sua:
3546 2630 3716 2685 Filium
3730 2627 3787 2680 in-

2236 2723 2537 2778 effabiliter
2564 2724 2783 2794 genuit,
2817 2740 2922 2778 nec
2943 2727 3138 2779 tamen
3165 2725 3323 2780 aliud
3350 2740 3515 2795 quam
3544 2721 3674 2794 quod
3703 2720 3789 2790 ipse

2235 2820 2336 2883 est,
2369 2816 2585 2886 genuit,
2605 2817 2751 2869 Deus
2779 2817 2978 2883 Deum,
2998 2817 3098 2871 lux
3125 2818 3338 2872 lucem.
3367 2818 3448 2871 Ab
3476 2816 3589 2887 ipso
3605 2829 3717 2883 ergo
3733 2814 3791 2865 est

2235 2907 2419 2961 omnis
2465 2927 2493 2959 «
2540 2908 2856 2978 paternitas
2908 2908 2967 2962 in
3016 2910 3156 2964 coelo
3199 2915 3260 2965 et
3305 2910 3363 2965 in
3410 2912 3552 2963 terra
3582 2906 3789 2977 (ΕΡῘι-ιιιν

2239 3002 2353 3071 t5);
2377 3022 2404 3050 »
2436 3000 2641 3054 Filium
2660 3017 2886 3073 quoque
2909 3002 2979 3056 de
3000 3003 3316 3057 substantia
3354 3002 3527 3057 Patris
3555 3000 3659 3055 sine
3674 2996 3794 3051 initio

2235 3097 2364 3148 ante
2391 3094 2593 3147 saecula
2613 3098 2831 3161 natum,
2861 3110 2965 3148 nec
2990 3100 3184 3150 tamen
3209 3096 3425 3151 factum
3453 3110 3565 3150 esse
3586 3093 3792 3152 fatemur,

2234 3185 2369 3257 quia
2397 3201 2502 3240 nec
2529 3187 2696 3241 Pater
2725 3186 2845 3240 sine
2872 3186 3033 3255 Filio,
3068 3204 3173 3241 nec
3217 3188 3393 3243 Filius
3422 3187 3537 3242 sine
3570 3187 3708 3241 Patre
3727 3180 3797 3235 ali-

2231 3278 2465 3350 quando
2491 3278 2724 3334 exstitit.
2748 3280 2815 3333 Et
2840 3283 3029 3334 tamen
3062 3296 3177 3335 non
3206 3284 3270 3334 ut
3301 3281 3470 3335 Filius
3497 3279 3562 3333 de
3580 3280 3729 3340 Patre,
3741 3274 3796 3327 ita

2230 3374 2393 3427 Pater
2436 3371 2506 3427 de
2547 3372 2706 3438 Filio,
2739 3372 2875 3442 quia
2907 3390 3025 3427 non
3052 3374 3219 3429 Pater
3247 3391 3283 3427 a
3324 3374 3480 3443 Filio,
3506 3372 3595 3426 sed
3623 3369 3757 3425 Filius
3776 3381 3797 3417 a

2233 3467 2394 3519 Patre
2452 3464 2881 3535 generationem
2937 3467 3173 3537 accepit,
3205 3466 3382 3521 Filius
3422 3482 3552 3537 ergo
3590 3465 3711 3518 Deus
3747 3457 3795 3511 de

2232 3560 2416 3626 Patre,
2438 3559 2605 3612 Pater
2622 3562 2813 3612 autem
2841 3558 3006 3625 Deus,
3026 3559 3127 3613 sed
3149 3575 3266 3613 non
3281 3560 3351 3614 de
3381 3559 3531 3628 Filio,
3552 3557 3636 3611 ille
3655 3558 3799 3609 autem

2232 3650 2406 3705 Filius
2432 3650 2630 3720 Patris,
2659 3653 2717 3704 et
2744 3650 2895 3705 Deus
2921 3650 2989 3705 de
3034 3652 3218 3719 Patre,
3251 3652 3502 3724 aequalis,
3532 3652 3699 3703 tanien
3724 3656 3800 3714 per

2230 3743 2420 3797 omnia
2467 3742 2636 3797 Filius
2674 3743 2787 3797 Deo
2818 3744 2993 3810 Patri,
3028 3744 3163 3814 quia
3193 3760 3300 3799 nec
3345 3744 3501 3799 nasci
3543 3740 3689 3811 coepit
3724 3735 3799 3790 ali-

2232 3836 2479 3907 quando,
2510 3851 2612 3890 nec
2637 3835 2825 3891 desiit.
2859 3836 2960 3890 Hic
2991 3836 3162 3891 etiam
3191 3838 3361 3891 unius
3392 3853 3520 3891 cum
3542 3837 3684 3889 Patre
3700 3827 3799 3884 sub-

2233 3929 2457 3984 stantiae
2502 3928 2768 3995 creditur,
2797 3932 3034 3999 propter
3069 3930 3221 4000 quod
3267 3934 3326 3985 et
3369 3931 3660 3985 homousion
3689 3921 3806 3979 Patri

2235 4021 2459 4091 dicitur,
2487 4021 2597 4077 hoc
2622 4024 2725 4089 est,
2749 4022 3005 4092 ejusdem
3036 4038 3168 4076 cum
3196 4024 3366 4078 Patre
3397 4018 3715 4081 substantiae,
3733 4014 3805 4067 h0-

2233 4130 2354 4168 mos
2374 4114 2526 4169 enim
2540 4114 2732 4169 Graece
2752 4130 2919 4169 unum
2936 4115 3135 4170 housia
3154 4131 3291 4170 vero
3308 4116 3611 4172 substantia
3629 4108 3803 4167 dicitur.

2233 4207 2384 4279 quod
2414 4210 2718 4278 utrumque
2755 4208 3126 4278 conjunctum
3170 4214 3337 4264 sonat
3378 4225 3485 4263 una
3531 4198 3804 4262 substantia:

2234 4315 2338 4355 nec
2366 4300 2519 4356 enim
2550 4300 2619 4355 de
2640 4300 2838 4367 nihilo,
2862 4316 3048 4372 neque
3078 4301 3147 4356 de
3176 4301 3287 4355 alia
3312 4301 3505 4372 aliqua
3531 4291 3805 4353 substantia,

2237 4394 2335 4449 sed
2366 4394 2441 4448 de
2463 4393 2641 4448 Patris
2668 4397 2859 4461 utero,
2885 4393 2943 4448 id
2969 4397 3072 4459 est,
3105 4393 3176 4447 de
3203 4393 3513 4449 substantia
3552 4392 3660 4461 ejus
3692 4384 3806 4440 idem

506 4482 698 4539 nensis
746 4483 1117 4539 conciliorum
1163 4484 1524 4539 monimenta
1568 4484 1991 4555 amplectentes,
2030 4494 2212 4568 perD
2235 4486 2405 4542 Filius
2433 4486 2661 4557 genitus
2688 4487 2772 4540 vel
2811 4492 2976 4541 natus
3011 4502 3133 4540 esse
3165 4486 3506 4553 credendus,
3534 4487 3613 4539 est
3642 4475 3806 4546 sempi-

508 4594 634 4649 quas
682 4577 947 4633 radicitus
990 4577 1387 4633 haereticorum
1433 4577 1569 4632 falsa
1617 4577 1986 4632 conciliabula
2028 4578 2128 4632 de-

509 4674 824 4740 struuntur,
855 4674 913 4726 et
944 4670 1075 4726 fidei
1101 4671 1390 4727 catholicas
1419 4687 1618 4726 norma
1647 4670 1986 4726 declaratur.
2017 4672 2131 4725 Hoc

507 4763 797 4818 communi
834 4765 1167 4836 alternoque
1208 4764 1423 4835 judicio
1472 4764 1850 4833 deﬁnivimus,
1882 4767 1944 4818 ut
1983 4764 2132 4819 hanc

506 4856 686 4926 ipsam
722 4856 853 4911 ﬁdei
880 4860 1084 4912 nostrae
1112 4858 1371 4928 regulam
1396 4858 1581 4913 verbis
1606 4857 1952 4928 simplicibus
1981 4857 2130 4911 nite-

506 4964 700 5004 remur
728 4950 1059 5005 alternatim
1087 4950 1250 5005 nobis
1274 4950 1755 5021 singulariterque
1786 4949 2020 5017 referre,
2054 4949 2134 5004 ita

504 5045 571 5096 ut
626 5042 943 5113 quidquam
995 5043 1248 5098 triduum
1302 5044 1371 5098 de
1422 5042 1751 5115 hujusmodi
1798 5042 2128 5113 quaestioni-

504 5135 611 5189 bus
640 5134 944 5205 unicuique
975 5141 1235 5191 nostrum
1261 5136 1522 5191 lectionis
1550 5136 1684 5190 vism
1724 5135 2003 5191 memoria
2035 5150 2131 5189 oc-

509 5231 784 5294 curreret,
803 5228 958 5283 omni
976 5228 1291 5283 sobrietatis
1309 5228 1645 5300 compendio
1663 5228 2136 5298 simplicinotare-

507 5325 601 5375 tur
629 5322 790 5392 stylo.
823 5321 1043 5376 Relatio
1072 5326 1263 5375 tamen
1296 5321 1472 5391 ipsius
1513 5320 1853 5375 sacramenti
1897 5336 2038 5390 pura
2082 5325 2138 5374 et

507 5413 757 5481 evidens,
807 5417 864 5468 et
902 5431 936 5467 a
975 5413 1162 5484 capite
1214 5412 1465 5484 primum
1511 5412 1803 5482 inciperet,
1849 5416 1906 5467 et
1949 5411 2027 5465 sic
2066 5412 2136 5467 ad

509 5506 771 5561 membra
796 5506 1017 5577 reliqua
1044 5506 1387 5577 perveniret,
1414 5506 1594 5560 nullas
1624 5504 1974 5559 obscuritatis
1992 5504 2053 5559 in
2077 5522 2137 5560 se

505 5596 682 5652 lineas
742 5598 974 5665 habens,
1031 5598 1213 5652 nullas
1272 5597 1443 5653 etiam
1495 5598 1777 5653 inusitatas
1837 5597 2138 5653 locutionis

510 5690 735 5758 regulas
763 5692 1079 5759 continens,
1111 5691 1210 5747 sed
1254 5691 1473 5762 puritas
1512 5691 1631 5745 sola
1660 5693 1808 5745 esset
1832 5690 1987 5746 clara
2017 5707 2135 5747 ser-

512 5793 770 5848 monum,
804 5798 932 5854 quae
958 5788 1151 5856 posset
1181 5783 1526 5840 evidentiam
1552 5783 1891 5857 exprimere,
1920 5799 2138 5859 suaque

2230 4583 2446 4645 ternus,
2477 4578 2580 4632 etsi
2611 4578 2798 4633 Filius.
2826 4578 2985 4643 Quod
3011 4579 3057 4632 si
3098 4580 3266 4634 Pater
3295 4594 3525 4651 semper
3563 4575 3676 4641 fuit,
3698 4583 3810 4623 sem-

2231 4688 2333 4743 per
2362 4670 2565 4725 habuit
2592 4671 2793 4725 Filium
2835 4671 2995 4742 cujus
3040 4672 3205 4725 Pater
3246 4677 3417 4740 esset,
3447 4673 3504 4726 et
3541 4670 3607 4724 ob
3633 4668 3723 4720 hoc
3746 4660 3808 4714 Fi-

2230 4764 2371 4818 lium
2389 4762 2460 4817 de
2474 4764 2639 4818 Patre
2652 4768 2849 4818 natum
2871 4763 2991 4817 sine
3008 4762 3169 4818 initio
3188 4763 3550 4818 conﬁtemur.
3577 4762 3676 4816 Nec
3692 4751 3809 4810 enim

2233 4856 2499 4911 eumdem
2533 4856 2735 4911 Filium
2767 4856 2860 4911 Dei
2887 4871 2990 4926 pro
3022 4871 3089 4911 eo
3115 4855 3269 4927 quod
3298 4856 3372 4911 de
3402 4858 3565 4910 Patre
3594 4852 3660 4907 sit
3685 4843 3810 4920 geni-

2231 4954 2342 5017 tus,
2372 4948 2600 5004 disectaa
2630 4952 2849 5003 naturas
2876 4948 3299 5018 portiunculam
3339 4948 3710 5010 nominamus,
3739 4932 3811 4989 sed

2232 5042 2551 5113 perfectum
2579 5043 2825 5109 Patrem,
2860 5041 3179 5110 perfectum
3208 5040 3417 5096 Filium
3443 5040 3563 5095 sine
3588 5033 3812 5091 imminu-

2233 5135 2410 5203 tione,
2434 5135 2553 5189 sine
2581 5132 2897 5188 defectione
2914 5133 3173 5203 genuisse
3193 5133 3518 5199 asserimus,
3533 5129 3658 5202 quia
3678 5120 3814 5179 solius

2236 5227 2547 5283 divinitatis
2586 5230 2672 5282 est
2712 5225 3056 5296 inaequalem
3082 5225 3285 5281 Filium
3315 5242 3435 5280 non
3468 5224 3683 5279 habere.
3709 5214 3816 5270 Hinc

2238 5320 2413 5375 etiam
2460 5319 2632 5375 Filius
2676 5319 2798 5388 Dei,
2837 5321 3040 5373 natura
3086 5323 3172 5374 est
3216 5317 3413 5389 Filius,
3452 5332 3565 5371 non
3606 5310 3814 5384 optione,

2238 5429 2409 5486 quem
2439 5414 2586 5469 Deus
2608 5414 2775 5467 Pater
2798 5427 2904 5467 nec
2932 5412 3241 5481 voluntate,
3269 5427 3375 5467 nec
3405 5408 3721 5465 necessitate
3745 5411 3817 5470 ge-

2239 5506 2427 5561 nuisse
2457 5505 2767 5561 credendus
2787 5507 2891 5574 est,
2909 5504 3047 5576 quia
3070 5520 3177 5559 nec
3196 5504 3311 5560 ulla
3340 5503 3403 5558 in
3428 5503 3541 5557 Deo
3564 5491 3817 5555 necessitas

2237 5598 2407 5667 cadit,
2439 5616 2541 5655 nec
2573 5600 2834 5655 voluntas
2864 5596 3200 5669 sapientiam
3245 5595 3544 5669 pravenit.
3589 5586 3821 5662 Spiritum

2238 5708 2462 5764 quoque
2492 5697 2772 5761 sanctum,
2797 5690 2897 5762 qui
2921 5693 3005 5746 est
3029 5690 3199 5745 tertia
3223 5689 3282 5745 in
3307 5688 3579 5743 Trinitate
3602 5688 3819 5774 persons.

2238 5800 2421 5842 unum
2450 5790 2621 5858 atque
2652 5784 2929 5860 aequalem
2957 5799 3088 5840 cum
3111 5784 3222 5841 Deo
3248 5784 3412 5839 Patre
3442 5786 3499 5839 et
3522 5776 3656 5835 Filio
3678 5766 3826 5827 credi'
