3946 6180
161 302 244 357 537

1333 274 1802 345 DECRETALIUM
1837 279 2224 338 COLLECTIO.

3358 292 3460 345 538

157 427 263 466 mus
280 425 390 464 esse
405 408 595 473 Deum,
616 402 787 459 unius
812 400 1160 471 substantiae,
1176 399 1345 455 unius
1367 414 1593 472 quoque
1612 413 1730 453 esse
1754 408 1814 481 Α
1834 409 2002 448 sonas
2028 408 2149 447 esse
2180 390 2443 462 diximus,
2470 408 2651 447 unum
2676 386 2880 461 Deum,
2912 394 3178 451 eumdem
3204 412 3327 453 esse
3359 401 3459 455 Pa-

156 509 343 560 naturze
362 516 470 555 non
496 504 683 553 tamen
712 497 971 569 genitum
1003 496 1091 551 vel
1117 498 1393 559 creatum,
1425 493 1524 547 sed
1554 493 1624 546 ab
1650 497 1734 546 ut-

154 598 312 668 risque
344 593 752 665 procedentem,
785 590 1084 645 amborum
1112 605 1233 643 esse
1279 587 1554 658 Spiritum
1585 603 1598 649 ;
1646 585 1735 639 hic

156 690 298 744 etiam
332 686 559 758 Spiritus
608 688 851 753 sanctus,
884 700 991 737 nec
1032 682 1342 753 ingenitus,
1371 697 1478 735 nec
1512 679 1736 751 genitus

154 781 386 847 creditur,
412 795 482 833 ne
506 783 601 832 aut
644 778 690 832 si
721 777 1043 848 ingenitum
1087 775 1344 840 dicimus,
1377 773 1517 827 duos
1548 776 1735 843 patres

154 876 390 941 dicamus,
409 876 504 926 aut
528 871 574 925 si
607 870 868 942 genitum
898 869 1043 924 duos
1059 868 1206 923 filios
1236 867 1542 938 praedicare
1569 882 1732 920 mon-

154 972 382 1031 stremur,
424 966 517 1035 qui
560 967 753 1018 tamen
801 979 905 1016 nec
953 961 1135 1017 Patris
1180 964 1422 1026 tantum,
1468 975 1570 1013 nec
1614 957 1736 1012 Filii

151 1064 361 1125 tantum,
394 1057 488 1112 sed
524 1057 695 1111 simul
726 1055 930 1119 Patris,
960 1060 1019 1109 et
1046 1054 1173 1108 Filii
1222 1052 1465 1124 Spiritus
1507 1050 1734 1106 dicitur.

151 1155 239 1208 Nec
260 1152 398 1206 enim
427 1151 493 1204 de
520 1152 686 1204 Patre
716 1148 970 1220 procedit
1005 1148 1061 1201 in
1110 1146 1338 1215 Filium,
1370 1147 1457 1200 vel
1486 1145 1557 1199 de
1598 1145 1734 1198 Filio

152 1244 366 1317 procedit
399 1243 467 1297 ad
520 1241 977 1296 sanctiﬁcandam
1029 1244 1370 1305 creaturam,
1420 1238 1519 1292 sed
1569 1236 1736 1291 simul

152 1338 208 1392 ab
250 1338 483 1407 utrisque
527 1334 861 1406 processisse
909 1336 1278 1400 monstratur,
1320 1331 1453 1403 quia
1496 1330 1737 1385 charitas

151 1431 241 1486 sive
274 1430 524 1484 sanctitas
577 1428 881 1483 amborum
921 1443 1042 1482 esse
1086 1425 1428 1497 agnoscitur.
1464 1425 1562 1478 Hic
1601 1440 1736 1495 ergo

152 1524 348 1595 Spiritus
362 1527 589 1577 sanctus
606 1522 810 1576 missus
829 1521 899 1575 ab
917 1520 1194 1592 utrisque,
1212 1520 1356 1573 sicut
1370 1517 1541 1573 Filius
1560 1517 1739 1571 credi-

150 1617 336 1683 tur,sed
357 1616 544 1671 minor
564 1617 727 1670 Patre
743 1620 800 1669 et
825 1613 963 1668 Filio
980 1630 1096 1668 non
1121 1613 1390 1681 habetur,
1406 1612 1551 1665 sicut
1566 1610 1738 1665 Filius

152 1710 189 1782 1
201 1709 297 1783 31
330 1714 560 1781 propter
574 1711 932 1779 assumptam
953 1723 1184 1761 carnem
1208 1706 1487 1759 minorem
1502 1720 1558 1759 se
1571 1706 1736 1758 Patre

1836 491 1985 541 trem
2005 502 2177 558 quem
2190 484 2414 553 Filium,
2428 487 2514 540 vel
2536 502 2669 541 eum
2690 503 2808 543 esse
2834 487 3038 543 Filium
3057 489 3156 559 qui
3175 495 3261 545 est
3276 493 3457 563 Pater,

1835 584 1932 635 aut
1957 596 2088 635 eum
2113 578 2212 651 qui
2249 584 2333 634 est
2369 579 2603 650 Spiritus
2649 585 2890 650 sanctus,
2918 582 3008 636 vel
3032 584 3256 638 Patrem
3285 588 3343 639 et
3371 587 3462 641 Fi-

1835 673 1975 727 lium
2001 672 2188 727 dicere
2212 672 2550 743 poterimus.
2576 674 2699 727 Non
2726 674 2880 728 enim
2910 674 3029 746 ipse
3048 680 3133 730 est
3156 678 3344 748 Pater,
3359 696 3464 735 nec

1836 766 2025 833 Filius,
2058 782 2160 820 nec
2196 764 2433 836 Spiritus
2464 770 2709 831 sanctus,
2741 766 2859 837 ipse
2892 768 2989 838 qui
3015 774 3118 837 est,
3146 772 3234 825 vel
3277 773 3460 843 Pater,
3513 827 3525 834 ,

1834 859 1925 913 vel
1958 859 2151 926 Filius,
2181 876 2312 913 cum
2341 861 2532 913 tamen
2555 858 2744 929 ipsum
2772 860 2842 914 sit
2883 862 3051 916 Pater
3073 865 3224 934 quod
3270 866 3461 936 Filius,

1835 952 2025 1024 ipsum
2077 953 2250 1007 Filius
2302 953 2459 1023 quod
2507 953 2690 1021 Pater,
2743 952 2930 1023 ipsum
2970 956 3134 1010 Pater
3192 962 3248 1012 et
3294 959 3464 1015 Filius

1836 1045 1990 1117 quod
2039 1050 2124 1100 est
2163 1050 2219 1101 et
2261 1045 2502 1116 Spiritus
2542 1048 2787 1114 sanctus,
2839 1046 2899 1100 id
2939 1051 3024 1102 est
3071 1055 3276 1106 natura
3321 1070 3467 1109 unus

1836 1139 2003 1192 Deus.
2033 1139 2174 1193 Cum
2202 1139 2357 1193 enim
2386 1138 2626 1193 dicimus
2658 1156 2772 1193 non
2815 1138 3003 1210 ipsum
3030 1143 3257 1198 Patrem
3294 1162 3467 1218 quem

1837 1231 2064 1300 Filium,
2093 1232 2165 1287 ad
2189 1248 2568 1303 personarum
2598 1232 3022 1289 distinctionem
3047 1237 3313 1307 refertur,
3336 1256 3468 1295 cum

1838 1328 2033 1379 autem
2061 1324 2303 1380 dicimus
2332 1326 2522 1396 ipsum
2562 1342 2682 1380 esse
2715 1328 2935 1383 Patrem
2979 1330 3131 1399 quod
3162 1331 3384 1399 Filium,
3414 1338 3472 1389 et

1835 1418 2026 1489 ipsum
2044 1419 2247 1474 Filium
2262 1420 2419 1490 quod
2439 1421 2685 1487 Patrem,
2706 1420 2893 1491 ipsum
2910 1422 3184 1493 Spiritum
3208 1431 3467 1484 sanctum

1836 1511 1991 1582 quod
2018 1512 2245 1567 Patrem
2275 1515 2333 1566 et
2352 1510 2663 1582 Filium,ad
2683 1517 2950 1569 naturam
2978 1532 3090 1587 qua
3116 1518 3262 1573 Deus
3283 1524 3369 1575 est
3384 1523 3470 1576 vel

1837 1604 2211 1658 substantiam
2254 1604 2537 1675 pertinere
2589 1610 2960 1676 monstratur,
2994 1610 3129 1680 quia
3159 1612 3472 1669 substantia

1838 1713 2017 1751 unum
2048 1701 2199 1764 sunt,
2232 1715 2502 1769 personas
2530 1699 2683 1753 enim
2710 1700 3130 1773 distinguimus,
3152 1722 3267 1761 non
3299 1708 3475 1764 deita-

150 1808 194 1858 et
214 1804 398 1874 Spiritu
426 1805 625 1856 sancto
660 1817 779 1856 esse
808 1805 1065 1856 testatur.
1080 1801 1207 1853 Haec
1228 1802 1312 1853 est
1338 1801 1543 1853 sanctas
1562 1796 1740 1852 Trini—
1758 1785 1815 1856 B
1840 1792 1955 1845 tem
1982 1807 2328 1862 separamus.
2347 1791 2679 1846 Trinitatem
2709 1793 2885 1864 igitur
2910 1796 2969 1850 in
2998 1814 3376 1867 personarum
3392 1803 3469 1857 di-

148 1897 249 1950 tatis
272 1898 430 1951 relata
454 1895 730 1964 narratio,
762 1910 889 1966 quae
941 1910 1059 1948 non
1088 1892 1318 1964 triplex,
1346 1892 1442 1946 sed
1473 1890 1735 1954 Trinitas,

150 1995 191 2043 et
225 1989 316 2043 dici
348 1994 401 2044 et
434 1989 593 2045 credi
638 1988 823 2057 debet,
854 2003 961 2041 nec
994 1991 1143 2042 recte
1192 1986 1301 2040 dici
1335 1988 1540 2057 potest,
1585 1987 1651 2038 ut
1678 1983 1739 2037 in

148 2099 240 2136 uno
258 2083 356 2137 Deo
381 2082 449 2136 sit
472 2082 738 2151 Trinitas,
761 2081 858 2135 sed
885 2096 1035 2135 unus
1056 2081 1204 2135 Deus
1223 2079 1483 2133 Trinitas.
1515 2080 1575 2130 In
1598 2078 1741 2131 rela-

148 2175 249 2229 tivis
274 2192 396 2231 vero
422 2191 803 2247 personarum
833 2173 1185 2242 nominibus,
1218 2174 1386 2226 Pater
1408 2171 1481 2225 ad
1512 2171 1736 2237 Filium,

148 2268 287 2323 Filius
311 2270 379 2324 ad
416 2272 667 2335 Patrem,
700 2267 944 2338 Spiritus
979 2269 1206 2321 sanctus
1233 2265 1305 2320 ad
1340 2269 1611 2335 utrosque
1647 2279 1737 2319 re-

149 2362 314 2430 fertur,
356 2380 480 2434 qum
532 2378 668 2416 cum
710 2360 943 2415 relative
987 2366 1103 2415 tres
1149 2375 1410 2431 personae
1458 2358 1738 2424 dicantur,

148 2472 242 2509 una
263 2461 443 2511 tamen
480 2455 759 2511 naturalis
800 2454 1111 2509 substantia
1148 2452 1422 2521 creditur,
1452 2468 1555 2506 nec
1598 2451 1743 2505 sicut

148 2550 240 2601 tres
259 2566 537 2620 personas,
569 2549 648 2603 ita
677 2553 789 2603 tres
830 2547 1168 2602 substantias
1208 2545 1601 2618 praedicamus,
1643 2544 1742 2599 sed

146 2658 287 2697 unam
315 2642 710 2710 substantiam,
740 2646 859 2696 tres
884 2645 1075 2696 autem
1104 2639 1565 2711 personas,quod
1585 2638 1741 2693 enim

148 2736 281 2791 Pater
303 2742 401 2802 est,
427 2753 549 2791 non
577 2735 647 2789 ad
678 2751 760 2801 se,
788 2734 890 2789 sed
918 2734 990 2788 ad
1021 2733 1248 2801 Filium,
1284 2737 1342 2786 et
1379 2732 1531 2804 quod
1574 2731 1743 2786 Filius

148 2833 228 2895 est,
250 2847 355 2884 non
379 2830 449 2884 ad
477 2847 567 2897 se,
594 2828 695 2883 sed
725 2828 795 2882 ad
830 2829 1079 2882 Patrem.
1114 2826 1387 2881 Similiter
1419 2830 1475 2880 et
1504 2824 1743 2896 Spiritus

145 2928 353 2991 sanctus,
386 2940 501 2977 non
535 2922 606 2975 ad
645 2938 722 2987 se,
752 2920 855 2975 sed
896 2920 970 2974 ad
1008 2920 1234 2974 Patrem
1265 2922 1321 2974 et
1360 2919 1563 2972 Filium
1596 2918 1739 2972 rela-

144 3013 232 3069 tive
271 3015 529 3082 refertur,
578 3014 637 3069 in
685 3031 751 3068 eo
798 3013 955 3084 quod
1006 3012 1249 3084 Spiritus
1290 3012 1468 3066 Patris
1515 3014 1571 3065 et
1620 3010 1745 3064 Filii

145 3108 459 3176 praedicatur.
504 3111 675 3174 Item,
704 3123 835 3162 cum
877 3106 1138 3175 dicimus,
1172 3107 1337 3173 Deus,
1374 3122 1490 3159 non
1536 3104 1609 3158 ad
1636 3103 1740 3158 ali-

1838 1883 2141 1938 stinctione
2185 1885 2568 1955 agnoscimus,
2598 1886 2871 1941 unitatem
2926 1895 3161 1960 propter
3208 1896 3473 1950 naturam

1838 1977 1927 2029 vel
1969 1977 2349 2032 substantiam
2396 1978 2751 2050 proﬁtemur.
2782 1980 2909 2035 Tria
2953 1999 3090 2053 ergo
3136 1985 3242 2039 ista
3288 2003 3469 2042 unum

1838 2074 1989 2137 sunt,
2021 2074 2223 2125 natura
2248 2071 2458 2127 scilicet
2502 2090 2617 2127 non
2660 2090 2923 2144 persona,
2956 2093 3059 2131 nec
3109 2081 3305 2134 tamen
3344 2082 3467 2138 ista;

1839 2179 2096 2233 personas
2125 2169 2239 2218 tres
2274 2167 2918 2253 personee’zestimandee
2946 2176 3079 2226 sunt
3102 2174 3467 2246 separabiles,

1838 2272 1968 2310 cum
2010 2257 2166 2311 nulla
2192 2263 2323 2312 ante
2368 2259 2562 2327 aliam,
2594 2261 2747 2315 nulla
2776 2266 2906 2333 post
2934 2264 3125 2335 aliam,
3159 2268 3317 2322 nulla
3348 2269 3471 2325 sine

1841 2349 1954 2404 alia
1994 2351 2079 2405 vel
2125 2352 2422 2421 exstitisse,
2462 2355 2548 2408 vel
2592 2354 2882 2426 quidpiam
2919 2364 3152 2430 operata
3203 2378 3326 2417 esse
3369 2364 3471 2418 alia

1840 2444 2070 2514 quando
2100 2445 2372 2500 creditur.
2402 2449 2809 2518 luseparabiles
2835 2451 2990 2505 enim
3024 2452 3394 2511 inveniuntur
3417 2463 3473 2513 et

1842 2537 1901 2591 in
1931 2553 1997 2592 eo
2026 2538 2177 2608 quod
2219 2544 2371 2607 sunt,
2405 2545 2462 2594 et
2516 2540 2572 2595 in
2615 2558 2682 2595 eo
2711 2543 2865 2614 quod
2893 2545 3131 2615 faciunt,
3158 2548 3289 2619 quia
3326 2550 3476 2607 inter

1841 2634 2213 2699 generantem
2242 2633 2463 2687 Patrem
2510 2639 2565 2688 et
2596 2642 2931 2705 generatum
2966 2638 3189 2708 Filium,
3220 2643 3304 2696 vel
3333 2661 3470 2715 pro-

1841 2724 2135 2778 cedentem
2188 2725 2461 2796 Spiritum
2508 2730 2782 2797 sanctum,
2821 2732 3043 2786 nullum
3092 2734 3261 2791 fuisse
3291 2739 3473 2793 credi-

1841 2833 1969 2893 mus
2006 2819 2278 2889 temporis
2305 2818 2813 2893 intervallum,quo
2838 2830 2935 2878 aut
2963 2826 3192 2896 genitor
3219 2831 3477 2901 genitum

1842 2910 2150 2982 aliquando
2178 2913 2544 2983 praecederet,
2571 2918 2669 2995 aut
2699 2917 2925 2986 genitus
2952 2920 3201 2991 genitori
3232 2923 3473 2993 deesset,

1843 3008 1944 3058 aut
1998 3007 2311 3075 procedens
2367 3008 2610 3079 Spiritus
2684 3010 2833 3065 Patri
2877 3013 2962 3067 vel
3016 3014 3151 3068 Filio
3195 3019 3475 3087 posterior

1844 3103 2163 3168 appareret.
2194 3100 2275 3154 Ob
2305 3100 2414 3155 hoc
2449 3118 2587 3173 ergo
2638 3102 3033 3175 inseparabilis
3066 3114 3123 3163 et
3175 3109 3474 3168 inconfusa

147 3152 459 3176 την-ψη...
504 3152 675 3174 ..ν-η,
706 3152 835 3162 va..-
880 3152 1138 3175 νι-ν--υ-υ,
1175 3152 1337 3173 ww",
1374 3152 1490 3159 ..η
1538 3152 1609 3158 η-
1638 3152 1709 3158 w-
1880 3152 1937 3168 ι.
2306 3152 2407 3155 ᾑν-
2456 3152 2582 3173 -νσν
2639 3152 3033 3175 “nr-mm..-
3068 3152 3123 3163 ν.
3175 3152 3472 3168 ...νυιηιωα

143 3202 253 3270 quid
286 3202 505 3272 dicitur,
551 3202 695 3255 sicut
738 3202 903 3255 pater
938 3199 1010 3254 ad
1055 3200 1280 3274 Filium,
1327 3200 1417 3253 vel
1458 3198 1629 3252 Filius
1674 3152 1818 3251 adC
1846 3190 1964 3244 haec
2011 3191 2255 3247 Trinitas
2309 3210 2341 3247 a
2394 3194 2560 3249 nobis
2603 3201 2658 3250 et
2717 3198 2969 3254 creditur
3013 3206 3069 3255 et
3112 3205 3472 3274 praedicatur.

145 3294 349 3357 Patrem.
375 3297 460 3350 vel
491 3295 738 3366 Spiritus
770 3298 995 3348 sanctus
1039 3293 1110 3348 ad
1154 3294 1382 3347 Patrem
1426 3296 1483 3347 et
1518 3291 1741 3357 Filium,

144 3388 221 3441 sed
242 3389 304 3443 ad
329 3406 385 3444 se
404 3388 751 3461 specialiter,
768 3388 916 3442 Deus
941 3385 1163 3441 dicitur.
1185 3386 1326 3440 Nam
1350 3385 1396 3439 si
1419 3386 1490 3440 de
1508 3384 1745 3457 singulis

145 3482 364 3549 personis
392 3483 845 3553 interrogemur,
874 3481 1059 3535 Deum
1085 3496 1317 3535 necesse
1337 3481 1422 3534 est
1440 3479 1741 3533 fateamur.

144 3572 263 3628 Deus
288 3592 417 3647 ergo
440 3578 632 3643 Pater,
664 3576 809 3630 Deus
838 3574 1031 3641 Filius,
1058 3574 1207 3629 Deus
1240 3572 1478 3644 Spiritus
1521 3576 1746 3626 sanctus

143 3666 465 3739 singulariter
495 3669 727 3735 dicitur,
754 3684 861 3722 nec
881 3673 1076 3723 tamen
1101 3672 1217 3722 tres
1244 3666 1340 3734 dii,
1369 3665 1467 3721 sed
1495 3681 1646 3720 unus
1662 3667 1748 3719 est

143 3760 278 3816 Deus.
328 3766 483 3830 Item,
523 3768 583 3818 et
623 3764 784 3817 Pater
822 3761 1204 3832 omnipotens,
1248 3762 1305 3814 et
1345 3759 1515 3814 Filius
1557 3758 1743 3813 omni-

143 3861 326 3924 potens,
371 3863 428 3913 et
471 3856 721 3928 Spiritus
750 3858 976 3910 sanctus
1023 3853 1386 3926 omnipotens
1435 3852 1744 3925 singulari-

141 3949 211 4001 ter
230 3950 439 4021 dicitur,
474 3967 585 4006 nec
612 3953 803 4006 tamen
843 3952 957 4004 tres
990 3948 1429 4018 omnipotentes,
1463 3946 1563 4001 sed
1604 3962 1749 4000 unus

143 4040 499 4115 Omnipotens,
536 4044 685 4099 sicut
714 4049 771 4099 et
796 4059 980 4098 unum
1024 4042 1221 4097 lumen
1256 4057 1546 4111 unumque
1584 4039 1745 4111 prin-

142 4135 321 4205 cipium
364 4137 735 4210 praedicatur.
787 4135 1165 4208 Singulariter
1211 4150 1349 4205 ergo
1392 4148 1749 4205 unaquaeque

142 4243 363 4300 persona,
387 4250 543 4287 unus
590 4232 734 4286 Deus
758 4231 1060 4285 conﬁtetur
1083 4231 1142 4283 et
1194 4228 1467 4295 creditur,
1502 4243 1615 4281 una
1641 4226 1750 4281 illis

143 4326 187 4375 et
218 4324 440 4381 indivisa
504 4328 682 4396 atque
731 4323 962 4396 aequalis
1013 4322 1220 4388 deitas,
1270 4321 1539 4392 majestas
1567 4363 1580 4388 ,
1636 4320 1749 4375 sive

142 4422 376 4487 potestas,
416 4436 528 4475 nec
573 4418 899 4474 minoratur
944 4416 1006 4471 in
1054 4416 1313 4488 singulis,
1363 4432 1470 4470 nec
1506 4417 1751 4486 augetur

1843 3285 1974 3339 Tres
2004 3284 2179 3355 igitur
2206 3302 2458 3356 personae
2488 3288 2611 3343 ista:
2644 3290 2930 3362 dicuntur,
2954 3294 3119 3363 juxta
3156 3299 3307 3368 quod
3348 3317 3469 3355 ma-

1837 3376 1990 3447 jores
2016 3378 2312 3448 deﬁniunt,
2346 3385 2409 3435 ut
2439 3390 2837 3453 agnoscantur.
2870 3386 3011 3441 Nam
3039 3388 3083 3442 si
3113 3392 3477 3449 attendamus

1845 3470 1984 3524 illud
2040 3472 2195 3542 quod
2269 3473 2559 3544 Scriptura
2611 3480 2805 3531 sancta
2855 3478 2991 3533 dicit
3040 3482 3109 3535 de
3180 3484 3472 3557 sapientia,

1845 3564 2113 3634 splendor
2159 3568 2244 3618 est
2293 3566 2432 3621 lucis
2472 3571 2727 3638 reternm,
2776 3570 2922 3626 sicut
2961 3574 3323 3644 splendorem
3364 3578 3478 3635 luci

1844 3656 2100 3711 videmus
2155 3658 2606 3730 inseparabiliter
2658 3662 2960 3734 inhaerere,
3008 3668 3088 3722 sic
3135 3672 3479 3729 conﬁtemur

1846 3750 2049 3804 Filium
2073 3767 2106 3804 a
2130 3752 2292 3806 Patre
2320 3755 2571 3825 separari
2601 3772 2713 3810 non
2746 3774 2928 3828 posse.

1915 3845 2047 3898 Tres
2079 3860 2214 3915 ergo
2242 3845 2367 3900 illas
2410 3847 2579 3902 unius
2623 3852 2791 3921 atque
2822 3852 3216 3924 inseparabilis
3257 3864 3474 3915 naturae

1847 3954 2133 4008 personas,
2196 3938 2340 3994 sicut
2384 3957 2502 3995 non
2545 3943 2963 4016 confundimus,
3014 3949 3092 4003 ita
3137 3953 3477 4023 separabiles

1848 4032 2174 4087 nullatenus
2220 4034 2616 4105 praedicamus,
2663 4039 3127 4112 quandoquidem
3168 4045 3274 4101 hoc
3316 4049 3479 4104 nobis

1849 4125 2083 4197 dignata
2131 4131 2217 4182 est
2256 4127 2381 4199 ipsa
2430 4129 2671 4185 Trinitas
2716 4132 3011 4189 evidenter
3057 4139 3379 4211 ostendere,
3420 4149 3481 4198 ut

1849 4218 2021 4273 etiam
2050 4218 2105 4273 in
2138 4221 2402 4276 omnibus
2440 4222 2643 4295 quibus
2671 4225 2847 4281 voluit
2889 4227 3184 4300 sigillatim
3212 4250 3479 4304 personas

1847 4314 2292 4384 agnosci,unam
2315 4315 2435 4371 sine
2453 4318 2631 4373 altera
2658 4336 2775 4375 non
2796 4322 3479 4399 pcrmittatintelligi,nec

1850 4406 2003 4460 enim
2034 4409 2203 4462 Pater
2229 4408 2442 4481 absque
2473 4411 2611 4465 Filio
2635 4416 3015 4485 cognoscitur,
3042 4434 3146 4473 nec
3175 4419 3297 4476 sine
3316 4423 3481 4479 Patre

142 4507 188 4563 in
228 4512 413 4581 tribus,
465 4513 608 4585 quia
660 4529 766 4567 nec
815 4510 1007 4565 minus
1050 4509 1265 4581 aliquid
1306 4509 1568 4576 habetur,
1619 4499 2025 4596 cumDFiliu§
2059 4500 2368 4559 invenitur.
2400 4505 2618 4561 Relatio
2658 4508 2871 4579 quippe
2903 4510 3028 4581 ipsa
3063 4513 3318 4568 vocabuli
3350 4533 3480 4586 per-

144 4616 466 4679 unaquaeque
498 4623 753 4679 persona
793 4608 939 4661 Deus
982 4601 1345 4674 singulariter
1387 4601 1613 4668 dicitur,
1645 4593 1812 4655 nec‘
1850 4593 2058 4647 sonalis
2100 4610 2370 4665 personas
2412 4598 2665 4668 separari
2694 4603 2866 4656 vetat.
2900 4601 3023 4665 Qua
3060 4604 3233 4660 etiam
3261 4624 3379 4663 non
3408 4609 3480 4664 sis

146 4700 358 4769 amplius
384 4717 519 4756 cum
553 4703 689 4754 tota:
734 4704 851 4754 tres
889 4713 1155 4771 persona).
1200 4695 1591 4752 enuntientur.
1626 4696 1752 4749 Haec

146 4804 257 4861 ergo
284 4799 473 4849 sancta
501 4792 770 4860 Trinitas,
803 4807 930 4864 quae
974 4808 1125 4846 unus
1166 4794 1222 4846 et
1256 4806 1421 4845 verus
1467 4795 1552 4844 est
1581 4790 1748 4858 Deus,

144 4898 227 4938 nec
251 4889 458 4944 recedit
486 4905 523 4943 a
551 4903 815 4956 numero,
842 4902 947 4941 nec
976 4885 1201 4956 capitur
1224 4898 1488 4938 numero.
1516 4885 1579 4937 In
1608 4884 1750 4937 rela-

147 4976 275 5036 tione
302 4983 455 5037 enim
491 4996 873 5054 personarum
910 4995 1187 5034 numerus
1214 4976 1486 5044 cernitur,
1513 4976 1574 5029 in
1609 4974 1750 5030 divi-

146 5072 311 5129 nitatis
352 5093 490 5131 vero
527 5074 843 5130 substantia
889 5073 1027 5145 quid
1068 5073 1465 5127 enumeratum
1501 5069 1594 5137 sit,
1634 5086 1752 5124 non

145 5170 637 5239 comprehenditur.
681 5170 831 5240 Ergo
886 5167 994 5222 hoc
1041 5165 1222 5221 solum
1265 5179 1572 5220 numerum
1617 5162 1750 5217 insi-

144 5265 279 5329 nuat,
308 5264 464 5336 quod
497 5262 571 5318 ad
599 5262 841 5319 invicem
872 5265 1024 5332 sunt,
1056 5265 1113 5317 et
1142 5259 1201 5315 in
1242 5260 1352 5314 hoc
1395 5273 1632 5313 numero
1658 5273 1752 5312 ca-

145 5358 271 5422 rent,
298 5357 453 5429 quod
480 5357 541 5412 in
578 5374 639 5412 se
670 5360 821 5412 sunt.
854 5358 997 5411 Nam
1041 5355 1122 5409 ita
1162 5357 1370 5408 sanctae
1408 5350 1543 5407 huic
1570 5350 1752 5405 Trini-

145 5446 229 5500 tati
258 5466 432 5506 unum
464 5451 719 5505 naturale
739 5449 1003 5505 convenit
1020 5462 1237 5503 nomen
1253 5450 1320 5502 ut
1346 5446 1405 5500 in
1435 5444 1613 5499 tribus
1630 5460 1755 5515 per-

146 5542 273 5596 sonis
295 5560 413 5599 non
452 5544 628 5616 possit
651 5560 773 5600 esse
800 5543 1045 5615 plurale.
1072 5540 1156 5596 0b
1182 5541 1287 5594 hoc
1313 5555 1449 5610 ergo
1472 5537 1756 5593 credimus

147 5632 274 5691 istud
300 5638 359 5693 in
399 5639 571 5705 sacris
604 5637 808 5694 litteris
845 5636 1060 5692 dictum
1090 5651 1103 5690 :
1142 5657 1169 5685 «
1211 5634 1443 5704 Magnus
1480 5630 1756 5686 Dominus

146 5732 337 5800 noster,
368 5738 427 5788 et
454 5749 667 5806 magna
692 5732 867 5787 virtus
894 5730 1037 5802 ejus,
1062 5726 1120 5784 et
1146 5726 1444 5800 sapientiae
1482 5725 1606 5796 ejus
1636 5740 1755 5780 non

148 5827 218 5877 est
238 5840 507 5882 numerus
528 5828 690 5897 (Psal.
715 5828 949 5898 exuuii)
983 5841 1045 5881 ε»
1070 5824 1183 5878 Nec
1202 5821 1340 5895 quia
1366 5822 1481 5875 tres
1504 5819 1606 5874 has
1623 5834 1755 5891 per-

1848 4686 1970 4741 mul
2012 4687 2295 4757 nominat,
2325 4689 2489 4744 simul
2521 4690 2793 4748 insinuat.
2826 4694 3002 4751 Nemo
3047 4698 3243 4754 audire
3291 4707 3481 4773 potest

1849 4781 2305 4852 unumquodque
2330 4783 2569 4837 istorum
2598 4786 2918 4855 nominum,
2949 4789 3010 4843 in
3038 4807 3151 4861 quo
3184 4811 3298 4849 non
3316 4796 3479 4853 intel-s

1850 4872 2025 4944 ligere
2052 4879 2290 4947 cogatur
2319 4880 2375 4930 et
2410 4877 2674 4932 alterum.
2707 4882 2848 4936 Cum
2876 4898 3014 4953 ergo
3056 4884 3178 4941 haec
3224 4888 3333 4945 tria
3367 4891 3482 4947 sint

1854 4984 2052 5035 unum,
2068 4972 2126 5023 et
2146 4969 2204 5023 in
2233 4986 2413 5024 unum
2430 4970 2558 5040 tria,
2575 4976 2660 5027 est
2684 4977 2874 5030 tamen
2900 4977 3205 5051 unicuique
3227 4998 3481 5054 personm

1852 5078 2091 5117 manens
2141 5079 2240 5117 sua
2293 5064 2628 5135 proprietas.
2681 5069 2844 5123 Pater
2890 5071 3044 5127 enim
3107 5077 3485 5134 aeternitatem

1852 5155 2025 5210 habet
2081 5155 2204 5210 sine
2260 5157 2549 5214 nativitate
2574 5201 2588 5229 ,
2654 5160 2826 5217 Filius
2902 5167 3281 5224 aeternitatem
3353 5188 3484 5226 cum

1852 5248 2142 5304 nativitate
2167 5292 2181 5318 ,
2247 5250 2488 5323 Spiritus
2552 5270 2688 5309 vero
2756 5261 2983 5313 sanctus
3064 5262 3486 5332 processionem

1852 5344 1977 5399 sine
2016 5344 2332 5400 nativitate.
2366 5346 2440 5401 De
2486 5346 2573 5402 his
2608 5348 2790 5404 tribus
2836 5354 3091 5423 personis
3137 5355 3319 5409 solam
3363 5354 3485 5412 Filii

1853 5454 2160 5509 personam
2177 5455 2281 5510 pro
2309 5439 2647 5497 liberatione
2672 5443 2917 5499 humani
2946 5446 3169 5516 generis
3189 5448 3484 5506 hominem

1852 5548 2047 5587 verum
2076 5532 2197 5587 sine
2226 5538 2454 5603 peccato
2488 5535 2558 5590 de
2585 5541 2776 5593 sancta
2806 5542 2865 5591 et
2900 5537 3271 5594 immaculata
3308 5542 3483 5599 Maria

1852 5625 2082 5697 Virgine
2111 5625 2397 5682 credimus
2422 5630 2811 5701 assumpsisse,
2842 5630 2915 5684 de
2940 5647 3053 5701 qua
3081 5648 3229 5687 novo
3257 5635 3480 5705 ordine,

1856 5735 2108 5793 novaque
2138 5720 2430 5777 nativitate
2455 5725 2541 5777 est
2567 5725 2814 5794 genitus,
2843 5723 2975 5794 quia
3012 5724 3310 5783 invisibilis
3336 5729 3481 5787 divi-

1854 5813 2032 5870 nitate
2072 5814 2307 5870 visibilis
2348 5818 2698 5872 monstratur
2740 5816 2800 5871 in
2846 5833 3034 5889 carne,
3089 5837 3235 5878 nova
3291 5829 3484 5890 autem
