3946 6180
470 290 571 342 539

1358 286 1639 345 APPEND.
1681 289 1768 343 AD
1805 284 1967 346 ΒΕΘ.
2013 288 2097 345 IX.
2120 319 2189 331 -—
2226 288 2474 347 ISIDORI
2510 282 2933 346 MERCATORIS

3656 290 3728 354 sto

468 396 758 451 nativitate
778 399 862 448 est
881 396 1123 465 genitus,
1138 393 1272 467 quia
1284 395 1493 451 intacta
1507 396 1800 469 virginitas
1811 398 2097 455 etvirilem
2117 410 2178 484 Α
2196 402 2314 455 tate
2333 398 2625 470 accipitur.
2640 399 2784 452 Nam
2803 399 2947 453 sicut
2965 413 3070 470 per
3088 402 3424 470 assumptam
3438 416 3631 458 carnem
3645 421 3734 462 non

470 490 681 544 coitum
711 488 944 543 nescivit
973 491 1030 543 et
1068 489 1369 544 fecundata
1404 507 1507 562 per
1536 491 1808 562 Spiritum
1840 498 2096 548 sanctum

468 582 651 637 carnis
701 579 999 635 materiam
1046 582 1406 638 ministravit.
1458 584 1564 647 Qui
1618 586 1814 655 partus
1852 584 2097 655 Virginis

466 692 571 730 nec
603 675 823 729 ratione
863 674 1168 745 colligitur,
1200 692 1305 730 nec
1347 677 1607 748 exemplo
1650 677 1758 732 erit
1784 679 1939 733 enim
1981 679 2095 733 sin-

468 770 683 839 gulare.
712 769 822 823 Nec
850 772 1046 822 tamen
1079 768 1323 839 Spiritus
1352 775 1581 824 sanctus
1615 772 1783 826 Pater
1822 788 1942 826 esse
1974 789 2093 826 cre-

467 862 685 917 dendus
715 866 801 916 est
842 861 965 915 Filii
1009 878 1115 932 pro
1144 877 1212 916 eo
1256 863 1409 934 quod
1436 864 1606 918 Maria
1652 864 1849 919 eodem
1884 865 2098 936 Spiritu

466 958 662 1010 sancto
712 954 1111 1022 obumbrante,
1150 957 1428 1027 concepit,
1462 972 1534 1012 ne
1575 957 1714 1011 duos
1743 963 1931 1029 patres
1976 957 2098 1013 Filii

466 1048 765 1102 videamur
799 1063 1073 1116 asserere,
1102 1048 1256 1118 quod
1298 1048 1491 1121 utique
1539 1049 1696 1104 nefas
1740 1053 1826 1104 est
1864 1050 1990 1104 dici.
2034 1052 2096 1104 In

468 1158 579 1211 quo
607 1140 857 1195 mirabili
882 1145 1155 1211 conceptu
1186 1163 1213 1190 «
1243 1141 1529 1197 adiﬁcans
1554 1142 1657 1197 sibi
1687 1142 1963 1214 sapientia
1992 1143 2095 1198 do-

467 1251 625 1289 mum
659 1235 834 1301 (Prov.
868 1250 941 1301 Ix,
976 1234 1046 1303 l).
1075 1255 1103 1283 »
1136 1256 1164 1283 ‹‹
1214 1235 1459 1289 Verbum
1502 1252 1633 1290 caro
1676 1236 1886 1291 factum
1912 1240 2013 1307 est,
2044 1240 2100 1291 et

468 1327 748 1383 habitavit
773 1328 833 1381 in
858 1327 1019 1381 nobis
1046 1329 1219 1398 (Joan.
1241 1345 1281 1397 1,
1305 1329 1411 1392 14).
1442 1348 1469 1381 ››
1500 1330 1612 1383 Nec
1638 1334 1829 1385 tamen
1850 1329 2098 1385 Verbum

468 1439 657 1493 ipsum
682 1422 764 1476 ita
785 1421 843 1475 in
870 1438 1102 1476 carnem
1128 1438 1462 1477 conversum
1491 1426 1661 1494 atque
1684 1426 1971 1477 mutatum
1992 1427 2096 1493 est,

467 1522 533 1571 ut
557 1515 851 1571 desisteret
877 1516 1025 1569 Deus
1055 1532 1175 1569 esse
1208 1515 1304 1586 qui
1348 1517 1524 1571 homo
1562 1533 1681 1571 esse
1720 1516 2005 1585 voluisset,
2036 1521 2101 1571 ut

470 1626 587 1665 non
631 1612 853 1664 tantum
901 1608 976 1662 ibi
1030 1609 1101 1662 sit
1154 1609 1405 1664 Verbum
1449 1608 1564 1679 Dei,
1612 1609 1709 1665 sed
1758 1615 1814 1664 et
1856 1609 2101 1678 hominis

471 1702 684 1769 omnia,
725 1708 895 1773 atque
941 1702 1047 1756 hoc
1092 1705 1298 1769 totum,
1327 1708 1384 1757 et
1429 1703 1573 1757 Deus
1617 1703 1834 1757 dicatur
1868 1707 2101 1774 propter

470 1797 673 1863 Deum,
702 1800 758 1850 et
780 1796 956 1850 homo
987 1800 1225 1867 propter
1253 1795 1571 1850 hominem.
1605 1797 1665 1849 In
1698 1807 1813 1866 quo
1837 1796 1936 1851 Dei
1964 1773 2098 1850 Filio
2117 1773 2176 1845 B

468 1889 607 1944 duas
656 1888 944 1943 credimus
968 1904 1087 1942 esse
1113 1893 1362 1956 naturas,
1392 1904 1568 1942 unam
1601 1888 1931 1955 divinitatis,
1960 1889 2100 1944 alte-

467 1998 595 2037 ram
622 1982 1018 2051 humanitatis,
1044 1998 1184 2051 quas
1214 1981 1289 2035 ita
1314 1981 1373 2035 in
1406 1999 1466 2036 se
1492 1998 1607 2036 una
1627 1982 1833 2037 Christi
1859 1998 2102 2053 persona

467 2075 666 2141 univit,
686 2080 748 2130 ut
775 2092 881 2129 nec
908 2075 1173 2129 divinitas
1200 2075 1270 2129 ab
1299 2074 1676 2144 humanitate,
1708 2092 1813 2130 nec
1842 2075 2104 2130 humani-

467 2172 554 2223 tas
580 2186 614 2223 a
640 2168 931 2223 divinitate
962 2168 1138 2239 possit
1176 2168 1481 2239 aliquando
1509 2169 1757 2240 sejungi.
1790 2168 1952 2224 Unde
1978 2186 2104 2240 per-

467 2263 645 2317 fectus
671 2264 837 2328 Deus,
866 2261 1149 2331 perfectus
1175 2264 1231 2316 et
1272 2261 1446 2316 homo
1488 2261 1546 2315 in
1577 2261 1793 2316 unitate
1822 2278 2098 2332 persona.

468 2357 578 2411 Nec
609 2360 797 2409 tamen
829 2354 962 2424 quia
991 2354 1132 2408 duas
1161 2352 1218 2407 in
1247 2354 1383 2408 Filio
1422 2353 1670 2408 diximus
1704 2370 1822 2409 esse
1850 2360 2096 2423 naturas,

470 2449 607 2503 duas
650 2448 986 2519 proﬁtemur
1025 2448 1087 2502 in
1130 2464 1196 2501 eo
1250 2463 1368 2502 esse
1405 2463 1692 2519 personas,
1723 2464 1795 2501 ne
1842 2446 2101 2502 Trinitati

467 2542 643 2615 (quod
692 2541 853 2611 absit)
901 2539 1153 2597 accidere
1216 2540 1474 2596 videatur
1533 2540 1902 2613 quaternitas.
1952 2542 2102 2596 Deus

466 2637 619 2692 enim
650 2635 897 2690 Verbum
932 2652 1051 2690 non
1091 2634 1305 2706 accepit
1350 2651 1659 2706 personam
1700 2633 1969 2704 hominis,
2002 2635 2101 2691 sed

464 2733 749 2797 naturam,
778 2735 835 2784 et
856 2730 915 2783 in
948 2733 1228 2783 aternum
1261 2745 1506 2799 persona
1538 2728 1845 2783 divinitatis
1871 2732 2098 2800 tempo-

465 2825 648 2878 ralem
665 2822 882 2892 accepit
900 2821 1273 2875 substantiam
1288 2821 1490 2875 carnis.
1510 2822 1645 2875 Item
1658 2821 1828 2875 unius
1847 2821 2101 2876 substan-

466 2917 559 2971 tia
584 2916 872 2970 credimus
903 2931 1025 2969 esse
1056 2916 1233 2969 Deum
1258 2916 1506 2979 Patrem,
1535 2920 1592 2968 et
1634 2913 1836 2968 Filium
1868 2918 1924 2968 et
1970 2914 2097 2986 Spi-

465 3010 640 3065 ritum
669 3013 947 3075 sanctum,
981 3024 1101 3062 non
1128 3013 1324 3062 tamen
1352 3007 1614 3074 dicimus,
1640 3011 1701 3061 ut
1719 3006 1890 3077 hujus
1912 3007 2096 3061 Trini-

462 3105 595 3159 tatis
624 3102 903 3157 unitatem
947 3101 1120 3156 Maria
1159 3101 1331 3172 Virgo
1385 3099 1671 3171 genuerit,
1701 3100 1797 3155 sed
1837 3105 2091 3156 tantum-
2114 3140 2169 3216 Ο

466 3197 633 3252 modo
664 3194 884 3261 Filium,
912 3195 1009 3266 qui
1029 3194 1180 3248 solus
1204 3199 1471 3248 naturam
1502 3199 1759 3248 nostram
1790 3194 1847 3248 in
1874 3194 2094 3250 unitate

465 3306 721 3363 persona
746 3306 862 3343 sua
890 3287 1213 3359 assumpsit,
1236 3287 1689 3343 incarnationem
1723 3304 1952 3359 quoque
1987 3289 2094 3342 hu-

459 3383 556 3456 jus
580 3383 706 3439 Filii
735 3382 830 3438 Dei
857 3386 975 3437 tota
997 3382 1243 3437 Trinitas
1273 3384 1508 3453 operata
1530 3398 1651 3436 esse
1676 3381 1962 3436 credenda
1991 3386 2094 3451 est,

466 3477 602 3549 quia
626 3475 1030 3548 inseparabilia
1049 3479 1183 3530 sunt
1207 3492 1381 3547 Opera
1399 3474 1703 3530 Trinitatis.
1728 3476 1890 3531 Solus
1906 3480 2097 3530 tamen

467 3571 637 3627 Filius
662 3570 906 3625 formam
929 3569 1070 3624 servi
1093 3569 1308 3640 accepit
1330 3568 1390 3623 in
1405 3568 1792 3640 singularitate
1813 3585 2094 3639 persona,

464 3680 583 3721 non
615 3663 675 3718 in
701 3664 917 3719 unitate
944 3662 1149 3717 divina
1173 3667 1410 3731 natura,
1440 3662 1498 3716 in
1536 3662 1593 3716 id
1620 3661 1774 3733 quod
1798 3662 2096 3733 proprium

468 3763 552 3814 est
577 3757 722 3828 Filii,
752 3774 864 3812 non
892 3756 1047 3829 quod
1091 3771 1396 3811 commune
1432 3754 1712 3822 Trinitati,
1744 3771 1872 3826 qua
1917 3755 2098 3810 forma

463 3852 546 3909 illi
594 3852 667 3909 ad
709 3851 990 3906 unitatem
1045 3866 1301 3922 persona
1362 3851 1622 3920 coaptata
1674 3852 1775 3917 est,
1817 3852 1884 3903 ut
1926 3848 2097 3904 Filius

465 3947 566 4001 Dei
592 3952 647 4001 et
684 3946 857 3999 Filius
886 3943 1136 3999 hominis
1170 3960 1317 3998 unus
1356 3943 1426 3999 sit
1451 3942 1727 3999 Christus.
1771 3944 1912 3998 Item
1940 3942 2097 3997 idem

464 4041 718 4095 Christus
748 4039 805 4094 in
832 4038 921 4092 bis
951 4037 1169 4093 duabus
1191 4037 1411 4092 naturis
1439 4036 1619 4091 tribus
1638 4039 1819 4091 exstat
1843 4036 2098 4091 substan-

466 4134 578 4203 tiis,
612 4132 778 4187 Verbi
798 4131 951 4202 quod
976 4131 1045 4186 ad
1077 4130 1252 4185 solius
1277 4130 1376 4186 Dei
1404 4129 1709 4185 essentiam
1735 4129 2094 4184 referendum

470 4231 573 4296 est,
607 4224 858 4296 corporis
898 4227 957 4277 et
997 4223 1225 4293 anima,
1254 4224 1407 4295 quod
1447 4224 1517 4278 ad
1567 4238 1768 4277 verum
1797 4222 2093 4278 hominem

467 4318 736 4393 pertinet.
766 4317 947 4371 Habet
989 4332 1126 4388 ergo
1175 4317 1234 4371 in
1283 4333 1344 4371 se
1389 4316 1676 4389 geminam
1718 4316 2094 4372 substantiam

469 4410 776 4468 divinitatis
821 4427 937 4465 sua
985 4414 1043 4465 et
1081 4410 1457 4465 humanitatis
1497 4413 1725 4479 nostra,
1770 4410 1862 4465 hic
1902 4416 2092 4467 tamen

465 4522 571 4581 per
612 4506 721 4561 hoc
748 4504 905 4577 quod
935 4504 1007 4559 de
1050 4505 1166 4559 Deo
1207 4505 1375 4558 Patre
1405 4503 1526 4558 sine
1552 4503 1714 4560 initio
1756 4504 1966 4576 prodiit
1994 4521 2093 4560 na-
2114 4510 2176 4584 ι)

467 4604 560 4655 tus
588 4600 832 4656 tantum.
853 4597 990 4654 Nam
1023 4614 1207 4670 neque
1228 4597 1428 4664 factus,
1452 4613 1642 4668 neque
1666 4597 2100 4670 pradestinatus

468 4697 759 4769 accipitur,
792 4715 897 4770 per
944 4698 1054 4753 hoc
1100 4700 1292 4752 tamen
1340 4696 1493 4769 quod
1537 4696 1607 4751 de
1649 4697 1822 4752 Maria
1868 4697 2099 4769 Virgine

467 4792 649 4847 factus
676 4796 760 4846 est
784 4796 840 4845 et
868 4795 1053 4859 natus,
1081 4795 1138 4847 et
1180 4791 1360 4846 factus
1409 4795 1467 4845 et
1513 4790 1950 4863 pradestinatus
1978 4807 2097 4847 esse

468 4884 784 4941 credendus
812 4886 916 4940 est.
950 4885 1143 4940 Amba
1171 4890 1361 4941 tamen
1408 4885 1519 4940 illa
1563 4886 1958 4955 generationes
1984 4885 2096 4939 mi-

468 4979 692 5047 rabiles,
724 4979 856 5050 quia
902 4982 960 5033 et
1005 4978 1075 5033 de
1116 4978 1284 5034 Patre
1327 4984 1457 5034 ante
1502 4980 1709 5033 sacula
1749 4978 1870 5033 sine
1915 4983 2098 5034 matre

469 5077 555 5129 est
584 5070 829 5145 genitus,
854 5076 911 5127 et
941 5072 1002 5125 in
1034 5072 1147 5125 ﬁne
1174 5072 1513 5127 saculorum
1536 5073 1606 5127 de
1634 5075 1818 5127 matre
1846 5072 1966 5127 sine
1990 5073 2098 5126 Pa-

467 5172 554 5224 tre
582 5172 665 5223 est
694 5169 1027 5240 generatus;
1054 5165 1150 5236 qui
1180 5170 1375 5220 tamen
1405 5166 1719 5220 secundum
1744 5165 1903 5237 quod
1922 5166 2100 5220 homo

468 5266 705 5330 creatus,
732 5259 919 5316 Maria
946 5257 1143 5313 matris
1173 5261 1258 5314 est
1296 5258 1485 5313 Filius.
1524 5260 1664 5313 Item
1691 5275 1793 5330 per
1818 5260 1924 5313 hoc
1950 5260 2102 5330 quod

468 5358 614 5413 Deus
645 5358 748 5423 est,
780 5353 1012 5427 aqualis
1051 5356 1135 5408 est
1176 5352 1362 5419 Patri;
1407 5369 1508 5423 per
1550 5352 1659 5408 hoc
1697 5352 1854 5425 quod
1902 5353 2098 5423 homo,

469 5452 657 5507 minor
683 5455 769 5506 est
812 5451 1001 5505 Patre.
1033 5448 1195 5517 Item,
1223 5448 1280 5500 et
1328 5446 1511 5518 major
1549 5450 1608 5502 et
1643 5447 1837 5501 minor
1880 5464 1939 5501 se
1979 5447 2102 5519 ipso

469 5545 785 5601 credendus
812 5546 934 5614 est;
968 5543 1027 5598 in
1054 5542 1243 5598 forma
1271 5539 1426 5597 enim
1453 5540 1551 5596 Dei
1582 5541 1756 5596 etiam
1783 5540 1904 5613 ipse
1930 5541 2103 5596 Filius

468 5655 526 5694 se
546 5637 670 5711 ipso
698 5638 886 5710 major
911 5639 995 5693 est
1017 5639 1254 5711 prapter
1279 5634 1700 5690 humanitatem
1722 5638 2099 5707 assumptam,

470 5731 606 5802 quia
635 5730 897 5787 divinitas
928 5731 1110 5802 major
1151 5731 1255 5787 est.
1300 5730 1361 5783 In
1401 5729 1587 5785 forma
1617 5733 1811 5785 autem
1848 5730 1994 5785 servi
2044 5746 2104 5786 se

468 5822 595 5901 ipso
619 5823 810 5881 minor
828 5828 932 5898 est,
953 5825 1010 5883 id
1039 5830 1124 5882 est
1147 5824 1518 5895 humanitate,
1541 5840 1668 5900 qua
1694 5824 1886 5881 minor
1906 5823 2105 5881 divini-

2197 496 2419 547 tantum
2446 493 2629 559 Patre,
2657 491 2756 545 sed
2786 492 2973 562 seipso
3004 492 3198 547 minor
3219 492 3487 563 accipitur,
3505 494 3569 549 ita
3588 512 3739 553 secun-

2199 585 2337 640 dum
2353 584 2704 640 divinitatem
2719 600 2828 655 qua
2841 590 2926 640 est
2937 585 3170 656 aqualis
3192 585 3355 655 Patri,
3371 586 3537 658 etipse
3551 594 3599 642 et
3613 591 3740 645 Pater

2197 678 2386 748 major
2396 681 2481 732 est
2499 678 2754 749 homine,
2773 694 2948 750 quem
2968 678 3088 733 sola
3102 677 3221 732 Filii
3237 694 3466 748 persona
3479 683 3738 753 assumpsit.

2265 773 2423 838 Item,
2452 770 2510 826 in
2542 788 2609 826 eo
2638 772 2788 842 quod
2815 771 3094 842 quaritur
3115 775 3305 826 utrum
3334 773 3495 842 possit
3524 773 3665 828 Filius
3684 776 3740 829 sic

2198 863 2448 935 aqualis,
2477 869 2535 919 et
2576 864 2766 919 minor
2806 880 2926 919 esse
2972 864 3188 935 Spiritu
3228 869 3430 934 sancto,
3475 865 3599 920 sicut
3627 883 3743 923 nunc

2198 956 2433 1027 aqualis
2460 962 2563 1024 est,
2581 973 2735 1011 nunc
2760 956 2953 1011 minor
2976 958 3141 1011 Patre
3169 956 3411 1011 creditur
3424 972 3550 1027 esse,
3568 975 3747 1029 respon-

2198 1049 2419 1117 demus,
2447 1049 2761 1104 secundum
2802 1049 3046 1104 formam
3070 1049 3168 1103 Dei
3193 1049 3414 1120 aqualis
3451 1054 3526 1105 est
3551 1057 3600 1106 et
3633 1053 3748 1106 Patri

2198 1147 2253 1197 et
2281 1142 2518 1213 Spiritui
2559 1147 2790 1208 sancto;
2831 1143 3142 1197 secundum
3184 1143 3417 1197 formam
3455 1144 3582 1197 servi
3606 1146 3749 1199 minor

2199 1240 2285 1289 est
2312 1240 2369 1290 et
2391 1252 2424 1289 a
2470 1237 2651 1303 Patre,
2680 1241 2737 1290 et
2779 1254 2812 1290 a
2842 1235 3057 1307 Spiritu
3104 1238 3316 1302 sancto,
3354 1236 3478 1307 quia
3504 1252 3591 1290 nec
3612 1237 3748 1307 Spiri-

2197 1332 2289 1382 tus
2319 1332 2562 1397 sanctus,
2594 1344 2698 1383 nec
2736 1330 2882 1383 Deus
2913 1329 3095 1396 Pater,
3143 1327 3241 1382 sed
3269 1328 3386 1382 sola
3429 1328 3539 1382 Filii
3565 1345 3752 1399 persona

2199 1421 2445 1492 suscepit
2469 1437 2717 1489 carnem,
2746 1438 2849 1492 per
2877 1438 3047 1493 quam
3075 1420 3265 1475 minor
3286 1437 3399 1475 esse
3432 1421 3650 1476 creditur
3672 1422 3752 1475 illis

2198 1514 2455 1585 personis
2487 1514 2727 1569 duabus.
2769 1517 2928 1582 Item,
2971 1514 3062 1568 hic
3108 1514 3277 1568 Filius
3318 1530 3352 1568 a
3403 1516 3506 1570 Deo
3545 1516 3679 1568 Patre
3713 1519 3754 1568 et

2199 1607 2409 1678 Spiritu
2452 1612 2648 1663 sancto
2699 1608 3091 1679 separabiliter
3120 1607 3390 1662 discretus
3428 1607 3644 1661 creditur
3665 1622 3754 1660 esse

2199 1715 2459 1771 persona,
2488 1701 2559 1754 ab
2587 1701 2817 1755 homine
2843 1705 3039 1756 autem
3088 1705 3375 1772 assumpta
3410 1707 3607 1755 natura.
3630 1702 3754 1763 Item,

2202 1810 2332 1849 cum
2358 1794 2596 1849 homine
2620 1810 2770 1849 unus
2798 1798 2980 1849 exstat
3020 1810 3285 1864 persona,
3313 1810 3439 1848 cum
3475 1794 3618 1847 Patre
3655 1809 3755 1847 vero

2202 1894 2258 1942 et
2300 1887 2509 1959 Spiritu
2541 1892 2758 1956 sancto,
2789 1892 2994 1941 natura
3035 1886 3343 1941 divinitatis
3366 1904 3495 1956 sua,
3521 1886 3663 1941 Filius
3701 1894 3758 1939 ta-

2201 1997 2337 2034 men
2384 1998 2500 2035 non
2530 1981 2713 2035 solum
2743 1997 2777 2034 a
2822 1982 3005 2047 Patre,
3036 1980 3136 2035 sed
3185 1984 3245 2034 et
3287 1997 3319 2034 a
3365 1980 3561 2052 Spiritu
3594 1986 3756 2045 sancto,

2203 2073 2405 2127 missus
2426 2089 2544 2128 esse
2569 2072 2884 2128 credendus
2910 2078 2995 2127 est
3020 2073 3078 2127 in
3100 2089 3168 2127 eo
3193 2073 3343 2145 quod
3362 2089 3460 2144 per
3481 2073 3760 2145 prophetam

2202 2167 2434 2222 dicitur:
2469 2185 2492 2218 ‹
2520 2168 2588 2221 Et
2610 2183 2762 2221 nunc
2786 2166 3059 2221 Dominus
3076 2167 3233 2222 misit
3251 2183 3341 2222 me
3367 2171 3423 2222 et
3440 2165 3651 2239 Spiritus
3667 2183 3762 2220 san-

2202 2265 2323 2314 ctus
2365 2262 2487 2326 (Isa.
2538 2262 2631 2328 v1).
2665 2281 2698 2340 »_
2742 2259 2823 2314 Ab
2854 2260 2972 2330 ipso
3010 2275 3242 2332 quoque
3288 2261 3483 2315 missus
3521 2259 3760 2331 accipitur,

2202 2369 2305 2424 pro
2332 2369 2399 2407 eo
2419 2353 2573 2423 quod
2604 2352 3014 2424 inseparabilis,
3045 2369 3162 2407 non
3196 2354 3383 2408 solum
3419 2354 3666 2419 voluntas,
3689 2349 3763 2405 sed

2201 2446 2450 2517 operatio
2498 2446 2673 2500 totius
2714 2444 2999 2500 Trinitatis
3036 2446 3387 2517 agnoscitur.
3418 2447 3510 2501 Hic
3536 2445 3668 2500 enim
3692 2445 3765 2515 qui

2201 2543 2330 2593 ante
2374 2538 2580 2593 sacula
2620 2538 2955 2610 unigenitus
2997 2542 3082 2593 est
3124 2544 3387 2609 vocatus,
3432 2538 3765 2610 temporaliter

2199 2632 2618 2705 primogenitus
2659 2635 2899 2704 propter
2939 2637 3293 2704 assumptam
3338 2650 3570 2701 carnem,
3595 2634 3645 2686 in
3682 2646 3767 2702 qua

2201 2727 2447 2798 suscepit
2470 2726 2721 2780 hominis
2746 2726 3185 2797 formam,juxta
3203 2727 3586 2799 Evangelicam
3609 2724 3767 2779 verita-

2199 2824 2315 2874 tem
2365 2820 2484 2873 sine
2526 2824 2754 2890 peccato
2794 2824 3053 2874 mortuus
3091 2820 3344 2875 creditur
3385 2821 3479 2892 qui
3524 2820 3653 2875 solus
3688 2832 3768 2889 pro

2201 2912 2363 2967 nobis
2390 2914 2711 2984 passionem
2745 2912 2926 2985 ipsam
2970 2912 3182 2982 (tamen
3206 2914 3362 2967 salva
3388 2912 3650 2969 divinitate
3678 2908 3767 2979 sua)

2199 3022 2303 3076 pro
2330 3005 2544 3062 delictis
2569 3005 2779 3060 nostris
2816 3005 3101 3075 sustinuit,
3133 3006 3426 3078 mortique
3455 3006 3768 3077 adjudicatus,

2197 3105 2255 3160 et
2280 3100 2429 3155 cruci
2456 3116 2651 3155 veram
2678 3099 2862 3153 carnis
2902 3103 3149 3153 mortem
3193 3100 3428 3172 accepit.
3458 3098 3628 3154 Tertio
3656 3113 3767 3169 quo-

2194 3214 2305 3271 que
2325 3196 2416 3251 die
2442 3195 2647 3249 virtute
2678 3192 2909 3264 propria
2940 3192 3241 3248 suscitatus
3269 3211 3305 3248 a
3345 3194 3591 3265 sepulcro
3615 3207 3769 3246 surre‘

2195 3293 2295 3348 xit.
2321 3292 2436 3345 Hoc
2462 3304 2599 3359 ergo
2619 3286 2884 3359 exemplo
2903 3286 3104 3359 capitis
3130 3288 3313 3342 nostri
3338 3288 3652 3343 conﬁtemur
3670 3300 3773 3338 vera

2196 3386 2309 3441 ﬁde
2354 3381 2826 3438 resurrectionem
2900 3380 3086 3435 carnis
3136 3382 3402 3437 omnium
3451 3385 3771 3445 mortuorum,

2199 3495 2305 3533 nec
2332 3478 2388 3532 in
2410 3493 2523 3531 are
2548 3476 2634 3529 vel
2660 3473 2912 3546 qualibet
2947 3475 3057 3529 alia
3106 3492 3298 3546 carne,
3329 3480 3391 3531 ut
3414 3475 3630 3548 quidam
3661 3471 3771 3527 deli-

2196 3577 2389 3628 rantes
2418 3572 2768 3625 surrecturos
2796 3583 2900 3623 nos
2932 3567 3191 3636 credunt,
3224 3570 3328 3625 sed
3374 3570 3431 3625 in
3467 3569 3564 3625 ista
3590 3584 3687 3640 qua
3714 3565 3773 3619 vi-

2197 3666 2397 3732 vimus,
2422 3661 2791 3718 consistimus
2816 3665 2873 3717 et
2898 3677 3219 3731 movemur,
3250 3666 3478 3736 peracto
3506 3662 3657 3733 hujus
3677 3675 3774 3713 san-

2196 3765 2297 3815 cta
2323 3754 2754 3813 resurrectionis
2777 3755 3059 3827 exemplo,
3108 3755 3270 3810 idem
3315 3757 3583 3812 Dominus
3623 3756 3778 3809 noster

2196 3857 2369 3924 atque
2392 3850 2649 3906 Salvator
2669 3853 2967 3920 paternam
2985 3849 3345 3906 ascendendo
3368 3851 3555 3906 sedem
3576 3845 3775 3919 repetiit,

2197 3946 2268 4001 de
2301 3962 2415 4016 qua
2443 3959 2738 4014 nunquam
2764 3959 2872 4014 per
2909 3941 3265 3998 divinitatem
3314 3944 3581 3999 discessit.
3608 3941 3705 3999 Illic
3727 3937 3777 3991 ad

2196 4040 2486 4094 dexteram
2510 4036 2689 4092 Patris
2718 4035 2940 4106 sedens,
2969 4041 3331 4108 exspectatur
3354 4038 3414 4093 in
3456 4038 3563 4092 ﬁne
3586 4032 3777 4090 saculos

2194 4149 2323 4187 rum
2337 4132 2519 4203 judex
2530 4130 2786 4185 omnium
2800 4130 3056 4185 vivorum
3072 4136 3128 4186 et
3139 4136 3526 4188 mortuorum.
3544 4130 3664 4186 Inde
3679 4140 3779 4182 cum

2194 4226 2399 4281 sanctis
2411 4225 2678 4280 omnibus
2692 4224 2882 4279 veniet
2891 4224 2960 4279 ad
2977 4223 3280 4280 ferendum
3286 4227 3309 4297 j
3320 4221 3780 4292 udicium,reddere

2195 4320 2500 4391 unicuique
2526 4317 2806 4374 mercedis
2833 4319 3079 4389 propria
3099 4319 3384 4389 debitum,
3402 4323 3567 4393 prout
3586 4316 3781 4389 quisque

2196 4414 2433 4486 gesserit
2455 4414 2513 4467 in
2542 4427 2785 4483 corpore
2809 4411 3042 4481 positus,
3062 4413 3175 4467 sive
3195 4412 3437 4483 bonum,
3454 4414 3564 4468 sive
3580 4410 3779 4472 malum;

2197 4508 2501 4563 Ecclesiam
2519 4522 2655 4561 sane
2682 4505 3021 4561 catholicam
3047 4506 3231 4577 pretio
3252 4508 3342 4562 sui
3370 4505 3652 4579 sanguinis
3668 4516 3783 4557 conr

2198 4611 2455 4678 paratam
2467 4621 2597 4659 cum
2615 4621 2682 4659 eo
2697 4603 2982 4660 credimus
3002 4604 3060 4659 in
3073 4611 3419 4676 perpetuum
3437 4607 3781 4678 regnaturum:

2197 4700 2346 4754 intra
2357 4698 2517 4768 cujus
2528 4697 2815 4768 gremium
2836 4698 3128 4753 constituti
3148 4715 3329 4755 unum
3351 4700 3685 4773 baptismum
3696 4706 3786 4747 cre-

2200 4793 2418 4858 dimus;
2449 4796 2506 4847 et
2525 4790 2864 4847 conﬁtemur
2882 4792 3283 4848 remissionem
3305 4795 3565 4849 omnium
3581 4792 3787 4865 peccato'

2198 4902 2346 4953 rum,
2363 4885 2466 4940 sub
2484 4902 2599 4957 qua
2612 4885 2724 4941 ﬁde
2740 4889 2798 4940 et
2810 4886 3289 4942 resurrectionem
3309 4891 3656 4943 mortuorum
3670 4894 3787 4936 verr

2199 4980 2339 5034 citer
2363 4979 2667 5048 credimus,
2702 4984 2759 5034 et
2786 4978 2963 5034 futuri
2993 4980 3185 5035 saculi
3211 4982 3423 5053 gaudia
3448 4982 3784 5053 expectamus.

2200 5075 2311 5128 Hoc
2342 5076 2561 5128 tantum
2585 5073 2868 5128 orandum
2895 5078 2980 5129 est
3005 5074 3168 5129 nobis
3187 5077 3245 5128 et
3268 5075 3597 5145 petendum,
3614 5074 3668 5124 ut
3684 5079 3786 5122 cum

2201 5171 2428 5239 peracto
2451 5168 2727 5239 ﬁnitoque
2758 5166 2978 5237 judicio
3025 5167 3325 5223 tradiderit
3374 5168 3543 5223 Filius
3585 5172 3787 5237 regnum

2201 5261 2317 5315 Deo
2343 5266 2401 5315 et
2423 5260 2597 5327 Patri,
2626 5260 2932 5332 participes
2956 5261 3163 5316 efﬁciat
3192 5278 3292 5316 nos
3321 5262 3492 5334 regni
3521 5259 3621 5329 sui,
3639 5262 3691 5310 ut
3711 5264 3792 5323 ρετ

2201 5353 2345 5409 hanc
2364 5354 2536 5409 ﬁdem
2562 5370 2674 5425 qua
2698 5353 2780 5408 illi
2809 5354 3161 5423 inhasimus,
3178 5371 3310 5410 cum
3336 5355 3437 5410 illo
3465 5354 3585 5409 sine
3606 5350 3707 5406 ﬁne
3728 5358 3793 5399 re-

2203 5464 2466 5521 gnemus.
2495 5449 2607 5503 Hoc
2631 5452 2715 5503 est
2744 5436 3108 5504 confessionis
3131 5454 3343 5504 nostra
3384 5449 3523 5504 ﬁdes
3564 5436 3793 5515 expositis

2200 5559 2305 5616 per
2327 5558 2496 5616 quam
2524 5541 2786 5597 omnium
2814 5542 3215 5597 hareticorum
3247 5542 3465 5615 dogma
3515 5534 3792 5613 perimitur.

2201 5654 2304 5709 per
2332 5651 2505 5708 quam
2528 5635 2789 5691 omnium
2838 5635 3097 5690 ﬁdelium
3124 5635 3295 5691 corda
3325 5634 3684 5697 mandantur,
3712 5637 3796 5697 per

2201 5746 2376 5803 quam
2402 5733 2459 5784 et
2476 5729 2548 5784 ad
2579 5730 2757 5785 Deum
2784 5728 3029 5802 gloriose
3045 5730 3349 5799 acceditur,
3369 5729 3530 5801 cujus
3553 5732 3797 5781 sacrosan'

2202 5830 2354 5880 ctum
2382 5841 2645 5899 saporem
2672 5825 2777 5880 sub
2799 5823 3065 5881 triduano
3084 5823 3307 5897 jejunio
3326 5823 3592 5880 continua
3612 5812 3797 5874 relatio-
