3946 6180
151 288 220 345 341
1276 273 1709 334 DECRETALIU]

1868 270 2180 330 >LLECTIO.
3326 276 3426 333 542

148 408 255 449 num
278 387 545 445 conatione
585 388 843 440 rorantes
887 383 962 440 ad
1009 400 1079 441 ea
1119 400 1250 457 qum
1290 385 1537 440 subnexa
1566 387 1697 439 sunt
1716 394 1775 468 Α
1796 382 2166 453 cognoverint
2201 381 2549 451 institutum,
2582 400 2689 438 nec
2724 385 2916 455 aliqua
2957 384 3285 440 diversitate
3326 403 3429 440 cu-

148 480 350 555 sequenti
372 479 453 534 die
478 478 833 533 decernenda
858 477 1241 532 transivimus.
1789 474 2113 546 juscunque
2142 475 2354 530 ordinis
2387 478 2477 531 vel
2503 477 2675 531 officii
2701 494 2734 530 a
2762 477 3207 548 metropolitana
3236 494 3295 533 se
3322 495 3425 550 pa-

194 578 294 631 CAP.
320 576 353 627 Ι.
384 574 439 626 ln
475 572 598 625 loco
631 570 1039 625 benedictionis
1068 571 1443 625 consedentes
1476 569 1698 624 Domini
1795 567 2009 622 tiantur
2033 567 2168 622 sede
2198 568 2468 639 disjungi.
2502 568 2592 624 Sic
2636 569 2793 623 enim
2816 570 3033 640 justum
3068 575 3172 637 est,
3204 574 3269 625 ut
3296 572 3431 644 inde

144 668 418 733 sacerdotes,
458 663 626 717 nullis
675 663 906 729 debent,
957 666 1058 716 aut
1109 662 1428 717 indiscretis
1465 663 1698 717 vocibus
1796 660 2188 731 unusquisque
2215 664 2406 714 sumat
2424 662 2655 731 regulas
2673 662 2991 733 magisterii
3016 664 3172 718 unde
3193 664 3430 719 honoris

140 765 451 834 perstrepere,
476 760 577 810 aut
612 756 960 828 quibuslibet
985 756 1322 810 tumultibus
1351 755 1694 827 perturbari,
1798 753 2280 808 consecrationem
2308 754 2545 824 accepit,
2581 760 2641 809 ut
2661 755 2828 825 juxta
2872 756 3159 827 majorum
3201 758 3430 812 decreta

142 853 274 908 nullis
295 851 443 905 etiam
485 849 641 903 vanis
685 848 888 902 fabulis
928 849 1015 903 vel
1059 848 1267 902 risibus
1292 849 1408 919 agi,
1438 851 1496 903 et
1528 848 1698 919 (quod
1797 847 1963 901 sedes
1975 862 2103 917 qua:
2120 846 2422 918 unicuique
2438 848 2797 903 sacerdotalis
2813 852 2997 903 mater
3024 854 3109 904 est
3134 849 3431 919 dignitatis

139 945 339 1001 deterius
359 943 453 1014 est)
468 941 767 997 obstinatis
791 941 1296 1012 disceptationibus
1317 942 1698 996 tumultuosas
1796 938 1869 993 sit
1893 944 1950 993 et
1975 938 2366 993 ecclesiastica:
2382 939 2660 1011 magistra
2685 940 2942 995 rationis.
2962 941 3275 996 Abbatibus
3294 959 3429 998 sane

139 1056 264 1094 voces
288 1018 571 1091 effundere.
620 1056 649 1083 «
688 1034 748 1089 Si
778 1034 904 1105 quis
947 1034 1103 1089 enim
1146 1034 1225 1099 (ut
1263 1035 1560 1105 Apostolus
1600 1034 1696 1101 ait)
1798 1032 2030 1086 indultis
2062 1032 2263 1086 officiis
2289 1049 2418 1104 quae
2450 1033 2616 1103 juxta
2649 1034 2995 1088 voluntatem
3039 1034 3129 1087 sui
3155 1034 3426 1107 episcopi,

136 1135 261 1203 putat
294 1146 345 1184 se
384 1128 708 1199 religiosum
751 1143 890 1193 esse,
935 1144 1051 1181 non
1092 1128 1392 1182 refrenans
1438 1127 1697 1197 linguam
1796 1124 2145 1195 regulariter
2164 1124 2276 1179 illis
2296 1125 2588 1196 implenda
2604 1132 2755 1192 sunt,
2777 1131 2982 1181 caetera
3001 1126 3187 1181 officia
3204 1128 3433 1198 publica

137 1240 278 1291 suam,
300 1222 385 1276 sed
402 1222 669 1275 seducens
697 1237 793 1274 cor
818 1236 1005 1288 suum,
1028 1220 1198 1290 hujus
1219 1236 1359 1274 vana
1386 1223 1468 1274 est
1498 1220 1697 1309 religio
1797 1218 1852 1272 id
1892 1224 1978 1272 est
2020 1234 2335 1289 vesperam,
2382 1220 2758 1289 matutinum,
2811 1220 2925 1274 sive
2978 1220 3212 1275 missam
3268 1221 3434 1275 aliter

136 1318 235 1384 (Jac.
271 1332 304 1381 ι,
339 1318 439 1383 26).
472 1336 499 1362 η
548 1314 776 1369 Cultum
821 1313 977 1367 enim
1024 1329 1191 1367 suum
1233 1313 1457 1383 justitia
1488 1313 1694 1383 perdit,
1799 1327 1973 1381 quam
2019 1310 2080 1365 in
2116 1311 2418 1383 principali
2458 1312 2691 1367 ecclesia
2737 1313 3027 1368 celebrare
3070 1330 3189 1369 non
3244 1314 3429 1370 liceat.

135 1408 317 1478 quando
342 1406 620 1461 silentium
649 1407 821 1477 perit,
851 1412 908 1460 et
938 1406 1221 1476 judicium
1247 1406 1695 1476 obstrepentium
1798 1404 2069 1474 Quisquis
2097 1409 2290 1459 autem
2322 1405 2531 1460 horum
2561 1406 2923 1461 decretorum
2948 1406 3191 1462 violator
3214 1408 3436 1462 exstite-

87 1505 95 1521 ‘
135 1500 263 1554 turba
295 1500 592 1566 confundit,
628 1500 849 1555 dicente
896 1500 1178 1570 propheta
1217 1516 1230 1553 :
1275 1522 1301 1548 «
1347 1499 1465 1553 Erit
1511 1500 1697 1553 cultus
1797 1497 1889 1563 rit,
1921 1514 2017 1551 sex
2061 1498 2351 1553 mensibus
2398 1500 2804 1554 communione
2847 1500 3123 1572 privetur,
3171 1518 3236 1557 ac
3279 1502 3435 1573 apud

129 1593 314 1662 justitia:
331 1592 613 1647 silentium
639 1592 765 1664 (Isa.
789 1609 956 1658 xxxn,
988 1592 1093 1662 l7).
1115 1612 1143 1644 »
1168 1592 1347 1647 Debet
1372 1609 1507 1663 ergo
1528 1592 1693 1664 quid-
1797 1591 2301 1661 metropolitanum
2382 1591 2485 1645 sub
2559 1591 2912 1663 poenitentiae
2988 1610 3227 1649 censura
3298 1611 3432 1665 per-

132 1685 236 1756 quid
248 1689 362 1739 ante
378 1685 814 1740 consultationes
829 1685 1256 1741 consedentium
1276 1684 1323 1756 1
1340 1683 1467 1757 32
1485 1686 1694 1755 agitur,
1797 1689 2027 1737 maneat
2052 1683 2447 1753 corrigendus,
2484 1685 2732 1756 qualiter
2755 1686 2909 1756 apud
2939 1686 3102 1742 illum
3142 1693 3199 1743 et
3222 1692 3428 1760 praete-

131 1782 205 1831 aut
227 1778 551 1832 causantium
582 1783 745 1849 parte
776 1778 1116 1850 proponitur
1141 1778 1220 1831 sic
1246 1779 1541 1832 mitissima
1571 1794 1694 1831 ver-
1717 1770 1774 1842 B
1798 1776 1920 1831 rita:
1947 1776 2416 1848 transgressionis
2452 1777 2682 1847 culpam
2723 1779 2987 1850 lacrymis
3013 1780 3214 1848 diluat,
3243 1784 3301 1835 et
3327 1798 3429 1837 ne-

129 1869 295 1925 borum
316 1871 586 1925 relatione
623 1871 884 1942 proferri,
921 1875 987 1926 ut
1024 1888 1130 1926 nec
1162 1871 1519 1926 contentiosis
1544 1871 1697 1925 voci-
1798 1870 2101 1924 cessariam
2140 1869 2455 1925 ofﬁciorum
2498 1870 2817 1926 doctrinam
2862 1872 3107 1928 studiose
3154 1873 3428 1930 addiscat.

128 1962 212 2017 bus
233 1980 402 2019 sensus
426 1964 785 2019 audientium
812 1965 1065 2031 turbent,
1088 1982 1193 2019 nec
1213 1964 1595 2035 judicantium
1624 1964 1700 2018 vi-
1800 1963 1916 2017 Sub
1945 1963 2053 2018 ista
2081 1979 2219 2033 ergo
2247 1965 2449 2033 regula
2482 1980 2597 2018 non
2629 1964 2812 2019 solum
2851 1966 3327 2037 metropolitanus
3352 1971 3431 2022 to-

126 2072 282 2127 gorem
324 2058 387 2113 de
426 2058 684 2113 tumultu
719 2062 1007 2114 enervent.
1053 2058 1388 2129 Quicunque
1445 2075 1581 2129 ergo
1638 2057 1699 2113 in
1797 2057 1910 2111 tius
1954 2056 2261 2127 provinciae
2308 2057 2604 2127 pontifices
2652 2058 2734 2112 vel
2782 2059 3106 2115 sacerdotes
3129 2060 3427 2131 astringat,

125 2154 349 2205 conventu
374 2151 602 2206 concilii
627 2153 749 2207 haec
780 2168 909 2223 quze
938 2153 1231 2224 praemissa
1273 2155 1407 2206 sunt
1433 2151 1699 2206 violanda
1797 2150 1899 2204 sed
1926 2150 2095 2204 etiam
2123 2150 2315 2205 caeteri
2341 2150 2591 2222 episcopi
2622 2151 2905 2222 subjectos
2935 2152 3039 2207 sibi
3067 2154 3431 2210 ecclesiarum

123 2242 386 2311 crediderit,
414 2249 469 2300 et
493 2246 836 2300 contraham
854 2245 1173 2316 interdicta,
1196 2249 1294 2301 aut
1313 2246 1581 2313 tumultu,
1599 2249 1699 2300 aut
1798 2248 2046 2298 rectores
2070 2243 2466 2314 obtemperare
2492 2244 2943 2300 institutionibus
2969 2251 3196 2318 cogant.

122 2338 1529 2409 contumeliis,velrisibusconciliumconturbaverit,
1536 2339 1700 2410 juxta
1867 2338 1950 2392 IV.
2006 2337 2163 2393 Sicut
2212 2337 2397 2392 omnis
2450 2337 2546 2410 qui
2597 2338 2784 2409 diligit
2837 2339 3075 2395 fratrem
3124 2358 3313 2408 suum,
3359 2358 3431 2398 ex

121 2427 1695 2505 divinelegisedictum,quopraecipitur,ejicederisorem,
1798 2430 1913 2484 Deo
1960 2431 2133 2501 (Joan.
2180 2447 2254 2497 1v,
2299 2432 2372 2500 7),
2424 2431 2505 2485 ita
2548 2431 2737 2485 omnis
2773 2432 2869 2503 qui
2919 2433 3037 2488 odit
3078 2434 3430 2504 proximum,

119 2524 319 2579 etexibit
332 2542 456 2581 cum
474 2543 552 2581 eo
560 2527 839 2597 jurgium,
857 2544 988 2582 cum
1004 2528 1163 2582 omni
1178 2527 1459 2582 dedecore
1479 2527 1550 2581 de
1566 2543 1698 2582 con-
1798 2539 1867 2578 ex
1898 2523 2125 2578 diabolo
2155 2528 2240 2578 est
2259 2522 2308 2593 (Ι
2326 2527 2485 2579 Joan.
2517 2541 2599 2591 ιιι,
2640 2524 2745 2595 i7).
2774 2525 3085 2581 Dilectione
3126 2528 3280 2582 enim
3310 2529 3428 2582 sola

117 2614 310 2672 fossione
324 2619 686 2675 abstractusa
701 2620 1152 2676 communicata
1173 2620 1421 2687 secedat,
1446 2624 1502 2675 et
1518 2620 1695 2675 trium
1796 2616 2138 2671 discernitur
2158 2617 2286 2688 quis
2314 2633 2381 2672 ex
2410 2634 2522 2688 quo
2543 2618 2775 2689 genitus
2805 2620 3176 2691 approbetur,
3206 2621 3429 2677 dicente

119 2708 299 2765 dierum
326 2714 937 2769 excommunicationis
962 2700 1304 2770 sententiam
1327 2713 1594 2785 perferat.
1796 2711 2009 2765 Joanne
2041 2727 2055 2765 :
2091 2732 2119 2759 ι(
2153 2712 2211 2765 ln
2255 2710 2361 2766 hoc
2403 2712 2756 2767 manifestati
2796 2718 2928 2768 sunt
2951 2714 3054 2767 ﬁlii
3093 2714 3216 2784 Dei,
3246 2717 3303 2768 et
3331 2715 3431 2769 ﬁlii

160 2802 221 2865 III.
236 2805 505 2868 Quantum
532 2807 665 2879 quis
692 2808 943 2879 prtecelsi
960 2807 1227 2863 culminis
1247 2807 1466 2862 obtinet
1482 2808 1694 2876 locum,
1798 2804 2037 2873 diaboli;
2072 2804 2259 2858 omnis
2298 2805 2395 2876 qui
2442 2822 2556 2859 non
2602 2806 2735 2859 facit
2773 2806 3054 2877 justitiam
3102 2824 3219 2862 non
3246 2814 3332 2863 est
3360 2825 3431 2863 ex

120 2899 298 2952 tantum
323 2916 549 2956 necesse
579 2905 667 2955 est
687 2901 973 2972 praecedat
997 2904 1235 2956 caeteros
1261 2901 1438 2972 gratia
1470 2901 1698 2955 merito-
1796 2897 1935 2966 Deo,
2002 2902 2058 2952 et
2115 2914 2229 2952 non
2283 2897 2469 2969 diligit
2532 2899 2763 2953 fratrem
2822 2916 2989 2954 suum
3048 2903 3091 2969 (1
3154 2904 3313 2957 Joan.
3369 2919 3428 2970 ιι,

119 2996 307 3057 rum,ut
325 2993 382 3047 in
401 3010 467 3049 eo
490 2995 650 3066 quod
663 2994 930 3066 praesidet
944 2995 1201 3066 singulis,
1222 2994 1591 3065 singulariter
1604 3011 1693 3049 or-
1794 2993 1902 3061 29).
1928 3014 1956 3039 η
2003 2992 2284 3056 Quoniam
2314 2992 2439 3046 haec
2468 2995 2553 3046 est
2580 2993 2936 3048 annuntiatio
2964 3011 3140 3066 quam
3171 2995 3242 3050 ab
3268 2996 3431 3051 initio

117 3085 248 3137 netur
263 3086 562 3143 eminentia
583 3088 917 3157 sanctitatis,
938 3088 1155 3143 habens
1175 3092 1233 3142 et
1248 3088 1306 3142 in
1325 3104 1422 3143 ore
1444 3088 1697 3159 gladium
1721 3137 1770 3160 η
1794 3084 2048 3151 audistis,
2070 3089 2135 3139 ut
2154 3084 2462 3155 diligamus
2490 3085 2850 3155 alterutrum,
2873 3092 2930 3142 et
2944 3094 3074 3160 post
3092 3090 3390 3160 paululum
3413 3108 3428 3145 :

274 3137 562 3143 ~___-_--_
585 3137 917 3157 η-ηη--η,
938 3137 1153 3143 -------
1182 3137 1306 3142 ---η
1328 3137 1420 3143 ν--
1444 3137 1697 3159 ο------
1803 3137 1889 3139 ε
2035 3137 2048 3151 ι
2496 3137 2620 3140 ψη-
2736 3137 2850 3155 --ην
2880 3137 3390 3160 "Vni—mm.-.—
3415 3137 3428 3145 .

116 3176 333 3246 Veritatis,
362 3185 419 3235 et
457 3181 520 3235 in
551 3197 729 3253 opere
758 3182 1128 3236 efficientiam
1165 3181 1414 3249 luminis,
1453 3187 1518 3236 ut
1538 3137 1774 3252 juxtaC
1800 3200 1827 3228 ‹‹
1860 3178 2062 3232 Omnis
2079 3178 2178 3249 qui
2206 3178 2324 3233 odit
2351 3179 2676 3250 proximum
2710 3197 2901 3250 suum,
2931 3181 3216 3238 homicida
3240 3188 3343 3252 est,
3376 3188 3435 3240 et

116 3267 306 3326 Paulum
328 3277 534 3344 potens
566 3274 644 3329 sit
665 3274 952 3330 exhortari
977 3276 1036 3329 in
1065 3274 1321 3330 doctrina
1339 3292 1476 3330 sana
1494 3278 1551 3330 et
1570 3291 1701 3330 con-
1798 3273 1949 3327 scitis
1990 3271 2259 3344 quoniam
2302 3272 2491 3327 omnis
2539 3273 2826 3329 homicida
2868 3291 2988 3330 non
3038 3277 3211 3332 habet
3257 3277 3433 3333 vitam

116 3362 437 3422 tradicentem
486 3368 785 3423 revincere
832 3368 982 3437 ((Tit.
1028 3386 1065 3435 ι,
1111 3369 1185 3440 9),
1215 3370 1326 3424 Nos
1368 3370 1674 3441 proximun

1875 3381 2074 3420 eruam
2120 3366 2181 3420 in
2224 3382 2283 3421 se
2336 3371 2673 3422 manentem
2706 3368 2752 3436 (1
2772 3370 2929 3423 Joan.
2964 3385 3045 3437 ιιι,
3083 3374 3188 3440 15).
3231 3391 3260 3420 ››
3293 3372 3433 3426 Ecce

112 3458 252 3511 nostri
263 3461 466 3516 ordinis
483 3461 757 3534 gradum,
776 3463 863 3517 vel
880 3462 1126 3534 suscepti
1141 3463 1441 3534 regiminis
1461 3463 1698 3518 modum
1796 3459 2088 3514 homicida
2106 3475 2226 3515 esse
2245 3459 2618 3531 probabiliter
2635 3460 2977 3529 declaratur,
2996 3462 3092 3533 qui
3121 3480 3155 3517 a
3176 3464 3433 3520 fraterna

111 3562 408 3623 magnopere
444 3556 704 3627 cogitare
734 3556 1032 3626 debemus,
1064 3562 1129 3611 ut
1150 3557 1249 3628 qui
1277 3556 1527 3611 ofﬁcium
1545 3573 1696 3628 prae-
1798 3558 2063 3613 societate
2092 3557 2381 3612 dividitur.
2402 3559 2544 3613 Nam
2572 3563 2630 3613 et
2653 3558 2699 3613 si
2728 3576 2936 3615 manus
2959 3578 3075 3616 non
3106 3567 3333 3617 moveat
3357 3562 3431 3617 ad

113 3639 361 3701 dicationis
392 3649 771 3721 suscepimus,
796 3650 969 3704 nullis
997 3651 1149 3705 curis
1176 3667 1210 3704 a
1243 3650 1435 3704 divina
1458 3650 1699 3706 lectione
1799 3651 2193 3721 occidendum,
2222 3668 2324 3723 pro
2354 3668 2421 3706 eo
2449 3657 2642 3707 tamen
2677 3653 2809 3724 quia
2850 3655 3086 3709 immitis
3124 3661 3210 3711 est
3230 3656 3305 3711 ad
3333 3674 3430 3712 oc-

110 3735 371 3803 privemur.
402 3744 548 3797 Nam
582 3744 968 3814 quorumdam
995 3748 1219 3799 mentes
1250 3743 1583 3815 pontiﬁcum
1622 3744 1700 3799 ita
1799 3744 2126 3814 cidendum,
2164 3747 2285 3816 jam
2314 3762 2348 3799 a
2376 3746 2489 3801 Deo
2526 3745 2817 3801 homicida
2854 3750 3103 3803 tenetur.
3143 3749 3288 3804 Vivit
3310 3750 3430 3819 ille,

112 3834 320 3900 corporis
342 3837 454 3891 otio
480 3854 516 3891 a
548 3837 812 3891 lectionis
843 3836 1027 3908 gratia
1057 3838 1442 3907 secluduntur,
1470 3842 1535 3893 ut
1561 3837 1700 3909 quid
1799 3843 1855 3893 et
1900 3838 2005 3893 iste
2041 3839 2163 3909 jam
2207 3840 2537 3895 interfector
2566 3857 2691 3895 esse
2719 3841 3094 3897 convincitur.
3124 3844 3267 3898 Cum
3294 3860 3432 3915 ergo

109 3919 333 3982 doctrinae
376 3931 656 4002 gregibus
700 3930 941 3985 subditis
969 3931 1255 3997 exhibeat,
1293 3949 1410 3987 non
1447 3931 1702 3986 inveniat
1799 3932 1889 3987 his
1937 3934 2237 4004 praeceptis
2281 3933 2481 3988 beatus
2523 3936 2813 4005 apostolus
2865 3936 3066 3990 Paulus
3116 3953 3248 3992 cum
3291 3954 3432 3992 sana

108 4029 256 4082 917260
280 4027 490 4079 mutus.
514 4023 903 4079 Insistendum
921 4041 1059 4096 ergo
1076 4041 1299 4097 semper
1327 4025 1435 4080 erit
1460 4025 1697 4096 majori-
1798 4027 2204 4099 praedicatione
2222 4028 2524 4083 concordet
2544 4028 2735 4083 dicens
2765 4046 2778 4084 :
2804 4052 2831 4079 ‹‹
2854 4032 2975 4084 Νοιι
2997 4030 3217 4086 occidat
3247 4032 3328 4086 sol
3344 4048 3434 4086 su-

106 4105 202 4179 bus,
222 4119 278 4169 nt
303 4133 445 4188 quos
472 4118 583 4173 sub
618 4117 915 4188 regiminis
944 4135 1082 4173 cura
1104 4122 1339 4174 tuentur
1363 4119 1517 4174 fame
1544 4118 1699 4174 verbi
1799 4120 2266 4193 periracundiam
2280 4125 2554 4189 vestram,
2571 4125 2627 4176 et
2650 4122 2824 4178 nolite
2846 4125 3035 4180 locum
3057 4124 3190 4178 dare
3203 4124 3432 4180 diabolo

107 4199 181 4257 Dei
204 4210 377 4276 perire
407 4228 527 4267 non
561 4211 778 4266 sinant.
810 4212 968 4267 Sicut
994 4213 1440 4284 metropolitanis
1477 4212 1535 4266 in
1562 4229 1696 4268 con-
1805 4215 1959 4285 (Eph.
1990 4232 2063 4283 1v,
2097 4218 2166 4270 26
2195 4222 2245 4271 et
2271 4219 2381 4284 27);
2411 4235 2438 4267 ››
2467 4217 2662 4271 relatae
2693 4222 2825 4272 sunt
2853 4219 3015 4272 nobis
3039 4220 3430 4290 quorumdam

104 4292 332 4357 ﬁnitimos
346 4311 704 4376 caeterosque
728 4306 1115 4362 ecclesiasticis
1141 4306 1436 4362 ordinibus
1461 4306 1698 4373 deditos,
1801 4310 2163 4364 sacerdotum
2194 4325 2455 4380 personae
2486 4310 2546 4363 in
2581 4313 2804 4365 tantam
2839 4311 3234 4366 obstinationis
3263 4312 3431 4367 effer-

104 4388 162 4441 sic
176 4395 523 4454 conﬁuitimis
555 4399 619 4453 in
645 4400 977 4455 commissos
1019 4399 1127 4455 sibi
1170 4399 1470 4471 religiosos
1504 4415 1569 4454 ex
1593 4416 1697 4455 nu-
1801 4401 1989 4456 buisse
2016 4401 2383 4472 discordiam,
2404 4410 2470 4458 ut
2488 4420 2604 4458 non
2625 4405 2811 4458 solum
2839 4404 2962 4459 illos
2988 4406 3057 4459 ab
3088 4406 3171 4459 ira
3202 4422 3435 4461 occasus

104 4495 230 4541 mero
252 4488 609 4561 vigilandum
639 4496 743 4560 est,
777 4493 1019 4564 qualiter
1049 4494 1360 4549 nescientia
1386 4494 1587 4549 talium
1615 4493 1697 4548 di-
1719 4512 1780 4585 D
1802 4495 1931 4550 solis
1957 4512 2072 4549 non
2101 4500 2349 4562 revocet,
2372 4497 2472 4551 sed
2500 4514 2604 4551 nec
2632 4514 2849 4553 annosa
2873 4499 3105 4569 quidem
3132 4500 3434 4555 transactio

107 4576 221 4633 Vina!
256 4582 393 4655 legis
435 4586 862 4642 eruditionibus
890 4588 1194 4643 imbuatur.
1244 4589 1325 4643 [ta
1361 4576 1772 4643 indesinenti-
1801 4595 2125 4660 temporum
2172 4590 2243 4643 ad
2286 4590 2501 4645 bonum
2527 4591 2821 4646 charitatis
2852 4592 3105 4660 reclinet,
3135 4593 3346 4664 quippe
3374 4588 3434 4649 in

105 4670 433 4735 sollicitudine
461 4681 740 4751 prelatus
766 4680 1007 4752 quisque
1032 4681 1283 4737 subditos
1305 4698 1586 4753 quarens,
1605 4684 1704 4736 aut
1802 4699 2051 4755 quorum
2080 4681 2340 4737 cordibus
2379 4683 2462 4737 sol
2493 4683 2727 4753 justitize
2773 4683 3024 4739 Christus
3053 4686 3339 4756 occubuit,
3374 4693 3438 4743 ut

106 4766 377 4830 protectum
394 4790 607 4829 eorum
629 4774 987 4830 laatabundus
1015 4780 1306 4845 agnoscat,
1336 4780 1436 4829 aut
1466 4791 1701 4830 nescen-
1801 4777 1873 4830 ad
1902 4778 2095 4830 lumen
2124 4775 2414 4831 charitatis
2442 4776 2631 4830 redire
2660 4778 2748 4831 vix
2780 4778 3014 4848 possint.
3054 4780 3265 4835 Horum
3296 4798 3435 4853 ergo

105 4854 208 4914 tiam
235 4863 348 4920 sine
379 4867 726 4940 arrogantia
756 4867 1020 4923 instruat.
1052 4868 1269 4923 Placuit
1295 4883 1432 4939 ergo
1462 4868 1531 4923 de
1574 4868 1699 4922 tali-
1804 4876 1861 4925 et
1890 4869 2164 4924 similium
2194 4869 2642 4925 discordantium
2664 4871 2904 4926 fratrum
2932 4872 3245 4929 oblationes
3267 4876 3434 4946 juxta

103 4946 182 5005 bus
208 4954 357 5024 juxta
396 4961 672 5016 instituta
712 4961 966 5019 Toletani
1004 4962 1227 5017 concilii
1255 4963 1360 5015 hoc
1388 4961 1704 5032 specialiter
1802 4964 2021 5035 antiqui
2052 4964 2283 5017 canonis
2303 4963 2695 5019 definitionem
2716 4966 2871 5021 nullo
2890 4967 3059 5022 modo
3082 4968 3435 5040 recipiendas

102 5040 320 5118 definire,
344 5058 411 5108 ut
447 5059 554 5109 aut
600 5057 804 5125 sponte
831 5060 1063 5110 sumant
1100 5054 1480 5111 intentionem
1506 5069 1699 5109 neces-
1804 5070 1926 5107 esse
1969 5053 2315 5120 censuimus,
2363 5054 2618 5124 personis
2662 5060 2853 5110 tamen
2895 5056 3339 5113 discordantium
3375 5060 3434 5114 id

100 5140 271 5198 sariam
316 5147 702 5217 perdiscendi,
753 5153 855 5204 aut
897 5166 932 5203 a
979 5149 1291 5220 majoribus
1333 5149 1402 5203 ad
1446 5147 1703 5203 lectionis
1802 5146 2027 5218 speciali
2053 5147 2381 5203 deﬁnitione
2410 5148 2792 5220 praecipimus,
2820 5154 2886 5204 ut
2901 5155 3213 5223 antequam
3234 5169 3331 5207 eos
3348 5169 3436 5207 re-

100 5236 330 5294 exercitia
350 5245 648 5313 cogantur
670 5241 855 5297 inviti.
1803 5240 2123 5296 conciliatio
2169 5257 2305 5296 vera
2348 5242 2623 5311 innectat,
2678 5243 2871 5298 nullus
2924 5261 3121 5300 eorum
3171 5245 3435 5301 accedere

156 5327 317 5387 lll.De
339 5334 426 5389 his
444 5335 549 5407 qui
570 5339 774 5391 contra
790 5336 1033 5408 apostoli
1051 5336 1407 5392 voluntatem
1421 5358 1449 5386 ‹‹
1467 5336 1704 5390 circum—
1803 5335 1871 5389 ad
1916 5335 2091 5389 altare
2129 5336 2359 5389 Domini
2398 5336 2605 5391 audeat
2631 5338 2715 5392 vel
2749 5339 2986 5410 gratiam
3019 5337 3436 5393 communionis

98 5415 322 5481 feruntur
349 5430 515 5484 omni
556 5435 728 5484 vento
770 5430 1045 5485 doctrina:
1074 5432 1230 5501 (Eph.
1266 5448 1340 5498 ιγ,
1372 5432 1476 5501 14),
1506 5452 1533 5478 ››
1582 5430 1699 5500 pla-
1803 5434 2010 5484 sanctae
2037 5429 2327 5500 percipiat,
2359 5430 2458 5483 sed
2486 5428 2773 5501 geminato
2803 5436 3065 5503 tempore
3113 5448 3215 5501 per
3251 5430 3433 5502 poeni-

100 5514 190 5569 cuit
229 5519 328 5575 hoc
369 5527 577 5578 sancto
626 5524 895 5591 concilio,
949 5529 1008 5580 ut
1053 5525 1505 5595 metrOpolitana:
1556 5523 1703 5579 sedis
1803 5522 2045 5577 tentiam
2078 5523 2553 5594 compensabunt,
2602 5541 2715 5597 quo
2758 5525 3052 5579 discordiae
3097 5525 3433 5595 servierunt,

100 5613 401 5670 auctoritate
449 5616 659 5686 coacti,
701 5618 1148 5690 uniuscujusque
1194 5617 1501 5689 provinciae
1556 5617 1703 5671 cives
1806 5615 1970 5679 Quod
2006 5616 2054 5671 si
2086 5634 2233 5671 unus
2281 5617 2391 5671 alio
2439 5623 2842 5673 contemnente
2874 5618 2945 5671 ad
2990 5617 3435 5674 satisfactionem

100 5706 423 5781 rectoresque
453 5710 837 5767 Ecclesiarum
858 5728 1039 5767 unum
1061 5711 1442 5783 eumdemque
1468 5712 1526 5766 in
1552 5711 1701 5782 psal-
1804 5710 2093 5765 charitatis
2112 5712 2443 5782 cucurrerit,
2463 5729 2527 5767 ex
2550 5729 2618 5765 eo
2641 5717 2896 5782 tempore
2917 5715 2979 5765 ut
3000 5710 3266 5781 paciﬁcus
3282 5712 3436 5769 intra

100 5792 238 5856 lende
262 5806 500 5861 teneant
530 5805 770 5862 modum
806 5823 981 5879 quem
1010 5806 1071 5862 in
1100 5806 1535 5880 metropolitana
1572 5805 1704 5861 sede
1805 5803 2100 5862 ecclesiam
2145 5807 2462 5879 reputatur,
2496 5822 2559 5861 ex
2607 5821 2720 5879 quo
2748 5804 2820 5861 ad
2864 5805 3230 5862 concordiam
3272 5808 3434 5866 festi-
