3946 6180
526 246 627 326 5‘43

1412 233 1698 299 APPEND.
1735 243 1823 298 AD
1862 242 2027 299 sine.
2069 242 2157 298 Ix.
2184 269 2255 283 —-
2290 240 2538 299 ISIDORI
2574 229 2999 299 MERCATORIS
3418 234 3425 241 ”
3685 248 3754 309 till

523 372 683 410 nasse
710 352 1082 421 convincitur,
1107 353 1383 408 sententia
1401 355 1597 409 tamen
1615 351 1897 425 superiori
1914 354 2151 422 servata,
2176 363 2236 439 Α
2255 336 2615 409 decernimus
2638 369 2651 408 :
2674 352 2739 409 “Si
2775 352 2903 424 quis
2938 350 3325 424 episcoporum
3357 354 3594 426 magnatis
3623 359 3760 429 cujus-

522 453 587 502 ut
624 452 853 518 tempus
892 446 1043 517 quod
1069 445 1129 499 in
1158 446 1241 500 ira
1265 446 1536 517 expendit
1567 447 1921 518 geminatum
1956 448 2014 501 in
2044 464 2157 518 pce-

524 542 778 595 nitentiaz
806 539 1194 594 satisfactione
1226 540 1525 610 persolvat.

594 635 654 688 V.
683 633 861 687 Nullis
905 633 1019 687 vita
1057 634 1368 703 praesulum
1396 631 1691 704 pertubari
1721 632 1888 687 debet
1915 633 2154 688 excessi-

520 727 647 794 bus,
676 727 810 797 quia
836 726 999 781 valde
1026 726 1331 795 indignum
1362 728 1466 795 est,
1498 728 1564 779 ut
1587 726 1685 797 qui
1712 725 1903 780 throni
1932 726 2030 781 Dei
2055 743 2155 781 vo-

520 824 739 888 cantur,
770 819 880 874 levi
908 818 1158 873 motione
1198 818 1519 887 turbentur,
1561 821 1619 873 et
1663 819 1762 890 qui
1801 818 2014 874 debent
2037 835 2157 874 esse

521 913 633 968 iter
654 912 910 982 justitiae,
936 912 1043 983 ipsi
1087 910 1406 965 efﬁciantur
1434 911 1815 966 seminarium
1842 912 1955 967 litis
1986 916 2156 984 atque

520 1007 756 1079 rapinae.
778 1005 1075 1070 Quomodo
1094 1021 1232 1075 ergo
1257 1004 1585 1074 hujusmodi
1608 1005 1783 1075 (juxta
1803 1005 2152 1076 Apostolum)

526 1121 555 1148 ‹(
583 1097 1112 1169 irreprehensibiles
1160 1098 1206 1170 (I
1247 1100 1383 1152 Tim.
1428 1115 1482 1165 v,
1521 1099 1571 1168 7)
1616 1118 1642 1147 »
1687 1103 1875 1167 erunt,
1906 1098 2005 1170 qui
2039 1115 2155 1153 non

522 1194 705 1248 solum
736 1190 1196 1263 reprehensibilia
1238 1191 1472 1259 faciunt,
1505 1191 1607 1245 sed
1652 1192 1943 1247 mortifera
1971 1191 2157 1263 potius

524 1291 579 1341 et
604 1286 943 1341 exsecranda
971 1285 1369 1340 committunt?
1402 1284 1586 1339 Relati
1626 1284 1785 1340 enim
1830 1285 1996 1339 nobis
2025 1289 2158 1340 sunt

522 1379 750 1450 quidam
791 1377 1290 1445 exsacerdotibus,
1339 1378 1491 1448 quod
1540 1378 1697 1432 omni
1747 1377 2022 1449 gravitate
2065 1394 2154 1431 sa-

523 1472 828 1528 cerdotalis
843 1472 1057 1527 ordinis
1075 1471 1479 1543 praetermissa,
1502 1470 1859 1526 audientium
1871 1470 2156 1541 judicium
2178 1506 2187 1513 ι

520 1566 715 1621 furore
746 1564 1095 1637 preeveniant
1144 1567 1199 1618 et
1242 1580 1472 1619 excessu
1516 1564 1843 1618 inhonestae
1889 1562 2157 1617 motionis

516 1657 734 1729 judicia
764 1658 961 1713 audire
988 1657 1302 1727 refugiunt,
1331 1674 1435 1728 pro
1465 1657 1671 1728 quibus
1698 1673 1795 1711 eos
1827 1660 2157 1727 oportuerat

522 1750 802 1822 aequitatis
816 1750 1350 1821 judiciasustinere.
1371 1750 1513 1804 Dum
1543 1749 1698 1804 enim
1721 1750 1790 1804 de
1817 1749 2050 1804 honoris
2070 1731 2232 1804 suiB
2326 1753 2409 1805 VI.
2456 1751 2550 1805 His
2595 1769 2628 1805 a
2675 1750 2881 1821 quibus
2926 1749 3147 1804 Domini
3193 1750 3524 1803 sacramenta
3564 1742 3788 1800 tractanda

523 1844 769 1899 culmine
797 1844 1191 1910 blandiuntur,
1230 1843 1570 1915 patientiam
1599 1843 1812 1899 habere
1844 1843 2154 1913 refugiunt,

521 1941 578 1992 et
630 1938 728 2009 qui
775 1938 1104 1992 inconcusse
1159 1937 1475 1992 debuerant
1525 1935 1776 1991 veritatis
1827 1951 2156 1992 conservare

521 2034 752 2101 statum,
802 2032 987 2085 subito
1042 2030 1333 2100 religionis
1383 2033 1612 2085 mutant
1669 2030 2043 2101 propositum,
2101 2033 2157 2083 et

520 2124 798 2194 praecipiti
825 2124 1016 2178 furore
1032 2123 1311 2193 judicium
1332 2123 1698 2177 antecedunt.
1727 2123 1927 2194 Sicque
1954 2123 2012 2176 in
2045 2138 2157 2193 quo

520 2218 790 2271 decuerat
812 2234 910 2271 eos
924 2216 1128 2286 judicii
1151 2216 1427 2270 sustinere
1455 2219 1801 2270 conventum
1821 2215 2156 2287 pervasione

521 2312 704 2380 agunt
742 2308 890 2364 unde
921 2310 991 2363 de
1020 2308 1560 2380 praesumptionibus
1592 2308 2033 2365 confundantur.
2051 2308 2155 2372 Qui

520 2409 719 2459 tamen
742 2406 842 2458 aut
869 2404 1080 2458 damno
1108 2402 1325 2475 pariter
1348 2405 1406 2458 et
1435 2401 2023 2458 excommunicatione
2042 2403 2157 2474 ple-

521 2496 713 2552 ctendi
739 2499 890 2567 sunt,
918 2501 1017 2552 aut
1038 2496 1260 2551 omissis
1281 2496 1794 2568 compositionibus
1819 2512 2013 2551 rerum
2037 2496 2155 2551 sola

519 2590 900 2646 satisfactione
951 2590 1300 2663 pcenitentiae
1333 2590 1706 2646 curabuntur.
1751 2589 1832 2645 llli
1875 2589 2028 2645 enim
2058 2588 2155 2660 qui

519 2685 606 2740 rei
632 2685 877 2756 proprize
906 2685 1171 2740 facultate
1193 2683 1408 2740 suﬁ‘ulti
1426 2687 1579 2753 sunt,
1606 2686 1704 2739 aut
1723 2682 1822 2755 qui
1847 2699 1971 2738 rem
1995 2699 2154 2737 suam

514 2778 639 2849 jam
669 2783 839 2833 antea
871 2779 933 2833 in
961 2778 1193 2833 nomine
1243 2777 1501 2833 Ecclesia:
1542 2778 1857 2847 prmsenter
1901 2776 2152 2830 transfu-

522 2872 667 2927 disse
685 2875 1018 2941 noscuntur,
1052 2873 1099 2926 si
1127 2873 1225 2925 aut
1262 2888 1369 2943 per
1393 2886 1471 2940 se,
1504 2874 1603 2925 aut
1628 2886 1733 2942 per
1757 2869 2027 2936 subditos,
2056 2884 2154 2923 seu

521 2982 625 3037 per
662 2966 943 3039 quoslibet
986 2965 1171 3020 aliena
1220 2964 1516 3037 diripiunt,
1548 2963 1635 3019 vel
1665 2961 2152 3035 prsesumptionis,

522 3074 623 3114 seu
652 3060 821 3116 caedis
862 3058 1155 3131 quidpiam
1184 3062 1384 3131 agunt,
1412 3062 1532 3113 tam
1559 3057 1619 3111 in
1650 3056 1819 3112 rebus
1847 3055 2150 3126 ﬁscalibus,
2174 3101 2229 3174 C

530 3168 688 3174 ..‘___.-
730 3153 887 3174 -1:__-
926 3153 977 3174 ἐ..
1023 3152 1397 3174 ΔΑ..........ἱέὶ..ι
1434 3151 1678 3174 ,1-...2..2-
1736 3148 2043 3174 ----ι2ι--ιζ,.
2102 3152 2150 3174 ...ι

521 3168 696 3225 quam
722 3153 894 3208 etiam
926 3153 984 3207 in
1016 3152 1402 3224 quorumlibet
1429 3151 1683 3206 dominio
1731 3148 2065 3217 constitutis,
2099 3152 2156 3205 et

518 3264 759 3319 pervasa
774 3248 862 3301 vel
888 3249 1238 3318 praesumpta
1263 3245 1334 3301 de
1356 3245 1546 3316 rebus,
1567 3244 1731 3315 juxta
1753 3245 1944 3316 legem
1971 3243 2151 3299 excel—

521 3340 819 3395 lentissimi
843 3339 1117 3411 principis
1136 3337 1399 3407 sarciant,
1423 3343 1481 3393 et
1504 3355 1610 3409 pro
1632 3354 1862 3393 excessu
1890 3335 2153 3408 religioni

519 3434 824 3505 contrario,
855 3434 1009 3505 quod
1033 3433 1337 3487 inhoneste
1382 3435 1512 3487 ante
1551 3431 1832 3502 judicium
1857 3433 2151 3503 perpetra-

517 3533 743 3598 verunt,
766 3528 1014 3583 duarum
1046 3526 1535 3582 hebdomadarum
1565 3523 2151 3580 excommunicatione

517 3621 805 3695 plectendi
830 3623 980 3689 sunt,
1010 3625 1066 3676 et
1094 3620 1193 3691 qui
1224 3619 1369 3674 nihil
1408 3618 1777 3691 proprietatis
1819 3618 2033 3673 habere
2065 3617 2149 3671 vi-

518 3717 744 3783 dentur,
791 3730 1000 3787 magna
1040 3712 1393 3770 discretionis
1418 3716 1539 3768 arte
1564 3712 1835 3768 medendi
1861 3713 2011 3782 sunt,
2039 3728 2151 3783 quo

518 3828 625 3867 nec
644 3827 812 3865 ausus
825 3809 1054 3865 illicitos
1077 3808 1444 3863 ecclesiarum
1459 3806 1820 3862 facultatibus
1840 3806 2147 3875 redimant,

516 3921 622 3961 nec
669 3904 776 3976 ipsi
823 3904 1051 3976 penitus
1103 3906 1354 3958 extorres
1401 3920 1435 3956 a
1474 3918 1643 3974 poena
1680 3900 1999 3972 persistent.
2039 3899 2150 3953 Nec

521 3999 677 4054 enim
701 3998 921 4069 justum
949 4000 1034 4052 est
1061 4002 1124 4052 ut
1165 4013 1267 4068 pro
1306 3995 1489 4067 pravis
1529 3994 1744 4050 actibus
1788 3993 2149 4049 sacerdotum

520 4092 804 4161 Ecclesiaa,
838 4091 1042 4162 quibus
1089 4090 1454 4162 praeminent,
1487 4087 1801 4143 sustineant
1852 4086 2146 4152 damnum,

520 4188 578 4239 et
607 4200 712 4255 pro
740 4182 1058 4238 excessibus
1087 4182 1295 4237 talibus
1315 4179 1619 4237 satisfactio
1643 4179 1712 4233 ab
1741 4178 2001 4234 Ecclesiis
2027 4178 2146 4233 exi-

521 4280 708 4349 gatur,
740 4292 870 4330 cum
900 4275 1147 4331 Ecclesia
1172 4276 1414 4329 cultores
1438 4290 1571 4329 suos
1598 4289 1713 4328 non
1743 4273 1814 4327 ad
1837 4272 2016 4341 litem,
2048 4273 2149 4327 sed

518 4371 876 4427 honestatem
897 4370 1185 4424 informet.
1201 4371 1276 4424 De
1291 4367 1495 4423 talibus
1512 4382 1649 4438 ergo
1664 4366 1876 4438 placuit
1888 4366 2145 4436 deﬁnire,

2257 464 2432 520 quam
2455 463 2709 513 uxorem,
2721 446 2916 515 ﬁliam,
2930 450 3182 518 neptem,
3201 461 3296 500 seu
3313 446 3666 518 quolibetillum
3678 468 3765 521 gra-

2258 541 2335 595 du
2351 540 2606 594 adhibito
2622 539 2988 610 pertingente
3004 554 3331 610 quacunque
3343 539 3512 594 fraude
3523 542 3596 595 vel
3609 542 3768 598 subtili-

2258 636 2370 688 tate
2383 633 2705 688 adulterina
2714 632 3030 704 pollutione
3042 631 3395 699 foedaverit,et
3404 632 3600 688 honoris
3608 636 3769 706 proprii

2257 727 2498 797 gradum
2518 726 2760 796 amittat,
2774 730 2840 799 et
2864 725 2966 779 sub
2981 724 3163 780 exsilii
3180 724 3497 796 relegatione
3512 730 3769 797 perpetuam

2259 818 2865 875 excommunicationis
2897 817 3238 874 sententiam
3262 817 3507 888 perferat,
3531 819 3612 889 qui
3632 823 3771 873 tamen

2258 913 2401 967 circa
2428 914 2601 968 ﬁnem
2628 912 2758 968 vitae
2799 911 3217 967 communionis
3245 910 3475 965 remedio
3504 911 3775 980 adjuvandus

2258 1011 2358 1061 est.
2387 1007 2541 1061 Hanc
2568 1022 2703 1061 sane
2742 1010 2800 1060 et
2840 1005 2922 1059 illi
2969 1004 3308 1060 sententiam
3348 1002 3682 1072 merebuntur,
3706 1004 3776 1073 qui

2256 1102 2354 1153 aut
2388 1100 2642 1154 volentes
2689 1097 3069 1153 homicidium
3118 1097 3365 1162 fecerint,
3394 1099 3481 1150 aut
3511 1095 3779 1167 primatibus

2256 1192 2452 1264 palatii
2492 1191 2895 1263 generosisque
2933 1190 3187 1263 personis
3224 1205 3318 1244 seu
3356 1187 3673 1243 nobilioribus
3693 1189 3779 1258 qui-

2254 1286 2586 1357 buscunque
2617 1285 2966 1353 mulieribus,
2992 1288 3090 1338 aut
3104 1283 3304 1355 puellis
3320 1280 3517 1353 aliquid
3531 1297 3619 1351 per
3636 1296 3783 1335 necem

2255 1383 2353 1432 aut
2363 1394 2467 1449 per
2485 1393 2883 1450 quamcunque
2907 1377 3221 1448 irrogatam
3240 1374 3491 1445 injuriam
3521 1372 3605 1426 visi
3627 1372 3784 1426 fuerint

2255 1472 2529 1527 intulisse.
2588 1471 2749 1526 Unde
2801 1487 2896 1525 eos
2943 1470 3109 1540 juxta
3157 1469 3347 1540 legum
3389 1467 3692 1522 saecularium
3721 1466 3783 1518 in-

2254 1566 2469 1633 stituta,
2492 1568 2592 1618 aut
2617 1564 2892 1619 talionem
2911 1563 3182 1634 recipere,
3206 1566 3302 1617 aut
3320 1560 3643 1616 traditionem
3654 1558 3709 1613 de
3725 1557 3784 1611 his

2256 1658 2377 1713 ﬁeri
2407 1658 2494 1712 vel
2521 1656 2997 1728 proscriptionem
3026 1658 3299 1727 oporteat.

2258 1847 2388 1899 sunt
2420 1844 2705 1915 judicium
2736 1841 3029 1914 sanguinis
3056 1831 3274 1914 agitare
3304 1857 3412 1895 non
3452 1840 3595 1907 licet;
3632 1842 3678 1891 et
3697 1836 3788 1890 ideo

2258 1954 2607 2010 magnopere
2638 1935 2847 1991 talibus
2873 1935 3194 2019 excessibus
3224 1932 3614 2007 prohibendum
3638 1932 3718 1995 est,
3741 1942 3789 2019 ne
3904 1940 3905 2019 ξ

2256 2030 2574 2085 indiscreta:
2600 2018 3334 2101 praesumptionismotibus
3358 2024 3560 2098 agitati,
3585 2025 3667 2077 aut
3680 2018 3793 2092 quod
3904 2030 3905 2099 ς

2256 2130 2442 2179 morte
2491 2123 2853 2194 plectendum
2901 2129 3005 2191 est,
3052 2122 3330 2177 sententia
3362 2117 3576 2191 propria
3602 2113 3793 2185 judicare
3904 2120 3905 2187 ξ

2258 2220 2628 2289 praesumant,
2662 2221 2761 2271 aut
2793 2215 3177 2271 truncationes
3217 2212 3548 2286 quibuslibet
3584 2204 3794 2280 personis,

2258 2316 2356 2366 aut
2374 2327 2477 2382 per
2500 2327 2559 2364 se
2584 2310 2851 2380 inferant,
2875 2314 2974 2364 aut
2993 2308 3318 2365 inferendas
3342 2303 3659 2378 praecipiant.
3684 2296 3796 2363 Quod
3904 2348 3905 2393 ἦ

2257 2405 2304 2459 si
2315 2405 2614 2476 quisquam
2628 2404 2837 2458 horum
2852 2403 3157 2458 immemor
3167 2405 3586 2474 praceptorum,
3596 2393 3799 2450 autinec-
3904 2412 3905 2467 ξ

2256 2498 2443 2552 elesize
2482 2515 2597 2552 suae
2626 2497 2872 2564 familiis,
2902 2501 3002 2551 aut
3026 2495 3084 2550 in
3113 2494 3459 2567 quibuslibet
3484 2487 3703 2563 personis
3722 2484 3797 2537 tale
3904 2476 3905 2483 “

2257 2592 2469 2662 aliquid
2494 2591 2703 2656 fecerit,
2732 2594 2788 2645 et
2812 2589 3060 2644 concessi
3102 2588 3323 2643 ordinis
3369 2589 3570 2642 honore
3606 2579 3801 2654 privetur

2256 2690 2312 2740 et
2327 2686 2471 2751 loco,
2500 2684 2601 2738 sub
2622 2687 2896 2755 perpetuo
2924 2681 3304 2737 damnationis
3330 2682 3577 2735 teneatur
3598 2673 3802 2744 religatus

2255 2779 2561 2850 ergastulo.
2590 2776 2693 2832 Cui
2712 2782 2905 2832 tamen
2931 2775 3262 2830 communio
3288 2771 3511 2831 exeunti
3536 2787 3596 2825 ex
3617 2768 3705 2823 hac
3724 2762 3804 2816 vita
3904 2784 3905 2787 η

2255 2889 2372 2927 non
2412 2871 2680 2943 neganda
2721 2873 2824 2937 est,
2863 2872 3097 2941 propter
3139 2868 3371 2923 Domini
3413 2858 3801 2921 misericordiam.
3904 2876 3905 2911 ;

2255 2965 2353 3037 qui
2372 2981 2489 3019 non
2516 2964 2635 3019 vult
2660 2963 2970 3035 peccatoris
2998 2966 3269 3032 mortem,
3299 2961 3398 3018 sed
3427 2964 3486 3015 ut
3519 2956 3806 3012 convertatur

2256 3065 2312 3114 et
2335 3059 2480 3113 vivat
2508 3061 2522 3128 (
2546 3060 2734 3114 Ezech.
2768 3073 2957 3127 xxxiii,
2988 3056 3095 3127 H).
3131 3078 3158 3105 ››

2322 3155 2433 3209 Vll.
2462 3154 2603 3208 Cum
2626 3153 2793 3224 juxta
2815 3150 3063 3222 antiquae
3086 3147 3456 3206 institutionis
3487 3145 3704 3202 edictum
3720 3137 3808 3210 plus

2256 3263 2395 3319 erga
2437 3246 2805 3319 corrigendos
2846 3261 3018 3318 agere
3057 3244 3263 3300 debeat
3288 3237 3662 3300 benevolentia
3682 3245 3806 3305 quam

2252 3340 2514 3397 severitas
2539 3383 2552 3410 ,
2604 3341 2730 3412 plus
2777 3340 3087 3395 cohortatio
3141 3356 3319 3411 quam
3366 3331 3677 3399 commotio,
3717 3326 3810 3399 plus

2254 3434 2493 3490 charitas
2522 3450 2696 3506 quam
2722 3436 2986 3506 potestas,
3019 3433 3270 3487 relatum
3293 3435 3381 3487 est
3407 3427 3559 3485 nobis
3583 3421 3711 3497 quod
3727 3415 3811 3489 qui-

2254 3528 2385 3582 dam
2414 3544 2479 3583 ex
2509 3527 2777 3583 fratribus
2800 3528 2929 3599 plus
2958 3526 3137 3582 livore
3162 3526 3283 3582 odii
3312 3540 3486 3599 quam
3522 3509 3814 3577 correctionis

2252 3622 2437 3677 studio
2468 3621 2724 3677 subditos
2769 3620 3153 3693 insequentes,
3195 3621 3339 3676 dum
3370 3635 3428 3675 se
3454 3613 3698 3673 simulant
3730 3603 3810 3676 spi-

2252 3715 2515 3770 ritualem
2531 3715 2611 3770 eis
2628 3714 2902 3770 adhibere
2934 3715 3373 3784 correctionem,
3405 3710 3735 3767 indiscretum
3749 3714 3814 3753 5η·
3904 3718 3905 3721 ‘

2249 3810 2366 3864 bito
2388 3810 2635 3864 afferunt
2654 3811 2920 3876 mortem,
2938 3825 3069 3864 cum
3094 3808 3389 3864 inauditos
3411 3824 3446 3861 a
3468 3822 3525 3860 se
3552 3796 3813 3874 projiciunt.

2253 3906 2311 3959 et
2333 3903 2541 3958 illicitis
2572 3920 2667 3957 eos
2698 3902 2927 3974 judiciis
2952 3902 3055 3957 sub
3084 3902 3426 3974 paenitentia
3454 3897 3697 3971 puniunt.
3731 3887 3818 3941 Non

2252 4014 2390 4068 ergo
2419 3997 2488 4052 de
2521 4002 2727 4053 caetero
2770 3996 3051 4069 perversis
3092 3996 3485 4052 voluntatibus
3528 3991 3595 4046 sit
3632 3986 3816 4041 libemm

2250 4090 2519 4146 simulare
2536 4108 2597 4146 se
2615 4091 2770 4163 quod
2796 4092 3043 4163 ﬁngunt,
3062 4090 3160 4147 sed
3175 4090 3621 4163 quotiescunque
3641 4073 3821 4152 quilltht

2251 4202 2317 4240 ex
2345 4185 2583 4241 subditis
2613 4185 2986 4257 corrigendus
3017 4189 3120 4253 est,
3151 4187 3255 4240 aut
3284 4182 3511 4256 publica
3537 4176 3685 4233 debet
3706 4188 3732 4224 a
3754 4181 3816 4220 sa-

2248 4280 2475 4335 cerdote
2523 4278 2814 4351 disciplina
2863 4278 3067 4346 curari,
3113 4283 3215 4333 aut
3264 4279 3316 4334 si
3362 4276 3530 4333 aliter
3570 4262 3821 4327 rector'ibus

2246 4374 2452 4445 placet,
2482 4374 2727 4429 duorum
2748 4375 2842 4427 vet
2856 4372 3030 4429 trium
3059 4373 3307 4429 fratrum
3335 4366 3695 4444 spiritualium
3707 4352 3818 4412 testi-

517 4464 796 4539 quinullis
807 4464 1017 4520 habitis
1029 4463 1197 4518 rebus
1208 4461 1582 4535 propriis,aut
1595 4462 1652 4516 in
1666 4476 2005 4533 quocunque
2015 4476 2145 4532 per-
2166 4477 2226 4549 D
2248 4468 2441 4522 mouio
2470 4467 2839 4539 peculiariter
2856 4465 3130 4535 adhibito,
3150 4470 3209 4521 et
3228 4466 3440 4522 modus
3455 4458 3825 4549 eruninisagnoj

515 4577 743 4615 vasores
773 4558 1107 4625 exstiterint,
1152 4561 1252 4612 aut
1281 4555 1627 4629 quibuslibet
1653 4555 1913 4627 personis
1943 4554 2143 4622 caedes,

515 4654 603 4709 vel
629 4655 1010 4726 quodcunque
1038 4650 1497 4725 prmsumptionis
1522 4649 1838 4717 intulerint,
1866 4649 2020 4704 nulla
2050 4664 2148 4702 eos

515 4747 910 4802 incurvatione
953 4752 1128 4803 status
1159 4747 1244 4800 sui
1289 4745 1545 4800 servituti
1586 4743 1891 4800 hominum
1938 4742 2145 4798 debere

517 4840 723 4909 addici,
749 4840 848 4895 sed
878 4842 1042 4912 juxta
1070 4840 1220 4912 quod
1253 4843 1744 4911 preesumptuosus
1769 4837 2023 4909 quisquis
2047 4837 2146 4891 ille

519 4934 817 5001 exstiterit,
870 4935 950 4988 ita
1001 4937 1059 4987 et
1110 4933 1459 5005 poenitentiae
1516 4933 1740 5003 legibus
1797 4931 2143 5003 subjacebit;

516 5024 575 5083 id
604 5031 690 5083 est
714 5027 761 5081 si
788 5027 847 5081 in
880 5026 1075 5082 decem
1108 5027 1417 5082 solidorum
1445 5042 1730 5081 summam
1764 5029 2148 5097 praesumptor

516 5136 638 5178 esse
667 5120 995 5187 convicitur,
1040 5118 1243 5190 viginti
1283 5119 1504 5174 dierum
1539 5119 1892 5190 poenitentia:
1924 5119 2144 5175 satisfa-

516 5216 699 5272 ctione
727 5216 1021 5287 purgetur,
1072 5212 1151 5267 ita
1192 5216 1254 5266 ut
1294 5212 1409 5267 sive
1451 5211 1709 5284 minoris,
1759 5212 1873 5267 sive
1913 5212 2147 5283 majoris

515 5325 754 5365 summa;
783 5322 1074 5364 excessum
1093 5305 1408 5379 peregerit,
1435 5304 1700 5360 similiter
1725 5305 2014 5377 geminata
2042 5306 2147 5359 hoc

516 5420 745 5476 semper
769 5401 1147 5458 satisfactione
1185 5398 1539 5471 poenitentiae
1568 5403 1981 5470 recompenset.
2011 5396 2145 5454 Ser-
2180 5460 2187 5467 _

514 5512 611 5553 vos
639 5502 835 5553 autem
863 5494 1223 5553 ecclesiarum
1247 5491 1348 5566 qui
1366 5492 1697 5565 hujusmodi
1725 5508 1983 5548 excessus
2014 5509 2144 5565 ope-

516 5607 670 5646 rasse
682 5594 1019 5656 noscuntur,
1038 5589 1109 5644 ad
1122 5589 1278 5662 leges
1302 5588 1598 5643 saeculares
1613 5586 1928 5642 audiendos
1947 5588 2144 5643 remit-

516 5684 709 5739 timus.
737 5686 806 5739 Et
828 5685 952 5740 haec
969 5683 1201 5757 quidem
1222 5682 1294 5738 de
1322 5681 1570 5754 generali
1590 5698 1822 5737 excessu
1847 5681 1999 5737 dicta
2027 5682 2144 5738 suf-

516 5774 728 5832 ﬁciant.
753 5779 1036 5834 Caeterum
1055 5775 1418 5852 specialitatis
1438 5775 1695 5833 ordinem
1710 5779 2143 5852 prosequentes,

2247 4564 2452 4631 scatur,
2471 4565 2526 4616 et
2544 4561 2749 4616 modus
2775 4560 3127 4632 poenitentiae
3155 4560 3483 4632 irrogetur;
3509 4558 3585 4613 ita
3608 4559 3767 4608 tamen
3781 4544 3823 4595 υί

2246 4655 2293 4709 si
2321 4654 2512 4710 exsilio
2539 4654 2628 4709 vel
2658 4654 2974 4711 retrusione
3009 4654 3250 4726 dignum
3279 4671 3421 4711 eum
3449 4669 3568 4709 esse
3595 4654 3823 4717 cognoveo

2245 4748 2412 4816 verit,
2457 4752 2555 4803 aut
2597 4749 2733 4821 quid
2773 4749 2926 4804 aliud
2974 4748 3261 4820 peculiare
3317 4744 3628 4805 decreverit
3671 4735 3825 4794 modll5

2246 4842 2612 4916 peenitentize,
2641 4859 2811 4915 quem
2855 4859 3052 4898 coram
3094 4843 3280 4899 tribus
3312 4841 3584 4898 fratribus
3624 4827 3829 4892 sacel‘doS

2246 4936 2654 5009 transgressori
2684 4936 2975 5005 indixerit,
3006 4936 3240 5008 speciali
3272 4937 3484 4993 debeat
3502 4934 3621 5005 ejus
3642 4925 3829 5001 quisen‘

2247 5031 2480 5086 tentiam
2496 5030 2735 5102 protulit
2754 5046 2957 5085 manus
2972 5030 3219 5103 propriae
3240 5028 3654 5102 subscriptione
3671 5011 3829 5077 notari-

2247 5123 2449 5197 Sicque
2497 5124 2598 5179 ﬁet
2645 5128 2709 5178 ut
2746 5141 2853 5179 nec
2893 5130 3343 5197 transgressores
3393 5123 3519 5178 sine
3560 5109 3830 5177 testimonio

2247 5218 2459 5273 excidia
2484 5218 2612 5273 vitae
2645 5236 2761 5274 suae
2789 5218 3105 5286 incurrant,
3152 5235 3256 5275 nec
3308 5224 3566 5275 rectores
3602 5214 3834 5271 accusatos

2247 5327 2305 5366 se
2350 5312 2420 5367 de
2465 5313 2850 5384 quorumlibet
2877 5312 3283 5369 tentationibus
3312 5313 3664 5370 erubescant.

2318 5408 2447 5462 VIII.
2464 5406 2749 5479 Quidquid
2762 5405 3054 5463 invisibilis
3067 5406 3262 5479 gratiae
3275 5408 3585 5463 collatione
3598 5400 3833 5460 tribuitur,

2249 5517 2549 5572 nunquam
2564 5504 2786 5573 quaestu
2805 5502 2890 5556 vel
2907 5500 3250 5573 quibuslibet
3264 5500 3530 5573 praemiis
3547 5487 3834 5553 venundati.

2245 5594 2493 5667 pcenitus
2520 5594 2707 5663 debet,
2739 5595 2960 5651 dicente
2987 5596 3261 5652 Domino:
3290 5617 3322 5646 «
3350 5595 3519 5662 Quod
3540 5591 3703 5667 gratis
3721 5598 3841 5641 acce-

2246 5686 2424 5759 pistis,
2474 5688 2649 5759 gratis
2693 5688 2820 5744 date
2873 5688 3089 5759 (Matth.
3123 5707 3175 5759 x,
3202 5690 3274 5760 8),
3309 5711 3339 5739 »
3386 5693 3522 5760 etc"
3562 5684 3839 5761 quicunque

2246 5780 2513 5856 deinceps
2542 5781 2603 5838 in
2633 5782 3003 5839 ecclesiastico
3031 5784 3229 5840 ordine
3255 5786 3626 5853 constitutus,
3654 5780 3743 5837 aut
3765 5784 3845 5848 Pr0
