3946 6180
121 317 193 369 545
910 321 930 326 ’⁷
1281 309 1756 370 DECRETALIUM
1793 311 2176 370 COLLECTIO.

3280 315 3391 374 346

119 415 395 490 baptizandis
417 412 910 485 consignandisque
939 413 1218 485 ﬁdelibus,
1235 420 1335 472 aut
1355 419 1652 476 collatione
1675 433 1732 508 Α
1753 422 1948 476 omnia
1975 421 2252 477 honorem
2275 424 2446 494 atque
2475 421 2738 495 obsequii
2762 425 3137 480 reverentiam
3163 427 3389 497 praemi-

117 509 365 568 chrismatis
390 508 465 562 vel
492 508 943 579 promotionibus
974 510 1280 582 graduum,
1301 513 1482 584 pretia
1503 531 1651 586 quae-

118 604 293 661 libetvel
309 601 538 674 praemia,
553 601 663 656 nisi
676 603 987 658 voluntarie
1002 604 1195 660 oblata
1204 623 1310 678 pro
1322 607 1418 678 huj
1426 608 1653 663 usmodi

117 696 258 771 133
280 695 554 751 ambitione
574 697 905 768 susceperit.
929 698 1206 769 Equidem
1235 699 1280 754 si
1309 701 1519 756 sciente
1543 702 1652 756 loci

116 791 332 863 episcopo,
346 789 446 844 tale
463 789 770 861 quidquam
791 807 825 845 a
841 791 1081 846 subditis
1100 799 1483 866 perpetretur,
1499 795 1653 851 idem

115 886 341 956 episcopus
365 883 571 938 duobus
602 884 895 940 mensibus
923 887 1502 943 excommunicationi
1525 889 1653 944 sub-

108 981 260 1049 jaceat,
289 994 376 1048 pro
400 994 460 1032 eo
495 979 644 1048 quod
685 979 937 1035 scientiae
976 981 1128 1036 mala
1158 981 1422 1051 contexit,
1447 987 1504 1037 et
1533 1000 1653 1038 cor-

114 1071 358 1142 reptiouem
375 1072 736 1126 necessariam
764 1090 880 1129 non
905 1075 1186 1130 adhibuit.
1206 1075 1302 1131 Sin
1322 1081 1513 1131 autem
1531 1094 1653 1131 suo-

112 1183 204 1220 rum
223 1165 460 1236 quispiam
481 1166 683 1221 eodem
714 1168 1004 1224 nesciente
1031 1169 1101 1224 de
1120 1170 1457 1241 supradictis
1477 1171 1655 1243 quod-

111 1275 276 1330 cunque
315 1259 548 1329 capitulis
592 1261 987 1332 accipiendum
1037 1279 1153 1318 esse
1194 1264 1300 1318 sibi
1327 1264 1648 1335 crediderit,

112 1353 143 1404 si
161 1352 402 1422 presbyter
426 1357 522 1421 est,
544 1354 721 1409 trium
745 1355 1035 1411 mensium
1063 1357 1649 1413 excommunicatione

108 1445 336 1515 plectatur,
361 1445 401 1500 si
447 1446 738 1516 diaconus,
789 1453 1056 1521 quatuor,
1107 1451 1482 1506 subdiaconus
1518 1469 1650 1507 vero

108 1539 170 1590 vel
185 1539 375 1593 clericus
400 1539 481 1594 his
507 1542 913 1613 cupiditatibus
939 1544 1191 1599 serviens
1221 1549 1278 1599 et
1302 1547 1652 1618 competenti

109 1647 228 1700 paena
248 1636 293 1685 et
314 1633 485 1688 debita
508 1637 1092 1693 excommunicatione
1118 1640 1444 1709 plectendus
1472 1644 1574 1694 est.

157 1726 393 1781 IXJlultaa
435 1745 601 1799 super
638 1730 748 1784 hoc
792 1731 1040 1802 capitulo
1083 1733 1314 1787 Patrum
1355 1734 1648 1789 sententias

1753 517 1908 571 uenti
1952 516 2058 570 sibi
2099 516 2484 588 unusquisque
2529 517 2837 588 dependat,
2863 518 3024 589 juxta
3052 517 3191 574 illud
3230 519 3388 574 beati

1753 627 1916 681 papae
1943 609 2143 664 Leonis
2170 609 2419 664 edictum
2442 626 2454 664 :
2475 610 2580 674 Qui
2600 628 2658 665 se
2678 611 2782 665 scit
2799 612 3080 684 aliquibus
3102 629 3222 667 esse
3244 630 3388 684 prte-

1752 704 2018 774 positum,
2047 719 2163 756 non
2190 703 2426 757 moleste
2453 704 2596 758 ferat
2620 704 2873 775 aliquem
2901 705 3008 759 sibi
3037 723 3160 760 esse
3189 708 3386 778 praela-

1755 802 1896 865 tum,
1929 796 2025 851 sed
2063 796 2449 851 obedientiam
2492 814 2666 868 quam
2704 797 2900 869 exigit,
2931 799 3105 854 etiam
3129 801 3250 872 ipse
3281 801 3383 856 de-

1751 891 1978 962 pendat.
2009 891 2182 945 Paena
2202 894 2400 944 tamen
2414 891 2579 960 juxta
2605 890 2998 946 ecclesiasticae
3028 893 3394 950 consuetudi-

1751 985 1840 1039 nis
1869 1000 2109 1051 morem,
2147 987 2206 1038 et
2241 984 2461 1055 placitis
2505 985 2703 1038 talium
2739 984 3061 1053 inferenda,
3093 991 3149 1042 et
3180 986 3250 1041 ab
3273 987 3382 1057 his,

1753 1079 1847 1149 qui
1883 1082 2336 1149 transgressores
2361 1078 2593 1145 fuerint,
2629 1077 3000 1150 persolvenda
3035 1082 3138 1135 est.

1824 1174 1907 1227 XI.
1939 1175 2080 1228 Cum
2108 1171 2250 1226 nihil
2293 1171 2355 1226 in
2396 1171 2590 1226 divino
2618 1189 2836 1227 canone
2867 1173 3070 1228 debeat
3101 1189 3222 1228 esse
3250 1191 3382 1229 con-

1750 1267 1961 1335 fusum,
2001 1266 2143 1320 nihil
2193 1265 2450 1335 dubium,
2497 1265 2643 1320 nihil
2686 1266 2858 1321 etiam
2910 1266 3282 1322 indiscretum
3325 1269 3386 1323 in

1750 1360 2047 1414 collatione
2088 1359 2266 1414 nostri
2294 1365 2490 1426 coetus,
2522 1359 2762 1415 relectus
2801 1365 2886 1415 est
2924 1377 3108 1415 canon
3132 1362 3388 1417 Toletani

1751 1452 1979 1508 concilii
2010 1452 2201 1523 primi,
2231 1453 2289 1507 in
2321 1469 2433 1524 quo
2459 1459 2811 1524 praeceptum
2838 1458 2940 1522 est,
2968 1457 3034 1508 ut
3061 1454 3106 1508 si
3137 1455 3266 1527 quis
3295 1471 3384 1510 ac-

1751 1552 1976 1618 ceptam
2031 1564 2064 1600 a
2104 1547 2387 1601 sacerdote
2439 1546 2849 1602 Eucharistiam
2889 1565 3004 1602 non
3051 1549 3384 1621 sumpserit,

1750 1643 1903 1696 velut
1927 1641 2235 1711 sacrilegus
2261 1641 2635 1713 prepellatur,
2651 1658 2755 1696 nec
2774 1642 2996 1712 adjecta
3017 1646 3102 1697 est
3121 1643 3384 1699 discretio

1749 1737 2127 1804 voluntatum,
2159 1751 2288 1788 cum
2333 1740 2390 1789 et
2441 1734 2622 1789 ﬁdelis
2659 1735 2905 1790 ﬁdeliter
2950 1735 3189 1807 accipiat
3225 1737 3386 1808 quod

104 1824 411 1889 manaverunt,
438 1822 648 1878 scilicet
680 1840 753 1878 ne
777 1824 1223 1896 impretiabilem
1264 1827 1442 1882 sancti
1471 1811 1727 1899 Spiri-B
1752 1829 2086 1884 naturaliter
2135 1829 2296 1882 illum
2353 1828 2653 1884 necessitas
2715 1828 2993 1900 deglutire
3041 1846 3156 1883 non
3210 1830 3377 1886 sinat.

105 1915 170 1963 tus
204 1913 398 1982 gratiam
449 1915 614 1971 donis
662 1918 748 1972 vel
799 1919 1134 1974 muneribus
1183 1919 1314 1992 quis
1368 1921 1652 1976 existimet

104 2007 477 2075 comparandam.
529 2011 642 2065 Sed
690 2012 848 2082 quod
899 2029 1016 2068 non
1066 2014 1186 2069 sine
1240 2013 1394 2085 gravi
1448 2015 1648 2070 dolore

101 2097 335 2154 dicendum
360 2106 453 2169 est,
475 2109 690 2175 quanto
709 2106 832 2160 haec
862 2107 1151 2178 frequenti
1181 2107 1543 2163 decretorum
1565 2113 1652 2163 est

101 2195 399 2265 praceptione
456 2199 767 2270 prohibita,
819 2206 977 2256 tanto
1029 2220 1063 2257 a
1119 2203 1284 2259 nobis
1351 2204 1650 2259 fraudibus

100 2289 380 2356 cognoscitur
401 2291 622 2361 iterata,
653 2295 791 2350 dum
833 2296 913 2364 hi,
945 2297 1042 2368 qui
1070 2297 1168 2351 tali
1196 2297 1380 2368 pretio
1406 2298 1650 2353 mercari

98 2379 294 2436 nituntur
315 2387 539 2456 gratiam
569 2389 944 2444 ordinationis
983 2408 1100 2446 suae
1143 2397 1405 2463 tempora
1430 2409 1646 2464 praeve-

96 2471 220 2527 niunt
235 2488 570 2548 munere,aut
590 2487 720 2553 post
737 2487 1035 2555 acceptum
1057 2485 1337 2540 honorem
1359 2487 1650 2558 promissis

98 2567 177 2619 suis
198 2572 459 2630 conferunt
485 2577 859 2648 apparatibus
885 2579 1067 2651 turpis
1107 2580 1251 2634 lucri
1298 2581 1646 2636 mercedem.

97 2660 140 2712 Et
174 2662 292 2731 ideo,
335 2671 396 2721 ut
455 2670 664 2726 horum
715 2676 771 2727 et
831 2673 1107 2729 similium
1169 2680 1648 2745 argumentorum

99 2751 298 2828 deinceps
343 2768 669 2834 amputetur
713 2766 956 2832 occasio,
1002 2767 1125 2822 haec
1166 2772 1357 2823 sancta
1401 2769 1650 2840 synodus

95 2845 302 2920 deﬁnivit,
326 2857 386 2908 ut
424 2874 554 2913 cum
607 2859 848 2931 quisque
893 2861 1214 2931 pontiﬁcale
1263 2863 1491 2917 culmen
1520 2868 1650 2918 ante

96 2937 258 2997 Domini
315 2947 478 3004 altare
541 2957 926 3024 percepturus
986 2955 1300 3022 accesserit,
1357 2957 1648 3011 exactione

95 3035 368 3107 astringatur
392 3045 542 3114 quod
576 3063 684 3116 pro
715 3047 1060 3102 conferenda
1089 3048 1194 3103 sibi
1221 3050 1649 3105 consecratione

94 3124 264 3184 honoris
281 3136 408 3190 nulli
432 3155 702 3209 personae
722 3141 1020 3210 cujuslibet
1044 3142 1267 3212 praemii
1296 3144 1648 3198 collationem

94 3221 147 3271 vel
180 3225 449 3296 aliquando
498 3233 769 3304 dedisset,
806 3236 895 3290 vel
936 3235 1239 3308 aliquando
1285 3237 1342 3291 in
1391 3238 1649 3292 futurum

92 3311 185 3368 dare
205 3329 459 3389 procuret.
489 3327 697 3398 Sicque
725 3334 825 3384 aut
853 3329 1104 3384 mundus
1135 3331 1204 3384 ab
1245 3331 1354 3386 hoc
1384 3332 1648 3403 contagio

89 3410 361 3474 [mlationis
399 3421 886 3477 consecrationem
924 3423 1178 3494 accipiat,
1222 3427 1320 3478 aut
1360 3425 1648 3496 publicato

89 3497 162 3553 hoc
181 3509 353 3565 scelere
383 3514 688 3570 manifeste
717 3515 971 3570 denudet
994 3533 1183 3572 coram
1212 3518 1472 3585 Ecclesia,
1495 3523 1552 3573 et
1578 3519 1649 3572 ad

86 3591 296 3656 honorem
337 3622 505 3676 quem
553 3609 802 3663 mercari
850 3610 1028 3665 voluit
1067 3627 1180 3665 non
1223 3612 1475 3667 accedat.
1523 3612 1650 3667 Illos

86 3694 225 3746 autem
241 3712 365 3766 quos
383 3700 656 3774 deinceps
671 3708 800 3773 post
812 3704 1207 3774 praelationem
1223 3722 1326 3776 per
1347 3705 1650 3776 praemium

84 3784 306 3843 ordinatos
346 3793 515 3850 fuisse
567 3797 772 3867 patuit,
824 3797 927 3850 sub
991 3799 1240 3854 deﬁnitis
1300 3799 1649 3870 poenitentia)

83 3870 263 3948 legibus,
289 3887 343 3938 ut
361 3885 909 3945 haeresimoniachos
934 3891 1004 3945 ab
1027 3892 1272 3947 Ecclesia
1298 3894 1650 3965 separandos

86 3981 169 4022 esse
189 3990 476 4048 censemus,
509 3983 566 4037 id
604 3986 709 4050 est,
737 3989 802 4038 ut
847 3983 1093 4040 duorum
1138 4003 1420 4042 annorum
1469 3989 1649 4060 spatio

86 4063 224 4120 exsilio
247 4072 484 4146 relegati,
509 4083 571 4132 et
596 4076 775 4148 digna
799 4079 1192 4149 satisfactione,
1219 4081 1304 4135 vel
1326 4098 1650 4137 excommu-

86 4161 320 4218 mcationis
344 4172 629 4227 sententia
655 4173 885 4227 coerciti
915 4173 1144 4228 honoris
1185 4175 1446 4245 gradum,
1478 4192 1649 4246 quem

84 4255 277 4342 priamus
309 4269 584 4332 emerant,
620 4264 882 4336 lacrymis
921 4267 1256 4338 conquirere
1293 4273 1348 4322 et
1376 4284 1648 4339 reparare

82 4348 334 4407 intendant.
366 4356 527 4412 Unde
565 4357 614 4411 si
643 4358 820 4430 digna
846 4359 1148 4415 satisfactio
1180 4377 1278 4416 eos
1305 4361 1651 4432 paenitentiae

85 4436 282 4509 tempore
305 4445 611 4521 invenerit,
639 4467 759 4507 non
787 4455 1016 4508 tantum
1043 4455 1452 4523 communioni,
1476 4455 1574 4510 sed
1595 4459 1652 4510 et

1750 1923 1905 1978 Solet
1931 1922 2086 1978 enim
2111 1921 2378 1976 humana:
2415 1927 2636 1976 naturas
2664 1922 2966 1976 inﬁrmitas
2992 1923 3050 1976 in
3079 1923 3200 1993 ipso
3227 1940 3378 1978 mor-

1749 2018 1818 2072 tis
1844 2017 1997 2071 exitu
2020 2021 2366 2088 praegravata
2387 2020 2549 2071 tanto
2578 2016 2838 2070 siccitatis
2861 2016 3115 2088 pondere
3139 2017 3381 2088 deprimi

1748 2117 1814 2164 ut
1839 2110 2007 2164 nullis
2033 2110 2315 2164 ciborium
2340 2109 2690 2164 illationibus
2711 2109 2885 2176 reﬁci,
2906 2109 3004 2164 sed
3023 2109 3118 2164 vix
3137 2113 3383 2165 tantum-

1750 2203 1882 2258 dem
1911 2203 2053 2257 illati
2081 2204 2392 2258 delectetur
2425 2203 2612 2274 poculi
2642 2203 2825 2273 gratia
2855 2203 3178 2258 sustentari.
3214 2204 3380 2268 Quod

1749 2299 1921 2352 etiam
1950 2296 2008 2351 in
2039 2298 2352 2351 multorum
2379 2297 2534 2352 exitu
2567 2296 2808 2351 vidimus
2838 2297 2937 2368 qui
2977 2299 3237 2368 optatum
3266 2298 3384 2352 suis

1749 2391 1890 2444 Votis
1910 2391 2023 2445 sive
2043 2390 2458 2445 communionis
2473 2394 2798 2461 expetentes
2811 2389 3099 2462 viaticum,
3116 2392 3380 2446 collatam

1750 2484 1855 2538 sibi
1880 2502 1910 2537 a
1939 2484 2228 2538 sacerdote
2258 2484 2670 2538 Eucharistiam
2716 2483 3056 2553 rejecerunt,
3085 2501 3199 2539 non
3225 2486 3381 2556 quod

1747 2577 2078 2632 inﬁdelitate
2104 2577 2208 2631 hoc
2239 2581 2498 2648 agerent,
2529 2576 2628 2631 sed
2659 2575 2814 2649 quod
2841 2583 3072 2648 propter
3104 2577 3380 2633 Dominici

1749 2671 1940 2727 calicis
1965 2672 2234 2726 haustum
2262 2671 2528 2726 traditam
2558 2671 2664 2725 sibi
2702 2688 2816 2726 non
2857 2675 3087 2742 possent
3111 2671 3378 2726 Euchari-

1749 2769 1911 2821 stiam
1945 2765 2246 2837 deglutire.
2275 2765 2398 2819 Non
2427 2781 2566 2836 ergo
2597 2764 2932 2836 hujusmodi
2960 2781 2994 2818 a
3022 2781 3258 2836 corpore
3286 2767 3383 2820 Ec-

1751 2861 1930 2916 clesiae
1960 2859 2262 2930 separandi
2289 2863 2437 2928 sunt,
2470 2858 2567 2930 qui
2590 2859 2725 2913 talia
2749 2875 2861 2912 non
2894 2859 3249 2927 inﬁdelitate,
3282 2860 3383 2914 sed

1751 2954 2082 3009 necessitate
2126 2953 2406 3019 fecerunt,
2431 2952 2747 3023 praesertim
2781 2952 2842 3006 hi
2882 2952 2954 3006 de
3003 2952 3207 3024 quibus
3236 2952 3381 3007 nihil

1749 3048 1877 3102 ﬁdei
1903 3048 2142 3102 sinistrae
2170 3047 2429 3101 sentitur.
2451 3045 2666 3100 Placuit
2684 3061 2824 3117 ergo
2845 3045 3083 3102 deﬁnire
3102 3046 3254 3118 quod
3274 3061 3383 3102 nec

1749 3141 1904 3195 ﬁdeli
1932 3141 2165 3208 ofﬁciat,
2185 3157 2292 3194 nec
2309 3139 2523 3195 inﬁdeli
2546 3140 2794 3194 inultum
2810 3139 3030 3194 existat.
3046 3140 3382 3211 Quicunque

1752 3252 1887 3307 ergo
1928 3235 2112 3289 ﬁdelis
2139 3234 2455 3289 inevitabili
2483 3233 2736 3304 qualibet
2781 3233 3113 3288 inﬁrmitate
3156 3239 3380 3289 coactus

1749 3328 2156 3384 Eucharistiam
2196 3332 2523 3399 perceptam
2553 3327 2811 3398 rejecerit
2839 3327 2898 3381 in
2928 3327 3084 3381 nulla
3113 3329 3392 3397 ecclesia-1

1749 3424 1900 3478 sticus
1928 3421 2331 3488 damnationis,
2360 3421 2709 3476 damnationi
2755 3421 3064 3492 subjaceat.
3115 3420 3382 3476 Similiter

1748 3534 1850 3572 nec
1877 3516 2000 3571 illos
2034 3516 2367 3587 cujusquam
2411 3514 2728 3586 punitionis
2770 3530 3008 3569 censura
3051 3513 3378 3585 redarguet,

1750 3613 1847 3684 qui
1869 3611 2004 3666 talia
2033 3615 2131 3664 aut
2155 3615 2410 3680 tempore
2440 3607 2696 3662 infantiae
2722 3607 2957 3677 faciunt,
2975 3612 3073 3662 aut
3101 3608 3160 3662 in
3190 3608 3378 3680 quali-

1747 3705 1846 3759 bet
1863 3704 2073 3759 mentis
2087 3702 2430 3758 alienatione
2454 3701 2646 3772 positi,
2665 3701 2762 3772 qui
2785 3700 2938 3772 quod
2959 3701 3199 3756 fecerint
3217 3700 3376 3772 igno-

1746 3815 1871 3854 rare
1899 3799 2186 3853 videntur.
2216 3799 2343 3852 Jam
2368 3812 2499 3850 vero
2525 3795 2852 3867 quicunque
2894 3797 2994 3849 aut
3019 3795 3087 3849 de
3115 3793 3374 3850 ﬁdelium

1747 3894 1837 3947 vel
1867 3891 2185 3947 inﬁdelium
2209 3906 2453 3945 numero
2484 3905 2688 3960 corpus
2713 3888 2937 3943 Domini
2964 3888 3178 3959 absque
3207 3888 3382 3944 inevi‘

1747 3987 1924 4056 tabili,
1955 3991 2018 4040 ut
2041 3986 2254 4040 dictum
2286 3987 2391 4051 est,
2419 3982 2748 4038 inﬁrmitate
2773 3982 3094 4053 projecerit,
3125 3982 3170 4036 si
3200 3982 3380 4038 ﬁdelis

1748 4087 1850 4148 est,
1882 4084 2157 4152 perpetua
2181 4077 2584 4133 communione
2612 4075 2895 4148 privetur;
2929 4077 2976 4131 si
3001 4076 3242 4132 inﬁdelis
3271 4080 3378 4146 est,

1749 4180 1806 4230 et
1830 4173 2154 4230 verberibus
2174 4172 2449 4227 subdatur
2467 4174 2525 4226 et
2549 4175 2829 4243 perpetuo
2850 4170 3049 4226 exsilio
3071 4170 3375 4242 relegetur.

1750 4268 1914 4333 Quod
1943 4268 1989 4322 si
2021 4268 2226 4322 horum
2265 4265 2501 4338 quilibet
2547 4263 2875 4336 hujusmodi
2923 4280 3177 4319 excessus
3204 4265 3382 4337 digna

1749 4361 2098 4434 poenitentiae
2147 4359 2528 4415 satisfactione
2554 4358 2863 4428 deﬂeverit,
2893 4363 3023 4428 post
3049 4359 3376 4431 quinquen-

1749 4456 1911 4512 nium
1935 4455 2126 4510 licebit
2148 4454 2311 4508 illum
2340 4453 2729 4508 communioni
2765 4452 3018 4524 pristinas
3056 4453 3377 4509 reformari.

83 4525 167 4632 1°09
186 4539 232 4588 et
255 4541 416 4596 totius
446 4545 674 4600 ordinis
699 4546 918 4618 ofﬁciis,
951 4565 984 4602 a
1023 4548 1230 4620 quibus
1255 4549 1494 4620 separati
1525 4550 1650 4604 fue-
1671 4560 1732 4632 D
1825 4551 1931 4605 Xll.
1960 4549 2068 4613 Qui
2097 4547 2495 4619 paenitentiam
2524 4547 2583 4600 in
2610 4545 2811 4601 mortis
2833 4545 2952 4616 agit
2968 4546 3242 4616 periculo,
3263 4562 3382 4602 non

83 4628 187 4694 rant,
209 4636 546 4695 restaurandi
568 4645 723 4696 sunt.

113 4715 174 4814 ’Σο
195 4723 504 4802 Quanquam
532 4751 736 4790 omnes
778 4735 876 4807 qui
916 4735 1084 4790 sacris
1132 4735 1530 4808 mancipantur
1555 4754 1649 4793 or-

84 4806 254 4908 ‘dllu'bus
278 4828 562 4884 canonicis
605 4806 815 4900 regulis
849 4832 1152 4886 teneantur
1174 4831 1407 4901 astricti,
1431 4832 1652 4903 expedi-

83 4899 158 4959 bile
177 4912 347 4972 tamen
374 4926 461 4976 est
487 4927 556 4977 ut
570 4922 959 4995 promissionis
983 4941 1099 4979 suae
1117 4931 1246 4980 vota
1271 4925 1374 4980 sub
1393 4925 1652 4980 cautione

83 5003 356 5082 spondeam,
375 5017 533 5086 quod
552 5016 629 5071 ad
647 5017 1024 5088 promotionis
1053 5020 1264 5090 gradus
1285 5018 1652 5074 ecclesiastica

82 5095 232 5155 PI‘Obat
251 5103 562 5179 disciplina.
594 5110 754 5166 Solet
779 5111 935 5167 enim
967 5113 1096 5184 plus
1125 5113 1316 5168 timeri
1350 5112 1506 5185 quod
1537 5113 1651 5168 sin-

79 5187 307 5251 Eulariter-
322 5203 647 5274 pollicetur,
673 5222 849 5277 quam
879 5207 1032 5278 quod
1063 5207 1317 5277 generali
1357 5207 1654 5278 sponsione

81 5285 393 5348 concluditur.
426 5299 496 5351 Et
522 5297 657 5353 ideo
689 5299 900 5370 placuit
924 5300 1058 5354 huic
1083 5304 1278 5356 sancto
1306 5301 1564 5368 concilio,
1596 5305 1658 5355 ut

81 5375 406 5458 "nu-"qnisque
438 5391 540 5462 qui
571 5391 641 5446 ad
673 5393 1077 5448 ecclesiasticos
1105 5395 1314 5465 gradus
1349 5401 1435 5450 est
1464 5411 1654 5450 access

82 5478 221 5542 “m5,
254 5492 366 5534 non
410 5488 553 5538 ante
597 5486 829 5541 honoris
873 5487 1355 5543 consecrationem
1397 5488 1654 5560 accipiat,

83 5571 209 5626 quam
243 5571 442 5641 placita
486 5578 596 5632 sibi
633 5580 999 5636 adnotatione
1045 5583 1360 5653 promittat,
1389 5587 1451 5637 ut
1488 5582 1658 5637 ﬁdem

80 5657 356 5753 catholicam
420 5671 642 5728 sincera
703 5674 890 5730 cordis
951 5675 1251 5731 devotione
1315 5675 1656 5743 custodiens,

75 5757 190 5815 iuste
212 5764 265 5815 et
284 5764 372 5835 pie
397 5768 589 5824 vivere
613 5771 840 5840 debeat,
871 5776 934 5827 ut
959 5773 1022 5828 in
1051 5773 1224 5829 nullis
1249 5774 1517 5846 operibus
1544 5773 1659 5829 suis

79 5853 316 5911 manicis
342 5861 565 5932 regulis
587 5866 954 5936 contradicat,
981 5872 1153 5940 atque
1182 5872 1244 5923 ut
1269 5867 1525 5924 debitum
1557 5883 1660 5940 per

434 5957 706 6028 PATBOL.
759 5963 986 6030 CXXX.

1752 4643 1972 4698 diutine
2002 4660 2034 4696 a
2058 4640 2530 4696 reconciliationis
2561 4640 2742 4710 gratia
2773 4637 3123 4692 differendus
3151 4643 3256 4707 est,
3280 4640 3378 4696 sed

1751 4739 1799 4794 si
1823 4737 2110 4810 procincto
2139 4735 2339 4789 mortis
2357 4737 2635 4805 urgeatur
2649 4732 2900 4804 periculo
2917 4732 3249 4803 poenitentia
3274 4750 3379 4806 per

1753 4849 1957 4888 manus
1987 4829 2414 4902 impositionem
2443 4831 2695 4898 accepta,
2717 4825 2910 4880 statim
2927 4826 2977 4881 ei
3000 4828 3383 4886 reconciliatio

1753 4924 2078 4981 adhibenda
2105 4927 2210 4993 est,
2237 4938 2309 4977 ne
2333 4921 2490 4993 prius
2516 4921 2588 4975 ab
2615 4919 2880 4974 humanis
2909 4919 3079 4975 rebus
3110 4937 3268 4993 aeger
3291 4923 3387 4978 ab-

1754 5021 1970 5088 scedat,
1999 5033 2174 5089 quam
2211 5017 2428 5072 donum
2471 5013 2946 5069 reconciliationis
2985 5014 3246 5086 accipiat,
3275 5017 3382 5072 sieo

1756 5130 1867 5186 que
1923 5109 2317 5184 superstitibus
2377 5107 2803 5180 quodammodo
2867 5107 3076 5163 doloris
3130 5110 3387 5166 videatur

1757 5225 1877 5264 esse
1926 5205 2211 5279 perpetui,
2240 5204 2285 5258 si
2331 5203 2632 5275 praecisum
2685 5201 2756 5256 ab
2806 5201 3384 5273 Ecclesias~membris

1755 5317 1891 5358 eum
1917 5301 2016 5373 qui
2047 5299 2241 5371 utique
2269 5296 2791 5352 reconciliationem
2819 5312 2933 5351 non
2963 5297 3236 5352 meruerit
3257 5312 3388 5368 rape

1757 5401 1880 5451 tum
1907 5411 1942 5450 a
1967 5391 2235 5466 praesenti
2259 5391 2372 5446 vita
2396 5390 2594 5445 mortis
2619 5394 2826 5445 natura
2856 5389 3204 5444 subduxerit.
3228 5390 3384 5444 Unde

1759 5490 1938 5561 (juxta
1964 5503 2130 5560 papae
2155 5485 2357 5541 Leonis
2388 5484 2657 5554 edictum)
2680 5482 2768 5537 his
2797 5482 2893 5553 qui
2921 5482 2980 5536 in
3009 5484 3271 5550 tempore.
3289 5497 3387 5536 ne.

1758 5582 2035 5639 cessitatis
2054 5586 2110 5636 et
2127 5581 2186 5636 in
2215 5578 2453 5651 periculi
2480 5576 2741 5648 urgentis
2767 5573 3036 5629 instantia
3054 5572 3386 5644 praesidium

1758 5675 2107 5750 poenitentiae
2137 5690 2202 5729 ex
2235 5689 2392 5728 more
2419 5668 2895 5727 reconciliationis
2918 5667 3246 5738 implorant,
3280 5684 3388 5724 nec

1759 5770 2062 5826 satisfactio
2091 5767 2480 5824 interdicenda
2517 5770 2621 5830 est,
2654 5778 2758 5817 nec
2798 5759 3178 5816 reconciliatio
3208 5759 3386 5818 done.

1761 5866 1972 5938 gaude,
2026 5863 2156 5935 quia
2211 5861 2269 5914 in
2325 5856 2709 5914 misericordia
2776 5855 2896 5923 Dei,
2949 5870 3053 5909 nec
3107 5872 3390 5916 mensura

2961 5957 3132 6051 48'
