3946 6180
561 301 660 363 847

1447 304 1731 362 APPEND.
1764 304 1858 361 AD
1892 302 2057 361 πε.
2101 302 2188 358 IX.

2320 300 2564 359 ISIDORI
2604 300 3031 363 MERCATORIS
3713 310 3786 377 548

564 430 871 487 possumus
942 429 1182 487 ponere,
1204 420 1314 473 nec
1365 420 1627 488 tempora
1673 411 1930 469 deﬁnire.
1984 413 2063 467 De
2110 410 2199 466 his
2220 421 2280 496 Α
2300 412 2688 468 occasionibus
2710 412 3109 482 absentemur,
3138 414 3235 470 sed
3257 415 3311 471 in
3337 425 3602 490 praeparato
3623 421 3691 477 die
3712 440 3789 496 quo

562 513 754 565 autem
784 508 881 579 qui
928 511 1155 579 accepta
1198 511 1552 582 poenitentia,
1584 514 1888 579 antequam
1938 506 2190 561 reconci-

562 602 770 659 lientur
790 603 861 657 ab
887 602 997 658 hac
1023 602 1137 657 vita
1169 605 1523 673 recesserint,
1546 618 1879 675 quanquam
1906 600 2194 655 diversitas

557 701 975 770 praeceptorum
1030 697 1102 752 dc
1156 698 1265 753 hoc
1312 698 1559 771 capitulo
1615 697 1909 752 habeatur.
1964 695 2192 751 Illorum

561 794 759 846 tamen
781 790 946 846 nobis
971 792 1253 845 sententia
1280 792 1495 863 placuit
1519 791 1616 863 qui
1640 788 1935 860 multiplici
1955 804 2195 843 numero

562 884 631 940 de
652 884 981 956 hujusmodi
1002 884 1307 940 humanius
1335 885 1727 954 decreverunt,
1755 888 1818 938 ut
1840 888 1896 938 ct
1916 881 2197 937 memoria

558 978 760 1035 talium
790 979 850 1033 in
880 977 1131 1033 ecclesiis
1155 979 1610 1046 commendetur,
1643 984 1700 1034 et
1725 976 1935 1032 oblatio
1960 991 2065 1048 pro
2094 991 2193 1031 eo-

559 1091 689 1129 rum
721 1072 928 1127 delicto
952 1088 988 1126 a
1012 1072 1357 1144 presbyteris
1400 1073 1729 1144 recipiatur.

631 1168 763 1223 XIII.
794 1167 943 1220 Bene
983 1166 1267 1238 siquidem
1307 1167 1595 1238 majorum
1637 1165 1850 1237 regulis
1896 1162 2196 1220 definitum

563 1266 668 1332 est,
696 1266 759 1317 ut
785 1259 1084 1315 daemoniis
1114 1260 1353 1332 aliisque
1379 1260 1739 1332 passionibus
1768 1257 1996 1314 irretitis
2024 1257 2193 1312 mini-

561 1356 734 1412 steria
758 1371 915 1410 sacra
940 1359 1179 1409 tractare
1205 1371 1319 1409 non
1349 1355 1538 1409 liceat.
1570 1355 1713 1410 Cum
1739 1358 2045 1424 praecepto,
2065 1367 2197 1406 con-

561 1466 729 1505 sensu
754 1448 989 1502 rationis
1014 1447 1289 1514 adhibito,
1309 1447 1363 1502 id
1385 1446 1770 1502 communiter
1793 1446 2115 1511 definimus,
2134 1447 2197 1498 ut

504 1579 513 1585 ο
559 1544 748 1598 nullus
778 1541 846 1597 de
876 1541 962 1596 his
986 1540 1084 1613 qui
1117 1544 1216 1596 aut
1247 1542 1307 1596 in
1337 1547 1494 1596 terra
1531 1540 1745 1611 accepti
1773 1558 1807 1593 a
1839 1538 2194 1594 daemonibus

557 1638 864 1703 eliduntur,
901 1641 1000 1690 aut
1032 1635 1286 1707 quolibet
1324 1635 1493 1690 modo
1522 1633 1837 1689 vexationis
1866 1631 2193 1687 incursibus

560 1730 892 1797 efferuntur,
924 1731 1009 1785 vel
1035 1729 1210 1784 sacris
1240 1729 1489 1785 audeant
1531 1728 1857 1783 ministrare
1897 1726 2189 1793 altaribus,

560 1825 647 1903 vel
677 1823 977 1879 indiscussi
1013 1839 1070 1878 se
1100 1822 1304 1877 divinis
1357 1824 1626 1894 ingerent
1671 1820 2055 1886 sacramentis,
2090 1836 2191 1875 ex-
2213 1798 2271 1870 Β

557 1920 733 1991 ceptis
760 1918 868 1973 illis
896 1918 994 1990 qui
1032 1918 1092 1972 in
1123 1917 1292 1972 variis
1322 1918 1576 1989 corporis
1622 1914 2195 1972 incommoditatibus

558 2013 734 2069 dediti
759 2013 819 2067 in
841 2011 1119 2083 ejusmodi
1145 2011 1505 2083 passionibus
1531 2011 1591 2065 in
1616 2014 1769 2066 terra
1799 2006 2197 2081 approbantur

558 2107 702 2163 elisi.
732 2106 840 2171 Qui
866 2108 1060 2160 tamen
1086 2110 1144 2159 et
1168 2105 1274 2176 ipsi
1303 2105 1504 2160 tandiu
1532 2109 1703 2159 erunt
1729 2104 1801 2158 ab
1829 2102 2002 2157 ofﬁcii
2030 2103 2117 2156 sui
2138 2107 2196 2156 et

559 2201 759 2256 ordine
787 2205 846 2254 et
872 2199 997 2253 loco
1025 2198 1304 2270 suspensi,
1328 2214 1625 2270 quousque
1652 2197 1824 2252 unius
1850 2196 1987 2251 anni
2016 2195 2196 2267 spatio

561 2310 663 2366 per
705 2292 1112 2348 discretionem
1149 2291 1399 2363 episcopi
1452 2290 1814 2346 inveniantur
1852 2290 1922 2345 ab
1962 2289 2195 2344 incursu

563 2390 887 2444 daemonum
915 2384 1108 2440 alieni.

628 2481 759 2538 XlV..
790 2481 855 2535 Et
884 2478 1024 2534 illud
1056 2477 1234 2533 divini
1258 2478 1471 2533 oraculi
1499 2478 1790 2534 monentis
1819 2476 2027 2550 singuli
2052 2492 2196 2548 prae-

558 2580 808 2643 caveant,
839 2590 951 2646 quo
980 2571 1272 2640 scribitur;
1307 2589 1387 2626 vae
1429 2572 1553 2641 soli,
1582 2572 1716 2643 quia
1759 2588 1890 2627 cum
1928 2570 2197 2626 ceciderit

560 2686 677 2725 non
705 2668 880 2723 habet
917 2665 1312 2720 sublevantem
1340 2666 1522 2735 (Eccli.
1550 2681 1625 2732 ιν,
1667 2666 1774 2735 10).
1815 2665 2194 2734 Summopere

560 2763 872 2819 verendum
891 2760 1057 2815 nobis
1077 2764 1162 2814 est
1182 2764 1239 2814 et
1257 2759 1597 2829 cavendum,
1612 2775 1685 2813 ne
1704 2758 1863 2813 horis
1882 2758 1994 2813 illis
2019 2760 2195 2829 atque

560 2854 935 2927 temporibus,
956 2853 1159 2926 quibus
1179 2852 1418 2908 Domino
1438 2852 1699 2924 psallitur
1714 2852 1801 2906 vel
1821 2852 2190 2921 sacriﬁcatur,

560 2948 865 3020 unicuique
891 2946 1094 3002 divinis
1127 2946 1493 3016 singulariter
1516 2945 1717 3001 ofﬁciis
1748 2945 2028 3001 insistenti
2056 2961 2189 3017 per-

562 3042 772 3100 niciosa
810 3041 1017 3114 passio,
1056 3040 1145 3095 vel
1188 3039 1441 3112 corporis
1482 3039 1753 3112 qualibet
1792 3039 2054 3095 valetudo
2096 3054 2191 3094 oc-

560 3141 770 3205 currat,
814 3151 926 3207 qua
969 3137 1068 3189 aut
1118 3149 1326 3206 corpus
1377 3133 1563 3188 subito
1622 3133 1817 3188 subrui
1865 3133 2053 3200 faciat,
2094 3136 2194 3188 aut
2213 3169 2268 3245 Ο

561 3235 816 3288 mentem
840 3228 1180 3284 alienatione
1209 3226 1298 3282 vel
1337 3230 1554 3283 terrore
1580 3226 1910 3282 confundat.
1939 3227 2047 3282 Pro
2080 3226 2189 3281 hu-

552 3323 808 3399 jusmodi
826 3339 963 3395 ergo
982 3321 1210 3377 ausibus
1228 3324 1616 3393 precaventes
1630 3320 2011 3376 necessarium
2034 3319 2194 3375 duxi-

559 3437 688 3477 mus
729 3417 1047 3485 instituere,
1077 3415 1269 3471 utubi
1306 3414 1584 3487 temporis
1617 3415 1701 3470 vel
1744 3414 1870 3484 loci,
1900 3414 2015 3469 sive
2055 3413 2193 3469 cleri

560 3513 723 3587 cepia
754 3511 1129 3583 suffragatur;
1155 3508 1367 3565 habeat
1406 3508 1666 3581 quisquis
1691 3508 1786 3563 ille
1820 3524 2028 3564 canens
2057 3508 2189 3576 Deo,

560 3612 731 3679 atque
756 3605 1078 3661 sacrificans
1099 3608 1226 3676 post
1252 3619 1310 3658 se
1331 3601 1503 3657 vicini
1532 3601 1822 3658 solaminis
1846 3601 2190 3673 adjutorem,

564 3706 627 3757 ut
641 3702 688 3756 si
710 3699 900 3772 aliquo
925 3715 1058 3755 casu
1088 3698 1182 3754 ille
1204 3697 1303 3771 qui
1336 3696 1521 3752 ofﬁcia
1567 3696 1906 3768 impleturus
1939 3695 2190 3764 accedet,

559 3795 819 3852 turbatus
847 3793 1038 3861 fuerit,
1061 3792 1147 3847 vel
1176 3791 1252 3848 ad
1278 3798 1489 3847 terram
1519 3790 1690 3847 elisus
1716 3806 1746 3844 a
1778 3794 1941 3864 tergo
1968 3804 2198 3862 semper

561 3890 784 3958 habeat,
814 3888 913 3961 qui
942 3888 1064 3959 ejus
1092 3887 1275 3942 vicem
1302 3889 1647 3959 exsequatur
1672 3883 2014 3955 intrepidus.

632 3984 738 4039 XV.
763 3982 1008 4038 Peractis
1032 3980 1300 4036 omnibus
1326 3996 1451 4051 qua:
1478 3979 1548 4035 ad
1574 3978 1989 4034 correctionem
2016 3977 2198 4033 nostri

562 4077 775 4134 ordinis
821 4076 881 4130 iu
930 4076 1037 4130 hoc
1078 4074 1318 4130 concilio
1373 4073 1739 4145 promulgata
1787 4076 1938 4139 sunt,
1985 4071 2201 4142 placuit

564 4169 825 4236 definire,
874 4175 939 4224 ut
992 4170 1245 4241 paternis
1301 4166 1748 4222 institutionibus
1797 4166 2195 4238 obsequentes,

564 4263 721 4321 omni
747 4278 897 4317 anno
925 4261 999 4316 ad
1024 4259 1419 4334 peragendum
1466 4259 1850 4315 celebritatem
1893 4259 2111 4315 concilii
2139 4260 2199 4315 in

563 4356 1006 4430 metropolitana
1030 4354 1183 4423 sede,
1213 4361 1473 4425 tempore
1498 4371 1610 4425 quo
1653 4354 1926 4426 principis
1958 4354 2043 4409 vel
2071 4370 2199 4409 me-

564 4450 899 4525 tropolitani
925 4449 1121 4507 electio
1149 4447 1449 4516 definierit,
1479 4447 1693 4504 devotis
1730 4464 1955 4519 semper
1977 4447 2198 4502 animo-

566 4564 696 4605 rum
718 4545 931 4602 studiis
955 4544 1345 4611 conferamus,
1379 4558 1484 4598 nec
1526 4541 1871 4614 quibuslibet
1916 4541 2202 4615 requisitis

2291 506 2574 577 judicium
2633 508 2823 576 fuerit,
2885 508 3149 564 adunatis
3197 510 3249 564 in
3299 514 3664 585 metrOpolitana
3700 519 3792 572 sede

2295 601 2566 656 omnibus
2590 601 2893 672 provincize
2920 603 3294 674 pontiﬁcibus,
3312 606 3571 663 concilium
3592 609 3683 665 Deo
3698 627 3795 680 pre-

2295 695 2416 750 sule
2429 695 2648 750 celebre
2656 702 2763 751 tur.
2782 697 3047 769 Quisquis
3062 703 3252 753 autem
3269 699 3610 771 episcoporum
3627 709 3796 778 excepta

2295 788 2610 844 inevitabili
2653 807 2817 845 causa
2859 792 2947 846 vel
2996 791 3321 848 necessitate
3362 793 3425 848 de
3458 797 3720 866 peragendo
3758 817 3796 854 se

2294 882 2532 938 concilio
2561 884 2962 954 absentaverit,
2997 902 3103 957 per
3127 886 3293 940 unius
3316 887 3436 941 anni
3457 892 3609 943 metas
3631 890 3715 944 erit
3731 908 3797 945 e1-

2294 977 2816 1033 communicatione
2830 979 3184 1050 plectendas.
3197 980 3345 1044 Quod
3360 980 3402 1035 si
3414 980 3638 1053 deinceps
3651 982 3801 1054 absque
3890 1040 3891 1055 η

2294 1071 2674 1127 celebratione
2718 1073 2945 1128 concilii
2987 1073 3125 1128 anni
3172 1074 3336 1128 unius
3378 1077 3536 1129 metas
3572 1075 3802 1142 transierit,

2295 1165 2557 1219 omnium
2573 1165 2630 1220 in
2648 1182 2953 1222 commune
2979 1167 3305 1239 pontiﬁcum
3321 1167 3634 1239 Carthaginis
3648 1168 3806 1240 provin-

2296 1258 2398 1314 ciae
2424 1259 2729 1330 superioris
2756 1277 3012 1315 censuras
3041 1262 3378 1317 sententiam
3400 1261 3636 1316 obnoxius
3655 1261 3806 1316 retine-
3890 1258 3891 1315 Τ

2294 1352 2396 1421 bit,
2426 1352 2481 1406 id
2514 1358 2616 1419 est,
2647 1354 2695 1407 si
2721 1355 2878 1409 nulla
2904 1371 3035 1410 eum
3069 1355 3406 1427 impediente
3433 1354 3664 1427 principis
3684 1359 3809 1425 potes-
3890 1360 3891 1427 ᾗ

2296 1451 2410 1501 tate
2439 1447 2525 1501 vel
2558 1447 2909 1515 infirmitate,
2945 1453 3045 1504 aut
3072 1448 3372 1505 inevitabili
3397 1465 3559 1515 causa,
3586 1447 3665 1503 sed
3691 1448 3811 1502 solius
3890 1440 3891 1507 ξ

2293 1541 2545 1613 propriae
2569 1542 2877 1597 voluntatis
2898 1543 3060 1598 libitu
3074 1560 3195 1598 sese
3210 1544 3279 1599 ad
3304 1543 3664 1599 celebrandum
3680 1542 3808 1597 conci-

2294 1634 2434 1688 lium
2461 1651 2578 1690 non
2606 1636 2920 1707 collegerit.

2365 1729 2493 1784 XVI.
2531 1729 2623 1783 His
2659 1746 2797 1801 ergo
2845 1730 3342 1785 constitutionibus
3385 1729 3573 1784 nostris
3609 1743 3718 1799 quas
3744 1743 3812 1781 ne-

2295 1822 2539 1876 cessario
2561 1823 2839 1893 gerendas
2858 1823 3229 1893 credidimus,
3248 1824 3466 1879 finalem
3487 1837 3659 1877 manus
3669 1824 3815 1874 nostra

2295 1914 2772 1987 subscriptionem
2802 1916 3142 1987 adjecimus,
3163 1917 3469 1973 immortali
3491 1917 3593 1971 Deo
3616 1916 3763 1969 nostro
3782 1918 3817 1965 et

2296 2008 2537 2064 Domino
2566 2009 2806 2080 gloriam
2834 2015 2889 2065 et
2919 2011 3202 2066 honorem
3249 2011 3552 2077 reddentes,
3579 2008 3663 2080 qui
3680 2022 3758 2061 nos
3774 2005 3817 2059 de
3890 2010 3891 2053 ἶ

2295 2107 2573 2158 conventu
2587 2104 2825 2158 alternae
2840 2104 3068 2159 visionis
3087 2106 3250 2161 laetos
3266 2104 3448 2172 efficit,
3465 2103 3552 2175 qui
3567 2119 3621 2156 os
3636 2103 3819 2155 nostrum

2294 2197 2355 2252 in
2387 2197 2744 2253 confessione
2769 2198 2949 2253 laudis
2969 2215 3086 2254 suae
3113 2199 3354 2271 aperuit,
3382 2197 3474 2270 qui
3497 2196 3648 2251 etiam
3669 2194 3823 2249 decreta

2295 2291 2466 2362 hujus
2495 2291 2676 2346 nostri
2701 2291 2924 2346 concilii
2950 2292 3252 2348 honestate
3280 2291 3585 2364 complevit.
3619 2286 3822 2343 Posthac
3890 2322 3891 2369 ι

2295 2384 2558 2457 religioso
2588 2385 2828 2458 Domino
2856 2391 3074 2454 nostro,
3103 2389 3162 2441 et
3191 2386 3420 2441 amabili
3457 2381 3670 2457 principi
3690 2383 3824 2434 nostro
3890 2402 3891 2431 ;

2292 2478 2628 2533 Vuambano
2680 2478 2802 2550 regi
2855 2479 3173 2550 gratiarum
3232 2479 3476 2535 actiones
3521 2473 3824 2549 persolvimus
3890 2528 3891 2537 χ

2295 2572 2453 2643 cujus
2483 2575 2541 2627 et
2564 2571 2755 2627 studio
2800 2573 3103 2644 aggregati
3145 2590 3365 2629 sumus.
3404 2570 3507 2638 Qui
3529 2564 3827 2625 ecclesiastica

2294 2664 2611 2737 disciplinas
2637 2666 2843 2721 nostris
2870 2667 3092 2722 saeculis
3109 2684 3296 2722 novus
3322 2671 3598 2739 reparator
3613 2672 3829 2717 occurrens

2295 2759 2531 2814 omissos
2562 2760 2932 2816 conciliorum
2967 2760 3194 2817 ordines
3226 2778 3342 2817 non
3384 2760 3561 2816 solum
3598 2759 3831 2812 restaurare

2292 2852 2556 2919 intendit,
2582 2853 2684 2907 sed
2727 2853 2898 2909 etiam
2946 2854 3151 2909 annuis
3182 2853 3513 2911 .recursibus
3556 2843 3833 2906 celebrando:
3890 2886 3891 2929 ἦ

2292 2945 2552 3013 instituit,
2585 2950 2643 3000 et
2667 2946 2892 3001 alterna
2918 2964 3145 3002 morum
3172 2947 3518 3004 correctione
3557 2956 3716 2999 annuo
3734 2943 3834 2992 tem-

2293 3054 2430 3110 pore
2457 3038 2720 3094 alacriter
2748 3044 3174 3109 concurrentes,
3198 3042 3370 3112 juxta
3413 3038 3681 3112 propheta:
3699 3029 3834 3086 vatici-

2293 3132 2477 3201 nium,
2510 3132 2664 3204 quod
2711 3133 2769 3187 in
2815 3134 2980 3190 nobis
3011 3156 3039 3184 ‹‹
3070 3134 3390 3191 defractum
3424 3136 3526 3200 est,
3553 3129 3783 3201 alligetur,
3802 3126 3840 3174 εὶ

2293 3226 2446 3297 quod
2491 3225 2778 3297 abjectum
2822 3233 2926 3297 est,
2960 3227 3271 3284 reducatur
3309 3227 3517 3300 (Ezech.
3562 3220 3836 3289 nunt)»

2292 3319 2398 3374 Det
2423 3335 2561 3392 ergo
2586 3319 2767 3376 eidem
2816 3320 3061 3393 principi
3103 3322 3390 3379 Dominus
3418 3337 3519 3393 pro
3557 3317 3702 3389 hujus
3724 3323 3841 3367 sacra:

2294 3412 2686 3484 sollicitudinis
2711 3418 2839 3469 voto
2867 3419 2925 3470 et
2950 3430 3181 3471 cursum
3227 3415 3523 3488 praesentis
3546 3411 3660 3467 vita:
3686 3408 3733 3462 in
3752 3416 3842 3476 pace

2294 3506 2559 3574 transire,
2588 3511 2647 3561 et
2671 3512 2800 3578 post
2827 3507 3096 3563 diuturna
3122 3513 3388 3582 tempora
3408 3508 3479 3564 ad
3508 3522 3563 3562 se
3592 3505 3645 3559 in
3666 3513 3774 3574 pace
3790 3510 3845 3548 re

2295 3601 2483 3655 missis
2510 3599 2905 3673 iniquitatibus
2936 3601 3257 3673 pervenire,
3282 3602 3530 3675 qualiter
3551 3604 3603 3655 et
3624 3596 3703 3652 ille
3720 3587 3845 3646 ἱειίείι

2295 3700 2550 3766 tempora
2580 3692 2767 3763 ducat,
2792 3699 2850 3750 et
2874 3695 3010 3751 felix
3044 3712 3174 3751 cum
3205 3697 3476 3753 omnibus
3502 3692 3688 3767 quibus
3705 3679 3847 3760 princr

2295 3794 2465 3860 patur
2478 3787 2553 3843 ad
2570 3788 2857 3844 Christum
2886 3789 3005 3844 sine
3022 3791 3366 3847 confusione
3388 3786 3680 3864 perveniat,
3700 3786 3745 3835 ut
3758 3774 3847 3847 quia

2297 3898 2400 3955 per
2416 3898 2548 3937 eum
2571 3898 2785 3938 corona
2805 3883 2986 3939 nostri
3010 3884 3233 3940 ordinis
3248 3885 3311 3941 in
3338 3883 3545 3940 melius
3562 3876 3849 3936 restauratum

2298 3992 2568 4032 coronam
2597 3976 2777 4031 futuri
2805 3978 2970 4049 regni
2997 3977 3183 4050 capiat
3210 3996 3278 4035 ex
3307 3980 3416 4034 hoc
3441 3978 3501 4033 in
3530 3973 3731 4046 regione
3747 3965 3850 4019 vivo-

2299 4087 2427 4126 rum
2469 4087 2716 4142 regnans
2764 4087 2895 4127 cum
2942 4055 3166 4129 Christo
3215 4074 3279 4128 in
3330 4072 3537 4128 saecula
3578 4064 3853 4124 seculorum-

2300 4167 2500 4220 Amen.
2524 4165 2907 4221 lnterfuerunt
2925 4165 3057 4221 huic
3073 4167 3321 4223 concilio
3347 4165 3638 4239 pontiﬁces
3655 4158 3805 4214 decem
3819 4152 3855 4200 εί

2301 4264 2538 4329 septem.
2570 4260 2686 4331 Ego
2720 4259 3005 4329 Quiricus,
3034 4260 3193 4316 urbis
3236 4261 3421 4334 regiae
3468 4249 3859 4327 metropolitani“s

2301 4353 2618 4426 episcopus,
2644 4353 2767 4408 haec
2793 4360 2954 4426 gesta
2980 4354 3254 4427 synodica
3284 4370 3320 4410 a
3347 4353 3514 4411 nobis
3537 4347 3757 4408 deﬁnita,
3773 4336 3860 4393 sub'

2301 4447 2519 4518 scripsi.
2552 4446 2832 4503 Similiter
2856 4451 2914 4504 et
2940 4449 3035 4504 alii
3068 4449 3329 4523 episcopi
3356 4440 3776 4519 subscripserunt
3795 4430 3861 4486 de-

2302 4557 2429 4596 cem
2465 4543 2524 4596 et
2552 4547 2791 4614 septem.

575 4686 3853 4727 _______________________________________..

879 4864 1297 4961 INCIPIT
1365 4860 1988 4960 CONCILIUM
2057 4856 2753 4959 TOLETANUM
2818 4859 3630 4958 DUODECIMUM.

1002 5042 1321 5133 Habitum
1348 5058 1485 5106 aera
1513 5059 1744 5106 nccxrx
1771 5060 1946 5107 anno
1971 5044 2191 5127 primo
2221 5039 2494 5123 Eringz’i
2517 5040 2712 5123 regis,
2745 5040 2973 5122 quinto
3001 5039 3160 5105 ldus
3187 5039 3535 5104 Januarii.

644 5224 787 5280 Cum
837 5226 922 5274 'ex
984 5214 1226 5288 glorioso
1278 5213 1537 5289 praedicti
1589 5214 1866 5288 principis
1920 5215 2086 5287 jussu
2145 5213 2283 5301 inD
2307 5210 2499 5288 134
2524 5211 2866 5285 multiplices
2888 5210 3268 5284 omnipotenti
3302 5209 3551 5266 Domino
3579 5202 3687 5277 egit
3711 5198 3768 5301 de
3786 5205 3880 5301 00”“

572 5323 753 5375 unum
776 5313 1076 5369 fuissemus
1101 5310 1395 5383 aggregati
1421 5313 1786 5376 conventum,
1817 5311 1875 5364 et
1895 5307 1952 5363 in
1977 5307 2208 5363 basilica

574 5414 906 5470 sanctorum
947 5404 1328 5479 apostolorum
1376 5403 1582 5459 debitis
1624 5403 1684 5459 in
1717 5400 1948 5458 sedibus
1991 5402 2204 5457 locare-

576 5512 728 5575 mur,
748 5501 928 5559 adfuit
954 5516 1147 5557 coram
1174 5497 1340 5555 nobis
1369 5498 1523 5553 idem
1555 5495 2032 5552 clementissimus
2057 5495 2209 5567 prin-

578 5617 727 5674 ceps,
770 5593 1149 5653 humanitatis
1192 5592 1372 5664 gratia
1419 5591 1637 5661 plenus,
1680 5596 1737 5645 et
1787 5591 1938 5645 claro
1984 5590 2207 5662 pictatis

578 5694 732 5750 cultu
762 5690 1117 5764 perspicuus,
1146 5685 1244 5755 qui
1282 5687 1477 5738 nostro
1504 5699 1561 5737 se
1591 5684 1759 5738 ccetui
1801 5683 2069 5739 reclivem
2111 5674 2205 5739 ἐκ·

578 5786 782 5843 bibens
810 5799 875 5839 ac
899 5780 1182 5848 devotum,
1216 5776 1497 5851 imprimis
1544 5778 1804 5834 omnium
1847 5779 2206 5836 sacerdotum

580 5894 638 5934 se
681 5876 964 5931 commisit
1010 5864 1271 5945 precibus
1317 5872 1720 5944 adiuvandum,
1769 5873 1971 5930 deinde
2018 5879 2205 5945 grates

2305 5313 2479 5362 ventu
2497 5306 2721 5362 concilii
2751 5306 2947 5376 totius,
2975 5310 3038 5361 ut
3061 5321 3178 5361 suae
3208 5305 3481 5378 gloriosas
3502 5292 3876 5374 jussionisywm

2306 5400 2366 5459 in
2407 5416 2590 5457 unum
2632 5399 2919 5468 adessent,
2947 5399 3314 5472 impleverint
3357 5401 3577 5466 votum,
3616 5397 3668 5448 et
3702 5385 3878 5472 alter”?

2306 5495 2539 5550 visionis
2582 5494 3009 5549 innovationem
3054 5493 3304 5549 fecerint.
3339 5491 3700 5565 gaudiorum,
3725 5468 3878 5533 deinde

2307 5590 2577 5661 adjiciens
2622 5590 2698 5644 sic
2745 5603 2916 5645 omne
2957 5587 3260 5643 concilium
3318 5590 3408 5642 est
3458 5584 3760 5640 allocutus:
3795 5567 3881 5665 Νῡξι

2308 5683 2545 5740 dubium
2574 5687 2678 5752 est,
2708 5682 3043 5739 sanctissimi
3083 5682 3297 5748 Patres,
3331 5678 3491 5752 quod
3520 5673 3721 5748 Optima
3742 5674 3882 5752 coner

2305 5778 2512 5835 liorum
2541 5777 2825 5851 adjutoria
2854 5776 3044 5832 ruenti
3081 5773 3305 5831 mundo
3347 5768 3701 5834 subvenianb
3726 5760 3765 5816 εί
3794 5750 3885 5851 θίὲῗ

2304 5873 2468 5929 ciosis
2508 5844 2638 5947 quas
2681 5871 3020 5945 corrigenda
3044 5872 3181 5927 sunt
3215 5865 3432 5925 studiis
3484 5858 3816 5938 peraguntur.
3840 5844 3887 5899 Et
