3946 6180
127 342 205 401 349

1190 338 1193 339 ⁷
1286 328 1767 390 DECRETALIUM
1804 330 2191 388 COLLECTIO.

3317 336 3420 389 5ὅο

124 453 224 508 ideo
247 448 424 521 quibus
445 444 599 518 pagis
626 460 730 516 pro
759 446 970 499 eventu
996 441 1223 498 dierum
1247 441 1680 498 succedentium
1706 455 1764 526 Α
1784 457 1958 514 super
1984 444 2198 496 terram
2228 440 2298 495 de
2328 441 2482 495 omni
2518 456 2580 497 re
2616 455 2957 513 quacunque
3001 442 3295 513 petierint,
3324 444 3423 498 ﬁet

122 558 371 619 pereamus
390 538 713 612 paternitati
736 543 937 593 vestra
968 554 1087 592 non
1112 552 1246 593 reor
1271 552 1393 591 esse
1419 536 1682 607 incognio

125 648 235 693 tum.
262 636 333 690 0b
355 634 479 689 inde
504 632 640 704 quia
672 638 894 688 certum
924 631 1075 702 apud
1111 647 1216 685 nos
1248 629 1497 702 gerimus
1537 630 1685 701 quod

124 747 202 804 pro
222 731 519 799 contemptu
551 726 876 781 divinorum
894 730 1317 797 praceptorum
1336 727 1487 778 terra
1500 723 1689 795 perni-

124 827 234 879 ciem
248 822 496 877 sustineat
503 836 921 891 pressurarum,
934 818 1159 874 dicente
1179 818 1423 872 Domino
1438 834 1545 889 per
1564 833 1689 888 pro-

122 919 307 990 phetam
334 933 346 969 :
370 934 396 967 α
416 915 652 986 Propter
671 914 780 969 hoc
800 913 1211 984 lugebitterra,
1230 915 1286 966 et
1303 910 1689 966 infirmabitur

122 1013 267 1068 omnis
291 1012 377 1083 qui
402 1010 620 1065 habitat
642 1009 701 1064 in
732 1026 799 1064 ea
830 1012 954 1080 (Jer.
986 1026 1062 1079 1v,
1084 1009 1191 1079 28).
1221 1029 1250 1059 ››
1285 1007 1417 1062 Ideo
1438 1011 1685 1078 oportet,

120 1113 167 1163 ut
184 1106 296 1179 quia
319 1122 375 1160 os
404 1103 698 1159 Salvatoris
730 1104 931 1173 nostri,
957 1106 1014 1158 et
1045 1101 1274 1157 Domini
1313 1101 1542 1156 oracula
1565 1117 1687 1155 esse

119 1197 407 1272 probamini,
433 1213 538 1268 per
564 1214 665 1252 vos
688 1196 1013 1252 salvationis
1047 1195 1302 1250 obtineat
1338 1196 1558 1249 lucrum
1583 1210 1690 1266 per

119 1310 227 1364 quos
250 1290 681 1371 regenerationis
714 1290 971 1362 percepit
1002 1293 1444 1359 sacramentum,
1469 1292 1532 1342 ut
1560 1286 1686 1342 dili-

120 1381 267 1452 gentia
291 1379 622 1452 dignationis
650 1383 854 1434 vestra
901 1378 972 1433 ab
1003 1378 1162 1433 omni
1192 1377 1468 1432 mundata
1494 1380 1687 1431 conta-

117 1476 249 1546 gione
273 1479 321 1528 et
347 1474 415 1528 ab
441 1473 788 1528 inﬁrmitatis
813 1477 967 1544 peste
1000 1473 1071 1526 sit
1093 1472 1294 1539 libera,
1320 1474 1379 1526 et
1403 1471 1690 1526 bonorum

119 1570 324 1623 omnium
342 1568 710 1640 proventibus
731 1567 981 1637 gratiosa
996 1566 1085 1621 sit.
1107 1566 1230 1620 lam
1250 1582 1400 1620 nunc
1414 1564 1691 1637 quidquid

116 1679 186 1717 me
195 1662 356 1717 adhuc
371 1662 554 1717 dicere
573 1666 901 1733 opportuna
914 1660 1055 1715 ratio
1066 1658 1501 1731 sinit,quidquid
1517 1658 1691 1714 etiam

117 1756 409 1811 narrandum
438 1755 675 1810 auribus
703 1754 906 1810 vestris
949 1754 1234 1822 convenit,
1264 1757 1363 1807 aut
1397 1753 1690 1808 memoria

1786 535 1899 589 illis
1924 551 1959 591 a
1984 536 2147 589 Patre
2178 550 2309 588 meo
2342 534 2438 605 qui
2459 534 2518 588 in
2541 535 2696 589 caelis
2721 539 2808 590 est
2833 537 3049 606 (Matth.
3083 552 3237 603 xvm,
3258 538 3363 607 19).
3388 558 3414 588 ι)

1787 628 1873 683 0h
1902 628 2007 682 hoc
2034 627 2417 683 venerabilem
2447 628 2804 699 paternitatis
2828 635 3026 685 vestra
3050 637 3257 686 catum
3287 650 3419 687 cum

1785 723 2169 793 lacrymarum
2190 720 2468 776 effusione
2494 722 2751 790 conveni,
2766 727 2830 777 ut
2848 724 2965 777 zelo
2985 725 3155 778 vestri
3183 726 3418 796 regimi-

1788 816 1875 870 nis
1900 818 2180 887 purgetur
2207 818 2358 870 terra
2385 815 2727 886 contagione
2756 816 3064 886 pravitatis.
3098 819 3418 890 Exsurgite,

1790 908 2676 981 quaso,exsurgitc,culpatorum
2695 908 2890 963 solvite
2907 910 3425 983 nodos,transgres-

1788 1020 1982 1059 sorum
2002 1020 2191 1058 mores
2210 1002 2474 1074 corrigite
2493 1003 2847 1070 inhonestos,
2862 1009 2919 1057 et
2933 1004 3170 1060 excitate
3190 1007 3291 1061 zeli
3312 1007 3424 1061 dis-

1788 1098 2055 1170 ciplinam
2068 1098 2125 1152 in
2139 1097 2407 1169 perﬁdos,
2421 1097 2798 1168 superborum
2813 1098 3213 1154 mordacitates
3223 1101 3425 1155 exstin-

1792 1193 2371 1263 guite,oppressorum
2388 1190 2733 1262 ponderibus
2743 1191 3119 1259 subvenite,et
3130 1194 3282 1264 quod
3298 1195 3426 1265 plus

1791 1286 2060 1341 omnibus
2072 1286 2504 1354 est;Judaorum
2519 1290 2733 1356 pestem
2744 1302 2893 1356 ,qua
2905 1286 2965 1340 in
2978 1302 3183 1341 novam
3198 1304 3426 1359 semper

1789 1379 2135 1435 recrudescit
2161 1379 2445 1434 insaniam
2476 1379 2746 1435 radicitus
2773 1380 3272 1452 exstirpate,leges
3289 1399 3427 1454 quo-

1790 1491 1900 1546 que
1922 1491 2050 1545 qua
2073 1474 2133 1528 in
2155 1474 2493 1528 eorumdem
2519 1473 2844 1528 Judaorum
2864 1474 3166 1545 peiﬁdiam
3192 1480 3430 1548 proptet‘

1789 1584 1998 1622 vanam
2013 1568 2254 1639 gloriam
2272 1568 2494 1622 noviter
2504 1568 2887 1639 promulgata
2899 1574 3031 1623 sunt
3046 1570 3202 1623 omni
3216 1573 3430 1626 exami-

1788 1662 2038 1717 nationis
2062 1661 2345 1733 probitate
2372 1662 2707 1733 percurrite,
2735 1665 2793 1716 et
2822 1665 2939 1716 tam
2965 1662 3177 1718 eisdem
3206 1664 3429 1736 legibus

1789 1759 2051 1810 tenorem
2083 1756 2475 1810 inconvulsum
2502 1754 2747 1825 adjicite,
2766 1771 2942 1826 quam
2970 1772 3073 1827 pro
3093 1758 3430 1814 eorumdem

114 1849 355 1904 titulorum
389 1850 760 1921 intercapedo
788 1848 1071 1916 subducit,
1104 1853 1202 1903 aut
1244 1847 1533 1902 fastidium
1559 1864 1688 1919 pro-
1711 1855 1767 1926 B
1791 1849 2145 1922 perﬁdorum
2162 1849 2483 1904 excessibus
2506 1849 2831 1919 complean
2847 1848 2906 1903 in
2922 1866 3103 1905 unum
3121 1852 3430 1907 sententias

112 1942 217 1997 lixa
248 1943 501 1999 orationis
554 1943 861 2015 intercipit,
908 1959 1037 1997 ecce
1083 1942 1145 1996 in
1193 1942 1352 1996 brevi
1398 1942 1695 2013 complexa

110 2036 179 2090 vel
202 2043 397 2092 exarata
420 2037 739 2092 devotionis
769 2053 913 2092 mea
954 2037 1201 2108 negotia,
1234 2036 1295 2090 in
1334 2036 1503 2106 hujus
1534 2041 1693 2090 tomo

111 2130 495 2201 complicationis
519 2130 886 2203 agnoscenda
912 2130 1209 2201 perlegite,
1239 2130 1486 2201 perlecta
1515 2128 1695 2183 discu~

111 2223 201 2290 tite,
228 2224 456 2279 discussa
485 2225 736 2281 elimatis
765 2241 829 2278 ac
858 2224 1118 2279 discretis
1141 2224 1441 2279 titulorum
1468 2228 1695 2278 senten-

109 2316 179 2370 liis
203 2316 432 2388 deﬁnite,
460 2322 531 2373 ut
558 2335 704 2390 pura
734 2321 793 2371 et
833 2317 1066 2389 placens
1094 2319 1213 2373 Deo
1252 2321 1563 2372 vestrarum
1591 2317 1693 2371 de—

106 2407 377 2467 ﬁnitionum
404 2412 653 2467 valitura
680 2411 944 2467 discretio
974 2414 1031 2466 et
1059 2411 1222 2483 regni
1246 2411 1427 2465 nostri
1448 2410 1692 2482 primor-

107 2502 422 2562 dia‘decoret
467 2506 871 2562 exhortatione
906 2505 1143 2577 justitia
1189 2510 1246 2561 et
1282 2510 1535 2560 terrores
1570 2505 1693 2576 ple-

104 2596 226 2653 bium
252 2599 412 2671 digna
455 2599 724 2656 cohibeat
768 2600 1067 2655 severitate
1115 2616 1388 2669 censura,
1421 2598 1697 2670 scriptum

105 2696 167 2746 est
179 2692 313 2748 enim
339 2711 353 2749 :
387 2717 414 2744 α
440 2694 673 2750 Iustitia
699 2694 881 2749 elevet
907 2697 1161 2765 gentem,
1181 2693 1420 2749 miseros
1442 2693 1579 2748 facit
1604 2709 1697 2763 po—

103 2784 232 2854 pulos
269 2791 566 2859 peccatum
612 2788 785 2855 (Prov.
833 2803 943 2856 xxv,
976 2790 1083 2859 34).
1114 2810 1143 2841 ››
1176 2789 1331 2843 Tunc
1374 2792 1632 2857 suscepto
1663 2803 1697 2840 a

105 2878 303 2947 glorioso
332 2883 596 2953 principe
628 2883 735 2936 hoc
764 2884 920 2937 tomo
956 2898 1061 2953 pro
1088 2885 1206 2936 tam
1230 2880 1439 2936 salubri
1488 2879 1695 2934 invita-

106 2975 277 3042 mento,
309 2981 364 3030 et
400 2977 659 3047 copiosas
712 2978 902 3047 grates
946 2974 1246 3031 retulimus
1292 2974 1535 3030 Domino
1569 2974 1697 3029 Jesu

103 3064 299 3135 Christo,
326 3073 380 3123 et
411 3070 559 3125 item
589 3070 988 3124 benediximus
1015 3067 1262 3140 principi
1283 3068 1551 3139 glorioso.
1570 3070 1701 3123 Post

1793 1943 2193 2015 promulgata.
2225 1942 2449 1997 Etenim
2477 1942 2642 1999 valde
2693 1942 2857 1997 nobis
2883 1944 3197 1998 cavendum
3232 1961 3303 1999 ne
3346 1948 3435 2000 tot

1792 2020 2163 2108 antiquorum
2199 2053 2481 2092 canonum
2508 2037 2722 2108 regula
2750 2053 2880 2109 qua
2911 2054 3015 2109 pro
3039 2053 3238 2093 eorum
3269 2055 3431 2093 erro-

1793 2131 1950 2186 ribus
1977 2134 2110 2185 sunt
2137 2131 2537 2202 promulgata,
2562 2148 2665 2186 nos
2693 2131 2924 2186 illorum
2951 2132 3129 2204 culpis
3158 2132 3433 2189 obnoxios

1795 2225 2056 2292 reddant,
2086 2225 2132 2279 si
2158 2224 2339 2280 nostri
2374 2225 2541 2297 regni
2566 2226 2922 2297 temporibus
2966 2227 3304 2282 eorumdem
3338 2244 3431 2282 ca—

1793 2335 2010 2375 nonum
2036 2320 2380 2374 constructio
2405 2319 2676 2376 dissoluta
2701 2323 3076 2391 pertranseat.
3109 2322 3434 2377 Praesertim

1796 2413 1842 2466 si
1868 2412 2013 2483 legis
2044 2413 2192 2467 illius
2217 2412 2389 2484 (quod
2418 2412 2583 2483 absit)
2615 2413 2938 2469 serenitatis
2958 2420 3170 2469 nostra
3199 2415 3259 2469 in
3282 2420 3435 2470 tem-

1795 2523 1934 2577 pore
1961 2506 2056 2560 illa
2094 2507 2242 2560 clara
2280 2507 2409 2561 ﬁdei
2444 2506 2725 2562 institutio
2750 2511 2953 2578 cesset,
2985 2508 3078 2562 ubi
3123 2508 3264 2563 diva
3307 2525 3433 2563 me-

1796 2599 1996 2655 moria
2040 2599 2314 2654 Dominus
2339 2606 2507 2672 atque
2550 2617 2858 2672 pracessor
2896 2605 3110 2672 noster,
3142 2601 3437 2658 Sisebutus

1797 2711 1893 2748 rex
1924 2710 2123 2749 omnes
2174 2710 2526 2750 successores
2555 2711 2685 2749 suos
2718 2696 2820 2749 sub
2851 2701 3127 2769 perpetua
3168 2697 3435 2757 maledic-

1797 2788 1967 2843 tionis
2004 2804 2243 2843 censura
2287 2788 2608 2860 obstrinxit,
2639 2789 2967 2861 quicunque
3016 2806 3223 2862 regum
3270 2808 3436 2846 man-

1796 2882 2008 2954 cipium
2036 2882 2423 2937 Christianum
2449 2882 2645 2937 Judao
2674 2884 2886 2938 servire
2919 2888 2974 2938 et
3004 2884 3268 2939 famulari
3303 2901 3456 2957 per:

1797 2975 2038 3045 miserit,
2069 2980 2177 3030 etc.
2208 2976 2462 3031 Posthac
2492 2975 2632 3030 illud
2668 2993 2897 3049 quoque
2942 2978 3138 3033 vestris
3164 2981 3274 3034 Deo
3314 2980 3435 3052 pla-

1799 3069 1924 3123 citis
1966 3069 2150 3123 infero
2195 3070 2454 3124 sensibus
2497 3070 2899 3142 corrigendum
2941 3072 3093 3143 quod
3133 3072 3440 3129 decessoris

101 3172 342 3229 egressum
392 3180 543 3235 ergo
575 3163 831 3234 ejusdem
874 3161 1219 3217 serenissimi
1271 3162 1544 3235 principis
1574 3162 1697 3217 hac
1728 3228 1767 3237 Α
1803 3163 1981 3218 nostri
2006 3164 2315 3236 praceptio
2342 3165 2709 3237 promulgata
2736 3164 2864 3236 lege
2892 3166 3148 3237 sancivit,
3166 3171 3232 3222 ut
3250 3168 3439 3223 omnis

101 3250 143 3303 in
165 3260 264 3309 tam
292 3257 437 3313 dicto
466 3263 633 3313 torno
659 3258 868 3328 scripta
894 3256 1233 3327 reperimus.

270 3352 623 3421 Compellatio
646 3354 786 3421 regis
812 3353 1032 3420 Eringii
1066 3351 1139 3404 ad
1176 3351 1479 3405 concilium.

149 3443 200 3496 lu
220 3444 437 3500 nomine
474 3444 715 3501 Domini
742 3446 977 3500 FLAVIUS
1007 3445 1273 3500 ERINGIUS
1302 3461 1423 3513 rex,
1454 3444 1693 3499 sanctis-

96 3532 497 3607 simisPatribus
530 3539 593 3594 in
634 3539 739 3592 hac
789 3543 980 3595 sancta
1024 3538 1244 3610 synodo
1290 3537 1693 3605 residentibus,

95 3626 541 3688 Reverendissimi
566 3634 777 3702 Patres,
809 3632 857 3687 si
880 3635 1074 3689 Patres
1105 3636 1163 3686 et
1190 3631 1553 3688 honorabiles
1579 3631 1692 3686 mi-

94 3719 409 3781 nisteriorum
452 3726 776 3782 ccelestium
819 3726 1145 3782 sacerdotes
1175 3726 1521 3781 soliditatem
1560 3741 1690 3779 san-

94 3820 171 3869 ctae
189 3817 310 3873 ﬁdei
338 3820 630 3876 veraciter
657 3824 912 3889 teneant,
926 3820 1147 3875 sincera
1177 3820 1364 3875 cordis
1393 3819 1693 3874 devotione

93 3911 491 3984 amplectantur,
532 3913 925 3970 testimonium
955 3914 1313 3985 paternitatis
1351 3917 1549 3968 vestra
1574 3914 1692 3967 for-

91 4001 327 4062 tissimum
356 4009 417 4064 in
449 4008 658 4064 salutis
688 4013 898 4063 nostra
925 4008 1140 4063 advoco
1182 4008 1598 4079 adjumentum,
1630 4013 1695 4063 ut

92 4096 164 4164 (Ιυί
186 4114 417 4172 regnum
457 4104 682 4157 factore
732 4103 844 4156 Deo
882 4102 952 4157 ad
982 4102 1377 4157 salutationem
1415 4107 1603 4168 terra,
1636 4105 1696 4155 et

91 4190 498 4251 sublevationem
558 4195 813 4267 plebium
858 4195 1170 4267 suscepisse
1226 4213 1332 4250 nos
1385 4195 1689 4264 credimus,

88 4287 443 4346 sanctitudinis
471 4295 685 4345 vestra
714 4289 963 4345 conciliis
988 4289 1345 4360 adjuvemur.
1376 4290 1535 4344 Unde
1562 4289 1694 4344 licet

89 4377 462 4439 sublimationis
496 4387 716 4439 nostra
758 4383 1067 4455 primordia
1104 4383 1463 4454 paternitatis
1493 4388 1692 4437 vestra
1722 4432 1725 4435 .

88 4476 254 4530 catum
280 4479 572 4550 opinabili
598 4478 874 4533 relatione
900 4495 1015 4532 non
1045 4478 1276 4547 lateant,
1310 4477 1517 4548 quibus
1545 4478 1691 4533 clara

1714 3228 1771 3301 Ο
1797 3262 1895 3311 aut
1919 3257 1977 3311 in
2010 3257 2437 3328 expeditionem
2464 3258 2748 3312 exercitus
2768 3276 2886 3313 non
2913 3261 3307 3332 progrediens,
3342 3267 3441 3319 aut

1799 3350 1868 3405 de
1891 3351 2141 3405 exercitu
2154 3351 2400 3421 fugiens,
2423 3352 2739 3405 testimonio
2759 3352 3051 3424 dignitatis
3071 3371 3185 3409 sua
3202 3356 3274 3410 sit
3289 3355 3436 3412 irre-

1796 3445 2125 3499 vocabiliter
2154 3462 2373 3499 carens.
2403 3445 2575 3515 Cujus
2605 3445 2917 3500 severitatis
2963 3448 3262 3517 institutio,
3297 3449 3435 3504 dum

1795 3554 1907 3593 non
1937 3554 2037 3609 per
2068 3541 2216 3592 totos
2244 3537 2527 3609 Hispania
2560 3539 2703 3592 ﬁnes
2743 3539 3004 3595 ordinata
3044 3540 3314 3611 decurrit,
3343 3542 3433 3597 di-

1796 3631 2037 3686 midiam
2078 3632 2197 3686 fere
2242 3635 2463 3702 partem
2512 3632 2711 3703 populi
2754 3632 3095 3703 ignobilituti
3143 3641 3434 3708 perpetua

1795 3724 2136 3795 subjugavit,
2166 3724 2239 3779 ita
2279 3728 2362 3793 ut,
2397 3725 2528 3796 quia
2574 3725 2629 3778 in
2675 3724 3013 3796 quibusdam
3064 3728 3299 3796 villulis,
3343 3731 3428 3785 vel

1790 3818 2092 3873 territoriis
2119 3818 2236 3873 sive
2264 3818 2416 3885 vicis,
2447 3819 2626 3889 portis
2650 3818 2821 3889 hujus
2850 3818 3240 3875 infamationis
3271 3822 3430 3877 habi-

1795 3915 2005 3966 tatores
2040 3912 2294 3983 ipsorum
2323 3913 2578 3967 locorum
2623 3912 2741 3967 sint
2768 3913 3083 3983 degeneres
3113 3915 3339 3983 redditi,
3373 3920 3432 3971 et

1793 4006 1923 4077 quia
1943 4007 2283 4061 testificandi
2305 4007 2520 4061 nullam
2538 4006 2757 4061 habent
2776 4007 3065 4061 licentiam
3086 4008 3430 4080 veritatis,ex

1791 4105 1911 4156 toto
1940 4100 2197 4155 videatur
2222 4099 2500 4155 interiisse
2530 4117 2791 4170 censura,
2815 4101 3008 4171 sicque
3031 4102 3263 4172 gemino
3279 4104 3427 4160 malo

1793 4196 1949 4249 terra
1975 4195 2257 4263 atteritur,
2287 4195 2425 4249 dum
2452 4198 2509 4249 et
2535 4195 2664 4265 lege
2700 4200 2756 4249 et
2792 4195 3146 4265 reperienda
3178 4198 3431 4257 veritatis

1794 4289 2122 4343 destituitur
2154 4289 2507 4359 adjumento.
2547 4289 2706 4344 Unde
2751 4289 2881 4347 licet
2925 4291 3191 4346 eamdem
3237 4293 3429 4366 legem

1791 4386 1998 4437 nostra
2026 4383 2219 4453 gloria
2265 4383 2637 4438 mansuetudo
2664 4389 2986 4455 temperare
3018 4384 3304 4457 disponat,
3333 4405 3425 4443 ve-

1791 4483 1921 4530 stra
1946 4481 2140 4531 tamen
2168 4477 2526 4547 pateruitatis
2552 4478 2829 4531 sententia
2857 4479 2963 4533 hos
2998 4479 3099 4549 qui
3125 4496 3230 4549 per
3262 4482 3424 4537 illam

88 4564 365 4627 divinorum
393 4573 758 4644 judiciorum
788 4572 1155 4644 dispositione
1180 4575 1508 4643 proventus,
1528 4575 1585 4625 et
1610 4589 1691 4626 re-
1710 4599 1771 4672 D
1788 4569 2045 4625 infamia
2058 4573 2257 4624 notam
2274 4569 2504 4623 titulum
2525 4569 2818 4640 dignitatis
2831 4572 3154 4639 amiserant,
3169 4575 3428 4630 revestiri

87 4663 259 4724 ﬂandi
303 4666 751 4723 conscenderim
794 4666 1013 4735 sedem,
1046 4668 1107 4720 et
1144 4666 1480 4721 sacrosancti
1524 4667 1691 4737 regni

87 4761 399 4828 mperim
432 4760 794 4831 unctionem,
830 4777 981 4816 nunc
1008 4763 1206 4816 tamen
1234 4760 1441 4816 melius
1464 4760 1521 4816 id
1540 4763 1693 4831 pote-

85 4845 178 4903 ritis
200 4859 252 4911 et
277 4855 481 4926 scripti
505 4854 791 4911 relatione
818 4871 1180 4927 cognoscere,
1196 4858 1256 4910 et
1273 4854 1689 4926 promulgatio-

85 4941 151 4994 nis
172 4953 361 5003 vestra
392 4949 705 5007 sententiis
730 4948 1034 5020 publicare,
1049 4955 1115 5004 ut
1136 4948 1282 5003 sicut
1299 4948 1500 5004 eadem
1524 4948 1690 5019 regni

81 5039 225 5094 nostri
270 5042 603 5113 primordia
659 5048 969 5101 conventus
1035 5047 1240 5098 vestra
1294 5041 1690 5098 sanctitudinis

83 5136 323 5203 comperit
342 5136 637 5199 divinitus
662 5136 1038 5204 ordinata,ita
1060 5136 1119 5191 in
1146 5136 1236 5191 his
1263 5141 1319 5191 et
1338 5136 1691 5192 orationibus

78 5224 295 5284 Solamen
318 5228 652 5302 impendat,
685 5235 743 5285 et
767 5230 1086 5286 salubrium
1112 5230 1485 5287 conciliorum
1515 5229 1692 5285 nutri-

80 5324 243 5377 menta
264 5324 588 5395 impertiat,
619 5340 733 5395 quo
758 5328 1085 5396 susceptum
1110 5341 1359 5396 regnum
1402 5324 1548 5380 sicut
1565 5324 1689 5395 jam

77 5414 241 5469 Vestris
269 5417 705 5481 assensionihus
747 5423 918 5474 teneo
945 5421 1201 5490 gratum,
1228 5418 1309 5474 ita
1336 5418 1687 5475 benedictio-

78 5517 193 5561 num
215 5518 543 5567 vestrarum
573 5513 839 5583 perfruar
877 5513 1308 5569 deﬁnitionibus
1344 5530 1686 5569 consecran-

77 5595 179 5668 dus,
204 5607 267 5658 ut
302 5604 606 5660 innovatio
634 5606 1055 5678 quodammodo
1084 5608 1266 5665 nostri
1292 5607 1557 5663 videatur
1578 5608 1685 5662 im-

76 5695 194 5759 Ρεΐίί
215 5697 335 5757 hac
362 5701 756 5755 numerositas
802 5701 975 5757 vestri
1014 5701 1231 5759 ordinis
1256 5705 1589 5773 aggregata.
1620 5702 1692 5758 Et

72 5782 180 5845 ideo
203 5792 335 5864 quia
378 5792 665 5855 Dominus
692 5795 961 5868 pracepit
992 5795 1052 5855 in
1095 5796 1421 5868 Evangelia,
1454 5795 1645 5851 dicens
1671 5812 1684 5853 :

76 5900 98 5927 α
118 5884 294 5944 Amen
323 5887 459 5947 dico
494 5886 653 5949 vobis
686 5907 699 5947 :
746 5889 802 5948 Si
834 5890 949 5947 duo
991 5906 1060 5951 ex
1100 5890 1254 5948 vobis
1301 5890 1689 5948 consenserint

1792 4664 2006 4719 iterum
2039 4663 2194 4718 claro
2237 4663 2492 4735 pristina
2522 4663 2920 4734 generositatis
2957 4666 3289 4742 testimonio
3320 4668 3421 4723 de-

1791 4757 2080 4812 votissime
2106 4760 2291 4828 optat.
2319 4758 2478 4811 Nunc
2517 4772 2653 4810 vero
2702 4756 3093 4812 misericordia
3130 4768 3421 4830 praeunte

1793 4852 1982 4906 taliter
2007 4851 2128 4904 haec
2158 4849 2444 4921 disponite
2474 4849 2715 4921 qualiter
2755 4866 2857 4904 nec
2886 4855 3076 4906 nostra
3105 4854 3287 4924 gloria
3308 4856 3421 4911 mi-

1791 4943 2090 5001 nisterium
2128 4943 2484 4999 credulitatis
2532 4942 2819 5011 adhibeat,
2848 4961 2954 4999 nec
2984 4948 3172 5005 tamen
3228 4966 3424 5006 severa

1790 5038 2093 5110 praceptio
2121 5043 2335 5094 terram
2377 5036 2481 5092 sub
2527 5036 2748 5092 diutino
2788 5038 3169 5097 infamationis
3214 5044 3422 5119 jugulo

1790 5136 2032 5205 premat.
2048 5132 2194 5187 Nam
2221 5137 2277 5186 et
2300 5132 2407 5186 hoc
2428 5130 2772 5203 generaliter
2785 5132 3036 5203 obsecro,
3055 5140 3118 5191 ut
3143 5140 3422 5213 quidquid

1789 5226 1850 5283 in
1874 5231 2085 5285 nostra
2115 5226 2315 5298 gloria
2337 5226 2560 5297 legibus
2577 5226 2912 5296 absurdum,
2944 5229 3223 5302 quidquid
3246 5234 3417 5302 justi-

1789 5322 1882 5378 tia
1910 5321 2168 5376 videatur
2195 5320 2566 5388 contrarium,
2591 5321 2961 5377 humanitatis
2981 5329 3180 5378 vestra
3201 5326 3418 5395 judicio

1789 5416 2125 5488 corrigatur.
2153 5416 2230 5471 De
2268 5413 2486 5470 cateris
2515 5418 2707 5470 autem
2747 5416 2929 5469 causis
2968 5420 3144 5487 atque
3173 5420 3418 5489 negotiis

1789 5526 1916 5582 qua
1940 5509 2162 5565 novella
2190 5512 2526 5581 competunt
2548 5508 2902 5564 institutione
2928 5510 3185 5577 formari,
3214 5512 3412 5568 viden-

1788 5605 1990 5660 durum
2020 5603 2431 5659 sententiarum
2460 5601 2639 5657 titulis
2661 5602 2942 5657 exoranda
2978 5603 3329 5676 conscribite,
3355 5615 3417 5664 ut

1788 5699 1920 5772 quia
1947 5704 2146 5771 praesto
2170 5703 2303 5752 sunt
2326 5696 2579 5767 religiosi
2604 5695 3024 5766 provinciarum
3057 5704 3323 5770 rectores,
3352 5708 3417 5758 et

1788 5793 2226 5851 clarissimorum
2256 5790 2526 5846 ordinum
2562 5787 2737 5845 totius
2764 5786 3045 5865 Hispania
3076 5789 3250 5849 duces
3268 5812 3411 5868 pro-

1788 5886 2155 5962 mulgationis
2184 5887 2385 5940 vestra
2413 5881 2723 5939 sententias
2749 5897 2943 5939 coram
2983 5885 3155 5959 positi
3178 5903 3414 5961 prauo.
