3946 6180
525 327 619 379 551

520 523 890 582 iuolfendibili
923 525 1160 577 exeraut
1178 521 1523 593 judiciorum
1552 523 1840 589 instantia,
1871 540 1982 594 quo
2012 539 2154 594 prae-

521 619 834 675 sentialiter
861 617 1188 672 assistentcs
1216 617 1515 688 perspicua
1543 617 1655 672 oris
1687 617 1864 672 nostri
1894 633 2154 687 percepe-

519 717 634 769 rint
673 711 948 767 instituta.
979 711 1189 766 Omnes
1215 716 1409 765 tamen
1437 711 1496 764 in
1545 728 1849 765 commune
1879 711 2154 765 convenio

521 816 578 864 et
605 825 721 874 vos,
754 808 944 861 Patres
972 804 1374 871 sanctissimos,
1405 809 1479 871 et,
1506 822 1598 858 vos
1624 805 1870 860 illustres
1897 805 2044 859 aulae
2070 821 2156 859 rc-

519 904 629 973 gim
660 902 831 969 viros,
868 917 1011 971 quos
1045 899 1316 953 interesse
1347 899 1478 953 huic
1508 906 1700 953 sancto
1732 899 1967 954 concilio
1998 898 2153 953 dele-

520 996 604 1069 git
628 1000 822 1050 nostra
855 993 1172 1048 sublimitas
1197 1010 1299 1063 per
1327 992 1503 1047 divini
1533 992 1698 1047 nobis
1732 993 2155 1047 attestationem

521 1098 576 1146 ct
603 1089 914 1145 terribilem
940 1087 1154 1142 cunctis
1185 1086 1363 1140 futuri
1385 1086 1588 1157 judicii
1616 1086 1788 1155 diem,
1809 1090 1873 1140 ut
1891 1087 2008 1141 sine
2030 1102 2156 1157 per~

520 1201 785 1240 sonorum
815 1182 1138 1252 acceptione
1164 1180 1435 1251 aliquam,
1466 1182 1549 1234 vel
1580 1181 1790 1246 favore,
1820 1180 1939 1234 sine
1964 1179 2154 1250 aliquo

519 1295 746 1352 quoque
773 1283 872 1331 aut
899 1276 1170 1345 malignae
1197 1274 1582 1329 contentionis
1601 1275 1889 1346 scrupulo,
1911 1279 2010 1328 aut
2031 1273 2157 1327 sub-

521 1373 805 1429 vcrtendm
835 1370 1081 1426 veritatis
1122 1368 1326 1435 studio,
1359 1385 1486 1441 quae
1528 1368 1725 1423 vestris
1757 1368 2014 1422 sensibus
2051 1385 2153 1421 au-

521 1466 728 1522 dienda
761 1463 1133 1535 ingrcsserint
1153 1478 1287 1515 sana
1317 1462 1618 1516 verborum
1636 1461 2058 1516 examinatione
2079 1461 2157 1515 di-

523 1561 744 1625 sentite,
766 1555 1318 1628 s;niioriquejudicio
1335 1556 1722 1627 comprobate,
1746 1559 1805 1609 ut
1821 1555 2155 1609 collaiarum

523 1654 715 1710 habita
746 1652 900 1725 prius
935 1650 1348 1706 deliberatione
1376 1667 1674 1704 causarum
1709 1649 1949 1704 discreta
1975 1648 2157 1704 nostri

521 1748 734 1804 ordinis
785 1745 1066 1801 condatur
1109 1744 1365 1816 probitas
1394 1743 1708 1810 titulorum,
1741 1743 1981 1814 qualiter
2027 1759 2155 1797 cum

1408 319 1694 376 APPEND.
1735 317 1826 375 AD
1864 318 2026 375 saec.
2061 303 2147 374 ιχ.
2183 345 2253 361 -
2283 318 2528 374 lSlDORl
2563 315 2988 374 unacuorus

521 434 770 495 scentes;
796 444 862 484 eo
879 428 1003 483 illas
1017 426 1410 483 incommissas
1423 427 1531 483 sibi
1551 432 1832 483 terrarum
1850 428 2150 483 latitudine
2173 441 2232 514 Α

3697 329 3771 382 551

2325 431 2408 482 t2.
2458 428 2532 482 De
2575 427 2790 482 indicto
2837 426 3109 497 temporis
3155 425 3422 481 constituti
3459 429 3589 499 quod
3613 430 3773 487 debeat

2253 521 2556 576 concilium
2585 520 2877 576 celebrari.
2923 553 2926 555 λ

2328 618 2413 670 t3.
2445 614 2737 671 Conclusio
2765 614 3186 683 definitionum,
3218 614 3274 669 in
3300 631 3399 687 qua
3423 619 3474 670 et
3511 617 3607 671 Deo
3629 617 3776 687 gratiae

2255 710 2583 764 referuntur
2611 715 2667 763 et
2691 725 2793 780 pro
2819 707 3074 779 principe
3095 713 3370 764 exoratur.

2339 820 2607 858 lNClPIUNT
2646 820 2882 858 DECRETA
2921 819 3151 858 CONClLlI
3189 818 3428 859 TOLETANI
3461 819 3721 860 DUODECIII.

2325 898 2516 953 Primo
2544 898 2635 951 die
2667 895 2957 968 synodalis
2983 895 3198 951 exordii
3229 897 3597 951 conlidentibus
3618 897 3780 968 episco-

2254 992 2342 1064 pis
2393 997 2565 1062 atque
2605 990 2925 1045 senioribus
2981 991 3176 1062 palatii
3239 990 3494 1045 universis
3529 990 3686 1044 habita
3725 996 3785 1044 est

2255 1085 2441 1156 primo
2472 1085 2541 1140 de
2572 1088 2760 1138 sancta
2787 1084 3063 1138 Trinitate
3087 1084 3328 1152 collatio,
3353 1101 3460 1138 non
3483 1100 3594 1156 quae
3618 1083 3786 1138 novello

2258 1177 2568 1234 exactiouis
2595 1179 2739 1250 stylo
2766 1178 2999 1232 deﬁnita
3029 1183 3357 1250 patesceret,
3387 1177 3478 1231 sed
3501 1193 3612 1249 quae
3648 1177 3787 1231 verbis

2255 1273 2691 1345 simplicioribus
2717 1289 2834 1328 sese
2863 1272 3045 1344 pigris
3089 1271 3343 1326 sensibus
3383 1271 3630 1343 patefacta
3666 1286 3786 1324 mon-

2256 1371 2484 1435 straret,
2547 1367 2643 1421 ubi
2687 1367 2977 1438 praemissa
3041 1382 3265 1437 semper
3306 1365 3460 1420 lectio
3499 1363 3788 1435 praecederet,

2258 1465 2410 1536 quod
2443 1481 2684 1534 sequens
2735 1462 3010 1534 expositio
3039 1463 3304 1534 aperiret.
3331 1461 3600 1516 Credeutes
3631 1459 3792 1530 pariter

2256 1569 2314 1612 et.
2343 1559 2610 1612 docentes
2636 1559 2706 1612 de
2734 1557 2934 1611 eadem
2963 1563 3166 1610 sanctae
3195 1555 3321 1610 tidei
3345 1554 3565 1626 puritate
3583 1551 3793 1624 quidquid

2257 1652 2583 1723 evangelica
2629 1654 2687 1706 et
2727 1651 3030 1722 apostolica
3078 1649 3305 1704 traditio
3352 1647 3540 1713 sanxit,
3577 1642 3794 1717 quidquid

2258 1753 2449 1801 sancta
2468 1745 2720 1816 synodus
2746 1745 2968 1798 Nicaena
2989 1743 3301 1812 constituit,
3320 1741 3572 1814 quidquid
3589 1740 3798 1795 Constan-

524 1861 626 1898 nos
651 1857 812 1895 amor
833 1838 1115 1910 aequitatis
1137 1837 1193 1892 in
1219 1837 1578 1909 negotiorum
1597 1837 2012 1892 acceleratioue
2034 1837 2157 1891 red-
2177 1817 2232 1890 Β
2256 1840 2632 1912 tinopolitana
2657 1841 2884 1893 Patrum
2909 1842 3181 1909 agre-gata
3204 1836 3450 1892 collectio
3475 1832 3794 1906 promulgavit,

523 1936 734 1992 diderit
756 1931 1338 1999 fervidos,cf[icicntia
1361 1949 1586 2003 quoque
1602 1932 1889 2002 justorum
1913 1947 2151 2003 operum

523 2035 825 2086 connectat
870 2029 984 2082 Deo
1031 2027 1361 2098 perenniter
1405 2025 1722 2092 sociandos,
1755 2029 1820 2079 ut
1865 2026 2152 2080 bonorum

519 2129 836 2180 vestrorum
864 2121 1082 2176 actibus
1113 2119 1467 2173 laetabundus
1498 2124 1555 2174 et
1582 2120 1877 2190 praesentis
1907 2119 2033 2173 vitae
2061 2135 2150 2173 ca-

521 2220 676 2291 piam
702 2218 944 2278 lucrurn,
965 2219 1021 2268 et
1049 2217 1395 2266 mternarum
1424 2213 1682 2283 perfruar
1706 2213 1993 2266 vobiscum
2023 2229 2155 2283 gau-

522 2311 629 2366 diis
649 2308 1029 2365 mansionum.
1046 2307 1269 2374 Datum,
1289 2305 1392 2359 sub
1413 2305 1505 2360 die
1527 2307 1726 2376 quinto
1745 2305 2152 2374 ldusJanuarii,

524 2420 676 2460 anno
705 2402 945 2458 feliciter
992 2400 1181 2472 primo
1211 2399 1373 2472 regni
1401 2399 1717 2455 serenitatis
1749 2406 1805 2456 et
1836 2400 2154 2472 tranquilli-

519 2499 648 2555 tatis
671 2499 880 2553 nostrae
912 2495 972 2550 in
1002 2493 1104 2550 Dei
1136 2493 1391 2562 nomine,
1430 2495 1643 2549 Toleto.

1168 2617 1523 2688 Subscriptio.

589 2733 652 2789 In
675 2731 915 2788 nomine
944 2728 1172 2786 Domini
1198 2728 1420 2784 Flavius
1445 2728 1708 2800 Eringius
1730 2744 1826 2784 rex
1839 2743 2047 2801 magna
2073 2744 2155 2783 sa-

521 2829 608 2883 lus
638 2823 838 2898 populi
871 2823 1168 2896 gentisque
1213 2825 1420 2877 nostrae
1454 2838 1516 2876 ac
1546 2822 1706 2893 regni
1759 2821 2152 2890 conscribitur,

520 2920 564 2977 si
591 2921 715 2976 hanc
741 2917 1102 2991 synodalium
1139 2917 1364 2971 decreta
1395 2922 1707 2988 gestorum,
1740 2915 1886 2970 sicut
1926 2915 2019 2987 pio
2051 2915 2153 2970 de-

520 3013 762 3071 votionis
785 3015 997 3069 nostrae
1023 3009 1213 3066 studio
1259 3017 1386 3065 acta
1412 3015 1562 3078 sunt,
1596 3010 1673 3064 ita
1713 3008 2155 3065 inconvulsibilis

518 3108 662 3182 legis
684 3110 894 3164 nostra
909 3104 1092 3161 valido
1115 3105 1343 3160 oraculo
1364 3105 1792 3172 confirmentur,
1817 3108 1878 3158 ut
1896 3103 2050 3176 quod
2073 3119 2154 3158 se-

521 3202 820 3258 renissimo
846 3198 1194 3256 celsitudinis
1215 3201 1424 3253 nostra:
1443 3198 1608 3268 jussu
1633 3198 1967 3253 venerandis
1982 3196 2154 3270 patri-
2175 3196 2229 3272 Ο

520 3297 627 3352 bus
658 3299 716 3350 et
741 3292 1064 3350 clarissimis
1089 3292 1285 3364 palatii
1314 3292 1492 3346 nostri
1513 3291 1832 3347 senioribus
1853 3292 2075 3347 decreta
2091 3291 2154 3345 ti-

520 3391 771 3445 tulorum
792 3387 1116 3443 exoratione
1129 3389 1214 3440 est
1227 3385 1498 3452 edictum,
1515 3385 1809 3458 praesentis
1821 3386 1990 3456 hujus
2011 3385 2154 3456 legis

524 3487 732 3539 nostrae
753 3483 937 3537 edicto
953 3481 1022 3534 ab
1041 3479 1261 3535 aemulis
1279 3480 1637 3534 defendatur.
1653 3481 1747 3534 Est
1767 3479 1916 3535 enim
1937 3480 2055 3534 haec
2075 3479 2153 3551 ip—

524 3596 585 3632 sa
598 3577 851 3632 definitio
863 3591 1149 3630 canonum
1169 3574 1272 3628 sub
1293 3574 1397 3628 isto
1414 3577 1609 3629 notata
1624 3573 1824 3629 ordine
1839 3574 2126 3629 titulorum
2140 3614 2152 3627 .

801 3699 1075 3768 Incipiunt
1105 3697 1348 3766 capitula
1383 3696 1620 3765 ejusdem
1647 3697 1882 3752 concilii.

600 3819 648 3871 l.
673 3817 748 3872 De
773 3813 971 3886 agnita
990 3817 1046 3868 et
1066 3813 1401 3868 conﬁrmata
1422 3811 1754 3884 praelatione
1773 3812 1982 3884 fastigii
2008 3811 2159 3882 prin-

524 3910 718 3984 cipalis
745 3909 805 3963 in
835 3907 1072 3963 nomine
1099 3911 1305 3961 sancta
1330 3905 1639 3961 Trinitatis.

595 4009 650 4062 2.
668 4004 746 4059 De
767 4003 855 4057 his
879 4001 980 4073 qui
998 4000 1395 4073 paenitentiam
1414 4000 1829 4055 consentientes
1852 3999 2156 4072 accipiunt.

599 4102 652 4154 3.
706 4098 783 4151 De
823 4095 1174 4166 culpatorum
1223 4094 1574 4166 receptione,
1619 4094 1709 4148 vel
1759 4094 2160 4148 communione

530 4191 679 4265 apud
709 4187 1036 4244 Ecclesiam.

599 4285 653 4340 4.
680 4283 754 4339 Ut
777 4282 836 4336 in
866 4280 1004 4335 locis
1043 4279 1141 4334 ubi
1170 4280 1469 4352 episcopus
1496 4296 1615 4336 non
1661 4280 1833 4336 fuerit
1861 4295 2160 4352 nunquam

528 4377 824 4452 episcopus
855 4373 1173 4429 ordinetur.
2175 4367 2184 4374 '

603 4477 653 4529 5.
669 4471 746 4526 De
772 4467 1135 4543 quorundam
1161 4467 1576 4523 consuetudine
1597 4468 1952 4524 sacerdotum
1973 4469 2160 4526 foedis-

2253 1934 2532 2006 quidquid
2556 1933 2825 2004 Ephesini
2853 1939 3029 1987 caelus
3059 1931 3314 1986 deﬁnitio
3343 1928 3534 1994 docuit,
3552 1927 3672 1981 sicut
3695 1923 3799 1979 mul-

2253 2032 2439 2082 torum
2473 2028 2884 2082 catholicorum
2929 2028 3157 2080 Patrum
3187 2025 3514 2080 documento
3549 2019 3798 2092 expositum

2254 2122 2645 2192 traditumque
2675 2120 2841 2175 nobis
2865 2119 3211 2191 accepimus,
3237 2118 3379 2172 sicut
3403 2117 3560 2171 etiam
3584 2115 3632 2168 in
3657 2113 3798 2166 missa-

2255 2232 2384 2270 rum
2415 2215 2704 2270 solemniis
2729 2215 2939 2286 patulis
2959 2214 3379 2268 confessionum
3408 2209 3614 2266 vocibus
3637 2205 3797 2278 procla-

2256 2326 2508 2364 mamus.

2325 2403 2621 2461 Credimus
2649 2404 2707 2458 in
2737 2419 2914 2458 unum
2942 2404 3144 2470 Deum,
3166 2403 3387 2457 Patrem
3408 2398 3798 2469 omnipotentem,

2253 2499 2526 2554 factorem
2554 2497 2678 2553 coeli
2697 2504 2752 2552 et
2771 2501 2956 2562 terrae,
2971 2497 3277 2551 visibilium
3294 2501 3349 2550 et
3367 2492 3693 2549 invisibilium
3711 2503 3801 2542 con-

2255 2592 2648 2649 ditorcm.etiu
2667 2609 2846 2647 unum
2863 2591 3164 2646 Dominum
3181 2592 3374 2645 Jesum
3385 2588 3644 2644 Christum
3655 2582 3803 2638 Filium

2256 2686 2354 2741 Dei
2373 2687 2754 2758 unigenitum,
2780 2703 2843 2740 ex
2873 2688 3034 2740 Patre
3064 2690 3263 2740 natum
3292 2691 3418 2739 ante
3446 2681 3620 2738 omnia
3635 2675 3802 2732 saecula.

2256 2781 2438 2835 Deum
2467 2796 2533 2835 ex
2587 2782 2719 2848 Deo,
2751 2781 2950 2835 lumen
2979 2797 3049 2835 ex
3081 2780 3323 2849 lumine,
3359 2779 3526 2832 Deum
3564 2787 3726 2828 verum
3761 2782 3806 2821 ex

2256 2874 2372 2929 Deo
2419 2890 2576 2944 vero,
2609 2881 2802 2929 natum
2851 2890 2965 2928 non
3017 2877 3258 2941 factum,
3286 2873 3547 2928 omousion
3571 2865 3710 2931 Patri,
3733 2863 3806 2916 hoc

2255 2971 2340 3023 cst
2364 2967 2624 3039 ejusdem
2653 2983 2785 3023 eum
2810 2969 2974 3023 Patre
3003 2967 3352 3036 substantiae,
3375 2981 3471 3039 per
3494 2978 3645 3037 quem
3667 2953 3807 3014 omnia

2257 3061 2405 3117 facta
2451 3066 2602 3130 sunt,
2631 3078 2758 3134 quae
2802 3062 2859 3117 in
2886 3063 3023 3117 coelo
3064 3065 3278 3134 etquae
3326 3061 3386 3117 in
3416 3064 3576 3114 terra.
3603 3053 3691 3119 Qui
3714 3065 3806 3123 pro-

2255 3161 2382 3228 pter
2407 3172 2531 3224 nos,
2565 3168 2621 3210 et
2650 3159 2885 3227 propter
2911 3159 3163 3210 nostram
3212 3157 3450 3210 salutem
3492 3145 3751 3209 descendit,
3771 3144 3809 3195 et

2255 3250 2582 3306 incarnatus
2637 3253 2723 3304 est
2789 3249 2858 3305 de
2913 3249 3130 3321 Spiritu
3189 3255 3380 3304 sancto
3432 3263 3498 3302 ex
3539 3243 3688 3300 Maria
3721 3236 3807 3289 Vir-

2257 3343 2413 3416 gine,
2467 3344 2618 3399 homo
2654 3347 2833 3412 factus
2859 3349 2955 3408 est,
3002 3360 3196 3416 passus
3241 3344 3346 3398 sub
3377 3339 3562 3397 Pontio
3593 3336 3752 3398 Pilato,
3773 3329 3812 3382 et

2257 3438 2530 3509 sepultus,
2569 3439 2738 3492 tertia
2787 3437 2879 3492 die
2929 3438 3255 3507 resurrexit,
3301 3434 3544 3492 ascendit
3586 3432 3637 3485 in
3672 3426 3810 3487 caelos,

2259 3532 2415 3587 sedet
2451 3533 2520 3586 ad
2566 3531 2849 3587 dexteram
2885 3533 3082 3586 Patris.
3113 3533 3322 3587 Iterum
3351 3535 3603 3586 venturus
3641 3523 3690 3576 in
3725 3517 3809 3590 810·

2258 3626 2344 3679 ria
2363 3625 2623 3694 judicare
2649 3625 2803 3680 vivos
2830 3629 2887 3679 et
2920 3632 3196 3694 mortuos,
3229 3626 3393 3696 cujus
3419 3619 3571 3693 regni
3610 3632 3704 3671 non
3737 3608 3813 3664 erit

2258 3720 2408 3774 finis.
2441 3719 2737 3774 Credimus
2782 3720 2839 3774 in
2885 3720 3152 3789 Spiritum
3196 3725 3458 3773 sanctum
3499 3710 3756 3770 Dominum
3776 3705 3814 3754 et

2257 3813 2702 3879 vivificatorem,
2757 3830 2822 3867 ex
2873 3815 3075 3880 Patre,
3137 3817 3190 3867 et
3248 3812 3386 3867 Filio
3438 3805 3810 3882 procedentem.

2259 3924 2387 3961 cum
2433 3909 2594 3961 Patre
2639 3911 2696 3961 et
2744 3907 2879 3961 Filio
2917 3906 3276 3961 adorandum
3319 3909 3378 3962 et
3429 3894 3814 3975 gloriﬁcandunh

2262 3999 2451 4073 135
2484 4001 2584 4072 qui
2609 4001 2833 4056 loeutus
2863 4007 2949 4055 est
2977 4018 3080 4071 per
3128 4001 3455 4072 prophetas.
3483 3998 3647 4052 Unam
3670 3986 3811 4043 catho-

2260 4095 2424 4149 licam
2449 4101 2505 4150 et
2538 4095 2902 4167 apostolicam
2951 4094 3275 4150 Ecclesium.
3322 4093 3653 4152 Confitemur
3683 4091 3815 4138 unum

2258 4189 2606 4260 baptismum
2634 4190 2692 4244 in
2723 4190 3120 4244 remissionem
3162 4192 3547 4260 peccatorum.
3581 4178 3817 4249 Exspecta

2261 4300 2390 4338 mus
2441 4284 2916 4339 resurrectionem
2959 4289 3362 4352 mortuorum,
3414 4287 3470 4337 et
3504 4278 3661 4334 vitam
3689 4261 3819 4326 futuri

2259 4378 2470 4433 saeculi.
2496 4381 2701 4432 Amen.

2331 4474 2458 4528 CAP.
2484 4474 2524 4527 Ι.
2539 4473 2672 4527 Post
2688 4472 2919 4544 paciﬁca
2932 4488 3068 4544 ergo
3087 4472 3258 4544 hujus
3274 4475 3487 4528 sanetae
3504 4465 3624 4524 fidei
3635 4453 3821 4519 collatio

531 4568 674 4624 sima
699 4564 796 4639 qui
827 4563 1032 4620 oblatis
1066 4563 1179 4616 Deo
1224 4562 1510 4617 sacriﬁciis
1551 4580 1665 4617 non
1712 4565 2158 4621 communicant.
2180 4575 2240 4648 D
2263 4582 2402 4621 num
2417 4565 2729 4634 studia,illa
2745 4583 2802 4621 se
2813 4567 3068 4638 primum
3085 4567 3292 4621 nostris
3311 4564 3562 4622 sensibus
3580 4547 3818 4615 Salvatoris

603 4665 656 4717 6.
686 4661 763 4716 De
809 4674 1076 4714 concessa
1126 4657 1395 4712 Toletano
1440 4657 1696 4728 pontiﬁci
1740 4659 2022 4730 generalis
2068 4676 2158 4732 sy-

531 4755 668 4812 nodi
697 4755 993 4826 potestate,
1025 4754 1090 4806 ut
1114 4751 1407 4822 episcopus
1435 4751 1665 4807 alterius
1690 4753 1998 4824 provincia
2026 4770 2162 4809 con-

534 4848 787 4906 niventia
817 4845 1142 4919 principum
1171 4844 1229 4899 in
1257 4845 1393 4899 urbe
1421 4845 1582 4917 regia
1611 4847 1926 4903 ordinetur.

603 4947 657 5000 7.
691 4943 770 4997 De
799 4945 1026 5012 recepto
1054 4939 1376 4994 testimonio
1407 4956 1777 5011 personarum
1798 4959 1925 5014 quae
1951 4959 2058 5015 per
2081 4943 2164 4997 le-

534 5054 668 5112 gem
696 5051 822 5108 qua:
849 5035 919 5090 de
963 5034 1320 5106 promotione
1346 5035 1624 5089 exercitus
1663 5035 1813 5091 facta
1855 5042 1939 5092 est
1966 5036 2163 5092 testiﬁ-

531 5131 700 5189 candi
726 5129 1013 5186 licentiam
1039 5128 1415 5200 prodiderint.

603 5230 657 5284 8.
685 5227 761 5280 De
791 5223 880 5279 his
909 5222 1009 5295 qui
1057 5238 1259 5279 uxores
1307 5239 1437 5278 suas
1484 5223 1722 5279 divortio
1773 5224 2165 5282 intercedente

529 5321 884 5392 relinquunt.

604 5418 657 5472 0.
689 5416 768 5470 De
795 5410 1231 5470 conﬁrmatione
1258 5411 1450 5482 legum
1479 5427 1606 5482 quae
1634 5412 1692 5466 in
1721 5412 2050 5467 Judaeorum
2071 5429 2168 5468 ne-

537 5509 722 5582 quitia
749 5506 1124 5580 promulgatae
1152 5507 1303 5570 sunt,
1328 5504 1775 5576 earumdemque
1794 5506 1991 5576 legum
2019 5523 2165 5578 prae-

530 5604 643 5659 fixo
667 5603 869 5659 ordine
895 5600 1190 5656 titulorum
1237 5597 1333 5670 qui
1375 5597 1434 5652 in
1475 5597 1676 5654 eodem
1722 5616 1941 5655 canone
1982 5617 2165 5656 annu-

531 5702 847 5766 merentur.

607 5793 693 5845 to.
720 5790 802 5846 De
831 5787 920 5846 his
973 5787 1074 5860 qui
1112 5785 1186 5842 ad
1222 5785 1518 5844 ecclesiam
1562 5788 1898 5862 confugium
1931 5791 2162 5848 faciunt.

580 5883 628 5938 ,1
645 5883 664 5937 l
679 5919 692 5937 .
727 5881 815 5960 De
832 5880 1143 5941 cultoribus
1175 5879 1476 5936 idolorum.

2263 4659 2514 4732 cognitio
2532 4660 2991 4731 cognoscendam
3018 4661 3228 4716 invexit
3246 4677 3380 4733 qua:
3405 4664 3556 4715 tanto
3578 4649 3718 4709 corda
3733 4657 3818 4698 om-

2265 4754 2427 4809 nium
2477 4754 2683 4810 ardore
2742 4755 3030 4810 charitatis
3081 4755 3370 4822 astrinxit,
3426 4757 3624 4826 quanto
3665 4760 3712 4799 se
3748 4750 3822 4810 Per

2265 4849 2521 4903 eamdem
2553 4848 2673 4920 ipsa
2698 4849 2944 4921 cognitio
2971 4850 3030 4903 in
3051 4855 3334 4905 conventu
3363 4844 3630 4920 generalis
3652 4826 3822 4894 concilii

2265 4943 2713 5015 pernoscendam
2761 4943 3022 4998 exsilivit.
3062 4943 3281 4998 Etenim
3326 4943 3432 4998 sub
3459 4956 3565 5014 qua
3612 4947 3726 5007 pace
3759 4921 3822 4976 vel

2265 5037 2464 5092 ordine
2504 5038 2897 5093 serenissimus
2947 5038 3210 5110 Eringius
3241 5038 3506 5109 princeps
3546 5027 3693 5101 regni
3725 5034 3823 5076 con-

2266 5131 2552 5187 scenderit
2585 5133 2832 5199 culmen,
2883 5133 3276 5204 regnandique
3324 5147 3433 5204 per
3480 5119 3824 5204 sacrosancta!n

2265 5226 2598 5281 unctionem
2642 5226 2953 5298 susceperit
3006 5229 3388 5299 potestatem,
3439 5228 3653 5279 ostensa
3707 5203 3827 5265 nobis

2268 5319 2686 5391 Scripturarum
2713 5319 2997 5374 evidentia
3020 5320 3202 5388 docet,
3231 5319 3290 5374 in
3318 5317 3524 5391 quibus
3551 5319 3603 5367 et
3625 5313 3824 5380 praeceP‘

2267 5413 2358 5481 tis,
2382 5390 2438 5468 et
2465 5412 2729 5468 Vuambaa
2747 5414 3020 5486 principis
3036 5414 3386 5486 poenitentiae
3405 5405 3671 5480 susceptio
3692 5390 3830 5492 nosti?

2267 5511 2380 5576 tur,
2395 5510 2454 5562 et
2469 5508 2775 5562 translatus
2799 5507 2960 5579 regni
2973 5509 3158 5563 honor
3173 5508 3230 5562 in
3247 5508 3419 5578 hujus
3430 5502 3603 5560 nostri
3613 5490 3828 5571 princil’is

2267 5601 2501 5657 nomine
2531 5602 2838 5658 derivatur.
2862 5603 3016 5657 ldem
3032 5602 3280 5658 Vuamba
3303 5601 3442 5655 dum
3468 5585 3743 5652 inevitabili

2268 5696 2623 5752 cessitudinis
2633 5699 2925 5753 teneretur
2937 5713 3002 5753 ev
3009 5699 3428 5766 entu,suscepto
3443 5683 3707 5760 religionis
3717 5672 3831 5732 debl‘

2269 5793 2326 5846 to
2355 5791 2532 5861 cultu,
2553 5794 2611 5846 et
2634 5791 2942 5848 venerabili
2965 5797 3219 5848 tonsure
3242 5803 3416 5844 sacrm
3443 5778 3711 5857 signaculo
3733 5779 3831 5866 m0}

2267 5901 2372 5956 per
2390 5885 2727 5957 scripturam
2748 5886 3095 5942 deﬁnitionis
3114 5902 3230 5942 sum
3247 5885 3402 5940 hunc
3424 5878 3677 5950 inclytum
3693 5867 3834 5940 domi:
