3946 6180
173 286 252 341 553
1333 281 1804 338 DECRETALIUM

1840 281 2228 338 COLLECTIO.
3363 284 3464 340 554

170 385 1728 462 numnostrumEringiumpostseperelegitregnaturum,
1753 404 1810 476 Α
1833 389 2073 445 forsitan
2112 390 2451 460 respiciente
2493 392 2730 447 Domino
2767 390 2931 448 saluti
2977 391 3231 464 pristinae
3277 394 3460 449 refor-

171 483 504 541 etsacerdotali
517 481 904 537 benedictione
919 483 1246 553 ungendum
1258 527 1270 539 .
1287 484 1542 539 Vidimus
1553 485 1727 553 enim,

168 587 211 635 et
229 578 410 652 pariter
427 575 605 648 patulo
635 577 870 631 alternae
898 577 1124 632 visionis
1155 579 1364 634 intuitu
1386 580 1730 649 praelucente

168 671 518 746 perspeximus,
534 671 698 742 hujus
712 671 991 742 praemissi
1005 673 1221 728 ordinis
1233 673 1556 744 scripturas,
1575 672 1633 727 id
1648 677 1732 727 est

167 767 374 822 notitiam
385 781 547 820 manu
557 765 845 821 seniorum
857 766 1047 838 palatii
1058 767 1382 822 roboratam
1391 784 1599 834 ,coram
1613 767 1732 838 qui-

166 862 246 915 bus
260 859 569 914 antecedens
589 860 852 931 princeps
877 863 933 914 et
951 861 1240 931 religionis
1266 862 1501 926 cultum,
1527 865 1583 915 et
1610 864 1731 915 ton-

167 972 277 1009 surae
288 969 440 1007 sacrze
457 952 690 1023 adeptus
705 955 788 1008 es’t
801 953 1116 1008 venerabile
1131 954 1354 1025 signum
1366 997 1379 1020 ,
1394 953 1730 1025 scripturam

165 1063 345 1119 quoque
359 1046 692 1102 deﬁnitionis
706 1048 776 1101 ab
793 1048 994 1102 eodem
1011 1048 1280 1117 edictam,
1301 1048 1398 1103 ubi
1421 1048 1727 1119 gloriosum

164 1142 407 1196 dominum
435 1145 691 1196 nostrum
710 1141 1006 1212 Eringium
1034 1148 1164 1215 post
1184 1160 1244 1197 se
1269 1143 1394 1198 ﬁeri
1422 1159 1618 1214 regem
1642 1161 1732 1198 ex-

167 1239 304 1307 optat,
331 1235 480 1289 aliam
521 1251 747 1306 quoque
785 1236 1249 1292 informationem
1289 1238 1412 1308 jam
1457 1238 1592 1292 dicti
1624 1237 1729 1293 viri

165 1333 207 1385 in
238 1329 441 1385 nomine
483 1329 826 1384 honorabilis
852 1335 907 1385 et
942 1331 1281 1386 sanctissimi
1327 1332 1517 1387 fratris
1553 1333 1730 1388 nostri

163 1424 326 1478 luliani
364 1424 635 1478 Toletanm
677 1424 822 1478 sedis
865 1424 1131 1496 episcopi,
1164 1425 1260 1480 ubi
1285 1443 1416 1480 eum
1455 1427 1732 1498 separavit

164 1519 329 1590 pariter
345 1522 394 1571 et
418 1517 699 1586 instruxit,
723 1521 788 1572 ut
817 1535 947 1573 cum
970 1518 1127 1573 omni
1159 1519 1454 1590 diligentia
1476 1521 1600 1590 jam
1623 1520 1732 1576 dic-

163 1619 255 1666 tum
276 1612 545 1667 dominum
565 1616 836 1667 nostrum
881 1613 1179 1683 Eringium
1212 1613 1271 1668 in
1298 1631 1480 1684 regno
1511 1631 1730 1685 ungere

161 1706 357 1770 deberet,
383 1711 434 1761 et
458 1707 614 1761 omni
641 1707 939 1778 diligentia
967 1708 1247 1762 unctionis
1275 1708 1448 1777 ipsius
1491 1709 1728 1764 celebri-

1832 489 2082 550 mentur,
2107 488 2288 556 agunt
2321 486 2676 541 cautionibus
2706 487 2866 541 vanis
2910 491 2966 541 et
3012 487 3462 558 oppositionibus

1831 578 2210 645 exsecrandis,
2256 580 2498 650 qualiter
2545 598 2577 634 a
2613 598 2671 634 se
2715 584 2964 635 tonsuras
3016 581 3341 636 venerabile
3385 581 3460 636 si-

1833 689 2011 743 gnum
2042 673 2348 744 expellant,
2371 677 2538 744 atque
2562 673 2820 729 habitum
2850 674 3144 746 religionis
3168 675 3460 746 abjieiant,

1832 765 2356 837 imprudentissime
2383 772 2698 821 asserentes
2717 767 2842 822 ideo
2865 785 2923 822 se
2945 768 3115 822 nullis
3134 769 3348 839 regulis
3369 785 3460 824 ec-

1831 859 2149 914 clesiasticae
2180 859 2496 930 disciplina:
2529 860 2632 914 sub
2661 861 2771 915 hoc
2807 866 2934 916 voto
2964 862 3167 930 teneri,
3189 862 3322 934 quia
3342 879 3460 934 pce-

1829 953 2148 1019 nitentiam,
2178 969 2283 1007 nec
2313 954 2421 1025 ipsi
2453 954 2760 1026 petierunt,
2796 971 2898 1010 nec
2930 955 3347 1010 consentientes
3377 972 3464 1011 ac-

1831 1049 2126 1118 ceperunt,
2147 1063 2394 1118 quorum
2425 1047 2780 1119 impudentia
2807 1048 3012 1102 divina:
3043 1049 3316 1104 bonitatis
3335 1066 3462 1122 qum

1831 1157 1927 1196 eos
1950 1140 2023 1194 ad
2046 1145 2162 1195 tam
2189 1141 2507 1196 venerabile
2539 1159 2603 1196 ac
2628 1142 2856 1196 fecundi
2882 1142 3100 1197 fructus
3131 1144 3345 1198 vocavit
3369 1160 3460 1199 sa-

1830 1239 2186 1289 cramentum
2211 1235 2454 1305 turpiter
2478 1235 2810 1302 immemor,
2833 1238 2890 1291 et
2918 1235 3200 1290 obstinata
3219 1236 3467 1307 procaci-

1829 1334 1912 1383 tas
1938 1345 2053 1383 non
2082 1328 2389 1399 aliquando
2417 1329 2630 1384 diceret
2653 1329 2807 1396 talia,
2842 1329 2886 1384 si
2914 1330 3161 1402 qualiter
3186 1329 3257 1384 ad
3289 1330 3465 1387 vitam

1831 1439 1934 1494 per
1962 1423 2300 1478 sacrosancti
2331 1423 2536 1478 lavacri
2577 1423 2820 1494 gratiam
2847 1423 3084 1490 veniret,
3113 1423 3468 1480 meminisset

1831 1516 2044 1571 etenim
2075 1517 2436 1588 parvulorem
2463 1517 2768 1572 infantium
2795 1517 2911 1572 vita
2940 1517 3206 1590 originali
3238 1522 3466 1589 peccato

1831 1611 2095 1677 obnoxia,
2131 1627 2259 1682 quin
2291 1611 2433 1666 nulli
2464 1615 2696 1683 propter
2719 1616 2947 1667 aetatem
2994 1612 3352 1668 discernendi
3380 1613 3464 1668 vel

1832 1704 2134 1776 expetendi
2162 1705 2349 1759 sensui
2387 1706 2572 1776 aptior
2589 1705 2898 1776 judicetur,
2929 1705 3036 1760 nisi
3063 1723 3133 1762 ex
3160 1707 3464 1778 sponsione

160 1805 224 1853 tas
249 1801 400 1855 ﬁeret.
433 1803 488 1854 ln
511 1817 629 1872 qua
659 1801 937 1871 scriptura
964 1805 1020 1854 et
1047 1801 1382 1872 subscriptio
1408 1802 1572 1858 nobis
1589 1785 1808 1872 ejus-B
1833 1799 2085 1854 ﬁdelium
2152 1799 2419 1870 baptismi
2491 1798 2770 1870 accipiant
2823 1804 3264 1869 sacramentum,
3312 1801 3465 1855 nullo

162 1892 263 1946 dem
283 1893 525 1948 Vuamba:
572 1894 846 1966 principis
876 1895 1094 1962 claruit,
1123 1898 1180 1950 et
1215 1896 1402 1950 omnis
1447 1895 1732 1951 evidentia

163 1987 544 2042 conﬁrmationis
569 1987 907 2042 earumdem
929 1987 1336 2059 scripturarum
1353 2005 1412 2044 se
1431 1989 1730 2046 manifeste

160 2080 952 2145 monstmvit.Qtiihusomnibus
964 2081 1292 2153 approbatis
1302 2086 1476 2153 atque
1489 2083 1732 2154 amplec-

156 2173 210 2226 tis
229 2173 432 2244 dignum
452 2191 591 2230 sane
614 2181 809 2230 nostro
837 2176 1000 2230 cretui
1028 2176 1206 2230 visum
1237 2181 1340 2243 est,
1365 2180 1425 2230 ut
1444 2177 1731 2247 prmdietis

157 2265 957 2340 deﬁnitionibus,scripturarum
978 2276 1304 2325 nostrorum
1328 2271 1583 2326 omnium
1602 2289 1731 2327 con-

155 2359 354 2416 ﬁrmatio
369 2367 702 2434 apponatur,
718 2369 971 2435 utquam
993 2371 1126 2419 ante
1146 2368 1406 2436 tempora
1427 2365 1483 2420 in
1500 2367 1731 2421 occultis

149 2453 330 2522 judiciis
354 2457 637 2526 praescitus
665 2463 750 2512 est
771 2460 855 2512 est
882 2462 1240 2528 regnaturus,
1261 2476 1411 2514 nunc
1432 2460 1731 2514 manifesto

151 2547 424 2619 intempore
451 2551 1057 2622 generaliteromnium
1078 2553 1432 2608 sacerdotum
1457 2553 1733 2610 habeatur

150 2641 514 2699 deﬁnitionibus
540 2650 919 2701 consecratus.
943 2647 1005 2700 Et
1035 2646 1162 2701 ideo
1189 2647 1376 2702 soluta
1407 2665 1609 2702 manus
1626 2665 1726 2719 po-

149 2737 240 2805 puli
260 2737 319 2790 ab
343 2740 489 2794 omni
517 2740 744 2794 vinculo
786 2741 1127 2810 juramenti,
1155 2758 1281 2812 quin
1308 2742 1576 2813 praedicto
1606 2742 1728 2798 viro

149 2831 386 2898 Vuambae,
415 2834 548 2888 dum
579 2851 823 2904 regnum
859 2834 1044 2888 adhuc
1084 2838 1322 2902 teneret,
1354 2837 1582 2905 alligata
1623 2841 1725 2903 est,

149 2922 266 2978 hunc
288 2928 456 2982 solum
489 2928 589 2999 qui
623 2931 934 2998 permansit
975 2929 1401 2984 serenissimum
1431 2931 1728 3001 Eringium

147 3018 408 3091 principem
472 3023 808 3076 ohsecutura
869 3027 1043 3092 gratae
1103 3023 1388 3078 servitutis
1451 3025 1728 3080 famulatu

149 3119 383 3181 sequatur,
417 3119 472 3170 et
499 3116 702 3181 libera,
733 3132 905 3186 quem
951 3119 1006 3168 et
1049 3115 1303 3171 divinum
1347 3117 1626 3187 judicium
1665 3119 1722 3172 in

144 3221 286 3272 regno
312 3209 619 3278 praeelegit,
651 3215 706 3263 et
747 3208 1010 3264 decessor
1040 3210 1301 3280 princeps
1343 3227 1726 3268 successorem

147 3297 224 3350 sibi
254 3300 495 3368 instituit,
527 3308 586 3356 et
616 3303 768 3374 quod
799 3307 1078 3374 superest,
1107 3321 1283 3376 quem
1323 3305 1494 3359 totius
1530 3307 1725 3378 populi

143 3393 403 3449 amabilitas
449 3397 770 3468 exquisivit.
818 3399 975 3452 Unde
1020 3397 1108 3452 his
1157 3400 1516 3469 prmeognitis
1555 3407 1725 3471 atque

143 3487 366 3552 praescitis
389 3489 752 3544 serviendum
784 3495 868 3544 est
892 3493 1003 3546 Deo
1035 3491 1178 3558 coeli,
1197 3495 1252 3544 et
1282 3491 1549 3561 praedicto
1577 3493 1725 3563 prin-

142 3578 223 3647 cipi
249 3586 424 3637 nostro
470 3584 706 3655 Eringio
736 3585 873 3654 regi.
908 3585 1073 3656 eique
1102 3584 1195 3655 pia
1221 3585 1526 3640 devotione
1559 3587 1722 3642 obse-

142 3674 384 3741 quendum
417 3683 474 3732 et
521 3677 951 3750 promptissima
992 3679 1284 3733 voluntate
1327 3677 1636 3750 agendum,
1669 3685 1726 3736 et

141 3765 422 3825 enitendum
450 3771 734 3843 quidquid
765 3772 887 3842 ejus
923 3772 1091 3826 saluti
1136 3771 1410 3844 proﬁciat,
1443 3773 1724 3844 quidquid

142 3861 289 3927 gentis
313 3881 422 3920 suae
448 3865 796 3920 utilitatibus
823 3871 879 3920 et
917 3867 1117 3937 patrias
1161 3867 1532 3922 consuluerit.
1565 3869 1723 3924 Unde

138 3969 225 4009 non
248 3957 342 4012 erit
357 3960 474 4029 jam
503 3959 774 4030 deinceps
798 3960 869 4014 ab
889 3959 1271 4015 anathematis
1291 3961 1576 4016 sententia
1597 3963 1725 4017 alie-

137 4061 234 4116 nus,
278 4057 368 4107 aut
415 4053 626 4110 divina:
677 4053 1187 4110 animadversionis
1243 4055 1452 4110 ultione
1495 4072 1724 4112 securus

137 4143 331 4216 quisque
366 4154 567 4204 contra
608 4148 850 4203 salutem
896 4150 1016 4218 ejus
1057 4147 1320 4219 deinceps
1351 4154 1450 4204 aut
1477 4150 1726 4206 erexerit

137 4248 295 4293 vocem
337 4247 431 4297 aut
481 4242 859 4298 commoverit
908 4241 1146 4310 caedem,
1184 4246 1284 4298 aut
1320 4260 1724 4317 quamcunque

138 4333 393 4402 exquiserit
425 4336 678 4392 laedendi
713 4337 1010 4393 ultionem.

192 4426 243 4480 ll.
265 4429 600 4505 Plerumque
625 4431 732 4499 his,
757 4432 964 4504 quibus
982 4432 1268 4487 miseratio
1300 4432 1531 4487 Domini
1553 4433 1723 4488 etiam

1747 3158 1804 3234 C

1832 1913 2021 1963 sensu,
2049 1896 2204 1950 nulla
2233 1896 2402 1952 etiam
2430 1896 2790 1951 discretionis
2818 1897 3092 1952 industria
3112 1897 3168 1952 id
3196 1903 3464 1968 appetere

1831 1992 2086 2062 possunt.
2145 1989 2305 2044 Unde
2373 1990 2517 2045 sicut
2581 1989 2881 2062 baptisma,
2935 1991 3089 2063 quod
3161 1991 3461 2045 nescienti-

1830 2084 1935 2139 bus
1969 2083 2219 2156 parvulis
2262 2083 2382 2138 sine
2415 2083 2528 2138 ulla
2559 2085 2919 2140 contentione
2968 2084 3026 2138 in
3081 2085 3192 2138 ﬁde
3243 2089 3464 2138 tantum

1829 2178 2224 2250 proximorum
2251 2177 2543 2248 accipitur,
2572 2179 2650 2233 ita
2670 2178 3019 2249 pmnitentias
3053 2178 3286 2247 donum,
3309 2180 3464 2250 quod

1832 2272 2211 2328 nescientibus
2262 2271 2530 2338 illabitur,
2563 2272 2797 2343 aliisque
2843 2271 3244 2343 impugnantia
3288 2273 3462 2327 viola-

1830 2365 2018 2432 tionis,
2049 2366 2106 2420 hi
2135 2365 2229 2438 qui
2269 2365 2409 2420 illud
2439 2365 2780 2437 exceperint,
2816 2365 3216 2421 observabunt.
3250 2366 3309 2421 Si
3339 2365 3466 2438 quis

1830 2463 2021 2514 autem
2066 2459 2321 2531 quolibet
2367 2460 2535 2514 modo
2581 2460 2972 2530 paenitentiam
3021 2459 3326 2530 accipiens,
3360 2461 3466 2515 hoc

1829 2555 2122 2608 violaverit
2157 2554 2423 2625 synodale
2470 2554 2812 2619 institutum,
2839 2558 2899 2606 ut
2928 2569 3057 2608 vere
3084 2560 3468 2624 transgressor

1830 2649 2080 2720 paternis
2120 2648 2331 2718 regulis
2379 2647 2636 2702 ferietur.
2677 2648 2787 2701 Nec
2817 2646 2970 2701 enim
3013 2647 3122 2701 ista
3152 2653 3467 2702 statuentes

1831 2740 2169 2808 sacerdotes,
2205 2757 2462 2813 quosque
2500 2745 2564 2795 ut
2603 2743 2815 2813 passim
2861 2745 2919 2795 et
2960 2741 3202 2796 licenter
3247 2741 3464 2796 donum

1830 2835 2175 2906 poenitentiae
2194 2852 2304 2890 non
2331 2835 2739 2908 paenitentibus
2759 2834 3004 2890 audeant
3023 2850 3349 2906 prorogare,
3371 2834 3466 2890 ab«

1829 2928 2120 2994 solvimus,
2160 2929 2257 2984 sed
2286 2929 2391 2984 hos
2436 2929 2534 3000 qui
2578 2927 2834 3000 qualibet
2877 2934 3026 2983 sorte
3073 2928 3466 3000 poenitentiam

1829 3023 2203 3094 susceperint,
2224 3038 2294 3077 ne
2317 3023 2553 3078 ulterius
2566 3023 2634 3077 ad
2658 3022 2903 3077 militare
2919 3021 3213 3094 cingulum
3229 3021 3469 3078 redeant

1830 3116 2164 3188 religamus.
2199 3117 2523 3172 Sacerdotes
2548 3122 2740 3171 tamen
2774 3116 2873 3188 qui
2893 3132 3010 3171 non
3036 3115 3462 3184 consentiendo,

1828 3227 2015 3283 neque
2029 3210 2397 3282 pcenitentise,
2414 3227 2554 3264 ausu
2573 3211 2882 3265 temerario
2895 3210 3286 3281 paenitentiam
3302 3209 3468 3264 dede-

1829 3303 1965 3371 rint,
1995 3321 2180 3376 neque
2211 3320 2270 3358 se
2303 3303 2601 3358 exhortatu
2631 3303 2751 3374 ejus
2775 3304 2871 3375 qui
2904 3303 3296 3374 penitentiam
3319 3304 3466 3358 acci-

1828 3397 2014 3468 pitvel
2044 3413 2322 3451 manuum
2353 3396 2596 3462 indiciis,
2616 3397 2701 3451 vel
2733 3395 3220 3466 quibuslibetaliis
3241 3395 3467 3450 eviden-

1826 3491 1978 3546 tibus
2007 3490 2509 3562 signiﬁcationibus
2548 3489 2846 3544 invitatum
2896 3489 3066 3543 fuisse
3117 3488 3461 3559 probaverit,

1827 3584 1994 3638 unius
2013 3583 2148 3637 anni
2171 3583 2777 3638 excommunicationis
2798 3581 3096 3637 sententia
3127 3580 3459 3653 subjacebit.

1895 3679 1980 3733 ΙΙΙ.
2027 3677 2281 3731 Vidimus
2334 3675 2632 3748 quosdam,
2680 3679 2736 3730 et
2787 3673 3044 3730 ﬂevimus
3097 3691 3162 3729 ex
3217 3690 3459 3729 numero

1827 3773 2184 3843 culpatorum
2223 3774 2496 3842 receptos,
2530 3770 2588 3824 in
2621 3769 2861 3840 gratiam
2908 3769 3230 3840 principum
3269 3775 3458 3823 extor-

1825 3883 1914 3920 res
1961 3864 2238 3920 exstitisse
2304 3881 2337 3918 a
2390 3863 2628 3935 collegio
2703 3863 3085 3928 sacerdotum,
3137 3863 3286 3934 quod
3359 3861 3461 3916 de-

1827 3959 2076 4016 notabile
2118 3959 2334 4013 malum
2389 3958 2482 4012 illa
2532 3974 2620 4012 res
2673 3957 2813 4026 agit,
2857 3957 2988 4028 quia
3033 3957 3257 4011 licentia
3309 3955 3462 4028 priu—

1824 4055 2018 4127 cipulis
2068 4053 2128 4108 in
2186 4069 2300 4125 quo
2351 4070 2408 4107 se
2468 4052 2604 4106 solvi
2653 4052 2914 4106 licentius
2966 4055 3146 4118 curat,
3194 4051 3270 4104 ibi
3319 4050 3456 4104 alios

1827 4149 2038 4220 alligat,
2081 4152 2136 4203 et
2183 4163 2324 4218 quos
2373 4146 2431 4201 in
2486 4162 2648 4201 suam
2703 4145 3172 4201 communionem
3230 4143 3456 4199 videtur

1824 4243 2130 4314 suscipere,
2179 4258 2212 4295 a
2259 4241 2665 4296 communione
2708 4245 2764 4294 et
2806 4256 2943 4310 pace
2992 4237 3252 4294 Ecclesia:
3305 4237 3460 4292 vide-

1825 4339 1919 4390 tur
1945 4351 2232 4406 separare,
2263 4338 2326 4388 ut
2363 4335 2460 4406 qui
2509 4350 2640 4388 cum
2688 4334 2782 4388 illo
2828 4339 3238 4388 convescuntur
3282 4347 3464 4387 sacer-

1826 4429 2021 4484 dotum
2067 4428 2471 4482 communione
2517 4429 2637 4482 sola
2680 4427 2990 4498 priventur.
3037 4427 3102 4481 Et
3148 4425 3280 4481 ideo
3325 4425 3461 4496 quia

136 4519 408 4580 volentibus
461 4526 748 4592 subvenit,
804 4526 1094 4581 beneﬁciis
1143 4525 1240 4580 Dei
1292 4526 1560 4581 videntur
1611 4523 2087 4604 esseDremissio
2135 4521 2357 4590 talium,
2406 4521 2504 4593 qui
2553 4527 2752 4577 contra
2804 4522 3014 4591 legem,
3070 4524 3323 4590 gentem,
3376 4520 3462 4573 vel

139 4609 326 4684 ingrati,
349 4625 403 4674 et
437 4619 596 4674 abuti
628 4620 806 4691 gratia
834 4619 1121 4691 largitoris
1148 4637 1259 4692 qua
1288 4621 1433 4676 bene
1461 4621 1548 4675 usi
1574 4625 1729 4692 pote-

136 4712 236 4763 rant
271 4714 536 4785 consequi
582 4713 999 4769 absolutionem
1051 4714 1730 4786 facinoris..Impugnant

139 4813 253 4871 saepe
277 4807 419 4876 quod
435 4807 724 4862 honorare
751 4807 1089 4873 debuerunt,
1113 4813 1170 4863 et
1195 4808 1444 4880 profanis
1466 4808 1730 4881 quaestio.

134 4892 267 4949 nibus
285 4899 516 4956 indultae
538 4901 736 4974 gratiae
757 4917 966 4956 munus
986 4919 1020 4956 a
1039 4918 1097 4956 se
1121 4902 1388 4972 rejiciunt
1407 4902 1559 4973 quod
1581 4920 1640 4957 su
1652 4920 1728 4956 m-

137 4986 221 5040 mis
240 4992 370 5047 votis
395 4995 665 5067 amplecti
693 4995 1038 5050 debuerunt.
1084 4995 1306 5051 Etenim
1343 4997 1553 5051 multos
1580 5013 1726 5068 smpe

135 5086 417 5152 aspeximus
445 5089 509 5144 in
545 5089 723 5144 salute
763 5089 997 5161 positos,
1024 5089 1293 5145 ultimum
1341 5089 1728 5146 desiderantes

136 5178 445 5243 renitentia:
468 5183 745 5251 fructum,
759 5187 823 5238 ut
841 5199 1036 5238 rursus
1063 5183 1355 5239 nimietate
1375 5184 1730 5256 aegritudinis

137 5265 197 5322 ita
207 5269 461 5346 loquendi
479 5281 538 5333 et
552 5276 836 5332 sentiendi
858 5278 1114 5333 naturale
1129 5276 1442 5349 prodidisse
1454 5277 1726 5344 ofﬁcium,

136 5364 342 5423 utnulla
362 5370 475 5426 illis
491 5388 627 5426 cura
653 5371 849 5426 salutis
875 5387 990 5426 sua:
1022 5371 1314 5426 videretur
1345 5373 1548 5439 inesse,
1574 5373 1730 5427 nullo

138 5457 275 5515 etiam
301 5463 552 5532 pristinas
575 5465 895 5521 devotionis
919 5471 1290 5521 noscerentur
1314 5465 1593 5521 desiderio
1623 5483 1728 5521 an-

138 5546 315 5609 helare.
335 5557 584 5620 Quorum
606 5563 796 5614 tamen
817 5559 1034 5614 casibus
1053 5559 1379 5615 fraternitas
1398 5559 1727 5625 condolens,

139 5640 200 5697 ita
218 5647 402 5705 talium
430 5653 784 5709 necessitates
811 5653 870 5708 in
897 5654 1010 5709 ﬁde
1054 5642 1368 5726 susceperit
1392 5670 1514 5720 sua,
1549 5657 1611 5708 ut
1639 5653 1728 5708 ul-

141 5735 312 5796 timum
337 5742 443 5798 illis
481 5745 762 5803 tribuatur
784 5748 1072 5816 viaticum,
1101 5747 1314 5803 scilicet
1336 5765 1410 5802 ne
1446 5747 1568 5802 sine
1608 5748 1728 5802 fru-

140 5833 211 5882 ctu
237 5837 568 5904 pcenitentim
597 5841 900 5898 videantur
927 5841 1167 5898 transire
1196 5857 1225 5896 e
1252 5840 1476 5897 saeculo.
1505 5840 1661 5907 Quod
1684 5840 1732 5897 si

1830 4615 2071 4687 patriam
2113 4619 2310 4686 agunt,
2346 4631 2452 4685 per
2477 4615 2839 4668 deﬁnitiones
2875 4629 3153 4668 canonum
3200 4612 3463 4683 antiquo-

1828 4724 1958 4762 rum
2004 4712 2278 4779 potestate
2310 4708 2493 4762 solum
2527 4707 2689 4777 regia
2716 4707 2971 4778 punitur,
3001 4705 3091 4760 cui
3121 4711 3178 4760 et
3204 4721 3462 4777 peccasse

1828 4807 2141 4857 noscuntur
2175 4801 2246 4855 ab
2287 4800 2366 4855 eis
2413 4801 2569 4855 nulla
2613 4817 2672 4855 se
2719 4800 2987 4870 deinceps
3027 4799 3336 4856 abstinebit
3378 4817 3465 4856 sa-

1828 4895 2120 4951 cerdotum
2151 4895 2500 4961 communio,
2535 4894 2634 4948 sed
2677 4911 2818 4965 quos
2850 4893 3011 4965 regia
3055 4899 3327 4964 potestas,
3366 4897 3466 4949 aut

1829 4991 1889 5045 in
1936 4989 2179 5061 gratiam
2234 4988 2606 5059 benignitatis
2655 4987 2964 5059 receperit,
3013 4993 3111 5043 aut
3160 4988 3462 5062 participes

1829 5099 2042 5139 mensas
2107 5099 2224 5137 sum
2273 5082 2544 5150 effecerit,
2600 5082 2703 5138 hos
2754 5083 2926 5138 etiam
2989 5082 3353 5138 sacerdotum
3407 5088 3465 5137 et

1829 5178 2170 5250 populorum
2224 5183 2533 5232 conventus
2587 5175 2869 5248 suscipere
2919 5176 2977 5231 in
3034 5175 3463 5232 ecclesiasticam

1830 5271 2304 5327 communionem
2347 5269 2592 5338 debebit,
2630 5276 2691 5326 ut
2721 5270 2874 5342 quod
2913 5269 3241 5342 principalis
3287 5269 3462 5340 pietas

1830 5366 2000 5422 habet
2061 5369 2357 5437 acceptum
2421 5381 2538 5420 non
2601 5381 2633 5418 a
2695 5363 3075 5421 sacerdotibus
3137 5361 3233 5416 Dei
3294 5359 3463 5416 debet

1830 5477 1950 5517 esse
1979 5464 2331 5516 extraneum.

1898 5555 1984 5610 IV.
2017 5553 2292 5624 Majorum
2322 5553 2768 5609 institutionibus
2797 5568 2938 5607 ausu
2981 5549 3286 5605 temerario
3323 5563 3459 5603 con-

1830 5649 2024 5716 traire,
2053 5653 2109 5702 et
2150 5651 2472 5703 sanctorum
2521 5649 2750 5702 Patrum
2791 5646 3013 5700 decreta
3062 5641 3376 5698 convellere
3405 5649 3463 5698 et

1831 5743 2192 5817 superiorum
2215 5759 2446 5797 suorum
2467 5742 2742 5796 effrenata
2766 5737 2996 5792 libidine
3017 5742 3213 5792 contra
3233 5737 3462 5793 sanctis-

1832 5839 2034 5896 simam
2066 5837 2316 5914 Apostoli
2345 5836 2663 5894 doctrinam
2694 5831 3076 5888 sanctionibus
3103 5831 3296 5901 reniti,
3325 5831 3463 5906 quid
