3946 6180
1408 213 1692 268 APPEND.
1734 215 1825 269 AD
1859 215 2022 270 saec.
2063 216 2152 270 ix.
2175 239 2243 255 -ε-
2282 215 2526 270 lSIDORl
2561 186 2992 269 unacnroals
3698 229 3774 284 556

513 318 667 374 aliud
722 322 826 389 est,
877 337 1051 392 quam
1110 342 1137 370 ‹‹
1185 320 1475 376 vinculum
1525 321 1807 378 societatis
1861 323 2069 378 Christi
2112 343 2139 376 »
2166 329 2303 409 Aet
2330 324 2613 378 facturum
2650 338 2772 378 esse
2798 322 3091 393 proﬁteor.
3128 323 3266 378 Item
3296 341 3356 379 ex
3397 327 3604 384 concilio
3635 332 3776 389 Sardi-

515 414 565 485 (I
606 417 763 469 Joan.
816 431 855 483 ι,
900 413 953 485 3)
1006 414 1369 485 abrumpere,
1419 419 1476 471 et
1524 421 1809 488 usurpatae
1864 434 2142 489 praesum-

516 507 729 578 ptionis
753 507 980 561 licentia
1018 511 1232 563 statum
1275 510 1536 564 Ecclesiae
1577 510 1898 582 dissipare?
1940 514 2142 566 Prose-

514 604 723 671 quente
766 600 945 673 igitur
988 602 1316 673 venerabili,
1351 607 1407 658 et
1452 604 1804 658 sanctissimo
1849 605 1992 672 viro,
2027 606 2141 660 fra-

510 699 596 748 tre
629 696 821 749 nostro
853 695 1159 766 Stephano,
1184 697 1545 753 Emeritensis
1564 697 1716 753 sedis
1739 698 2029 770 episcopo,
2056 716 2145 755 res

511 787 677 843 nobis
711 789 951 844 novellae
980 790 1443 861 praesumptionis
1486 791 1853 863 usurpatione
1898 809 2016 848 sese
2054 794 2142 847 in-

510 882 640 938 tulit
681 883 1102 956 pertractanda,
1147 888 1305 940 tanto
1352 887 1646 940 communi
1691 890 1888 942 nostro
1926 887 2144 958 judicio

510 977 896 1046 convellenda,
955 982 1166 1049 quanto
1230 982 1287 1033 et
1339 979 1634 1050 pravitatis
1695 997 1838 1035 ausu
1896 980 2147 1036 noscitur

510 1075 853 1142 perpetrata.
902 1070 1052 1126 Dixit
1081 1072 1236 1126 enim
1273 1072 1543 1129 violentia
1592 1074 1891 1145 principali
1935 1092 1995 1129 se
2038 1074 2143 1129 im-

509 1165 740 1236 pulsum
774 1164 947 1220 fuisse
976 1169 1036 1220 ut
1063 1165 1124 1220 in
1165 1167 1510 1221 monasterio
1554 1169 1782 1237 villulae,
1815 1168 1873 1223 in
1905 1184 2016 1240 quo
2047 1185 2144 1222 ve-

513 1259 762 1314 nerabile
837 1275 1043 1330 corpus
1104 1260 1446 1315 sanctissimi
1519 1262 1736 1316 Pinevii
1810 1247 2146 1317 confessoris

513 1354 706 1409 debito
747 1353 987 1426 quiescit
1028 1354 1264 1421 honore,
1290 1371 1497 1409 novam
1534 1356 1869 1427 episcopalis
1910 1357 2148 1412 honoris

513 1447 931 1503 ordinationem
996 1448 1266 1515 efﬁceret,
1319 1451 1378 1503 et
1431 1448 1562 1503 ideo
1614 1466 1681 1504 ex
1735 1450 2037 1505 indiscreto
2093 1456 2149 1505 et

509 1541 776 1596 facillimo
826 1559 1061 1596 assensu
1114 1541 1341 1613 injustis
1389 1543 1658 1597 Vuambaa
1704 1544 1977 1615 principis
2020 1545 2147 1616 jus-

511 1635 762 1689 sionibus
815 1651 1039 1707 parens,
1085 1652 1292 1690 novam
1348 1639 1406 1691 et
1465 1636 1739 1706 injustam
1791 1638 1905 1692 illic
1956 1638 2147 1709 ponti-

2245 417 2399 472 censi
2429 417 2529 471 ubi
2555 416 2702 471 inter
2737 419 2938 470 caetera
2969 415 3294 487 praecipitur
3326 434 3339 474 :
3368 419 3590 476 Licentia
3616 426 3779 494 passim

2246 512 2430 566 danda
2456 527 2573 565 non
2604 514 2707 565 est.
2736 509 2794 564 Si
2819 509 2976 564 enim
3005 509 3191 565 subito
3215 517 3310 567 aut
3335 512 3477 567 vicus
3502 514 3686 587 aliquis,
3711 526 3782 575 aut

2244 605 2465 660 modica
2496 604 2707 671 civitas,
2729 602 2818 657 cui
2848 602 2979 657 satis
3010 607 3096 657 est
3125 620 3270 658 unus
3295 606 3581 677 presbyter,
3596 611 3783 667 voluerit

2245 700 2350 754 sibi
2378 699 2711 771 episcopum
2745 696 2997 752 ordinari
3035 697 3106 752 ad
3135 698 3242 753 hoc
3284 703 3347 754 ut
3382 700 3583 757 vilescat
3622 720 3783 761 nomen

2246 792 2495 865 episcopi
2507 798 2565 847 et
2578 791 2903 857 auctoritas,
2919 807 3034 845 non
3059 791 3265 847 debent
3278 791 3356 847 illi
3372 809 3434 848 ex
3448 794 3547 849 alia
3560 799 3785 866 provincia

2245 887 2468 942 invitati
2491 888 2676 941 facere
2705 885 3039 956 episcopum
3076 885 3136 939 in
3166 885 3365 956 quibus
3402 893 3553 943 antea
3576 905 3670 944 non
3694 891 3785 946 fuit.

2250 983 2387 1036 Item
2407 981 2477 1035 de
2498 979 2779 1035 sententia
2808 996 3007 1034 eorum
3029 979 3128 1050 qui
3148 979 3462 1050 hujusmodi
3477 983 3788 1039 ordinationes

2247 1076 2482 1143 faciunt,
2499 1075 2585 1129 vel
2605 1074 2674 1129 de
2700 1074 2790 1128 his
2820 1072 2919 1144 qui
2944 1076 3142 1127 contra
3166 1074 3285 1128 haec
3315 1073 3555 1131 instituta
3570 1093 3789 1133 canonum

2247 1169 2601 1235 ordinantur,
2615 1184 2685 1222 ex
2697 1166 2935 1221 concilio
2947 1167 3270 1236 Tauritano,
3284 1168 3439 1223 titulo
3452 1168 3539 1223 ubi
3551 1170 3791 1226 dicit:Ges-

2248 1266 2438 1317 torum
2466 1278 2694 1333 quoque
2724 1261 2931 1315 seriem
2960 1260 3235 1315 conscribi
3260 1262 3460 1333 placuit
3476 1262 3540 1317 ad
3565 1270 3791 1335 perpetem

2248 1356 2603 1428 disciplinam
2623 1356 2773 1427 quod
2789 1356 2935 1410 circa
2957 1358 3221 1410 octavum
3237 1356 3521 1410 Ursionem
3538 1358 3789 1427 Remigium

2247 1450 2529 1522 Adrephaa
2581 1450 2910 1521 episcopum
2961 1449 3210 1521 synodus
3254 1453 3442 1504 sancta
3481 1449 3705 1519 decrevit,
3725 1452 3794 1522 qui

2248 1544 2308 1599 in
2339 1543 2764 1616 usurpationem
2791 1544 3101 1614 quamdam
3128 1543 3201 1598 de
3233 1543 3577 1599 ordinatione
3603 1545 3795 1599 sacerdo-

2248 1644 2371 1692 tum
2397 1638 2469 1692 ad
2497 1637 2771 1692 invidiam
2794 1637 3124 1705 vocabatur,
3154 1637 3311 1709 quod
3336 1637 3412 1691 ita
3439 1637 3521 1692 his
3545 1637 3726 1692 videtur
3738 1639 3796 1692 in-

510 1729 685 1783 ﬁcalis
732 1729 879 1785 sedis
935 1729 1362 1801 praelectionem
1423 1729 1664 1800 induxit,
1723 1731 1823 1785 ubi
1880 1720 2495 1798 canonicaBdultum,
2525 1734 2589 1785 ut
2635 1731 2704 1786 de
2752 1735 2964 1786 caetero
3009 1731 3114 1785 hac
3163 1730 3488 1786 auctoritate
3531 1731 3795 1785 commoniti

513 1823 844 1879 constitutio
871 1823 928 1879 id
956 1824 1081 1878 ﬁeri
1114 1824 1445 1879 omnimoda
1474 1824 1697 1879 ratione
1738 1825 1963 1893 refellit,
1997 1842 2143 1897 prae-

511 1916 690 1971 dictus
714 1916 870 1972 idem
895 1917 979 1972 vir
1004 1920 1323 1990 prostratus
1353 1918 1518 1973 humi
1548 1918 1936 1974 medicamine
1966 1920 2144 1974 nostri

509 2011 802 2083 praecepti,
833 2015 890 2066 et
940 2011 1047 2066 sibi
1094 2012 1232 2066 dare
1275 2012 1502 2067 veniam
1551 2012 1693 2083 petit
1739 2018 1797 2067 et
1843 2014 1992 2084 quod
2038 2030 2143 2084 po-

508 2103 793 2160 tissimum
836 2104 961 2160 ﬁeri
1014 2107 1271 2176 oporteat
1318 2106 1389 2160 de
1444 2122 1682 2177 persona
1731 2106 1853 2178 ejus
1895 2105 1993 2178 qui
2035 2107 2147 2161 illic

511 2196 805 2253 ordinatus
847 2199 1036 2253 fuerat
1076 2198 1254 2254 nostri
1296 2198 1411 2254 oris
1451 2198 1739 2255 sententia
1784 2200 2014 2255 decerni
2046 2218 2145 2271 po-

510 2290 709 2362 poscit.
740 2291 844 2346 Sed
873 2291 1009 2362 quia
1033 2291 1332 2362 veraciter,
1356 2292 1474 2348 imo
1502 2293 1882 2348 communiter
1904 2310 2144 2349 novera-

509 2402 638 2440 mus
656 2384 991 2456 prasdictum
1012 2386 1328 2458 principem
1352 2387 1590 2442 concilio
1610 2387 1855 2442 levitatis
1878 2391 2147 2459 agentem

510 2496 629 2534 non
657 2479 844 2535 solum
880 2479 1236 2551 praecepisse,
1268 2483 1330 2534 ut
1369 2480 1427 2535 in
1464 2481 1735 2552 praedicto
1779 2482 1902 2537 loco
1941 2482 2147 2554 aliquis

512 2573 807 2645 episcopus
832 2572 1015 2640 ﬁeret,
1043 2574 1143 2628 sed
1174 2574 1351 2629 etiam
1382 2574 1463 2629 ita
1495 2592 1626 2629 cum
1659 2576 1938 2631 consuetis
1970 2576 2145 2631 obsti-

511 2667 839 2724 nationibus
882 2668 1199 2738 desinisset,
1242 2672 1305 2723 ut
1344 2667 1402 2722 in
1450 2669 1721 2724 suburbio
1768 2671 2039 2725 Toletano
2089 2670 2148 2725 in

514 2761 753 2817 ecclesia
825 2761 1182 2817 Praetoriensi
1245 2766 1575 2818 sanctorum
1657 2763 1809 2818 Petri
1871 2767 1928 2818 et
1991 2763 2148 2818 Pauli

515 2854 845 2927 episcopum
890 2855 1202 2924 ordinaret,
1247 2872 1471 2911 necnon
1512 2859 1570 2912 et
1612 2856 1673 2911 in
1719 2856 1842 2911 aliis
1886 2856 2022 2911 vicis
2060 2857 2148 2911 vel

514 2948 725 3004 villulis
773 2948 1032 3004 similiter
1080 2948 1312 3004 faceret.
1371 2949 1503 3005 Ideo
1558 2966 1661 3022 pro
1710 2953 1828 3005 tam
1884 2950 2150 3006 insolenti

513 3042 844 3113 hujusmodi
892 3042 1313 3114 exstirpationis
1355 3043 1604 3112 licentia,
1644 3045 1795 3115 quod
1831 3045 1899 3099 de
1937 3045 2044 3099 hac
2087 3060 2149 3098 re

517 3136 730 3190 habent
758 3135 1019 3191 instituta
1048 3153 1336 3192 canonum
1362 3138 1422 3193 in
1451 3138 1715 3193 medium
1744 3138 1989 3209 proferri
2007 3154 2149 3209 prae-

515 3230 790 3302 cepimus.
820 3232 974 3285 Tunc
1018 3231 1141 3286 haec
1188 3232 1249 3286 in
1294 3232 1496 3287 ordine
1539 3232 1849 3287 constituta
1898 3232 2149 3303 perlecta

515 3328 666 3379 sunt.
718 3325 779 3378 In
819 3324 1035 3396 primis,
1079 3341 1146 3380 ex
1188 3325 1434 3397 Epistola
1477 3326 1636 3381 Pauli
1681 3326 1804 3380 Tito
1850 3325 2145 3396 discipulo,

513 3423 579 3473 ut
603 3418 892 3490 episcopos
933 3435 1033 3490 per
1056 3418 1309 3475 civitates
1348 3419 1693 3475 constituere
1738 3419 1948 3475 debeat
1997 3436 2146 3490 prae-

517 3512 681 3584 cepit.
749 3514 890 3568 Item
950 3530 1017 3568 ex
1076 3513 1315 3569 concilio
1388 3514 1643 3582 Nicaeno,
1700 3513 1868 3568 titulo
1931 3516 2147 3579 octavo,

517 3605 614 3660 ubi
668 3606 817 3662 inter
864 3609 1069 3661 caetera
1142 3608 1472 3679 praecipitur
1518 3612 1582 3662 ut
1639 3607 1698 3662 in
1752 3607 1979 3663 civitate
2035 3623 2151 3660 una

515 3715 633 3755 non
678 3698 977 3755 videantur
1026 3699 1141 3755 duo
1195 3700 1448 3773 episcopi
1501 3713 1644 3755 esse.
1705 3701 1845 3755 Item
1890 3716 1957 3755 ex
2010 3716 2149 3754 con-

517 3793 644 3850 cilio
674 3795 1024 3863 Laodicaano,
1056 3794 1219 3851 titulo
1245 3793 1723 3866 quinquagesimo
1756 3794 2023 3867 septimo,
2052 3793 2152 3848 ubi

520 3890 695 3946 dicit:
742 3891 863 3946 Non
912 3892 1136 3962 oportet
1181 3888 1241 3943 in
1287 3888 1421 3944 vicis
1470 3894 1527 3944 et
1574 3889 1633 3943 in
1675 3888 1883 3942 villulis
1933 3888 2149 3958 episco-

516 4002 620 4056 pos
647 3984 919 4051 ordinari,
950 3986 1008 4039 et
1030 3989 1252 4039 caetera.
1284 3985 1423 4038 ltcm
1466 4000 1531 4038 ex
1566 3982 1801 4038 concilio
1831 3982 2033 4036 Africae
2063 3996 2151 4035 se-

518 4079 725 4145 cundo,
768 4078 934 4132 titulo
979 4078 1200 4149 quinto,
1245 4076 1342 4130 ubi
1384 4076 1536 4131 Felix
1586 4076 1889 4147 episcopus
1934 4074 2151 4130 Selem-

519 4172 789 4227 selitanus
842 4170 980 4225 dixit
1024 4188 1037 4225 :
1090 4169 1275 4224 Etiam
1332 4169 1379 4223 si
1434 4170 1543 4225 hoc
1591 4168 1804 4240 placuit
1867 4167 2153 4223 sanctitati

520 4269 742 4329 vestrae,
790 4262 1014 4317 insinuo
1066 4265 1132 4316 ut
1189 4261 1455 4316 dimcescs
1509 4277 1635 4333 qum
1687 4277 1985 4333 nunquam
2050 4262 2151 4315 ha-

521 4359 770 4412 buerunt
809 4356 1100 4428 episcopos
1150 4372 1266 4410 non
1310 4354 1581 4425 habeant,
1612 4354 1865 4410 dioecesis
1894 4371 2024 4427 quae
2051 4356 2153 4410 ali-

2166 3088 2223 3163 C

2248 1825 2389 1880 nihil
2422 1841 2694 1895 usurpare
2737 1829 3030 1893 conentur,
3061 1824 3348 1896 siquidem
3377 1842 3434 1878 se
3463 1824 3527 1878 ab
3564 1825 3656 1878 hac
3680 1841 3798 1879 causa

2246 1919 2347 1977 tali
2422 1918 2783 1973 excusatione
2855 1918 3245 1985 defenderint,
3314 1935 3425 1990 qua
3495 1918 3715 1972 dicerent
3758 1934 3797 1971 se

2244 2030 2362 2069 non
2386 2030 2505 2068 esse
2523 2012 2685 2085 prius
2710 2014 3035 2068 conventos.
3058 2012 3303 2067 Proinde
3320 2011 3579 2083 judicavit
3595 2012 3798 2083 synodus,

2245 2112 2311 2163 ut
2335 2108 2382 2162 si
2407 2107 2532 2178 quis
2561 2123 2631 2161 ex
2655 2107 2767 2161 hoc
2806 2107 3005 2162 fecerit
3039 2110 3235 2161 contra
3279 2106 3529 2160 instituta
3559 2105 3797 2175 majorum,

2247 2202 2384 2256 sciat
2424 2201 2492 2268 is,
2521 2200 2620 2272 qui
2649 2200 2947 2256 ordinatus
2992 2199 3189 2266 fuerit,
3222 2198 3522 2254 sacerdotis
3562 2215 3613 2253 se
3637 2199 3799 2253 honore

2245 2294 2610 2368 privandum,
2640 2299 2696 2349 et
2743 2294 2836 2348 ille
2871 2293 2971 2365 qui
3002 2293 3351 2348 ordinaverit
3377 2293 3679 2348 auctoritate
3699 2309 3743 2346 se
3761 2292 3800 2344 in

2248 2388 2717 2456 ordinationibus,
2746 2388 2833 2441 vel
2866 2387 2925 2441 in
2957 2386 3206 2442 conciliis
3243 2387 3475 2442 minime
3500 2390 3799 2441 retenturum.

2246 2484 2370 2537 Non
2392 2482 2581 2537 solum
2605 2486 2799 2536 autem
2820 2481 2969 2536 circa
2992 2488 3377 2536 memoratum
3407 2480 3696 2553 episcopum
3716 2480 3800 2533 hac

2248 2576 2528 2631 sententia
2543 2575 2891 2647 praevalebit,
2908 2575 3006 2629 sed
3035 2578 3093 2630 et
3112 2575 3263 2630 circa
3279 2591 3468 2631 omnes
3491 2573 3641 2629 simili
3659 2588 3798 2627 errore

2249 2670 2512 2741 deceptos
2540 2670 2636 2741 qui
2663 2668 3050 2724 ordinationes
3091 2669 3422 2739 hujusmodi
3460 2669 3802 2740 perpetrarent.

2249 2764 2344 2817 His
2366 2780 2502 2835 ergo
2520 2762 2845 2818 fortissimis
2869 2762 3087 2834 regulis
3114 2763 3384 2818 effectum
3407 2763 3482 2834 pii
3503 2761 3666 2834 operis
3681 2775 3806 2831 Oppo-

2247 2861 2469 2926 nentes,
2498 2857 2558 2911 in
2590 2855 2885 2911 communi
2910 2856 3247 2911 deﬁnitione
3279 2857 3563 2928 elegimus,
3585 2853 3699 2908 utin
3720 2854 3805 2905 loco

2247 2950 2459 3005 villulae
2491 2950 2828 3021 supradictae
2873 2948 3140 3021 deinceps
3182 2951 3348 3005 sedes
3395 2948 3693 3022 episcopalis
3725 2961 3806 3000 nou

2251 3047 2570 3115 remaneat,
2597 3060 2784 3115 neque
2812 3043 3109 3115 episcopus
3134 3044 3251 3098 illic
3281 3044 3430 3099 ultra
3456 3038 3806 3098 constituendus

2249 3138 2471 3207 cxistat,
2506 3137 2596 3192 hic
2642 3141 2832 3192 tamen
2877 3136 3189 3193 Convildus
3219 3138 3322 3209 qui
3365 3143 3554 3192 contra
3588 3135 3806 3205 majorum

2247 3231 2471 3286 decreta
2534 3231 2649 3285 illic
2699 3230 2921 3286 videtur
2970 3231 3269 3286 institutus
3336 3232 3503 3286 fuisse
3556 3229 3805 3300 episcopus,

2250 3325 2416 3379 nullis
2460 3340 2750 3379 canonum
2781 3325 2891 3380 erit
2918 3325 2992 3379 ad
3032 3324 3568 3381 condemnationem
3614 3321 3687 3377 sui
3717 3334 3805 3374 sen-

2249 3418 2440 3473 tentiis
2468 3419 2846 3488 ulciscendus,
2879 3419 3012 3491 quia
3045 3435 3160 3474 non
3187 3420 3516 3487 ambitione,
3544 3416 3627 3473 sed
3652 3411 3807 3486 princi-

2249 3512 2335 3584 pis
2357 3511 2696 3584 impulsione
2723 3512 2973 3568 constitit
3001 3512 3319 3569 ordinatus.
3348 3516 3412 3568 Et
3428 3513 3549 3567 ideo
3565 3507 3739 3567 hocilli
3752 3520 3812 3559 re-

2250 3606 2501 3661 medium
2516 3605 2855 3661 humilitatis
2876 3606 3241 3661 concedimus
3258 3607 3392 3662 utin
3409 3607 3586 3661 sedem
3599 3602 3737 3659 aliam
3748 3598 3811 3653 dc-

2251 3700 2500 3755 cedentis
2512 3699 2598 3771 cuj
2609 3698 2865 3772 uslibet1
2881 3698 3271 3773 36episcopi
3284 3700 3812 3766 transferatur,etpre

2251 3793 2433 3848 dictus
2448 3793 2605 3848 locus
2625 3794 2729 3848 sub
2752 3794 3060 3849 monastica
3077 3794 3348 3867 deinceps
3368 3792 3688 3849 institutione
3700 3801 3811 3841 man-

2253 3903 2417 3941 surus
2442 3903 2559 3941 non
2584 3887 2887 3959 episcopali
2912 3888 3064 3943 ultra
3089 3888 3390 3961 privilegio
3430 3890 3615 3954 fretus,
3639 3899 3721 3938 nec
3740 3877 3811 3933 sub

2252 3980 2532 4051 regimine
2560 3980 2777 4035 abbatis
2796 3981 2963 4052 (sicut
2983 3982 3281 4054 hucusque
3304 3983 3426 4053 fuit)
3444 3982 3547 4037 erit
3566 3976 3721 4034 modis
3731 3988 3811 4026 om-

2252 4073 2420 4127 nibus
2442 4074 2869 4145 mancipandus.
2884 4076 2911 4130 J
2916 4092 3011 4129 am
3029 4092 3162 4131 vero
3181 4075 3254 4131 de
3273 4080 3477 4132 caetero
3499 4069 3730 4147 generale
3746 4081 3812 4137 p0-

2253 4172 2456 4222 nentes
2488 4167 2756 4223 edictum.
2776 4168 2834 4223 Si
2860 4168 2988 4240 quis
3014 4172 3212 4224 contra
3241 4170 3366 4225 haec
3396 4183 3659 4225 canonum
3685 4163 3810 4217 inter-

2253 4260 2401 4316 dicta
2420 4261 2615 4316 venire
2636 4264 2874 4316 conatus
2895 4262 3085 4330 fuerit,
3105 4268 3169 4318 ut
3194 4262 3252 4318 in
3275 4264 3414 4319 locis
3434 4263 3539 4318 illis
3557 4260 3812 4333 episcopum

2253 4354 2425 4427 eligat
2442 4355 2571 4409 ﬁeri
2593 4355 2689 4409 ubi
2712 4354 3006 4426 episcopus
3030 4372 3330 4428 nunquam
3348 4358 3472 4424 fuit,
3494 4353 3753 4410 anathema
3764 4345 3814 4398 sil

519 4450 749 4524 quando
770 4449 987 4521 habuit,
1011 4449 1219 4505 habeat
1248 4447 1545 4521 proprium
1573 4448 1923 4521 episcopum.
1946 4449 2155 4505 Secun-
2172 4463 2232 4536 Β
2254 4448 2314 4502 in
2341 4452 2647 4519 conspectu
2671 4449 2769 4504 Dei
2795 4449 3217 4520 omnipotentis,
3245 4457 3304 4505 et
3330 4451 3557 4523 insuper
3578 4452 3678 4502 tam
3700 4438 3812 4497 ordi-

521 4546 658 4602 dum
675 4548 870 4601 autem
891 4545 1034 4600 hanc
1052 4542 1509 4617 prosecutiouem
1523 4542 1833 4598 sanctitatis
1854 4548 2054 4598 vestrae
2071 4546 2157 4598 est

520 4640 822 4695 aestimare.
840 4639 1003 4704 Quod
1020 4638 1142 4693 ﬁeri
1158 4636 1662 4694 debeatGenedius
1680 4636 1975 4709 episcopus
1990 4637 2149 4692 dixit:

521 4733 576 4788 Si
605 4733 790 4803 placet
818 4733 1128 4789 insinuatio
1156 4732 1346 4788 fratris
1384 4736 1441 4787 et
1482 4730 1801 4804 coepiscopi
1828 4730 2011 4787 nostri
2052 4732 2151 4786 Fe-

520 4826 658 4891 licis,
679 4826 749 4881 ab
770 4827 1032 4882 omnibus
1063 4828 1452 4883 conﬁrmetur.
1473 4825 1555 4881 Ab
1576 4825 1857 4881 universis
1878 4823 2156 4897 episcopis

522 4920 739 4975 dictum
766 4924 851 4975 est
883 4938 895 4975 :
928 4922 1138 4976 Placet.
1170 4923 1307 4976 ltem
1340 4937 1409 4975 ex
1449 4919 1689 4975 concilio
1730 4919 1933 4974 Africae
1964 4936 2045 4988 In,
2080 4918 2152 4973 ti-

524 5013 640 5073 tulo
682 5015 770 5081 42,
798 5014 899 5069 ubi
926 5014 1081 5080 dicit,
1112 5019 1172 5070 ut
1208 5031 1325 5069 non
1369 5014 1607 5085 accipiat
1648 5015 1890 5069 alterum
1934 5013 2152 5085 episco-

522 5124 662 5180 pum
690 5107 849 5178 plebs
876 5124 1005 5178 qute
1030 5107 1090 5161 in
1136 5107 1364 5163 dimcesi
1405 5124 1571 5178 seper
1607 5106 1909 5178 subjacuit.
1942 5107 2154 5179 Epigo-

520 5201 650 5259 nius
681 5200 977 5273 episcopus
1006 5200 1157 5255 inter
1185 5205 1390 5256 caetera
1415 5200 1493 5255 sic
1523 5200 1667 5256 dixit
1694 5217 1706 5256 :
1732 5201 1845 5256 Hoc
1878 5200 2002 5255 dico
2036 5216 2155 5255 non

524 5295 731 5352 debere
762 5298 1045 5351 rectorem
1077 5294 1334 5367 accipere
1365 5312 1489 5350 eam
1519 5295 1749 5366 plebem
1778 5311 1905 5366 qua:
1936 5294 1996 5348 in
2024 5294 2157 5350 dia:-

521 5390 630 5446 ccsi
665 5406 894 5461 semper
922 5388 1224 5459 subjacuit,
1253 5404 1359 5444 nec
1392 5405 1649 5460 unquam
1678 5388 1981 5460 prOprium
2013 5388 2157 5458 epis-

520 5501 731 5557 copum
774 5482 989 5539 habuit.
1027 5482 1388 5555 Quapropter
1414 5483 1461 5536 si
1498 5482 1758 5537 universo
1800 5480 2155 5537 sanctissimo

521 5578 685 5634 coetui
715 5578 904 5651 placet
932 5579 1058 5646 hoc,
1088 5577 1240 5651 quod
1278 5576 1546 5649 praefatus
1585 5593 1733 5644 sum,
1756 5576 2151 5631 conﬁrmetur.

516 5672 777 5727 Aurelius
810 5673 1107 5746 episcopus
1154 5671 1333 5728 dixit:
1378 5670 1584 5727 Fratris
1627 5674 1684 5726 et
1735 5669 2155 5726 consacerdotis

508 5765 684 5819 nostri
717 5767 1094 5835 prosecutioni
1123 5784 1237 5824 non
1267 5766 1495 5838 obsisto,
1526 5766 1620 5822 scd
1652 5766 1757 5821 hoc
1798 5781 1886 5821 me
1926 5763 2151 5832 fecisse,

2257 4545 2420 4596 nator
2460 4558 2631 4613 quam
2679 4542 2974 4598 ordinatus
3019 4542 3229 4614 gradus
3273 4544 3361 4599 sui
3409 4541 3611 4599 ordinis
3650 4535 3812 4611 perdat.

2257 4635 2391 4705 quia
2431 4652 2547 4689 non
2592 4636 2778 4690 solum
2818 4636 3186 4708 antiquorum
3229 4639 3463 4693 Patrum
3512 4636 3706 4692 decreta
3743 4623 3813 4682 sed

2256 4729 2562 4799 apostolica
2589 4746 2758 4785 ausus
2783 4733 2869 4784 est
2893 4730 3216 4785 convellere
3251 4731 3523 4786 instituta.

2327 4823 2388 4878 V.
2419 4823 2682 4877 Relatum
2725 4823 2888 4878 nobis
2931 4829 3017 4879 est
3057 4823 3339 4894 quosdam
3382 4825 3451 4880 de
3497 4816 3815 4878 sacerdotibus

2258 4933 2371 4971 non
2414 4921 2493 4971 tot
2522 4916 2735 4971 vicibus
2781 4916 3202 4973 communionis
3247 4924 3454 4974 sanctae
3502 4915 3714 4989 gratiam
3746 4923 3814 4960 su-

2256 5027 2412 5066 mere
2431 5013 2573 5083 quot
2586 5010 2852 5065 sacriﬁcia
2867 5010 2926 5066 in
2948 5027 3065 5065 una
3081 5011 3170 5067 die
3185 5011 3450 5068 videntur
3468 5011 3673 5076 oﬁ‘erre,
3686 5002 3759 5059 sed
3774 4999 3815 5053 in

2254 5121 2369 5160 uno
2400 5105 2509 5172 die,
2542 5104 2586 5159 si
2617 5104 2864 5176 plurima
2888 5121 2993 5176 per
3017 5122 3073 5161 se
3100 5106 3214 5161 Deo
3247 5106 3487 5162 offerant
3508 5098 3757 5160 sacriﬁcia,
3776 5093 3817 5146 in

2258 5199 2527 5254 omnibus
2548 5216 2607 5253 se
2630 5197 3007 5254 oblationibus
3024 5217 3057 5254 a
3075 5200 3480 5256 communione
3506 5190 3816 5269 suspendunt.

2258 5298 2315 5348 et
2344 5293 2400 5348 in
2431 5292 2553 5348 sola
2589 5296 2780 5347 tamen
2813 5292 3048 5348 extremi
3092 5293 3352 5349 sacriﬁcii
3398 5292 3660 5350 oblatione
3697 5296 3816 5339 com-

2255 5386 2545 5441 munionis
2596 5389 2801 5441 sanctae
2853 5386 3095 5457 gratiam
3148 5392 3399 5456 sumunt,
3444 5384 3598 5459 quasi
3635 5395 3729 5437 non
3768 5371 3817 5427 sit

2254 5480 2420 5535 toties
2453 5480 2530 5534 illi
2559 5497 2690 5535 vero
2719 5486 2775 5535 et
2799 5480 3076 5552 singulari
3115 5481 3388 5537 sacriﬁcio
3429 5470 3815 5553 participandlﬂn

2255 5574 2474 5647 quoties
2527 5574 2779 5646 corporis
2829 5578 2885 5630 et
2926 5574 3220 5648 sanguinis
3265 5574 3486 5630 Domini
3528 5568 3689 5627 nostri
3718 5566 3816 5618 les“

2254 5668 2461 5724 Christi
2489 5668 2804 5725 immolatio
2847 5670 2991 5724 facta
3035 5669 3368 5727 constiterit.
3403 5670 3539 5724 Nam
3563 5679 3676 5721 ecce
3699 5661 3814 5726 ΑΡ⁰²

2256 5763 2431 5818 stolus
2459 5763 2593 5820 dicit
2622 5780 2633 5818 :
2670 5785 2696 5812 α
2724 5765 2921 5819 Nonne
2966 5764 3064 5836 qui
3111 5765 3287 5820 edunt
3314 5763 3538 5828 hostias,
3571 5751 3817 5830 participes
