3946 6180
476 170 579 229 559

1377 173 1660 227 APPEND.
1705 174 1792 230 AD
1833 172 2002 232 SEC.
2042 173 2132 228 IX‘.
2159 184 2226 212 -—'
2265 173 2518 229 ISIDOPJ'
2545 173 2970 232 MERCATORIS
3686 186 3765 242 550

473 277 834 350 professionis
862 289 978 332 Suae
1009 278 1366 334 conscribere
1395 279 1620 335 debeat.
1651 283 1811 348 Item,
1840 281 2113 336 conditio-
2134 292 2192 366 Α
2212 280 2470 351 fecerint,
2511 280 2557 336 si
2588 281 2750 352 juxta
2788 281 3106 352 priscorum
3143 298 3417 339 canonum
3459 285 3692 356 instituta,
3723 293 3766 347 hi

478 389 580 435 nes
605 372 930 450 Iudaeorum
960 388 1099 443 quas
1116 372 1312 443 jurare
1337 373 1584 430 debeant
1601 374 1681 441 hi,
1709 374 1806 447 qui
1833 391 1902 430 ex
1930 375 2010 430 eis
2037 374 2112 429 ad

476 467 646 522 ﬁdem
691 465 1000 535 venientes,
1031 466 1417 538 professiones
1462 485 1591 523 suas
1635 468 1918 524 dederint.
1968 471 2110 523 Item

476 561 546 614 de
576 559 910 614 Christianis
933 559 1228 632 mancipiis
1251 561 1578 620 Iudaeorum
1598 578 1727 634 quas
1756 578 1814 617 se
1841 579 1957 618 non
1985 579 2113 634 pro-

473 653 724 712 diderint
767 653 1120 709 Christianos
1151 654 1267 710 sive
1312 655 1382 710 de
1412 655 1858 726 publicatoribus
1886 673 2109 712 eorum.

478 749 617 803 Item
661 763 735 808 ne
763 747 942 802 Judaei
991 766 1025 802 a
1067 748 1324 820 quolibet
1351 751 1632 820 potestate
1679 754 1910 822 accepta
1951 754 2113 807 extra

475 841 703 914 regiam
726 842 1138 899 ordinationem
1169 842 1554 899 Christianum
1597 860 1889 917 quemque
1926 844 2108 916 impe-

475 940 617 1005 tere,
648 937 895 1008 plectere
925 936 1013 991 vel
1056 935 1398 1008 distringere
1439 937 1709 994 audeant.
1763 940 1924 1008 Item,
1967 942 2034 993 ut
2066 938 2113 993 si

473 1030 803 1086 Iudaeorum
831 1029 997 1099 servi,
1027 1030 1273 1086 necdum
1302 1030 1491 1086 adhuc
1518 1031 1777 1087 conversi
1809 1032 1878 1087 ad
1905 1031 2111 1088 Christi

448 1166 454 1170 η
478 1124 720 1194 gratiam
767 1123 1201 1180 convolaverint
1229 1124 1481 1180 libertati
1509 1125 1816 1182 donentur.
1852 1127 2010 1194 Item,
2038 1143 2111 1180 ne

473 1217 655 1273 Judaei
706 1217 1182 1273 administratorio
1219 1235 1328 1273 usu
1377 1219 1437 1273 in
1490 1219 1748 1274 ordinem
1795 1220 2112 1276 villicorum

476 1317 647 1383 atque
687 1317 942 1368 actorum
987 1313 1372 1368 Christianam
1397 1313 1675 1369 familiam
1716 1314 1974 1385 redigere
2007 1332 2110 1370 au-

475 1406 663 1476 deant,
694 1411 751 1461 et
789 1406 859 1461 de
899 1406 1123 1462 damnis
1148 1423 1349 1463 eorum
1390 1407 1487 1479 qui
1527 1407 1661 1462 talia
1687 1408 1998 1464 ordinanda
2024 1409 2109 1464 in-

469 1500 789 1571 junxerint.
836 1502 974 1558 Item
1002 1501 1229 1556 Iudaeus
1261 1518 1328 1555 ex
1353 1500 1477 1555 aliis
1507 1501 1810 1573 provinciis
1836 1503 1924 1557 vel
1948 1503 2108 1558 terri-

475 1593 635 1652 toriis
663 1594 732 1649 ad
758 1593 912 1665 regis
925 1595 1109 1650 nostri
1135 1595 1409 1651 ditionem
1435 1596 1852 1666 pertinentibus
1877 1597 2114 1652 veniens

2212 373 2309 446 qui
2358 391 2454 428 eos
2511 377 2784 446 repetunt
2820 391 3042 429 sacram
3080 375 3446 444 reddiderint,
3481 383 3533 433 et
3565 385 3768 439 sacerdos

2213 467 2463 523 ecclesiae
2505 468 2702 539 ipsius,
2745 468 2814 522 ab
2847 468 3080 523 ecclesia
3113 485 3223 524 non
3267 470 3576 527 abstraxerit
3600 475 3770 532 foribus

2210 565 2310 616 aut
2333 561 2494 633 fuga,
2523 561 2727 616 talium
2753 561 2798 615 si
2826 562 3081 618 evenerit
3105 562 3380 618 sacerdoti
3400 568 3669 636 quzerenda
3690 576 3768 632 est,

2210 657 2311 710 aut
2329 656 2674 710 damnorum
2703 655 2984 711 sententia
3003 657 3319 712 secundum
3338 658 3640 715 electionem
3659 665 3772 733 prin-

2211 749 2349 820 cipis
2376 749 2706 819 hujusmodi
2737 750 3122 805 sacerdotibus
3148 750 3460 821 irroganda.

2282 843 2366 898 XI.
2398 845 2688 914 Prmcepta
2733 843 2961 898 Domini
2985 848 3120 898 sunt
3143 843 3378 900 dicentis
3409 862 3422 899 :
3455 867 3482 894 «
3511 846 3617 901 Non
3644 848 3774 903 facies

2213 936 2320 990 tibi
2345 936 2621 1008 sculptile,
2664 953 2851 1008 neque
2885 953 3120 992 omnem
3146 937 3561 993 similitudinem
3589 956 3694 1011 qua:
3713 948 3774 995 est

2212 1030 2271 1085 in
2301 1031 2440 1085 coelo
2473 1030 2738 1102 desuper,
2767 1033 2824 1084 et
2848 1047 2976 1102 qum
3002 1030 3062 1085 in
3093 1034 3266 1098 terra,
3301 1031 3574 1100 deorsum,
3598 1051 3685 1089 nec
3703 1052 3773 1090 eo-

2211 1141 2341 1178 rum
2369 1141 2496 1195 quze
2528 1129 2660 1178 sunt
2700 1123 2760 1178 in
2803 1124 2966 1196 aquis
2993 1125 3096 1180 sub
3124 1128 3299 1194 terra,
3333 1141 3434 1180 nec
3468 1125 3693 1183 adorabis
3715 1145 3776 1196 ea,

2211 1235 2397 1290 neque
2444 1219 2593 1274 coles
2638 1219 2834 1288 (Emod.
2867 1235 2961 1286 xx,
2991 1219 3023 1273 4
3067 1223 3117 1274 et
3162 1219 3234 1289 5).
3266 1241 3294 1268 »
3328 1220 3462 1275 Item
3488 1237 3501 1276 :
3531 1222 3669 1286 «Qui
3698 1223 3776 1277 im-

2212 1312 2394 1367 molat
2419 1311 2545 1382 diis,
2564 1311 2872 1379 occidetur,
2887 1317 3274 1384 praeterquam
3285 1313 3516 1369 Domino
3527 1315 3617 1370 soli
3628 1317 3777 1386 (Exod.

2213 1423 2344 1476 m1,
2375 1407 2484 1477 20).
2515 1427 2543 1455 »
2575 1407 2717 1461 Item
2745 1424 2760 1460 :
2800 1405 2948 1460 «Vir
2975 1410 3075 1461 aut
3099 1406 3308 1463 mulier
3349 1407 3444 1481 qui
3469 1408 3660 1465 faciunt
3687 1427 3777 1466 ma-

2211 1500 2336 1556 lum
2364 1502 2496 1555 ante
2528 1503 2897 1571 conspectum
2935 1499 3163 1556 Domini
3206 1500 3307 1557 Dei
3343 1501 3447 1570 sui,
3475 1507 3530 1558 et
3548 1506 3777 1576 transgre-

2215 1593 2450 1648 diuntur
2498 1598 2729 1665 pactum
2770 1593 2942 1663 illius,
2987 1598 3054 1648 ut
3097 1594 3328 1665 vadant,
3370 1599 3426 1650 et
3462 1596 3677 1652 serviant
3704 1597 3778 1652 diis

476 1687 744 1759 episcopo
775 1689 901 1757 loci,
929 1690 1016 1744 vel
1044 1689 1326 1744 sacerdoti
1346 1705 1404 1745 se
1425 1692 1776 1761 praesentare
1801 1707 1917 1746 non
1948 1691 2110 1746 diIfe-
2135 1665 2190 1737 Β
2215 1686 2434 1756 alienis,
2485 1692 2542 1742 et
2595 1687 2834 1742 adorent
2880 1703 2995 1757 eos,
3048 1688 3135 1742 vel
3189 1688 3371 1743 solem
3423 1694 3478 1744 et
3526 1691 3711 1759 lunam,
3741 1697 3781 1746 et

475 1785 584 1850 rat,
633 1785 695 1836 ut
723 1781 857 1854 quid
904 1782 1042 1837 sciat
1068 1799 1200 1838 eum
1230 1784 1289 1838 in
1318 1787 1438 1838 toto
1466 1784 1765 1839 observare
1793 1785 2110 1840 conveniat.

472 1877 634 1944 Item,
679 1880 742 1932 ut
782 1893 1091 1932 concursus
1128 1878 1465 1932 Iudaeorum
1495 1878 1698 1933 diebus
1744 1879 2014 1934 institutis
2041 1880 2114 1935 ad

473 1970 805 2042 episcopum
857 1971 983 2025 fieri
1043 1971 1308 2026 debeant.
1356 1974 1494 2026 Item
1537 1976 1605 2026 ut
1642 1972 1966 2044 quicunque
2014 1975 2111 2028 .Iu-

473 2064 661 2118 dueum
695 2081 887 2119 secum
916 2070 1317 2137 assequentem
1362 2065 1647 2133 habuerit,
1691 2071 1990 2138 expetente
2023 2084 2110 2122 sa-

475 2158 706 2213 cerdote
736 2174 868 2211 eum
905 2158 1055 2228 apud
1081 2175 1140 2212 se
1166 2158 1415 2214 retinere
1445 2175 1557 2213 non
1599 2160 1824 2214 audeat.
1863 2163 2022 2228 Item,
2050 2163 2116 2216 ut

475 2267 606 2304 cura
646 2251 832 2305 omnis
878 2250 1260 2321 distringendi
1289 2251 1513 2306 Iudaeos
1550 2253 1682 2308 solis
1725 2255 2114 2310 sacerdotibus

476 2343 772 2400 debeatur.
805 2346 962 2413 Item,
994 2345 1064 2399 de
1093 2345 1313 2400 damnis
1334 2347 1714 2415 sacerdotum,
1742 2349 1829 2403 vel
1848 2349 2111 2420 judicum

476 2436 571 2507 qui
615 2437 822 2492 Iudaeis
870 2437 1125 2494 instituta
1171 2440 1368 2510 legum
1408 2441 1720 2512 adimplere
1765 2442 2110 2498 distulerint.

479 2531 640 2596 Item,
669 2547 742 2584 ne
762 2531 984 2601 judices
1013 2531 1291 2604 quidquid
1318 2533 1387 2587 de
1414 2534 1766 2604 perfidorum
1793 2535 2114 2590 excessibus

477 2629 634 2678 extra
684 2624 1041 2679 sacerdotum
1103 2625 1525 2682 conniventiam
1570 2629 1831 2698 judicare
1895 2647 2110 2700 praesu-

475 2722 653 2779 mant.
704 2719 864 2785 Item,
906 2724 970 2774 ut
1009 2719 1253 2791 episcopi
1298 2725 1435 2775 tunc
1479 2721 1764 2777 immunes
1792 2723 2114 2779 habeantur

473 2829 506 2864 a
526 2811 769 2880 damnis,
799 2829 929 2868 cum
960 2829 1162 2868 eorum
1188 2814 1549 2886 presbyteros
1562 2816 1630 2870 ad
1647 2832 1710 2870 ea
1727 2833 1853 2888 quae
1872 2817 1978 2888 ipsi
1997 2834 2112 2872 non

475 2906 847 2973 correxerint,
874 2906 1196 2963 remiserint
1215 2907 1577 2979 corrigenda.
1605 2911 1770 2977 Item,
1799 2910 1868 2964 de
1891 2914 2116 2966 servata

474 2999 825 3072 principibus
873 3000 1185 3056 misercndi
1242 3005 1521 3073 potestate
1573 3003 1634 3058 in
1687 3003 1776 3058 his
1823 3004 1920 3076 qui
1973 3021 2107 3060 con-

473 3093 622 3147 versi
666 3093 739 3147 ad
784 3093 960 3173 fidem
1001 3094 1207 3150 Christi
1257 3095 1532 3151 veraciter
1572 3096 1800 3153 fuerint.
1846 3099 2008 3166 Item,
2051 3103 2114 3154 ut

475 3187 724 3258 episcopi
755 3203 954 3242 omnes
979 3188 1185 3243 Iudaeis
1216 3189 1286 3244 ad
1317 3206 1375 3244 se
1413 3191 1828 3261 pertinentibus
1857 3191 2114 3248 libellum

476 3280 547 3334 de
577 3280 690 3336 suis
717 3281 934 3336 editum
967 3283 1253 3338 erroribus
1286 3285 1531 3352 tradant,
1565 3288 1622 3340 et
1648 3289 1711 3340 ut
1735 3286 2111 3356 professiones

475 3390 694 3445 eorum,
733 3375 821 3430 vel
853 3375 1191 3432 conditones
1217 3377 1278 3432 in
1304 3378 1524 3433 scriniis
1552 3380 1800 3435 ecclesias
1841 3381 2110 3437 condant.

477 3468 730 3531 Quarum
775 3468 1035 3527 omnium
1064 3469 1259 3541 legum
1287 3473 1673 3544 promulgatio
1703 3473 1940 3544 gravida
1969 3473 2115 3530 sicut

476 3561 736 3631 synodali
772 3561 990 3632 judicio
1034 3565 1422 3636 comprobata,
1452 3565 1528 3620 ita
1554 3567 1807 3636 generali
1848 3568 2111 3624 omnium

473 3657 806 3710 nostrorum
835 3655 1163 3713 definitione
1190 3657 1249 3714 in
1276 3673 1475 3714 eorum
1503 3659 1611 3713 erit
1640 3659 1906 3732 deinceps
1927 3678 2114 3718 exces-

476 3766 570 3804 sus
600 3750 938 3806 exercenda.

491 3888 506 3894 ,
545 3845 605 3899 Χ.
629 3845 736 3905 Pro
766 3845 852 3905 his
879 3845 978 3917 qui
1003 3845 1258 3918 quolibet
1286 3851 1442 3902 metu
1464 3847 1549 3902 vel
1577 3851 1795 3904 terrore
1821 3849 2114 3906 ecclesiam

473 3941 768 4009 appetunt,
791 3939 1185 3994 consentiente
1208 3941 1425 4011 pariter
1447 3942 1854 4013 gloriosissimo
1877 3943 2114 3998 Domino

477 4037 666 4087 nostro
715 4031 951 4102 Eringio
995 4048 1155 4104 rege,
1183 4033 1288 4088 hoc
1331 4039 1590 4090 sanctum
1637 4035 1943 4092 concilium
1972 4036 2109 4091 deﬁ-

475 4125 636 4191 nivit,
667 4128 734 4178 ut
773 4125 960 4178 nullus
1006 4125 1220 4180 audeat
1249 4128 1644 4199 confugientes
1690 4129 1765 4184 ad
1797 4129 2111 4198 ecclesiam,

475 4216 564 4271 vel
595 4216 904 4273 residentes
939 4218 1291 4287 abstrahere,
1325 4226 1422 4276 aut
1447 4221 1824 4294 quodcunque
1852 4223 2112 4279 nocibili-

473 4309 607 4368 tatis
627 4311 714 4368 vel
741 4310 959 4379 damni,
977 4329 1077 4368 seu
1097 4313 1261 4384 spolii
1285 4314 1666 4372 residentibus
1691 4317 1750 4371 in
1776 4317 1898 4373 loco
1918 4321 2112 4373 sancto

2215 1797 2446 1839 omnem
2475 1780 2739 1836 militiam
2769 1782 2915 1850 coeli,
2945 1798 3072 1853 quae
3102 1799 3218 1836 non
3250 1784 3493 1855 percepi,
3518 1787 3571 1840 et
3593 1784 3683 1840 hoc
3704 1785 3780 1840 tibi

2212 1874 2388 1932 fuerit
2424 1874 2774 1943 nuntiatum,
2805 1875 3163 1947 audiensque
3189 1875 3515 1948 inquisieris
3541 1876 3781 1948 diligenter

2213 1973 2270 2024 et
2295 1984 2495 2023 verum
2525 1984 2643 2023 esse
2686 1968 2990 2040 repereris,
3020 1973 3076 2024 et
3105 1969 3455 2026 abominatio
3498 1970 3628 2026 facta
3651 1976 3717 2026 est
3740 1971 3780 2025 in

2214 2063 2379 2120 Israel
2409 2078 2422 2117 :
2456 2061 2659 2117 educes
2683 2062 2870 2118 virum
2901 2079 2967 2118 ac
2997 2062 3305 2119 mulierem
3333 2065 3429 2136 qui
3463 2080 3576 2119 rem
3601 2064 3782 2120 scelera-

2211 2156 2487 2212 tissimam
2518 2160 2998 2228 perpetraverunt
3024 2156 3098 2212 ad
3125 2162 3325 2228 portas
3354 2157 3595 2226 civitatis,
3619 2163 3667 2214 et
3685 2158 3784 2229 lapi~

2213 2251 2378 2307 dibus
2423 2250 2740 2306 obruentur
2781 2249 2956 2322 (Deut.
3009 2267 3142 2319 xvu,
3170 2255 3202 2306 2
3236 2257 3288 2308 et
3309 2251 3461 2324 seq.).
3494 2275 3520 2303 »
3559 2254 3784 2323 Praecepta

2212 2343 2436 2403 Domini
2456 2344 2579 2399 haec
2605 2360 2719 2398 non
2737 2343 2796 2398 in
2813 2343 3052 2412 ultione,
3076 2345 3175 2400 sed
3192 2345 3256 2400 in
3273 2350 3489 2402 terrore
3513 2345 3783 2417 delinquen-

2212 2438 2360 2497 tium
2385 2441 2736 2510 apponentes
2765 2455 2882 2494 non
2906 2437 3106 2494 mortis
3147 2441 3487 2496 sententiam
3515 2440 3780 2512 promulga-

2212 2549 2359 2601 mus,
2393 2531 2493 2586 sed
2536 2532 2780 2587 cultores
2822 2531 3125 2600 idolorum,
3165 2537 3528 2590 veneratores
3561 2533 3780 2606 lapidum,

2212 2642 2544 2686 accensores
2565 2625 2909 2696 facularum,
2944 2631 3001 2681 et
3027 2629 3353 2682 excultores
3380 2629 3611 2684 fontium
3634 2627 3781 2682 admo-

2210 2736 2436 2787 nemus,
2469 2722 2532 2773 ut
2558 2725 2877 2792 agnoscant
2905 2722 3054 2792 quod
3085 2722 3192 2793 ipsi
3231 2727 3552 2794 spontaneze
3575 2738 3626 2776 se
3656 2719 3783 2776 morti

2212 2809 2539 2881 subjiciunt,
2573 2810 2671 2882 qui
2712 2809 2943 2866 diabolo
2981 2812 3305 2866 sacriﬁcare
3337 2811 3608 2879 videntur,
3632 2809 3783 2864 mortis

2212 2903 2368 2967 enim
2399 2902 2630 2958 nomine
2661 2903 2922 2959 diabolus
2965 2906 3309 2977 appellatur,
3340 2905 3483 2961 sicut
3505 2906 3568 2961 de
3595 2922 3651 2960 eo
3684 2902 3781 2958 scri-

2213 3001 2374 3068 ptum
2402 3002 2504 3063 est,
2537 2999 2594 3052 et
2624 3002 2746 3052 erat
2773 2997 2854 3052 illi
2881 3014 3094 3053 nomen
3117 3015 3300 3054 mors.
3328 3003 3403 3054 Ac
3429 2998 3640 3071 provide
3658 3011 3784 3052 omne

2211 3089 2572 3162 sacrilegium
2603 3090 2904 3160 idolatriae,
2935 3093 3023 3147 vel
3052 3092 3337 3163 quidquid
3374 3093 3508 3148 illud
3538 3097 3614 3147 est
3637 3095 3783 3146 contra

2211 3189 2461 3239 sanctam
2482 3183 2529 3256 1
2547 3183 2670 3258 37
2691 3185 2883 3252 fidem,
2903 3185 2963 3240 in
2981 3202 3096 3257 quo
3123 3186 3464 3258 insipientes
3483 3186 3710 3242 homines
3724 3199 3785 3237 ca-

2210 3278 2407 3350 ptivati
2430 3277 2720 3333 diabolicis
2738 3279 2974 3334 culturis
2991 3279 3332 3351 inserviunt,
3353 3281 3641 3337 sacerdotis
3651 3279 3716 3333 vel
3721 3278 3784 3347 ju-

2214 3371 2352 3426 dicis
2377 3371 2650 3426 instantia
2676 3371 2972 3428 inventum
2995 3377 3058 3428 ut
3077 3374 3380 3447 sacrilegia
3395 3376 3729 3440 eradicantur,
3745 3376 3784 3423 et

2212 3464 2592 3521 exterminata
2610 3470 2970 3522 truncentur.
2993 3469 3102 3522 Eos
3118 3485 3254 3522 vero
3287 3469 3386 3540 qui
3410 3469 3479 3524 ad
3501 3468 3652 3524 talem
3675 3479 3786 3520 erro-

2211 3575 2336 3614 rem
2364 3563 2684 3627 accurrunt,
2720 3565 2778 3615 et
2803 3560 3133 3616 verberibus
3158 3568 3477 3631 coerceant,
3520 3567 3572 3617 et
3607 3563 3783 3616 onustos

2212 3653 2364 3708 ferro
2393 3652 2640 3708 dominis
2668 3653 2784 3708 suis
2811 3654 3062 3722 tradant,
3103 3656 3150 3710 si
3176 3659 3376 3712 tamen
3405 3655 3611 3712 domini
3631 3667 3781 3709 eorum

2212 3764 2315 3819 per
2350 3746 2756 3818 jusjurandum
2806 3748 3227 3806 attestationem
3272 3751 3600 3823 promittant
3635 3765 3682 3802 se
3715 3761 3782 3799 eos

2212 3845 2328 3896 tam
2349 3840 2585 3896 sollicite
2612 3840 2918 3912 custodire,
2951 3848 3016 3898 ut
3057 3843 3205 3899 ultra
3246 3845 3332 3900 eis
3375 3861 3486 3900 non
3529 3845 3672 3899 liceat
3702 3839 3782 3894 tale

2214 3935 2373 3989 nefas
2398 3933 2786 3990 committere.
2815 3937 2977 4000 Quod
2997 3936 3043 3992 si
3061 3937 3283 3993 domini
3311 3956 3506 3995 eorum
3533 3936 3690 3994 nolint
3713 3934 3784 3987 hu-

2207 4027 2458 4099 jusmodi
2505 4045 2631 4084 reos
2674 4029 2735 4084 in
2772 4029 2886 4084 fide
2929 4047 3030 4085 sua
3071 4032 3385 4102 suscipere,
3417 4036 3546 4088 tunc
3590 4030 3651 4085 ab
3682 4028 3782 4082 eisa

2213 4121 2418 4194 quibus
2447 4123 2677 4178 coerciti
2704 4128 2838 4178 sunt
2857 4125 3032 4196 regiis
3059 4126 3386 4198 aspectibus
3412 4125 3780 4198 prmsententur.

2215 4218 2278 4280 ut
2312 4215 2580 4288 princeps
2622 4217 3019 4274 auctoritatem
3046 4236 3110 4274 ac
3139 4219 3386 4276 liberam
3414 4221 3482 4277 de
3507 4219 3685 4276 talibus
3707 4215 3778 4269 do-

2214 4309 2468 4364 minandi
2493 4314 2839 4385 potestatem
2868 4312 3140 4368 obtineat.
3174 4315 3410 4370 Domini
3436 4319 3612 4370 tamen
3633 4322 3782 4367 eorum

473 4404 709 4471 inferre,
755 4405 852 4460 sed
900 4420 1022 4461 esse
1051 4405 1242 4478 potius
1268 4407 1357 4462 his
1383 4408 1521 4479 ipsis
1562 4410 1660 4481 qui
1691 4411 1980 4466 ecclesiam
2016 4428 2110 4483 pe-

2216 4403 2313 4476 qui
2339 4403 2633 4470 nuntiatos
2679 4404 2786 4459 sibi
2825 4405 3030 4462 talium
3060 4423 3363 4464 servorum
3409 4424 3614 4466 errores
3639 4398 3784 4459 ulcisci

473 4505 619 4567 tunt,
645 4516 748 4570 per
764 4499 964 4562 omnia
978 4500 1199 4556 licitum
1223 4501 1282 4557 in
1305 4501 1543 4574 triginta
1565 4520 1759 4575 passus
1777 4505 1847 4558 ab
1865 4507 2114 4563 ecclesiae

467 4588 660 4656 janius
688 4590 977 4661 progredi.
1006 4592 1067 4647 In
1095 4591 1304 4664 quibus
1331 4592 1613 4664 tringinta
1644 4593 1902 4664 passibus
1929 4595 2115 4649 unius-

474 4682 747 4753 cujusque
772 4683 1022 4740 ecclesiaa
1053 4684 1112 4740 in
1143 4691 1262 4741 toto
1291 4685 1528 4741 circuitu
1567 4687 1890 4742 reverentia
1919 4688 2110 4744 defen-

476 4774 667 4843 datur,
694 4776 771 4829 sic
818 4779 1012 4832 tamen
1053 4782 1118 4832 ut
1162 4779 1220 4833 hi
1251 4780 1351 4850 qui
1388 4779 1460 4834 ad
1509 4797 1636 4835 eam
1679 4781 2017 4852 confugiunt
2052 4782 2113 4845 in

472 4868 756 4940 extraneis
792 4870 875 4923 vel
921 4870 1093 4942 longe
1142 4873 1417 4943 separatis
1453 4873 1525 4928 ab
1564 4875 1801 4930 ecclesia
1829 4875 2109 4944 domibus,

471 4962 631 5019 nullo
663 4961 834 5016 modo
857 4961 1182 5034 abscedant,
1206 4965 1308 5020 sed
1333 4965 1393 5020 in
1408 4966 1515 5022 hoc
1536 4967 1814 5040 tringinta
1840 4986 2112 5040 passuum

471 5071 715 5109 numero
744 5053 958 5126 absque
992 5055 1298 5112 domorum
1325 5064 1723 5115 extranearum
1751 5063 2109 5133 receptaculo

471 5147 910 5220 progredientes
948 5148 1169 5217 aditum
1213 5150 1601 5221 obstinehunt,
1633 5158 1695 5208 ut
1724 5155 1796 5210 ad
1823 5156 2110 5227 requisita

470 5245 694 5297 naturas
739 5258 904 5296 usum
944 5241 1147 5297 debitis
1193 5251 1395 5299 exeant
1433 5246 1589 5300 locis.
1630 5249 1698 5304 Et
1739 5248 1897 5303 nullo
1942 5249 2110 5304 modo

470 5338 783 5414 teneantur
811 5340 1018 5390 eventu
1053 5337 1508 5406 necessitudinis,
1553 5340 1650 5412 qui
1693 5341 2001 5397 Dominicis
2048 5360 2109 5398 se

470 5429 815 5488 difﬁdendos
840 5429 1237 5486 commiserint
1257 5431 1535 5488 claustris.
1566 5436 1620 5490 Si
1642 5435 1768 5506 quis
1789 5441 1982 5490 autem
2002 5435 2108 5492 hoc

468 5522 764 5578 decretum
788 5523 1097 5582 tentaverit
1119 5525 1349 5595 violare,
1375 5530 1432 5582 et
1457 5527 1844 5584 ecclesiasticae
1874 5545 2105 5586 excom-

467 5616 842 5698 municationi
872 5617 1179 5690 subjaceat,
1212 5621 1624 5690 et-severitatis
1658 5622 1832 5696 regiae
1874 5623 2108 5680 feriatur

463 5710 786 5782 sententia,
807 5711 959 5784 ipsos
983 5701 1178 5786 tamen
1199 5714 1296 5788 qui
1328 5715 1398 5772 ad
1431 5716 1739 5801 Ecclesiam
1769 5717 2104 5804 confugium

2214 4497 2542 4565 noluerunt,
2573 4501 2630 4552 et
2657 4500 3257 4556 excommunicationis
3288 4502 3616 4558 sententiam
3639 4493 3784 4570 prefe-

2214 4593 2362 4659 rant,
2383 4593 2442 4644 et
2461 4591 2596 4660 jura
2622 4593 2768 4647 servi
2787 4592 2936 4647 illius
2958 4609 3132 4666 quem
3153 4611 3421 4652 coercere
3444 4594 3727 4653 noluerunt,
3744 4601 3783 4639 se

2212 4683 2466 4739 amisisse
2497 4691 2872 4763 cognoscant.
2903 4687 3063 4752 Quod
3102 4688 3147 4743 si
3174 4689 3554 4761 ingenuorum
3578 4694 3784 4759 persona?-

2213 4777 2302 4840 his
2323 4777 2612 4834 erroribus
2637 4780 2852 4835 fuerint
2880 4780 3206 4853 implicatas,
3236 4789 3294 4839 et
3321 4786 3584 4857 perpetua
3604 4790 3780 4835 excom-

2213 4871 2615 4927 municationis
2642 4873 2923 4930 sententia
2969 4875 3269 4948 feriantur,
3298 4883 3356 4934 et
3398 4875 3610 4933 arctiori
3633 4866 3782 4926 exsilio

2213 4965 2579 5028 ulciscantur.

2281 5059 2388 5114 XII.
2441 5059 2659 5115 Placuit
2700 5059 2832 5116 huic
2873 5065 3069 5119 sancto
3113 5063 3371 5133 concilio,
3399 5069 3463 5120 ut
3496 5063 3646 5135 juxta
3665 5054 3781 5128 prio-

2210 5170 2340 5208 rum
2368 5153 2764 5225 episcoporum
2809 5155 3191 5228 Singularium
3222 5157 3621 5230 provinciarum
3645 5162 3780 5206 cano-

2208 5263 2352 5302 num
2378 5247 2638 5302 instituta
2666 5247 2831 5303 annis
2857 5249 3096 5322 singulis
3115 5251 3174 5306 in
3193 5267 3523 5324 unaquaque
3544 5239 3780 5320 provincia

2209 5340 2474 5396 Kalendis
2524 5341 2852 5398 Novembris
2896 5343 3200 5401 concilium
3248 5342 3574 5403 celebraturi
3614 5349 3779 5394 conve-

2207 5433 2388 5503 niant,
2415 5434 2670 5507 quisquis
2697 5439 2892 5492 autem
2920 5437 2982 5492 in
3010 5439 3294 5510 praedictis
3315 5437 3574 5495 Kalendis
3592 5434 3779 5490 Novem-

2207 5527 2324 5583 bris
2360 5544 2465 5600 pro
2505 5529 2883 5586 celebratione
2929 5532 3130 5604 synodi
3174 5533 3362 5590 venire
3405 5527 3678 5592 distulerit,
3709 5533 3779 5576 el-

2207 5621 2716 5703 communicationi
2744 5623 2931 5682 debite
2960 5626 3294 5699 subjacebit.

2218 5717 2406 5776 .‘XIII.
2448 5717 2779 5798 Praemissis
2799 5719 2888 5777 his
2943 5722 3210 5790 omnibus
3241 5719 3596 5796 synodalibus
3634 5707 3774 5786 gestis
