3946 6180
153 277 224 330 561
1284 262 1758 320 DECRETALIUM
1791 262 2179 320 COLLECTIO.

3343 272 3447 327 562

148 396 246 454 qua
264 377 466 432 honesto
490 369 848 426 decretorum
876 372 991 426 ﬁne
1038 370 1449 444 complevimus
1496 388 1700 444 perpe-
1721 382 1785 456 Α
1806 371 2130 428 Antoninus
2152 372 2393 429 Bastina
2419 373 2671 430 ecclesia
2692 374 3010 447 episcopus,
3030 376 3292 433 similiter
3317 380 3442 436 sub.

150 481 275 530 tuum
313 469 388 524 his
423 465 585 521 robur
627 481 731 536 per
755 481 1035 521 manuum
1083 468 1412 522 nostrarum
1454 465 1701 521 subscri-

147 567 346 640 ptionem
359 558 714 628 annectimus,
737 559 939 614 dantes
960 576 1064 632 pro
1081 559 1168 614 his
1191 560 1434 632 gloriam
1456 565 1512 616 et
1531 561 1708 616 hono-

147 677 239 722 rem
276 655 556 713 immortali
583 656 698 709 Deo
747 657 806 708 et
850 654 1092 709 Domino
1117 660 1334 722 nostro,
1367 672 1480 727 quo
1533 655 1708 728 inspi-

144 759 283 818 rante,
313 755 363 806 et
399 747 882 804 determinationis
930 753 1137 803 nostra
1180 749 1465 804 sententia
1505 749 1702 821 viguit,

146 854 185 903 et
219 843 435 918 probitas
481 858 776 897 causarum
821 842 1063 898 honesto
1105 859 1165 897 se
1213 842 1326 898 ﬁne
1381 843 1702 916 complevit.

144 941 260 996 l’nde
281 942 460 993 sancta
484 935 768 992 Trinitatis
788 937 1072 1007 poscimus
1093 937 1468 993 inenarrabile
1491 954 1706 994 nomen

145 1038 186 1090 et
205 1033 464 1105 gloriosam
491 1029 793 1085 ineﬂ‘abilis
823 1031 1092 1101 potentia
1121 1031 1502 1102 majestatem,
1527 1035 1591 1086 ut
1608 1032 1706 1087 det

141 1125 325 1189 amatori
364 1122 558 1180 Christi
605 1122 970 1178 serenissimo
1001 1124 1239 1179 Domino
1290 1126 1486 1180 nostro
1532 1128 1705 1197 atque

143 1218 462 1276 amantissimo
490 1216 722 1289 Eringio
750 1217 1015 1289 principi,
1057 1217 1219 1289 cujus
1240 1218 1403 1290 jussu
1431 1218 1505 1272 ad
1549 1219 1705 1275 hunc

138 1312 389 1367 meruimus
416 1311 676 1366 advocari
706 1311 1040 1380 adventum,
1064 1311 1352 1384 imperare
1374 1313 1701 1384 clementer,

137 1423 326 1478 regnare
374 1405 632 1474 feliciter,
691 1405 906 1461 habere
963 1407 1034 1461 de
1081 1406 1383 1461 clementia
1431 1407 1700 1478 fructum,

138 1500 335 1556 obtinere
353 1500 443 1555 Dei
462 1499 685 1571 justitia
711 1499 1037 1572 pramium,
1067 1501 1136 1555 de
1161 1501 1370 1572 pietate
1399 1504 1700 1573 tropaum,

137 1610 219 1665 quo
236 1599 280 1648 et
300 1593 380 1648 hic
407 1593 648 1648 invictus
677 1593 856 1649 victor
882 1594 1138 1649 hostium
1175 1611 1408 1666 semper
1435 1599 1704 1666 appareat

137 1691 177 1741 et
197 1690 298 1757 post
330 1687 589 1742 diuturna
628 1687 800 1758 hujus
827 1687 1020 1742 saeculi
1047 1687 1332 1743 curricula
1359 1689 1428 1743 ad
1461 1705 1703 1759 regnum

1805 465 2074 521 Proculus
2102 467 2485 538 Jugastrensis
2527 469 2780 525 ecclesia
2823 470 3143 541 episcopus,
3185 472 3448 529 similiter

1805 559 1929 616 sub.
1950 560 2108 615 Atala
2155 559 2479 616 Cauriensis
2526 562 2773 619 ecclesia
2819 564 3138 637 episcopus,
3180 565 3446 622 similiter

1807 653 1933 710 sub.
1970 653 2277 726 Separatus
2325 656 2582 710 Vesensis
2633 657 2887 712 ecclesia
2942 659 3256 731 episcopus,
3287 660 3446 716 simi-

1804 747 1937 803 liter
1995 747 2120 803 sub.
2170 747 2568 804 Providentius
2625 752 3116 808 Salamanticensis
3194 755 3446 812 ecclesia

1806 841 2124 913 episcopus,
2146 841 2407 898 similiter
2445 843 2570 898 sub.
2610 844 2900 916 Argibado
2929 846 3291 904 Eliberitana
3321 850 3445 920 epi-

1806 952 2009 1007 scopus
2062 936 2337 1004 ecclesia,
2400 937 2662 993 similiter
2711 939 2838 993 sub.
2899 939 3162 996 Sisebado
3228 943 3446 999 Ducita

1806 1029 2057 1084 ecclesia
2087 1030 2232 1085 sedis
2259 1030 2578 1102 episcopus,
2596 1031 2720 1087 sub.
2739 1031 3196 1104 Ellasegotiensis
3223 1036 3442 1107 episco-

1803 1139 1933 1196 pus,
1963 1123 2230 1179 similiter
2269 1124 2394 1179 sub.
2425 1125 2768 1180 Sebarianus
2808 1126 3099 1182 Noxiensis
3128 1129 3444 1201 episcopus,

1804 1217 2066 1272 similiter
2091 1217 2216 1273 sub.
2243 1218 2490 1274 Joannes
2528 1220 2792 1275 Pacensis
2837 1219 3158 1292 episcopus,
3188 1221 3449 1278 similiter

1804 1311 1929 1366 sub.
1955 1311 2320 1383 Teudulphus
2349 1311 2684 1384 Astigitana
2710 1314 3014 1385 episcopus
3041 1315 3167 1371 sub.
3189 1315 3440 1385 Samuel,

1803 1404 2204 1477 Gundulphus,
2267 1405 2636 1476 Euphrasius,
2700 1407 3063 1475 Terdoratus,
3134 1410 3446 1466 Bateradus

1801 1498 1973 1553 abbas
2002 1498 2478 1571 subscripserunt.
2509 1500 2869 1556 Annibonius
2908 1501 3203 1574 presbyter
3245 1507 3448 1560 tenens

1803 1593 1982 1648 vicem
2034 1593 2252 1648 domini
2302 1593 2480 1648 nostri
2527 1594 2861 1650 Subdemeri
2890 1595 3139 1651 ecclesia
3174 1599 3445 1669 Complu-

1804 1686 1981 1742 tensis
2008 1687 2255 1760 episcopi
2299 1687 2424 1742 sub.
2455 1687 2764 1759 Sesulphus
2800 1688 2924 1743 hac
2954 1688 3210 1746 instituta
3239 1691 3448 1763 quibus

136 1785 352 1834 aeternum
391 1797 513 1835 cum
543 1779 662 1836 suis
687 1781 954 1836 omnibus
987 1781 1350 1837 coronandus
1387 1783 1700 1853 perveniat,
1725 1759 1780 1831 Β
1805 1779 2038 1836 interfui
2088 1797 2349 1837 annuens
2392 1781 2517 1836 sub.
2566 1781 2919 1836 Raccaredus
2949 1824 2964 1849 ,
3013 1782 3272 1840 similiter
3318 1785 3445 1841 sub.

134 1877 376 1944 praslante
395 1875 503 1929 Deo
531 1877 592 1929 et
617 1874 905 1930 Salvatore
931 1876 1064 1930 Iesu
1087 1875 1305 1930 Christo
1327 1875 1582 1946 Domino,
1606 1876 1704 1948 qui

135 1983 235 2021 cum
261 1969 397 2022 Patre
448 1973 503 2023 et
546 1967 765 2040 Spiritu
810 1973 1004 2024 sancto
1053 1968 1113 2023 in
1157 1969 1428 2025 Trinitate
1473 1969 1610 2037 vivit
1648 1977 1705 2026 et

129 2066 287 2130 regnat
305 2063 432 2116 Deus
454 2062 514 2117 in
547 2063 755 2118 sacula
782 2064 1144 2119 saculorum.
1179 2065 1387 2120 Amen.

183 2154 542 2212 Conﬁrmatum
572 2159 658 2210 est
685 2157 794 2210 hoc
822 2159 1081 2211 sanctum
1125 2157 1451 2225 concilium,
1487 2157 1579 2213 die
1603 2174 1699 2212 oc-

129 2249 222 2301 tava
243 2248 600 2305 Kalendarum
629 2250 1072 2305 Februariarum
1117 2267 1269 2306 anno
1310 2251 1552 2308 feliciter
1593 2251 1706 2323 pri-

128 2355 199 2394 mo
233 2343 560 2400 serenissimi
611 2343 829 2399 domini
883 2344 1062 2399 nostri
1102 2344 1318 2417 Eringii
1361 2344 1540 2417 regis,
1587 2362 1704 2400 ara

125 2449 326 2492 DCCXVIII.
887 2484 894 2490 .

510 2511 831 2580 Subscripto
859 2511 1246 2580 episcoporum.

171 2622 386 2679 Julianus
426 2626 527 2682 Dei
572 2626 758 2698 gratia
785 2625 1069 2696 Spalensis
1099 2625 1352 2680 ecclesia
1382 2625 1530 2680 sedis
1580 2626 1701 2697 epi-

122 2731 280 2787 scopus
299 2718 411 2774 hac
439 2719 713 2791 synodica
733 2719 996 2774 instituta
1027 2735 1060 2773 a
1086 2718 1254 2774 nobis
1283 2718 1436 2773 edita
1455 2719 1700 2774 subscri-

120 2809 198 2877 psi.
216 2811 315 2883 Ego
332 2814 501 2868 Julius
524 2813 802 2886 indignus
843 2813 999 2867 urbis
1027 2813 1203 2884 regia
1228 2813 1514 2868 Toletana
1555 2813 1703 2868 sedis

122 2903 358 2976 episcopus
378 2907 496 2962 hac
527 2908 799 2979 synodica
825 2925 859 2961 a
884 2907 1048 2961 nobis
1075 2907 1336 2962 instituta
1374 2907 1699 2978 subscripsi.

121 2995 206 3065 Ego
247 2999 405 3054 Liuba
447 3001 724 3072 indignus
775 3001 1166 3056 Draccarensis
1212 3000 1362 3055 sedis
1408 3000 1704 3073 episcOpus

118 3088 206 3143 hac
264 3095 514 3164 synodica
575 3113 608 3149 a
670 3093 834 3149 nobis
881 3094 1141 3149 instituta
1179 3093 1332 3149 edita
1367 3093 1696 3165 subscripsi.
1721 3135 1777 3208 C

119 3182 199 3208 t‘..-
233 3186 531 3208 Ol-_l,-,,,_,
588 3193 781 3208 ,κακιΑμ
819 3187 1251 3208 Πᾼ--η3ιξ-.-..-2-
1299 3187 1537 3208 ---1--3-,
1583 3189 1664 3208 Αμξ

118 3182 202 3253 Ego
232 3186 535 3258 Stephanus
581 3193 788 3244 sancta
819 3187 1255 3244 Emeritinensis
1292 3187 1544 3243 ecclesia
1577 3189 1694 3260 epi-

119 3284 273 3347 sc0pus
313 3281 426 3336 hac
477 3281 753 3354 synodica
791 3298 825 3336 a
873 3281 1034 3336 nobis
1077 3280 1335 3336 instituta
1382 3280 1536 3337 edita
1574 3281 1702 3336 sub-

117 3370 288 3441 scripsi.
317 3374 548 3430 Afi‘alius
579 3375 677 3430 Dei
710 3375 1081 3430 miseratione
1111 3374 1403 3430 Avelensis
1447 3374 1700 3430 ecclesia

115 3463 352 3537 episcOpus
409 3470 533 3525 hac
591 3468 860 3539 synodica
916 3485 948 3522 a
1001 3468 1164 3524 nobis
1239 3468 1501 3524 instituta
1547 3468 1701 3524 edita

114 3556 382 3632 subscripsi.
417 3566 476 3619 In
507 3563 721 3620 Christi
756 3562 990 3617 nomine
1014 3562 1274 3619 Leander
1303 3562 1612 3618 Hilicitana
1644 3566 1702 3616 et

116 3647 276 3707 lotana
325 3657 625 3730 episcopus
665 3657 786 3711 hac
830 3657 1097 3728 synodica
1149 3674 1184 3711 a
1229 3655 1391 3710 nobis
1446 3655 1702 3711 instituta

113 3742 226 3798 edita
265 3748 584 3822 subscripsi.
614 3752 671 3804 In
715 3751 924 3807 Christi
956 3750 1190 3805 nomine
1237 3749 1549 3804 Palinatius
1596 3750 1696 3804 Ur-

113 3835 268 3894 citana
291 3844 531 3900 ecclesia
563 3845 888 3916 episcopus,
918 3845 1040 3898 hac
1091 3843 1359 3915 synodica
1385 3843 1642 3898 instituta
1670 3861 1703 3897 a

111 3930 236 3986 nobis
277 3937 603 4011 subscripsi.
655 3937 1005 3993 Concordius
1051 3933 1323 3992 Palatina
1367 3937 1519 3992 sedis
1579 3937 1698 4008 epi-

112 4037 287 4096 scopus,
315 4031 579 4088 similiter
609 4031 934 4103 subscripsi.
959 4031 1168 4087 Riccila
1186 4031 1508 4086 Haccitana
1533 4033 1702 4086 eccle-

108 4116 177 4170 size
195 4122 464 4196 episcopus
509 4125 776 4180 similiter
797 4125 921 4180 sub.
969 4125 1280 4196 Sinpernus
1307 4125 1704 4196 Erpavicensis

113 4211 360 4287 ePiscopus
413 4220 682 4274 similiter
735 4219 838 4272 sub
885 4218 1214 4290 Sparendeo
1255 4217 1555 4272 Talicensis
1590 4220 1703 4289 epi-

111 4319 269 4376 scopus
303 4313 468 4380 sedis,
501 4313 772 4368 similiter
802 4312 926 4367 sub.
966 4313 1103 4368 Geta
1140 4311 1416 4383 Elipensis
1454 4312 1704 4366 ecclesia

112 4398 391 4474 episcopus,
443 4406 710 4462 similiter
777 4406 901 4461 sub.
973 4405 1278 4461 Memorius
1328 4405 1705 4476 Egobinensis

1802 1874 2037 1943 Vuitiza,
2069 1874 2334 1930 similiter
2360 1874 2484 1930 sub.
2511 1874 2792 1944 Vuimars,
2823 1875 3090 1931 similiter
3116 1877 3442 1949 subscripsi.

1801 1968 2251 2036 Theuditendila,
2308 1969 2569 2025 similiter
2622 1968 2947 2040 subscripsi.
2999 1970 3327 2042 Ostulphus,
3369 1972 3446 2027 si-

1802 2061 2016 2117 militer
2040 2063 2165 2117 sub.
2190 2063 2549 2132 Salimurius,
2573 2062 2836 2118 similiter
2865 2063 2988 2118 sub.
3012 2064 3445 2136 Theudefridus,

1803 2155 2065 2211 similiter
2091 2155 2214 2211 sub.
2249 2156 2578 2228 Hildigisus,
2601 2156 2860 2212 similiter
2879 2158 3002 2212 sub.
3021 2157 3262 2226 Vitulus,
3286 2158 3446 2214 simi-

1803 2249 1934 2306 liter
1979 2249 2103 2304 sub.
2137 2250 2312 2316 Edila,
2341 2250 2606 2306 similiter
2647 2250 2772 2305 sub.
2815 2250 3148 2321 Adeluibus,
3185 2251 3447 2309 similiter

1803 2343 1929 2398 sub.
1961 2344 2286 2415 Attulphus,
2317 2344 2579 2399 similiter
2597 2344 2926 2416 subscripsi.

1872 2437 2085 2501 Quibus
2114 2437 2378 2492 omnibus
2405 2437 2776 2509 synodalibus
2796 2439 2988 2509 gestis,
3009 2440 3255 2495 decretis
3274 2444 3445 2514 atque

1802 2531 1998 2603 pactis,
2021 2534 2078 2586 et
2106 2531 2358 2586 debitam
2379 2532 2756 2587 reverentiam
2777 2533 3015 2588 honoris
3035 2533 3442 2605 impendimus,

1804 2629 1860 2680 et
1886 2625 2144 2696 patulum
2185 2625 2538 2680 auctoritatis
2578 2629 2791 2681 nostra
2842 2626 3096 2698 vigorem
3144 2627 3233 2682 his
3284 2627 3442 2684 inne-

1802 2721 1954 2778 ctere
1981 2735 2376 2790 properamus.
2407 2719 2653 2790 Ideoque
2681 2720 3006 2792 pramissas
3043 2720 3144 2775 has
3169 2722 3442 2778 constitu-

1803 2811 1988 2868 tiones
2013 2812 2313 2884 synodicas
2343 2830 2376 2867 a
2402 2813 2672 2884 prasenti
2698 2813 2788 2868 die
2824 2813 2913 2868 vel
2944 2818 3226 2886 tempore,
3258 2815 3317 2870 id
3364 2821 3449 2872 est

1804 2905 1874 2960 ab
1902 2909 2099 2960 octavo
2132 2905 2376 2960 Kalend.
2410 2905 2725 2973 Februarii,
2748 2923 2902 2961 anno
2943 2907 3130 2978 primo
3156 2909 3320 2979 regni
3344 2925 3445 2964 no-

1802 2999 1904 3054 stri
1930 2999 2118 3053 nullus
2145 2999 2352 3054 audeat
2372 3001 2762 3069 contemnere,
2791 3000 2982 3054 nullus
3011 3001 3186 3056 etiam
3217 3007 3448 3073 prater-

1801 3092 1908 3159 ire,
1948 3109 2122 3147 nemo
2166 3093 2504 3148 earumdem
2548 3093 3022 3149 constitutionum
3065 3095 3278 3150 audeat
3313 3097 3450 3167 jura

1801 3186 2146 3252 convellere,
2163 3186 2354 3240 nullus
2374 3191 2689 3242 temerator
2703 3188 2825 3242 hac
2849 3188 3079 3243 decreta
3099 3188 3446 3245 subvertere.

1798 3281 1978 3334 Nemo
2014 3280 2301 3335 illicitator
2326 3281 2414 3336 vel
2439 3285 2803 3353 contemptor
2828 3282 3090 3354 vigorem
3116 3281 3206 3337 his
3234 3282 3450 3338 institu-

1798 3373 2052 3430 tionibus
2078 3373 2391 3443 subtrahat,
2414 3375 2511 3429 sed
2534 3375 2878 3446 generaliter
2899 3391 3001 3446 per
3032 3379 3265 3430 cunctas
3284 3377 3448 3447 regni

1801 3466 1982 3522 nostri
2009 3467 2327 3537 provincias
2353 3467 2478 3522 hac
2506 3484 2788 3522 canonum
2817 3468 3071 3523 instituta
3091 3473 3302 3523 nostra
3328 3469 3450 3539 glo-

1799 3561 1900 3615 ria
1940 3560 2296 3630 temporibus
2328 3563 2475 3628 acta,
2507 3563 2565 3614 et
2591 3561 2947 3616 auctoritatis
2983 3561 3191 3616 debita
3221 3561 3446 3634 fastigio

1799 3653 2234 3726 prapollebunt,
2256 3657 2313 3708 et
2337 3653 2649 3708 inviolabili
2685 3660 2877 3710 tenore
2900 3655 3254 3726 judiciorum
3276 3656 3448 3712 habe-

1799 3748 2030 3802 buntur.
2055 3746 2112 3801 Si
2135 3746 2261 3818 quis
2291 3751 2485 3802 autem
2517 3748 2639 3802 hac
2664 3748 2921 3804 instituta
2949 3754 3298 3817 contemnat,
3316 3766 3450 3805 con~

1801 3844 2160 3913 temptorum
2205 3857 2265 3896 se
2317 3841 2538 3896 noverit
2580 3841 2846 3896 damnari
2877 3842 3189 3912 sententia,
3231 3843 3289 3898 id
3340 3848 3446 3912 est,

1802 3939 1865 3990 ut
1885 3935 2048 4006 juxta
2071 3935 2426 3990 voluntatem
2459 3938 2668 3990 nostra
2701 3925 2916 4006 gloria,
2947 3940 3004 3991 et
3048 3937 3446 3992 excommuni-

1802 4033 1956 4084 catus
1986 4045 2020 4082 a
2044 4031 2191 4082 coetu
2238 4033 2436 4082 nostro
2480 4029 2712 4096 resiliat,
2737 4033 2795 4084 et
2822 4029 3059 4101 insuper
3083 4033 3310 4101 partem
3343 4031 3446 4086 de-

1804 4123 2011 4178 cimam
2024 4122 2306 4178 facultatis
2319 4139 2437 4177 sua
2453 4123 2572 4177 ﬁsci
2585 4123 2842 4194 partibus
2855 4123 3187 4179 sociandam
3200 4124 3445 4196 amittat;

1802 4217 1952 4289 quod
1984 4217 2029 4271 si
2079 4216 2222 4272 nihil
2267 4217 2532 4272 habuerit
2578 4216 2865 4272 facultatis
2911 4217 3068 4273 unde
3114 4218 3448 4290 praedictam

1804 4310 2279 4382 compositionem
2301 4311 2592 4366 exsolvere
2622 4310 2819 4383 possit,
2844 4311 3058 4383 absque
3080 4311 3192 4366 alia
3217 4311 3450 4367 infamia

1805 4404 1892 4458 sui
1920 4403 2338 4476 quinquaginta
2359 4404 2647 4476 oportebit
2664 4421 2798 4460 eum
2820 4403 3025 4459 ictibus
3047 4404 3355 4473 verberari,
3385 4410 3452 4462 ut

116 4493 318 4552 ecclesia
379 4501 702 4573 episcopus,
766 4499 1032 4554 similiter
1088 4499 1214 4554 sub.
1274 4499 1791 4577 TructimundusD
1815 4512 2042 4568 semper
2084 4497 2316 4551 infamis
2360 4499 2719 4568 permaneat.
2752 4496 2913 4552 Edita
2941 4497 3028 4551 lex
3053 4497 3113 4551 in
3143 4497 3446 4553 conﬁrma-

116 4583 382 4647 Elborensis
436 4595 743 4666 episCOpus
787 4593 911 4648 sub.
957 4593 1201 4648 Isidorus
1243 4592 1534 4649 Sitalensis
1583 4594 1705 4664 epi-

112 4693 286 4752 scopus,
312 4687 580 4744 similiter
617 4687 744 4742 sub.
775 4686 1125 4743 Gendentius
1154 4687 1476 4743 Valevensis
1496 4689 1707 4760 episco-

115 4786 207 4842 pus,
232 4778 478 4836 similiter
510 4781 640 4836 sub.
671 4781 956 4836 Deodatus
981 4780 1342 4851 Segoniensis
1384 4782 1703 4853 episcopus,

112 4863 322 4927 similiter
344 4874 470 4931 sub.
502 4873 786 4929 Gentinus
814 4873 1088 4928 Tudensis
1132 4873 1432 4945 episcopus
1462 4873 1703 4929 subscri-

113 4959 190 5024 Psi.
240 4964 526 5025 Eroaricus
578 4966 1017 5023 Portucaliensis
1065 4967 1396 5039 episcopus,
1442 4967 1708 5023 similiter

109 5053 355 5116 sub.Felix
381 5061 648 5118 Irriensis
674 5060 924 5117 ecclesia
946 5061 1268 5133 episcopus,
1284 5060 1553 5116 similiter
1577 5060 1702 5117 sub.

1808 4590 1963 4646 tione
1996 4589 2220 4644 concilii
2248 4589 2524 4657 Toletani,
2559 4590 2664 4644 sub
2702 4589 2794 4645 die
2838 4594 3033 4644 octava
3062 4590 3300 4646 Kalend.
3342 4591 3445 4648 Fe-

1805 4684 2211 4752 bruarii,anno
2241 4682 2486 4738 feliciter
2509 4682 2698 4755 primo
2726 4682 2894 4754 regni
2919 4680 3116 4754 gloria
3145 4686 3447 4742 nostra.ln

1805 4777 2040 4833 nomine
2069 4775 2318 4846 Domini,
2347 4775 2564 4831 Flavius
2590 4776 2856 4848 Eringius
2885 4793 2986 4831 rex
3015 4777 3122 4831 hoc
3163 4777 3306 4850 legis
3340 4795 3443 4835 no-

1808 4876 1939 4926 stra
1977 4869 2226 4926 edictum
2262 4869 2318 4924 in
2362 4869 2792 4926 conﬁrmatione
2832 4869 3003 4942 hujus
3049 4869 3273 4928 concilii
3312 4888 3444 4945 pro-

1807 4965 2127 5037 mulgatum
2153 4962 2481 5037 subscripsi.

111 5187 3414 5216 W

205 5325 615 5426 INCIPIT
700 5330 1316 5434 CONCILIUM
1399 5329 2086 5425 TOLETANUM
2169 5327 2682 5422 DECIMUM
2780 5326 3309 5421 TERTIUM.

916 5489 1153 5552 Actum
1191 5505 1329 5551 ara
1358 5505 1608 5562 nccxxr,
1641 5503 1815 5551 anno
1845 5493 2079 5568 quarto
2109 5475 2385 5565 Eringii
2407 5483 2601 5565 regis.

157 5625 369 5688 Illibata
395 5633 694 5692 charitatis
717 5635 990 5694 instinctu
1026 5635 1260 5692 alternis
1285 5634 1572 5691 visionum
1602 5633 1704 5690 ob-

103 5716 280 5774 tutibus
305 5725 518 5782 redditi
542 5733 596 5784 et
611 5728 672 5786 in
694 5746 878 5788 unum
898 5732 1106 5786 catum
1125 5729 1341 5786 factore
1363 5729 1474 5784 Deo
1493 5727 1708 5800 pariter

100 5819 360 5888 δεδι-θεαιὶ
390 5819 452 5876 in
488 5821 734 5893 ecclesia,
763 5823 1027 5882 videlicet
1057 5825 1387 5883 sanctorum
1418 5821 1699 5895 apostolo-

1807 5648 1935 5688 rum
1965 5631 2117 5687 Petri
2147 5635 2205 5687 et
2229 5630 2413 5698 Pauli,
2444 5645 2596 5686 anno
2635 5627 2798 5701 regni
2838 5629 2870 5682 4
2901 5622 3248 5681 serenissimi
3278 5623 3416 5680 Erin

1805 5726 1885 5799 gii
1911 5725 2205 5798 principis,
2227 5724 2333 5780 sub
2364 5724 2455 5780 die
2479 5722 2729 5779 secunda
2751 5722 2935 5784 Nonas
2963 5715 3316 5787 Novembris,
3331 5733 3446 5774 ara

1804 5835 2014 5890 necui,
2062 5835 2193 5878 cum
2228 5816 2622 5892 unusquisque
2665 5817 2925 5872 nostrum
2974 5810 3184 5875 debitis
3230 5811 3446 5870 locare-
