3946 6180
508 276 610 332 563

1401 275 1683 332 APPEND.
1725 276 1812 330 AD
1849 275 2007 332 SAEC.
2050 277 2136 332 1X.
2168 304 2234 319 -η-
2274 276 2516 333 lSlDORl
2552 276 2974 335 MERCATORIS
3701 293 3773 348 564

504 388 599 438 tur
629 384 688 438 in
721 382 967 450 sedibus,
999 383 1182 437 adfuit
1207 381 1362 438 idem
1404 382 1669 455 princeps
1694 383 1863 455 pleno
1893 384 2028 441 ﬁdei
2053 402 2142 440 ar-
2167 399 2225 473 Α
2246 386 2513 454 referam,
2531 403 2778 458 quorum
2802 385 3208 442 redhibitiones
3237 389 3399 444 tantis
3423 389 3693 450 debitorum
3713 415 3779 452 cu-

508 479 647 532 dore
673 475 970 545 subnixus,
999 480 1058 530 et
1102 475 1443 531 humilitatis
1470 476 1650 548 gratia
1703 477 2019 546 decoratus,
2048 479 2146 550 qui

507 571 724 642 synodo
747 570 1166 625 deliberationis
1193 587 1309 624 suae
1341 574 1471 626 vota
1495 572 1921 642 commendans,
1955 578 2021 627 ut
2043 589 2146 644 pro

507 680 566 719 se
613 664 790 718 Deum
847 663 1254 720 instantissime
1311 665 1719 733 deprecaretur
1763 667 2143 737 expostulans,

508 759 616 813 hoc
642 758 965 830 praesertim
998 763 1084 813 est
1112 759 1388 813 allocutus
1417 759 1723 814 sufﬁcienti
1751 760 2147 815 exhortatione

508 852 830 920 concilium,
847 857 907 906 ut
930 852 1321 907 ecclesiasticae
1343 852 1654 924 disciplinae
1676 869 1804 924 qua:
1823 859 2148 925 congruunt

509 953 565 1002 et
589 946 945 1018 corrigendis
976 946 1235 1001 moribus
1265 963 1392 1018 quae
1431 947 1778 1002 conveniunt
1805 952 2014 1003 tractus
2041 965 2144 1003 no-

509 1041 609 1095 stri
637 1040 921 1096 evidentia
941 1040 1315 1095 sancirentur.
1329 1040 1546 1096 Deinde
1567 1041 1844 1112 religiosis
1868 1042 2013 1097 votis
2031 1059 2147 1097 sum

506 1135 849 1203 clementiae,
884 1135 1091 1206 quibus
1133 1134 1592 1189 subveniendum
1621 1135 1841 1191 miseris
1871 1135 2145 1203 deﬁnivit,

509 1228 769 1300 synodali
810 1233 1093 1283 conventu
1131 1229 1524 1284 confirmanda
1565 1230 1864 1298 commisit,
1909 1231 2151 1286 offerens

509 1322 774 1377 videlicet
799 1322 974 1377 sacris
1001 1322 1361 1394 pontiﬁcibus
1391 1328 1637 1390 tomum,
1672 1324 1974 1380 obsecrans
2003 1325 2151 1397 pari-

513 1421 616 1483 ter,
649 1419 703 1470 et
728 1420 1074 1485 contestans,
1109 1421 1172 1471 ut
1197 1417 1470 1488 quidquid
1494 1418 1606 1472 illic
1633 1419 1974 1473 venustioris
2003 1423 2152 1473 esset

514 1509 720 1564 calami
757 1511 1118 1581 respersione
1143 1516 1498 1582 congestum,
1547 1512 1832 1584 synodalis
1876 1513 2151 1585 potentiae

513 1605 856 1659 conderetur
883 1605 1085 1659 ordine
1112 1605 1429 1660 titulorum.
1451 1607 1605 1661 Tunc
1633 1623 1734 1661 nos
1760 1623 1862 1678 pro
1889 1610 2150 1679 suscepto

513 1715 544 1751 a
572 1697 828 1770 principe
848 1703 1006 1754 tomo
1030 1700 1271 1770 gloriam
1291 1699 1552 1755 dedimus
1570 1701 1704 1770 Deo,
1721 1706 1776 1756 et
1792 1701 1978 1757 eidem
1999 1701 2154 1773 prin-

2245 480 2419 534 mulis
2437 480 2812 550 increverunt,
2829 483 2891 535 ut
2908 480 2952 534 si
2974 481 3123 551 exigi
3136 482 3352 553 penitus
3365 483 3638 554 jubeantur
3653 495 3782 544 etsta-

2244 579 2335 627 tus
2361 574 2670 629 subruatur
2700 574 2954 629 funditus
2984 575 3338 646 populorum,
3364 581 3415 632 et
3441 577 3676 650 fragmine
3699 585 3781 638 col-

2247 667 2461 722 lisionis
2492 684 2694 723 eorum
2723 669 2988 724 ultimum
3019 673 3186 724 terra:
3212 671 3446 725 sentiant
3468 674 3672 744 propria:
3696 693 3785 746 pro-

2247 762 2516 832 lapsionis
2543 763 2822 817 excidium
2843 763 2870 817 ?
2900 763 3058 818 Unde
3089 763 3292 818 talibus
3320 781 3429 818 non
3471 767 3628 822 solum
3648 769 3784 839 priva-

2248 855 2337 923 tis,
2359 856 2456 911 sed
2486 857 2659 910 etiam
2689 856 2974 910 ﬁscalibus
3008 857 3180 912 servis
3207 857 3438 912 remedia
3468 859 3660 930 pietatis
3680 879 3785 932 pra-

2249 953 2452 1019 optans
2481 955 2677 1004 nostra
2699 950 2876 1019 gloria
2903 949 3202 1006 afﬂuenter
3226 950 3555 1023 impendere,
3574 960 3628 1008 ut
3643 971 3790 1009 omnes

2248 1043 2593 1098 tributorum
2622 1044 2944 1098 exactiones
2988 1061 3117 1116 qua:
3146 1045 3292 1116 apud
3321 1045 3436 1099 illos
3476 1045 3538 1100 de
3564 1051 3790 1102 retroactis

2248 1137 2601 1208 temporibus
2618 1137 2901 1209 adjacent,
2921 1155 3102 1209 usque
3123 1138 3191 1192 ad
3219 1139 3456 1210 primum
3478 1156 3661 1194 annum
3678 1159 3792 1196 man-

2250 1231 2487 1286 suetudo
2517 1237 2709 1287 nostra
2739 1232 2844 1286 illis
2874 1232 3250 1287 remittendas
3275 1233 3483 1302 laxavit,
3500 1238 3550 1287 et
3565 1235 3682 1304 stylo
3697 1251 3789 1306 pro-

2250 1325 2389 1395 priae
2415 1326 2770 1380 auctoritatis
2804 1342 2965 1380 sacro
2992 1330 3186 1380 sancto
3213 1327 3378 1380 coetui
3402 1330 3576 1381 nostro
3599 1327 3794 1399 relegen-

2253 1419 2350 1473 das
2373 1419 2567 1490 elegit.
2601 1419 2741 1474 Illud
2777 1436 3008 1491 quoque
3037 1419 3304 1491 adjiciens
3331 1421 3522 1492 loquar
3547 1421 3672 1492 quod
3694 1422 3796 1475 votis

2254 1513 2457 1567 nostris
2500 1513 2770 1567 horribile
2799 1517 2856 1568 et
2885 1513 3093 1569 animis
3125 1514 3460 1569 exsecrabile
3502 1518 3577 1569 est
3613 1531 3795 1586 semper.

2253 1606 2629 1675 Ignobilitatis
2673 1607 2921 1662 conditio
2965 1607 3307 1662 libertorum
3350 1607 3432 1661 vel
3479 1624 3736 1675 servorum,
3760 1612 3800 1660 et

2254 1699 2552 1772 aquuata
2578 1701 2764 1771 gentis
2793 1706 3003 1756 nostra:
3035 1706 3245 1756 statum
3268 1701 3575 1772 degenerat,
3596 1701 3655 1756 ob
3675 1718 3800 1773 quam

515 1792 627 1863 cipi
683 1793 1086 1849 benediximus
1139 1794 1406 1864 glorioso.
1448 1794 1605 1849 Idem
1650 1799 1844 1851 tamen
1892 1776 2230 1868 princepsB
2255 1809 2375 1848 rem
2407 1794 2511 1848 hoc
2539 1797 2746 1848 nostrae
2773 1795 2972 1865 gloria:
2993 1794 3201 1849 animis
3229 1794 3429 1866 placet,
3453 1795 3801 1866 utexceptisfis-

513 1891 814 1957 postquam
832 1893 1096 1943 votorum
1127 1905 1360 1945 suorum
1393 1890 1676 1945 actionem
1704 1891 1947 1962 peregit,
1968 1908 2000 1944 a
2021 1906 2151 1944 con-

510 1983 685 2034 ventu
715 1981 937 2037 concilii
961 1983 1244 2052 gratiosus
1275 1984 1462 2038 exivit.
1490 1986 1645 2038 Tune
1673 1988 1803 2055 post
1828 1983 2150 2055 praesentia:

511 2074 846 2145 principalis
874 2075 1219 2145 abscessum,
1243 2078 1426 2132 hocin
1451 2078 1595 2132 tomi
1615 2077 1792 2150 ipsius
1809 2077 2151 2149 allegatione

514 2167 833 2238 reperimus
861 2175 1174 2224 exaratum.

587 2262 648 2314 In
676 2263 911 2317 nomine
938 2263 1167 2318 Domini
1197 2265 1416 2320 Flavius
1435 2265 1700 2336 Eringius
1729 2281 1847 2332 rex,
1879 2265 2154 2322 sanctissi-

517 2353 626 2407 mis
671 2355 927 2410 Patribus
978 2357 1035 2411 in
1076 2358 1180 2413 hac
1230 2363 1421 2413 sancta
1471 2359 1686 2429 synodo
1749 2359 2148 2415 residentibus.

516 2448 677 2513 Ecce,
711 2449 1048 2504 sanctissimi
1071 2452 1338 2523 religiosa
1367 2452 1575 2524 pietate
1604 2453 1896 2508 excolendi
1924 2454 2151 2524 pontiﬁ-

515 2556 606 2596 ces
641 2547 698 2596 et
726 2541 901 2597 divini
936 2545 1120 2600 cultus
1168 2546 1566 2602 instantissimi
1609 2551 1928 2616 sectatores,
1958 2565 2152 2604 coram

517 2639 691 2690 coetus
717 2635 891 2690 vestri
917 2639 1233 2694 reverentia
1278 2641 1507 2695 humilis
1535 2641 1878 2713 devotusque
1903 2646 2152 2712 proster-

421 2746 431 2756 ’
518 2745 641 2784 nor.
681 2730 922 2794 Reclivis
967 2732 1182 2800 assisto,
1235 2737 1536 2806 promptus
1576 2736 1871 2806 astipulor,
1901 2737 2153 2806 primum

520 2822 592 2877 de
638 2829 950 2880 conventus
993 2828 1162 2882 vestri
1207 2829 1618 2899 aggregatione
1673 2829 1822 2884 Patri
1870 2829 2151 2884 luminum

519 2916 833 2985 gratiarum
863 2919 1088 2990 copiam
1118 2921 1361 2988 solvens,
1379 2922 1585 2976 deinde
1605 2924 1866 2976 votorum
1889 2939 2154 2977 meorum

520 3010 705 3064 studia
742 3012 944 3067 vestris
985 3014 1215 3085 judiciis
1262 3015 1586 3070 dirimenda
1630 3016 2017 3072 committens.
2047 3018 2156 3072 Nec

519 3105 673 3158 enim
701 3106 786 3160 fas
813 3111 898 3161 est
926 3125 1298 3180 quemquam,
1329 3111 1499 3164 etiam
1548 3110 1592 3164 si
1623 3110 1840 3164 bonum
1890 3110 1961 3164 sit
1989 3128 2151 3181 opus,

517 3198 640 3252 sine
662 3200 900 3270 collegio
927 3219 1120 3273 agere,
1139 3219 1270 3257 cum
1298 3205 1476 3259 multa
1494 3207 1685 3259 tamen
1707 3204 1994 3275 permissit
2011 3207 2156 3260 Deus

518 3291 664 3346 bona
709 3310 839 3348 cum
869 3296 1106 3350 concilio
1149 3297 1431 3352 bonorum
1463 3298 1668 3369 egisse,
1701 3297 1852 3352 unde
1897 3302 1960 3352 ut
1999 3300 2158 3354 brevi

520 3386 913 3443 exhortatione
934 3407 1221 3461 perorem,
1236 3397 1364 3447 vota
1388 3407 1516 3446 mea
1542 3391 1748 3463 quibus
1767 3393 2024 3448 remedia
2044 3393 2158 3465 pie-

519 3482 701 3535 tatum
753 3498 1018 3538 exercere
1067 3484 1320 3540 delector
1362 3486 1620 3540 sensibus
1661 3486 2014 3557 paternitatis
2065 3505 2152 3542 ve-

521 3579 651 3628 strie
701 3578 1060 3646 agnoscenda
1107 3578 1304 3634 innuo.
1339 3582 1475 3644 Quae
1510 3584 1709 3634 tamen
1759 3597 1829 3635 ne
1879 3581 2156 3637 oblivione

520 3669 773 3738 quadam
801 3671 1139 3726 mermoriam
1168 3673 1412 3742 fugiant,
1433 3679 1488 3729 et
1507 3673 1772 3728 relationi
1799 3674 2045 3745 propriae
2066 3692 2158 3729 cu-

517 3778 714 3817 rarum
735 3763 1099 3836 intercapedo
1119 3766 1416 3835 subducat,
1432 3767 1490 3822 in
1511 3768 1682 3837 hujus
1703 3768 1840 3823 torni
1857 3769 2156 3840 complica-

517 3856 671 3912 tione
701 3857 937 3931 accipite
966 3864 1256 3916 annotata.
1291 3861 1431 3916 Illud
1461 3861 1712 3932 primum
1744 3862 1987 3918 volventi
2014 3863 2155 3918 mihi

521 3952 742 4007 miseris
785 3970 1036 4024 parcere,
1069 3955 1335 4010 convenit
1366 3955 1650 4023 intimare,
1681 3955 1833 4027 quod
1880 3956 2157 4011 divulsam

519 4061 620 4116 per
647 4047 1004 4116 tyrannidem
1035 4047 1215 4103 nostri
1243 4049 1494 4119 corporis
1521 4053 1742 4120 partem
1790 4049 1847 4104 in
1879 4051 2159 4106 societatis

522 4144 729 4192 nostrae
748 4141 1032 4209 gremium
1052 4158 1328 4197 conamur
1345 4144 1638 4198 reducere.
1657 4142 1883 4197 Etenim
1911 4149 2154 4198 retroac-

522 4232 593 4285 tis
637 4231 779 4286 divm
807 4235 1098 4288 memoriae
1149 4236 1504 4305 praecessoris
1535 4237 1712 4290 nostri
1752 4236 1982 4291 Uambte
2009 4239 2160 4307 regis

521 4324 904 4395 temporibus,
975 4343 1103 4398 qum
1167 4328 1226 4382 in
1278 4329 1738 4399 profanatoribus
1785 4330 2012 4401 patriae,
2065 4331 2162 4403 qui

523 4419 835 4475 eumPaulo
853 4421 1145 4492 quondam
1163 4422 1534 4494 tyrannidem
1555 4424 2164 4496 assumpserunt,illata

2251 1887 2462 1941 calibus
2490 1887 2662 1942 servis
2684 1889 2769 1942 vel
2798 1888 3030 1953 libertis,
3055 1888 3261 1942 abrasa
3287 1888 3540 1961 deinceps
3563 1889 3702 1958 hujus
3722 1905 3802 1942 ma-

2248 1982 2317 2035 lae
2350 1981 2814 2052 praesumptionis
2859 1982 3106 2048 licentia,
3136 1983 3328 2036 nullus
3354 1982 3447 2053 qui
3494 1999 3556 2036 ex
3600 1983 3801 2036 servitute

2250 2075 2640 2146 quorumlibet
2660 2092 2855 2130 servus
2885 2076 2957 2130 sit
2984 2077 3067 2131 vel
3091 2076 3330 2131 libertus
3351 2077 3419 2130 ad
3439 2077 3659 2148 palatina
3673 2075 3804 2130 ofﬁcia

2252 2174 2524 2224 transeat.
2542 2169 2700 2234 Quod
2718 2171 2762 2223 si
2780 2169 2978 2225 fecerit
2997 2169 3114 2224 illic
3130 2170 3471 2225 serviturum
3488 2169 3662 2243 procul
3678 2169 3802 2223 dubio

2251 2262 2656 2318 recludendum
2671 2279 2728 2318 se
2740 2263 3053 2330 noverit,ex
3067 2280 3183 2335 quo
3196 2263 3616 2319 autconditiouis
3627 2261 3805 2334 propria

2253 2355 2536 2425 originem
2567 2357 2829 2428 sumpsit,
2860 2360 2958 2411 aut
2984 2357 3258 2412 libertatis
3285 2358 3508 2412 titulum
3551 2354 3803 2428 reportavit.

2254 2450 2348 2502 llis
2376 2455 2638 2504 votorum
2662 2466 2923 2507 meorum
2946 2450 3426 2506 insinuationibus
3447 2450 3690 2521 allegatis,
3703 2465 3810 2519 quie-

2255 2560 2314 2596 so
2342 2549 2403 2599 ut
2431 2543 2597 2598 fortia
2618 2543 2982 2616 paternitatis
3004 2549 3205 2599 vestra:
3232 2545 3508 2616 adjutoria
3530 2542 3806 2615 praerogetis.

2253 2639 2398 2692 Luce
2427 2636 2579 2692 enim
2601 2637 2802 2692 clarius
2824 2641 3063 2705 constat,
3086 2639 3243 2709 quod
3263 2638 3580 2710 aggregatio
3600 2651 3810 2690 sacrosan-

2255 2735 2340 2784 cta
2367 2732 2702 2802 pontiﬁcum
2732 2731 3008 2803 quidquid
3037 2732 3328 2787 censuerit
3353 2730 3721 2786 observandum
3738 2743 3808 2798 per

2254 2825 2427 2879 sancti
2448 2825 2687 2896 Spiritus
2699 2825 2911 2880 donum
2931 2827 3166 2880 omnino
3179 2830 3266 2881 est
3277 2827 3346 2881 ad
3367 2825 3702 2882 aeternitatem
3716 2838 3811 2893 prae.

2255 2920 2448 2974 tlxum.
2465 2921 2532 2973 Et
2545 2919 2676 2973 ideo
2691 2919 3118 2974 universitatem
3139 2921 3490 2991 paternitatis
3505 2922 3677 2973 vestrae.
3693 2919 3811 2986 atque

2259 3012 2450 3086 138
2480 3012 2806 3068 sublimium
2836 3013 3094 3068 vivorum
3125 3015 3504 3083 nobilitatem,
3527 3013 3611 3084 qui
3636 3029 3691 3066 ex
3714 3008 3812 3063 aula

2256 3108 2464 3178 regalis
2489 3107 2675 3162 ofﬁcio
2703 3106 2760 3160 in
2809 3107 2914 3162 hac
2957 3112 3152 3162 sancta
3201 3109 3419 3180 synodo
3451 3107 3709 3162 nobiscum
3737 3118 3813 3155 ses-

2257 3201 2374 3254 suri
2405 3200 2691 3272 prieelecti
2721 3203 2852 3256 sunt
2880 3219 2893 3268 ;
2923 3201 3174 3256 obtestor
3202 3203 3424 3273 pariter
3469 3204 3522 3254 et
3545 3200 3741 3270 conjuro
3759 3199 3812 3248 at-

2257 3311 2366 3366 que
2397 3310 2500 3365 per
2524 3294 2815 3349 ineffabile
2854 3295 2995 3350 illud
3048 3300 3475 3350 sacramentum
3503 3290 3753 3355 convenio,
3777 3290 3816 3338 ut

2258 3388 2514 3459 quisquis
2540 3387 2596 3442 in
2638 3388 2827 3444 medio
2868 3389 3040 3444 vestri
3087 3407 3146 3444 se
3185 3390 3558 3460 judicaudum
3594 3389 3666 3441 vel
3691 3390 3816 3438 retra-

2258 3483 2522 3538 ctandum
2569 3482 2863 3553 invexerit,
2896 3488 3015 3538 tam
3045 3499 3174 3555 quae
3229 3501 3334 3556 per
3377 3501 3478 3538 nos
3518 3483 3668 3550 dicta,
3695 3491 3817 3549 quam

2258 3577 2424 3631 etiam
2458 3582 2655 3631 czetera
2697 3593 2822 3648 quae
2873 3577 3071 3632 vestris
3121 3578 3415 3633 auditibus
3459 3595 3513 3632 se
3555 3570 3820 3647 ingesserint

2258 3670 2543 3724 audienda
2573 3670 2865 3724 communi
2893 3670 3084 3742 vigore
3098 3671 3346 3742 justitiie
3373 3675 3429 3726 et
3451 3666 3819 3741 temperamento

2259 3764 2658 3818 misericordia:
2714 3764 2984 3819 dirimere
3029 3766 3370 3836 procuretis,
3399 3782 3510 3837 quo
3556 3778 3670 3817 cum
3707 3755 3817 3813 omni

2260 3857 2577 3912 reverentia
2604 3862 2830 3928 patrum
2861 3858 3318 3929 praecedentium
3351 3858 3556 3931 regulis
3578 3852 3747 3910 subditi
3765 3856 3819 3903 to-

2258 3953 2366 4006 tius
2393 3951 2786 4006 unanimitatis
2807 3957 3004 4006 vestrae
3033 3955 3321 4008 sententia
3341 3971 3457 4008 non
3474 3950 3675 4007 aliunde
3696 3959 3817 4017 quam

2259 4061 2322 4098 ex
2355 4044 2608 4098 veritatis
2638 4044 2796 4098 fonte
2828 4045 3119 4115 procedat.
3154 4046 3366 4118 Sicque
3395 4051 3449 4100 et
3478 4045 3558 4100 bis
3584 4057 3691 4116 qua:
3714 4051 3815 4110 pm

2261 4137 2428 4192 missa
2458 4141 2591 4192 sunt
2619 4138 2862 4193 solidum
2889 4139 3316 4194 deliberationis
3355 4140 3557 4212 stylum
3583 4130 3819 4209 promptis-

2261 4232 2400 4287 sime
2435 4231 2756 4304 apponatis,
2809 4237 2864 4287 et
2904 4232 3123 4303 reliqua
3171 4233 3365 4288 adhuc
3412 4249 3536 4305 quae
3581 4221 3821 4284 necessaria

2261 4328 2394 4380 sunt
2417 4325 2475 4380 in
2507 4325 2845 4397 peragendis
2870 4325 3262 4381 ecclesiasticae
3285 4328 3497 4399 regulae
3518 4318 3775 4394 disciplinis
3786 4320 3822 4367 et

2260 4420 2584 4474 dirimenda
2614 4419 2882 4487 tractetis,
2913 4425 2968 4474 et
2998 4420 3284 4492 dirempta
3309 4416 3720 4493 religiosioribus
3741 4407 3824 4464 dili-

523 4517 607 4568 est
632 4515 918 4570 sententia
948 4515 1249 4583 ultionum,
1281 4517 1380 4589 qui
1429 4534 1535 4589 per
1571 4517 1774 4589 judicii
1822 4518 2159 4573 universalis
2179 4520 2237 4594 D
2261 4517 2461 4584 genter
2491 4513 2873 4580 conscribatis,
2899 4513 3147 4584 qualiter
3171 4514 3313 4569 dum
3347 4515 3645 4570 doctrinam
3671 4508 3825 4576 disp”

523 4607 770 4664 edictum
795 4609 1115 4666 amiserunt
1143 4611 1562 4681 testimonium,
1595 4612 1880 4684 rebusque
1915 4612 2158 4684 propriis

520 4709 847 4774 caruerunt,
863 4721 991 4776 qua:
1011 4708 1215 4760 cuncta
1236 4711 1434 4761 vestrm
1463 4705 1827 4762 sanctitudini
1850 4711 1984 4761 nota
2005 4710 2155 4774 sunt,

521 4811 664 4866 quos
690 4799 886 4852 tamen
913 4803 970 4853 et
994 4799 1054 4854 in
1076 4800 1312 4873 collegio
1339 4801 1624 4856 societatis
1649 4804 1860 4856 nostra:
1883 4801 2155 4872 recipere,

524 4895 581 4943 et
606 4889 772 4944 rebus
803 4893 1010 4962 quibus
1037 4895 1122 4948 fas
1149 4895 1318 4950 fuerit
1339 4895 1670 4950 devovimus
1693 4895 1988 4950 devestire.
2013 4895 2157 4948 Nam

523 4986 582 5037 et
610 4983 680 5037 de
707 4986 982 5040 accusatis
1012 4987 1246 5042 modum
1271 4989 1533 5044 volumus
1573 5005 1787 5060 ponere
1829 4988 2160 5060 justissima:

524 5077 967 5150 perquisitionis,
999 5097 1112 5152 quo
1142 5082 1256 5136 sive
1305 5083 1374 5138 de
1423 5082 1725 5154 religiosis,
1758 5083 1872 5137 sive
1911 5083 1979 5136 de
2005 5082 2160 5136 laicis

525 5172 764 5244 quisque
795 5175 1178 5230 accusationes
1208 5176 1544 5247 cujusquam
1581 5175 1768 5232 studio
1811 5177 1979 5231 fuerit
2028 5193 2156 5248 pro-

525 5267 778 5338 pulsatus
807 5282 923 5321 non
951 5268 1182 5322 occultis
1217 5269 1532 5339 fraudibus,
1565 5271 1649 5324 vel
1694 5269 1976 5325 violentiis
2003 5286 2158 5324 com-

526 5360 830 5432 primatur,
862 5375 970 5416 nec
1001 5361 1146 5416 clam
1191 5361 1540 5433 professione
1569 5361 1848 5418 violenter
1874 5367 2158 5433 arceatur,

524 5454 620 5509 sed
645 5453 706 5509 in
731 5455 1023 5510 communi
1068 5456 1326 5510 omnium
1368 5455 1633 5512 examine
1675 5456 1985 5528 judicetur,
2023 5472 2158 5528 quo,

525 5548 838 5603 secundum
878 5548 1117 5620 publicae
1162 5549 1526 5620 professionis
1572 5565 1687 5604 sum
1735 5554 2014 5616 tenorem,
2064 5553 2164 5604 aut

527 5639 858 5696 ofl‘ensibilis
885 5642 1104 5698 debitas
1129 5643 1512 5699 damnationis
1555 5659 1748 5715 pinnas
1777 5643 2038 5713 excipiat,
2065 5647 2164 5698 aut

528 5733 797 5789 innocens
827 5751 896 5791 ex
918 5736 1133 5807 judicio
1161 5738 1422 5793 omnium
1452 5738 1850 5811 comprobatus
1873 5737 2160 5793 clarescat.

528 5823 667 5878 Nam
693 5827 826 5897 quid
851 5829 971 5898 jam
997 5831 1068 5885 de
1099 5831 1443 5889 tributorum
1475 5832 1752 5888 fiscalium
1780 5830 2164 5889 exactionibus

2258 4607 2392 4678 gitis
2420 4606 2729 4661 salutarem
2761 4607 2821 4661 in
2873 4607 3121 4679 populis,
3151 4608 3448 4664 Christum
3491 4605 3753 4663 Dominum
3786 4596 3824 4648 in

2259 4699 2603 4755 cumulando
2637 4701 2874 4770 justitiie
2919 4701 3107 4755 fructu
3145 4703 3404 4773 capiatis,
3429 4707 3489 4757 ut
3512 4701 3652 4755 vobis
3673 4689 3823 4767 pradi-

2259 4794 2514 4849 cantibus
2543 4798 2600 4848 et
2619 4794 3010 4865 implentibus,
3024 4797 3080 4850 et
3093 4811 3224 4867 quae
3245 4795 3454 4850 divinis
3468 4793 3630 4850 oculis
3645 4783 3824 4856 compla-

2259 4890 2443 4954 ceant,
2474 4891 2530 4943 et
2558 4905 2684 4959 quae
2714 4888 2876 4943 nobis
2906 4888 3205 4960 proficiant
3235 4906 3474 4960 semper
3510 4903 3664 4957 agere
3689 4881 3823 4934 valea-

2260 5000 2408 5038 mus.
2440 4983 2523 5037 Sit
2548 4982 2802 5054 utrisque
2821 4981 3152 5052 parentibus
3181 4983 3241 5036 in
3264 4982 3374 5037 hoc
3402 4982 3618 5047 saeculo,
3641 4978 3698 5032 de
3713 4974 3826 5028 lucro

2260 5077 2582 5131 animarum
2597 5075 2880 5130 ineffabile
2903 5075 3200 5147 gaudium,
3217 5082 3277 5131 et
3292 5077 3354 5131 in
3376 5077 3562 5130 futuro
3579 5073 3643 5128 de
3657 5077 3828 5141 perven-

2260 5171 2416 5226 tione
2445 5169 2774 5225 aeternitatis
2803 5169 3094 5240 premium
3119 5169 3540 5224 inconvulsum.
3565 5169 3737 5222 Datum
3757 5153 3827 5211 sub

2263 5264 2353 5318 die
2387 5263 2584 5336 quinto
2615 5264 2800 5318 Nonas
2828 5262 3176 5330 Novembris,
3209 5280 3369 5318 anno
3420 5262 3645 5318 feliciter
3680 5255 3830 5328 quarto

2264 5359 2426 5430 regni
2453 5356 2648 5428 gloriae
2677 5362 2888 5412 nostrze
2913 5357 2973 5412 in
3003 5356 3100 5412 Dei
3131 5357 3388 5428 nomine,
3415 5356 3618 5412 Toleto.
3641 5347 3831 5407 Perlecto

2264 5469 2405 5524 ergo
2446 5469 2635 5507 coram
2679 5451 2899 5506 cunctis
2945 5451 3107 5506 Tomi
3152 5452 3489 5506 necessariis
3535 5437 3833 5504 institutionis

2264 5563 2490 5614 exorsu,
2521 5546 2677 5617 prius
2704 5545 2775 5601 de
2805 5546 2916 5600 tide
2961 5548 3173 5600 sanctae
3215 5545 3510 5601 Trinitatis
3551 5534 3832 5597 sermocina-

2263 5641 2434 5697 tionis
2461 5645 2669 5696 nostrae
2697 5639 2866 5712 coepit
2890 5656 3009 5694 esse
3041 5638 3415 5712 principium,
3449 5636 3745 5711 proﬁtentes
3764 5641 3832 5696 Ρτι·

2265 5735 2403 5790 riter
2427 5739 2484 5790 et
2509 5733 2804 5790 credentes
2832 5749 2895 5788 ea
2925 5750 3052 5806 quae
3083 5733 3153 5789 de
3189 5733 3301 5788 hac
3327 5737 3525 5789 sancta
3545 5724 3779 5786 Trinitate
3797 5717 3836 5816 ei

2268 5829 2573 5900 Evangelia
2621 5829 2873 5895 tradunt,
2904 5833 2962 5884 et
2988 5827 3376 5900 apostolorum
3405 5825 3698 5882 sanctiones
3723 5817 3839 5870 insti-
