3946 6180
141 301 215 352 565
919 307 925 312 '
1264 288 1733 349 DECRETALIUM
1768 291 2160 351 COLLECTIO.

3315 299 3417 354 566

134 408 275 471 tuunt,
299 400 421 454 sicut
439 397 659 453 Nicaeae
686 398 942 469 synodus
966 398 1076 454 hoc
1105 399 1330 471 pietatis
1356 417 1681 458 sacramen-
1702 413 1764 488 Α
1782 400 1986 465 Pontio
2014 400 2233 467 Pilatio,
2269 401 2540 473 sepultus,
2556 403 2725 459 tertia
2746 403 2841 459 die
2859 404 3188 461 resurrexit.
3210 408 3416 462 Ascen-

136 504 226 553 tum
265 492 508 566 exposuit,
564 491 710 548 sicut
758 493 1389 566 Constantinopolitana
1432 496 1684 552 deﬁnitio

134 589 289 655 sanxit,
314 588 386 642 vel
410 584 571 657 primi
590 572 857 657 Ephesini
876 592 1052 642 cretus
1069 592 1239 660 atque
1259 589 1682 645 Chalcedonen-

133 686 187 739 sis
206 682 396 738 evidens
415 679 667 735 doctrina
686 680 1000 748 constituit,
1013 681 1175 751 juxta
1212 683 1365 754 quod
1399 684 1573 739 etiam
1594 701 1682 738 sa-

129 776 352 833 crosancti
370 774 595 847 symboli
613 774 943 830 elucubrata
965 775 1239 847 professio
1258 777 1456 847 claret,
1472 794 1600 849 qua:
1625 777 1683 833 in

130 872 364 926 missarum
379 868 822 924 solemnitatibus
844 870 1041 941 patula
1056 874 1394 927 cunctorum
1414 871 1687 927 acclama-

125 972 194 1020 tur
211 963 430 1019 ﬁdelium
459 978 612 1017 voce.

549 1057 706 1111 Fides
726 1058 936 1111 Niczni
953 1059 1189 1113 concilii.

176 1151 425 1206 (‘redimus
454 1151 510 1204 in
543 1167 721 1204 unum
750 1151 927 1205 Deum
965 1153 1189 1206 Patrem
1228 1153 1685 1223 omnipotentem

124 1247 344 1300 {actorem
366 1244 481 1298 creti
504 1248 560 1298 et
578 1249 763 1310 terrae,
799 1244 1102 1300 visibilium
1122 1246 1381 1301 omnium
1410 1252 1467 1301 et
1491 1246 1684 1301 invisi-

120 1338 275 1392 bilium
313 1338 697 1407 conditorem;
746 1343 802 1394 et
847 1339 906 1393 in
954 1356 1132 1393 unum
1160 1339 1465 1395 Dominum
1492 1342 1685 1396 Jesum

123 1431 349 1487 Christum
392 1432 594 1486 Filium
626 1432 725 1486 Dei
754 1431 1139 1503 unigenitum,
1188 1450 1260 1487 ex
1288 1434 1450 1488 Patre
1483 1438 1685 1490 natum

120 1528 217 1579 ante
233 1525 398 1579 omnia
415 1526 641 1594 saecula,
671 1527 847 1581 Deum
875 1543 945 1581 ex
970 1528 1111 1595 Deo,
1142 1527 1327 1582 lucem
1347 1544 1417 1583 ex
1443 1528 1683 1597 lumine,

120 1619 256 1673 Deum
294 1635 480 1673 verum
536 1636 601 1673 ex
653 1620 765 1673 Deo
812 1636 968 1689 vero,
1018 1625 1241 1689 natum,
1289 1638 1405 1676 non
1448 1621 1683 1691 factum,

118 1712 356 1767 omousion
396 1712 566 1782 Patri,
609 1713 717 1769 hoc
765 1716 850 1768 est
895 1713 1153 1784 ejusdem
1185 1731 1316 1769 cum
1354 1716 1519 1770 Patre
1548 1716 1682 1770 sub-

1784 495 1868 550 dit
1885 495 1945 550 in
1976 494 2165 561 caelos,
2198 494 2357 550 sedet
2381 496 2455 550 ad
2484 496 2778 553 dexteram
2803 499 3002 565 Patris,
3043 499 3255 555 iterum
3282 517 3417 556 ven-

1785 592 1946 644 turus
1989 589 2050 643 in
2101 587 2278 660 gloria
2315 589 2572 659 judicare
2614 591 2771 645 vivos
2817 597 2874 646 et
2922 599 3204 648 mortuos.
3247 594 3422 665 Cujus

1785 682 1953 754 regni
1983 698 2101 737 non
2131 682 2243 736 erit
2267 682 2416 737 ﬁnis.
2445 683 2740 739 Credimus
2772 685 2831 739 in
2853 685 3127 756 Spiritum
3158 692 3419 744 sanctum

1785 777 2093 832 Dominum
2120 781 2177 831 et
2206 776 2630 843 viviﬁcatorem,
2664 794 2736 833 ex
2776 780 2937 834 Patre
2965 783 3024 834 et
3053 781 3189 835 Filio
3218 798 3418 852 proce-

1786 871 2038 938 dentem,
2060 887 2190 924 cum
2205 872 2370 925 Patre
2387 870 2740 926 adorandum
2758 876 2816 925 et
2843 873 3299 946 glorificandum,
3323 877 3421 949 qui

1784 966 2008 1021 locutus
2031 968 2117 1021 est
2145 980 2248 1035 per
2280 964 2605 1036 prophetas.
2658 966 2833 1020 Unam
2873 966 3215 1025 catholicam
3250 975 3422 1042 atque

1784 1058 2153 1131 apostolicam
2179 1059 2504 1113 Ecclesiam.
2526 1058 2815 1114 Conﬁteor
2846 1076 3024 1115 unum
3054 1062 3336 1134 baptisma
3361 1065 3422 1119 in

1784 1154 2186 1209 remissionem
2208 1158 2607 1223 peccatorum;
2638 1157 3032 1225 exspectamus
3060 1157 3424 1213 resurrectio-

1784 1264 1920 1302 nem
1948 1250 2331 1312 mortuorum,
2362 1250 2418 1300 et
2445 1246 2618 1300 vitam
2664 1247 2889 1302 venturi
2920 1250 3129 1304 saeculi.
3161 1254 3364 1307 Amen.

1854 1343 1988 1396 Post
2022 1340 2194 1412 hujus
2249 1343 2459 1396 sancte
2514 1340 2649 1395 fidei
2688 1341 3023 1412 dispositam
3058 1344 3419 1414 scripturam,

1785 1435 1949 1507 quasi
1961 1450 2132 1506 super
2154 1433 2559 1489 solidissimam
2579 1438 2805 1505 petram
2820 1439 3168 1491 casterorum
3186 1454 3427 1509 sequen-

1784 1530 1928 1585 tium
1953 1529 2373 1584 construximus
2411 1528 2711 1599 fabricam,
2742 1532 2805 1583 ut
2829 1529 3103 1586 ﬁrmitate
3128 1532 3419 1587 ineonvul-

1785 1623 1932 1677 sibili
1973 1623 2203 1691 durent,
2243 1639 2371 1693 quas
2410 1639 2584 1693 super
2620 1623 3062 1679 fundamentum
3099 1641 3251 1680 vera:
3290 1626 3425 1681 ﬁdei

1784 1715 2002 1770 fuerint
2029 1730 2280 1787 perenne
2309 1718 2648 1770 constructa.
2679 1716 2835 1771 Unde
2860 1724 2917 1772 et
2938 1717 3045 1772 has
3070 1719 3335 1773 omnium
3363 1719 3421 1773 in

118 1806 309 1873 stantia,
330 1823 423 1877 per
445 1824 622 1879 quem
644 1808 836 1863 omnia
865 1809 1010 1863 facta
1039 1812 1190 1877 sunt,
1215 1826 1342 1880 quze
1374 1809 1433 1863 in
1465 1808 1603 1864 cmlo
1628 1789 1761 1864 etB
1785 1826 2089 1866 commune
2142 1809 2453 1864 sententias
2501 1825 2643 1880 quas
2691 1809 2964 1881 principis
3013 1811 3246 1866 hortatu
3293 1829 3427 1866 con-

117 1899 474 1968 quaeinterra;
530 1901 629 1972 qui
668 1905 901 1972 propter
943 1918 1046 1956 nos
1085 1906 1142 1957 et
1184 1907 1414 1973 propter
1439 1907 1690 1957 nostram

119 1991 306 2047 salutem
329 1993 637 2062 descendit,
668 2001 725 2050 et
751 1995 1079 2049 incarnatus
1103 1995 1279 2050 estde
1312 1995 1524 2067 Spiritu
1556 2013 1686 2050 san—

114 2091 184 2139 cto
220 2103 273 2140 ex
309 2088 468 2146 Maria
508 2088 768 2160 virgine;
798 2089 970 2145 homo
1012 2089 1215 2159 factus,
1247 2106 1443 2160 passus
1472 2091 1560 2144 est
1587 2090 1690 2145 sub

1790 1903 2087 1958 struendae
2113 1902 2434 1973 accepimus
2464 1902 2759 1957 communi
2796 1906 2927 1958 voto
2953 1904 3259 1971 edidimus,
3286 1921 3425 1978 quas

1790 1996 1962 2050 etiam
2016 2000 2231 2051 aeterno
2268 1996 2604 2052 reverentiae
2634 1996 2831 2068 vigore
2872 1997 3249 2053 observandas
3306 1998 3425 2053 fore

1792 2106 2111 2147 censemus.

434 2385 855 2477 INCIPIT
947 2386 1562 2481 CONCILIUM
1652 2388 2464 2481 BBACCARENSE
2559 2389 3045 2483 PRIMUM.

763 2567 934 2632 ίΕνα
963 2587 1178 2643 an1x,
1213 2587 1387 2632 anno
1416 2570 1604 2631 tertio
1634 2568 1965 2633 Ariamz'ri
1988 2568 2184 2649 regis,
2216 2567 2531 2632 Kalendis
2560 2568 2746 2631 Maii.

166 2734 303 2789 Anno
344 2737 510 2792 tertio
555 2739 822 2794 Ariamiri
875 2741 1030 2811 regis
1074 2742 1339 2797 Kalendis
1381 2741 1529 2811 Maii,
1564 2758 1696 2796 cum

111 2824 309 2883 Galliciie
362 2832 672 2903 provincia:
734 2833 983 2905 episcopi
1047 2835 1356 2902 Lucretius,
1419 2836 1691 2905 Andreas,

113 2916 347 2991 Martinus,
377 2927 592 2993 Cottus,
642 2926 972 2999 Hildericus,
1015 2928 1297 2998 Lucetius,
1341 2929 1691 2997 Timotheus,

1796 2741 1995 2795 Romae
2024 2740 2152 2808 Leo,
2185 2739 2285 2812 qui
2321 2739 2796 2812 quadragesimus
2843 2740 2963 2794 fere
3003 2737 3242 2810 apostoli
3280 2735 3432 2792 Petri

1795 2850 2083 2889 successor
2111 2833 2346 2901 exstitit,
2374 2850 2478 2905 per
2502 2834 2779 2905 Turpium
2806 2832 3095 2888 notarium
3122 2831 3271 2886 sedis
3313 2846 3433 2885 suae

1795 2927 1869 2982 ad
1888 2928 2172 3000 synodum
2194 2928 2443 2983 Gallicis:
2460 2933 2655 2983 contra
2674 2928 2914 2999 impiam
2941 2925 3306 2982 Priscillianaa
3325 2924 3437 2979 hm-

111 3011 318 3069 Maliosus
346 3024 399 3073 et
424 3020 728 3091 praeceptis
752 3022 977 3091 praefati
1012 3021 1401 3093 gloriosissimi
1430 3022 1694 3077 Ariamiri
1794 3020 1933 3077 resis
1976 3026 2187 3076 sectam
2219 3021 2429 3092 scripta
2468 3037 2572 3076 sua
2615 3020 2837 3076 direxit.
2882 3021 3054 3091 Cujus
3080 3020 3254 3075 etiam
3284 3034 3431 3089 prae-

114 3107 231 3175 regis
267 3111 318 3164 in
352 3114 797 3184 metropolitana
830 3115 1091 3185 ejusdem
1126 3115 1437 3187 provinciae
1461 3116 1697 3172 ecclesia
1716 3142 1772 3217 C
1795 3120 1959 3185 cepta
2010 3116 2458 3170 Tarraconenses
2509 3119 2569 3170 et
2614 3115 3092 3185 Carthaginenses
3147 3113 3433 3185 episcopi,

111 3203 467 3274 convenissent,
525 3206 954 3263 considentibus
997 3209 1166 3263 simul
1209 3210 1503 3282 episcopis,
1550 3226 1693 3282 praa-
1723 3203 1772 3217 “’
1798 3209 2049 3264 Lusitani
2080 3225 2308 3279 quoque
2339 3212 2397 3263 et
2422 3209 2619 3278 Betici,
2652 3210 2801 3264 facto
2822 3209 2971 3264 inter
2989 3225 3049 3263 se
3068 3207 3329 3273 concilio,
3352 3222 3438 3261 re-

113 3294 421 3370 sentibusque
467 3301 853 3372 presbyteris,
906 3302 1332 3375 astantibusque
1382 3287 1694 3374 ministris,
1798 3303 1994 3372 gulam
2025 3302 2154 3357 ﬁdei
2183 3305 2386 3357 contra
2409 3302 2821 3358 Priscillianam
2859 3302 3128 3357 haeresim
3170 3316 3302 3356 cum
3332 3300 3433 3355 ali-

109 3385 172 3439 vel
197 3391 436 3447 universo
464 3396 646 3463 clero,
674 3396 963 3450 Lucretius
988 3402 1327 3452 memoratae
1362 3397 1696 3469 metropoli-
1798 3396 2005 3467 quibus
2048 3395 2310 3466 capitulis
2350 3396 2792 3464 conscribentes,
2834 3396 2907 3451 ad
2938 3394 3269 3450 Baleonium
3299 3399 3438 3449 tunc

109 3482 225 3535 tame
262 3488 501 3543 ecclesia:
557 3489 849 3560 episcopus
873 3490 1061 3544 dixit:
1092 3491 1195 3545 Diu
1222 3496 1324 3559 est,
1357 3491 1700 3546 sanctissimi
1798 3488 1971 3559 hujus
2011 3489 2395 3543 Braccarensis
2442 3489 2692 3544 ecclesiae
2737 3490 3041 3561 praesulem
3071 3487 3435 3557 direxerunt;

105 3572 286 3648 fratres,
324 3582 473 3651 quod
515 3581 843 3635 secundum
884 3583 1139 3639 instituta
1173 3584 1583 3643 venerabilium
1605 3601 1696 3639 ca-
1798 3582 1952 3637 unde
1980 3585 2038 3637 et
2064 3582 2198 3653 quia
2225 3582 2419 3654 ipsum
2443 3583 2793 3654 praescriptis
2823 3582 2957 3637 fidei
2986 3581 3279 3652 exemplar
3305 3596 3437 3635 cum

106 3681 279 3725 nonum
306 3678 360 3727 et
384 3676 627 3731 decreta
641 3676 933 3731 catholicae
959 3680 1016 3731 et
1035 3677 1361 3749 apostolicae
1386 3678 1700 3749 disciplinas
1800 3675 1915 3731 suis
1941 3676 2202 3747 capitulis
2228 3692 2345 3747 prae
2371 3677 2637 3732 manibus
2666 3677 2757 3731 hic
2776 3676 3074 3744 habemus,
3104 3692 3207 3746 pro
3232 3675 3442 3730 instru-

105 3759 529 3823 desiderabamus
575 3769 978 3825 sacerdotalem
1027 3770 1178 3826 inter
1211 3788 1316 3826 nos
1341 3771 1462 3826 ﬁeri
1493 3772 1701 3827 debere
1802 3768 1989 3825 ctione
2017 3768 2411 3840 ignorantium
2434 3770 2500 3841 (si
2530 3774 2726 3825 vestras
2751 3769 2939 3841 placet
2961 3754 3314 3838 reverentiae)
3344 3784 3438 3823 re-

108 3865 422 3931 conventum,
454 3864 596 3937 quia
626 3880 741 3919 non
783 3864 965 3919 solum
993 3864 1380 3920 ecclesiasticis
1408 3866 1621 3936 regulis
1647 3872 1704 3922 et
1803 3864 2028 3918 citetur.
2059 3863 2273 3918 Omnes
2300 3865 2551 3935 episcopi
2579 3864 2843 3919 dixerunt
2870 3880 2884 3918 :
2916 3863 3086 3918 Valde
3116 3862 3443 3917 necessaria

105 3949 357 4011 ordinibus
382 3962 800 4030 opportunam,
836 3958 933 4013 sed
959 3958 1219 4014 stabilem
1261 3959 1436 4014 etiam
1479 3977 1705 4032 semper
1802 3957 2011 4011 horum
2039 3956 2419 4029 capitulorum
2445 3962 2530 4013 est
2555 3958 2744 4025 lectio,
2762 3960 2828 4012 ut
2850 3957 2989 4011 dum
3009 3954 3442 4028 simplicioribus

106 4043 243 4100 efﬁcit
266 4050 551 4105 charitatis
579 4051 851 4105 fraternae
879 4052 1266 4122 concordiam,
1300 4053 1440 4108 dum
1462 4070 1703 4126 congre-
1805 4050 2124 4122 quibusque
2153 4050 2394 4122 pristina
2422 4053 2749 4106 sanctorum
2793 4050 3053 4105 instituta
3082 4047 3437 4121 panduntur,

106 4139 194 4205 εῖδιὶ
217 4142 370 4198 simul
400 4145 463 4199 in
492 4144 735 4199 nomine
766 4145 993 4200 Domini
1018 4146 1343 4202 sacerdotes
1379 4164 1447 4202 ea
1474 4148 1623 4203 inter
1647 4165 1705 4203 se
1803 4143 2138 4199 abominata
2154 4144 2278 4215 jam
2301 4144 2441 4199 olim
2460 4162 2494 4199 a
2511 4145 2642 4200 sede
2658 4144 2972 4200 beatissimi
2997 4143 3148 4199 Petri
3177 4141 3440 4214 apostoli,

106 4231 296 4289 salutari
343 4239 653 4294 collatione
703 4240 1021 4310 requirunt,
1073 4257 1203 4312 quae
1252 4241 1569 4296 secundum
1605 4242 1702 4297 do-
1806 4241 1866 4291 et
1906 4238 2182 4293 damnata
2226 4238 2594 4293 Priscillianas
2633 4238 2870 4293 haeresis
2912 4238 3191 4310 figmenta
3232 4252 3441 4308 cogno-

104 4324 987 4402 ctrinamapostolicamunitatem
1005 4333 1233 4404 spiritus
1249 4334 1707 4406 invinculopacis
1804 4336 2055 4387 scantur.
2099 4332 2335 4387 Lectum
2389 4337 2473 4387 est
2524 4332 2814 4405 exemplar
2838 4331 2992 4400 fidei,
3024 4347 3155 4387 cum
3185 4330 3446 4402 capitulis

105 4416 379 4481 Obﬁneant.
403 4427 572 4481 Nunc
589 4442 750 4497 ergo,
775 4427 1051 4498 quoniam
1073 4430 1334 4498 optatum
1351 4427 1512 4482 nobis
1538 4428 1709 4499 hujus
1807 4425 1943 4493 suis,
1977 4442 2104 4496 quas
2146 4442 2217 4482 ne
2264 4426 2645 4498 prolixitatem
2682 4427 2934 4482 facerent
2982 4425 3071 4481 his
3118 4425 3290 4496 gestis
3336 4423 3442 4478 mi-

101 4520 531 4589 congregationis
574 4520 729 4575 diem
772 4519 1205 4591 gloriosissimus
1228 4526 1398 4593 atque
1424 4521 1710 4594 piissimus
1727 4514 1788 4587 D
1809 4519 1964 4574 nime
1992 4522 2127 4574 sunt
2149 4518 2384 4576 inserta.
2412 4522 2543 4575 Post
2564 4520 2871 4575 lectionem
2900 4518 3284 4591 capitulorum
3313 4517 3447 4572 licet

101 4605 220 4661 illius
242 4618 426 4669 noster
450 4616 749 4688 aspirante
776 4614 882 4668 sibi
911 4615 1149 4670 Domino
1176 4615 1396 4671 utiliter
1419 4632 1708 4671 commen-
1808 4612 1979 4668 lectio
2017 4612 2338 4669 necessaria
2366 4613 2648 4669 recensita
2674 4617 2777 4680 est,
2807 4617 3002 4668 tamen
3037 4609 3359 4666 evidentius
3388 4612 3449 4665 et

101 4698 240 4772 davit,
266 4708 423 4777 prius
464 4710 541 4764 de
580 4712 730 4763 statu
749 4708 885 4763 ﬁdei
908 4709 1072 4778 (sicut
1090 4709 1350 4781 superius
1368 4710 1584 4765 dictum
1609 4711 1707 4781 est)
1810 4706 2122 4778 simplicius
2148 4723 2211 4761 ea
2244 4723 2372 4778 quae
2397 4712 2531 4762 sunt
2548 4706 2922 4762 exsecrabitia
2946 4706 3029 4761 ita
3055 4704 3252 4777 positis
3272 4704 3447 4760 etiam

102 4795 442 4857 conferamus.
478 4803 648 4868 Nam,
681 4802 815 4857 licet
830 4803 952 4873 jam
980 4801 1117 4857 olim
1146 4802 1509 4858 Priscillianee
1529 4804 1709 4859 haere-

100 4885 158 4940 sis
182 4896 436 4967 contagio
464 4896 530 4950 in
562 4895 957 4967 Hispaniarum
985 4896 1290 4968 provinciis
1318 4896 1536 4952 detecta
1561 4897 1632 4953 sit
1655 4900 1714 4952 et

99 4978 351 5057 damnata,
380 5006 455 5044 ne
484 4989 621 5061 quis
652 4995 847 5044 tamen
895 5006 997 5060 per
1032 4989 1441 5061 ignorantiam,
1472 4993 1571 5045 aut
1604 4990 1709 5044 ali-

96 5075 269 5144 quibus
308 5084 391 5151 (ut
435 5082 671 5155 assolet)
716 5083 1008 5154 scripturis
1054 5083 1324 5155 deceptus
1372 5083 1713 5156 apocryphis

96 5167 254 5243 aliqua
292 5176 485 5232 adhuc
535 5177 714 5248 ipsius
758 5177 968 5232 erroris
994 5177 1313 5248 pestilentia
1346 5177 1417 5233 sit
1443 5178 1709 5247 infectus,

97 5269 424 5325 manifestius
477 5271 703 5342 ignaris
753 5270 1078 5326 hominibus
1123 5271 1445 5327 declaretur
1471 5272 1571 5343 qui
1606 5271 1713 5343 ipsi

97 5354 141 5409 in
166 5365 526 5420 extremitate
571 5369 625 5419 et
654 5366 713 5419 in
743 5366 953 5419 ultimis
981 5365 1150 5436 hujus
1176 5365 1477 5436 provinciae
1507 5365 1715 5420 finibus

94 5456 358 5511 constituti
384 5465 489 5513 aut
516 5459 787 5529 exiguam
805 5464 903 5514 aut
915 5475 1064 5530 pene
1088 5458 1308 5513 nullam
1328 5461 1500 5513 rectae
1527 5458 1714 5513 erudi-

96 5540 238 5597 tionis
284 5548 563 5602 notitiam
617 5547 1005 5619 contigerunt.
1045 5547 1225 5602 Credo
1269 5551 1463 5603 autem
1513 5551 1715 5602 vestra:

95 5632 440 5697 beatitudinis
490 5640 908 5697 fraternitatem
951 5658 1139 5709 nosse,
1181 5641 1317 5713 quia
1358 5658 1425 5696 eo
1458 5647 1715 5712 tempore

96 5730 298 5797 quando
330 5733 390 5789 in
424 5734 762 5807 regionibus
787 5736 1209 5792 nefandissimee
1236 5734 1596 5790 Priscillianas
1624 5752 1714 5790 se-

96 5827 180 5877 flae
231 5845 453 5886 venena
522 5828 864 5904 serpebant,
923 5829 1286 5886 beatissimus
1348 5845 1499 5903 papa
1561 5829 1716 5884 urbis

1811 4799 2067 4871 capitulis
2089 4800 2263 4855 modo
2290 4800 2691 4855 declarentur:
2722 4805 2783 4854 ut
2810 4800 2906 4871 qui
2936 4800 3128 4854 minus
3148 4803 3235 4854 est
3260 4798 3448 4854 erudi-

1811 4897 1904 4948 tus
1930 4893 2233 4965 intelligat,
2282 4897 2341 4948 et
2384 4894 2457 4948 sit
2499 4893 2880 4949 anathematis
2908 4893 3187 4950 sententia
3215 4893 3452 4964 explosa

1805 4988 1930 5059 jam
1979 4986 2310 5042 Priscilliani
2364 4986 2574 5043 erroris
2626 4988 2905 5060 ﬁgmenta
2955 4987 3346 5055 damnentur;
3386 4990 3451 5041 ut

1814 5080 2071 5153 quisquis
2098 5081 2353 5150 clericus,
2384 5083 2471 5136 vel
2500 5082 2834 5150 monachus,
2864 5082 2979 5137 sive
2994 5081 3191 5149 laicus,
3219 5081 3333 5137 tale
3354 5080 3451 5135 ali-

1813 5174 1954 5246 quid
1966 5175 2176 5229 sentire
2192 5175 2399 5244 adhuc,
2418 5176 2506 5231 vel
2519 5175 2825 5232 defendere
2852 5176 3026 5231 fuerit
3039 5174 3447 5247 deprehensus,

1813 5271 2087 5340 tanquam
2114 5285 2243 5324 vere
2268 5270 2563 5341 putridum
2594 5270 2921 5325 membrum
2950 5269 3223 5325 continuo
3243 5267 3312 5322 de
3330 5282 3450 5320 cor-

1815 5378 1953 5433 pore
1974 5361 2337 5418 abscindatur
2363 5363 2654 5419 catholicse
2698 5364 2980 5433 Ecclesias,
3014 5379 3087 5417 ne
3132 5364 3232 5417 aut
3268 5359 3448 5415 socie-

1815 5455 1945 5511 tatis
1974 5455 2089 5511 sive
2117 5456 2407 5527 pravitatis
2441 5457 2564 5529 ejus
2601 5458 2829 5514 macula
2847 5474 2879 5512 a
2899 5459 3051 5512 recte
3092 5451 3454 5510 credentibus

1818 5549 1889 5603 de
1918 5549 2289 5620 permistione
2326 5551 2530 5605 talium
2558 5552 2775 5623 aliquid
2802 5549 3132 5606 orthodoxis
3156 5549 3453 5619 reputatur

1818 5642 2211 5714 opprobrium.
2241 5645 2534 5717 Proposita
2550 5649 2751 5701 contra
2765 5641 3173 5699 Priscillianam
3190 5639 3453 5696 bmresim

1817 5736 2082 5807 capitula,
2111 5742 2169 5793 et
2195 5738 2407 5795 relecta
2434 5740 2728 5794 continent
2748 5738 2871 5792 haec
2901 5754 2916 5790 :

1889 5832 1929 5887 Ι.
1950 5830 2008 5886 Si
2020 5831 2146 5908 quis
2160 5834 2388 5893 Patrem
2402 5836 2460 5892 et
2470 5833 2675 5890 Filium
2687 5836 2743 5888 et
2753 5829 3026 5905 Spiritum
3045 5833 3306 5887 sanctum
3334 5845 3456 5889 non
