3946 6180
546 297 648 354 567

1438 292 1724 349 APPEND.
1764 292 1853 348 AD
1891 291 2052 347 SxEC.
2093 290 2181 345 IX.
2215 317 2282 333 ν·-
2322 287 2565 344 ISlDORI
2605 285 3030 352 MERCATORIS
3715 297 3788 349 563

547 406 852 461 confitetur
880 407 996 458 tres
1021 417 1294 474 personas
1317 400 1490 457 unius
1514 400 1843 456 substantiae
1871 405 1927 456 et
1956 398 2179 455 virtutis
2200 408 2261 484 Α
2278 396 2359 452 ita
2382 395 2664 451 abstineat
2687 395 2757 450 ab
2783 393 2883 463 eis,
2910 396 2973 449 ut
2997 407 3100 448 nec
3125 389 3277 448 olera
3299 397 3440 448 cocta
3465 410 3576 449 cum
3594 397 3791 454 carnibus

546 517 610 554 ac
636 496 928 569 potestatis
973 496 1117 551 sicut
1167 495 1443 551 catholica
1485 500 1542 551 et
1583 495 1892 568 apostolica
1936 493 2181 549 Ecclesia

546 593 729 660 docet,
759 591 852 647 sed
883 607 1061 646 unam
1090 594 1311 646 tantum
1331 607 1395 645 ac
1421 590 1731 645 solitariam
1750 588 1888 644 dicit
1916 605 2034 644 esse
2055 604 2182 660 per-

544 699 762 753 sonam,
809 686 889 740 ita
936 688 998 740 ut
1046 685 1166 756 ipse
1212 683 1285 740 sit
1322 686 1488 739 Pater
1533 684 1632 756 qui
1680 683 1873 750 Filius,
1903 682 2075 737 etiam
2110 681 2181 736 sit

543 779 866 834 Paracletus
906 778 1165 850 Spiritus,
1211 778 1356 833 sicut
1385 777 1665 834 Sabellius
1712 779 1770 831 et
1803 775 2180 832 Priscillianus

544 873 832 943 dixerunt,
864 873 1170 928 anathema
1199 873 1288 927 sit.

619 969 680 1022 II.
711 966 766 1023 Si
793 967 920 1039 quis
946 970 1106 1022 extra
1150 970 1400 1021 sanctam
1435 965 1769 1021 Trinitatem
1799 963 1948 1020 mala
1985 964 2178 1020 nescio

549 1078 678 1134 quae
698 1061 1010 1116 divinitatis
1040 1060 1273 1116 nomina
1297 1059 1621 1127 introducit,
1641 1059 1850 1126 dicens,
1878 1058 2034 1131 quod
2059 1059 2180 1130 ipsa

549 1155 816 1210 divinitas
858 1155 929 1210 sit
973 1154 1218 1224 trinitas,
1258 1155 1405 1210 sicut
1441 1153 1690 1210 Gnostici
1720 1157 1777 1209 et
1801 1152 2180 1208 Priscillianus

547 1249 837 1319 dixerunt,
868 1250 1170 1305 anathema
1196 1249 1286 1305 sit.

617 1344 706 1399 III.
738 1343 794 1399 Si
844 1342 970 1416 quis
999 1343 1136 1398 dicit
1172 1341 1374 1399 Filium
1418 1342 1517 1398 Dei
1570 1342 1874 1398 Dominum
1920 1345 2179 1396 nostrum

2278 497 2592 568 pergustet,
2619 494 2760 550 sicut
2785 491 3128 549 Manichmus
3174 494 3230 547 et
3269 490 3602 548 Priscillianus
3639 494 3789 552 docue-

2277 592 2434 659 runt,
2463 589 2762 644 anathema
2789 588 2878 642 sit.
2981 570 2992 580 ‘

2351 684 2454 738 XV.
2491 683 2546 739 Si
2570 683 2698 754 quis
2725 681 3062 737 clericorum
3079 682 3284 752 prater
3300 684 3518 735 matrem
3536 685 3618 736 aut
3642 697 3795 753 germa-

2278 793 2415 832 nam
2445 779 2531 832 vel
2560 777 2733 832 etiam
2777 792 2905 848 quas
2957 773 3216 846 proxima
3260 773 3688 844 consanguinitate
3703 777 3794 846 jun-

2283 874 2514 943 guntur,
2530 870 2670 926 alias
2697 870 2914 941 aliquas
2943 868 3107 941 quasi
3134 866 3410 938 adoptivas
3431 867 3640 922 feminas
3658 885 3798 924 secum

2280 966 2548 1035 retinent,
2579 969 2636 1020 et
2663 981 2791 1019 cum
2821 962 2958 1034 ipsis
2982 962 3258 1031 habitant,
3290 962 3425 1017 sicut
3447 961 3718 1017 Priscilliani
3738 979 3797 1018 se-

2281 1061 2367 1114 cta
2394 1059 2607 1129 docuit,
2641 1057 2948 1113 anathema
2976 1057 3066 1112 sit.

2351 1155 2480 1209 XVI.
2514 1154 2569 1209 Si
2619 1153 2746 1224 quis
2795 1151 2996 1224 quinta
3040 1149 3181 1206 feria
3218 1149 3472 1221 paschali,
3498 1165 3606 1220 quae
3637 1152 3803 1205 vocatur

2281 1265 2441 1305 caena
2468 1245 2713 1312 Domini,
2746 1246 2885 1300 hora
2914 1243 3178 1317 legitima
3207 1248 3330 1315 post
3361 1259 3554 1298 nonam
3573 1243 3801 1314 jejunusin

2283 1341 2535 1399 ecclesiis
2579 1341 2783 1396 missas
2828 1355 2943 1394 non
2986 1341 3162 1408 tenet,
3203 1338 3300 1393 sed
3330 1337 3613 1392 secundum
3651 1340 3802 1392 sectam

551 1443 858 1509 antequam
902 1454 970 1493 ex
1013 1437 1234 1509 virgine
1279 1441 1607 1493 nasceretur
1650 1453 1767 1492 non
1813 1434 2007 1504 fuisse,
2039 1435 2184 1490 sicut
2281 1439 2613 1498 Priscilliani
2659 1439 3028 1495 festivitatem
3079 1438 3256 1510 ipsius
3300 1437 3368 1493 ab
3409 1437 3540 1492 hora
3573 1435 3708 1490 tertia
3735 1451 3805 1506 per

547 1531 758 1586 Paulus
810 1534 1211 1588 Samosatenus
1268 1535 1325 1587 et
1376 1530 1651 1586 Photinus
1703 1534 1758 1586 et
1802 1528 2180 1585 Priscillianus

549 1625 837 1696 dixerunt,
871 1627 1178 1682 anathema
1206 1626 1296 1680 sit.

621 1721 707 1776 IV.
753 1720 810 1775 Si
853 1720 980 1792 quis
1006 1721 1192 1775 natale
1223 1719 1428 1776 Christi
1467 1720 1778 1775 secundum
1807 1735 2036 1774 carnem
2066 1734 2180 1774 non

2280 1535 2478 1593 missas
2506 1535 2904 1591 defunctorum
2949 1533 3132 1589 soluto
3171 1531 3386 1604 jejunio
3411 1530 3551 1598 colit,
3579 1529 3805 1584 anathema

2282 1648 2372 1685 δη.

2334 1633 2546 1798 t.139
2574 1724 2728 1780 XVII.
2761 1723 2815 1780 Si
2855 1722 2980 1796 quis
3010 1721 3333 1794 scripturas,
3363 1735 3493 1791 quas
3514 1716 3807 1774 Priscillianus

548 1829 680 1869 vere
706 1814 971 1883 honorat,
1001 1815 1099 1869 sed
1128 1814 1416 1870 honorare
1447 1814 1675 1869 simulat
1705 1829 1783 1882 se,
1823 1813 2094 1884 jejunans
2121 1811 2181 1867 in
2201 1789 2258 1862 Β
2280 1819 2598 1874 secundum
2647 1835 2816 1873 suum
2856 1816 3180 1889 depravavit
3223 1829 3486 1881 errorem,
3514 1811 3591 1867 vel
3615 1812 3807 1866 tractatus

547 1909 749 1963 eodem
779 1908 872 1963 die
905 1908 992 1963 vel
1019 1907 1078 1963 in
1100 1908 1416 1978 Dominico,
1435 1908 1571 1980 quia
1597 1907 1885 1963 Christum
1913 1906 1970 1960 in
2000 1905 2180 1961 homi-

549 2002 636 2058 nis
664 2005 870 2057 natura
901 2019 1021 2058 esse
1067 2019 1178 2057 non
1208 2002 1403 2070 credit,
1449 2001 1593 2057 sicut
1619 2001 1864 2070 Cerdon,
1911 2001 2176 2068 Marcion,

543 2097 886 2152 Manichaaus
915 2099 972 2151 et.
1000 2096 1379 2151 Priscillianus
1425 2096 1715 2163 dixerunt,
1750 2095 2052 2150 anathema
2085 2094 2176 2149 sit.

618 2192 680 2249 V.
712 2190 766 2246 Si
793 2191 921 2262 quis
963 2189 1186 2245 animas
1229 2191 1527 2256 humanas,
1582 2189 1668 2244 vel
1710 2189 1942 2259 angelos
1971 2205 2040 2243 ex
2077 2187 2180 2243 Dei

546 2282 726 2338 credit
752 2282 1066 2338 substantia
1091 2281 1386 2350 exstitisse,
1419 2282 1562 2337 sicut
1586 2281 1923 2336 Manichaeus
1949 2284 2007 2336 et
2031 2281 2177 2336 Pris-

546 2375 806 2432 cillianus
831 2376 1114 2446 dixerunt,
1143 2377 1452 2432 anathema
1478 2375 1568 2431 sit.

616 2472 702 2527 VI.
730 2471 790 2527 Si
815 2470 942 2543 quis
969 2471 1190 2526 animas
1221 2473 1506 2527 humanas
1535 2469 1672 2526 dicit
1699 2469 1856 2542 prius
1884 2469 1944 2525 in
1969 2469 2180 2525 caelesti

544 2565 895 2622 habitatione
920 2569 1414 2638 peccasse,,et,pro
1443 2567 1551 2621 hoc
1571 2565 1632 2619 in
1662 2581 1901 2638 corpora
1926 2564 2181 2620 humana

542 2659 603 2714 in
627 2665 838 2716 terram
876 2660 1143 2732 dejectas,
1178 2661 1323 2716 sicut
1355 2659 1730 2716 Priscillianus
1755 2659 1913 2726 dixit,
1945 2660 2176 2715 anathe-

544 2770 640 2808 ma
665 2754 756 2809 sit.

613 2845 724 2899 VII.
749 2843 808 2898 Si
832 2842 959 2916 quis
980 2842 1115 2899 dicit
1134 2843 1424 2898 diabolum
1450 2860 1567 2899 non
1603 2843 1776 2899 fuisse
1814 2843 1970 2916 prius
1997 2861 2176 2916 ange-

543 2935 664 2988 lum
688 2932 907 2987 bonum
937 2950 972 2989 a
993 2936 1108 2989 Deo
1136 2933 1373 3003 factum,
1405 2949 1511 2988 nec
1537 2933 1636 2988 Dei
1669 2933 1961 3005 opificium
2006 2934 2178 2990 fuisse

541 3023 810 3076 naturam
837 3021 978 3092 ejus,
1011 3021 1109 3077 sed
1135 3022 1271 3077 dicit
1302 3038 1432 3077 eum
1479 3041 1546 3077 ex
1579 3023 1830 3078 tenebris
1860 3023 2176 3094 emersisse,

541 3126 659 3165 non
706 3109 954 3183 aliquem
991 3112 1076 3166 sui
1120 3111 1331 3167 habere
1371 3115 1687 3182 auctorem,
1716 3113 1814 3168 sed
1843 3113 2028 3185 ipsum
2055 3130 2176 3169 esse

541 3172 888 3278 principium
903 3205 1117 3278 absque
1145 3205 1458 3261 substantia
1479 3207 1648 3278 mala,
1669 3172 1812 3263 sicut
1838 3172 2177 3264 hianichaaus
2197 3172 2252 3246 Ο

541 3301 600 3352 et
626 3297 1008 3355 Priscillianus
1041 3299 1322 3368 dixerunt,
1353 3301 1656 3357 anathema
1683 3301 1773 3356 sit.

611 3394 744 3449 VIII.
775 3393 834 3448 Si
860 3393 986 3465 quis
1011 3394 1192 3450 credit
1224 3395 1380 3466 quod
1410 3395 1625 3468 aliquas
1654 3395 1984 3451 immundas
2014 3413 2172 3452 crea—

540 3491 694 3542 turas
721 3487 977 3543 diabolus
991 3487 1208 3556 fecerit,
1232 3489 1568 3558 ettonitrua,
1599 3493 1656 3545 et
1674 3491 1919 3562 fulgura,
1949 3493 2008 3546 et
2033 3494 2176 3546 tem-

538 3583 804 3651 pestates,
830 3586 886 3637 et
918 3581 1191 3638 siccitates
1226 3583 1347 3654 ipse
1387 3583 1646 3639 diabolus
1690 3601 1794 3640 sua
1842 3587 2174 3643 auctoritate

540 3675 690 3746 facit,
717 3675 861 3732 sicut
883 3676 1262 3733 Priscillianus
1287 3677 1448 3746 dixit,
1473 3679 1778 3734 anathema
1797 3680 1887 3735 sit.

613 3771 697 3825 ιΧ.
731 3770 789 3826 Si
817 3771 942 3843 quis
966 3771 1186 3826 animas
1219 3776 1276 3827 et
1300 3788 1537 3844 corpora
1561 3773 1821 3828 humana
1834 3774 1991 3830 fatali
2011 3774 2174 3847 signo

541 3863 721 3920 credit
737 3865 994 3937 astringi,
1018 3866 1161 3921 sicut
1178 3865 1392 3939 Pagani
1414 3869 1473 3922 et
1489 3867 1869 3924 Priscillianus
1888 3868 2170 3939 dixerunt,

540 3959 844 4014 anathema
869 3960 960 4014 sit.

610 4053 670 4106 X.
701 4052 756 4108 Si
785 4052 912 4125 quis
939 4052 1244 4108 duodecim
1271 4053 1451 4125 signa,
1483 4055 1542 4110 id
1563 4058 1646 4111 est
1671 4055 1860 4111 sidera
1890 4073 2019 4129 qua:
2048 4073 2171 4113 ma-

538 4145 832 4200 thematici
871 4145 1168 4201 observare
1217 4147 1400 4204 solent
1441 4165 1546 4220 per
1591 4149 1814 4220 singula
1852 4149 2062 4205 animae
2089 4153 2174 4207 vel

541 4238 795 4307 corporis
826 4239 1087 4294 membra
1134 4239 1406 4312 disposita
1449 4242 1709 4309 credunt,
1753 4247 1810 4298 et
1845 4243 2173 4301 nominibus

540 4330 994 4402 patriarcharum
1043 4333 1287 4406 ascripta
1336 4334 1552 4405 dicunt,
1607 4335 1752 4392 sicut
1800 4336 2176 4395 Priscillianus

541 4424 698 4495 dixit,
725 4427 1025 4482 anathema
1047 4428 1137 4483 sit.

608 4523 693 4577 XI.
724 4521 782 4578 Si
813 4521 941 4596 quis
967 4521 1236 4596 conjugia
1259 4523 1511 4579 humana
1543 4524 1800 4597 damnat,
1829 4530 1887 4582 et
1910 4542 2173 4599 procrea-

538 4617 755 4672 tionem
796 4617 1152 4674 nascentium
1195 4617 1596 4690 perhorrescit,
1647 4619 1794 4675 sicut
1839 4621 2175 4677 Manichacus

541 4715 597 4765 et
621 4711 999 4768 Priscillianus
1026 4712 1308 4780 dixerunt,
1335 4713 1638 4769 anathema
1662 4715 1752 4770 sit.

611 4805 720 4859 XII.
744 4806 800 4860 Si
819 4807 945 4878 quis
965 4806 1400 4878 plasmationem
1426 4807 1668 4863 humani
1692 4809 1945 4880 corporis
1962 4808 2176 4864 diaboli

539 4898 676 4953 dicit
700 4899 1039 4971 figmentum
1077 4916 1219 4969 esse,
1255 4906 1313 4956 et
1335 4901 1730 4974 conceptiones
1757 4903 1816 4957 in
1846 4903 2021 4958 uteris
2046 4920 2172 4958 ma-

541 4995 695 5047 trum
721 4993 987 5064 operibus
1018 4994 1156 5048 dicit
1193 4994 1521 5051 daemonum
1569 4996 1715 5065 ﬁeri,
1746 5001 1980 5070 propter
2021 4997 2175 5069 quod

539 5086 1020 5142 resurrectionem
1048 5088 1237 5143 carnis
1277 5105 1393 5144 non
1421 5089 1620 5160 credit,
1651 5089 1796 5146 sicut
1837 5091 2174 5147 Manichmus

539 5186 596 5236 et
620 5180 997 5237 Priscillianus
1022 5181 1307 5251 dixerunt,
1337 5183 1646 5239 anathema
1674 5183 1766 5240 sit.

609 5276 739 5332 XIII.
787 5275 847 5332 Si
899 5275 1027 5347 quis
1081 5275 1218 5331 dicit
1270 5277 1620 5333 creationem
1665 5279 1941 5335 universae
1985 5281 2174 5336 carnis

540 5387 654 5426 non
685 5369 972 5442 opiﬁcium
1015 5386 1137 5426 esse
1181 5370 1301 5438 Dei,
1346 5371 1444 5426 sed
1485 5371 1773 5428 malorum
1812 5375 2170 5446 angelorum,

536 5465 680 5521 sicut
707 5463 1050 5521 Manichmus
1078 5469 1133 5520 et
1157 5463 1536 5521 Priscillianus
1555 5465 1836 5536 dixerunt,
1866 5468 2174 5526 anathema

538 5557 630 5614 sit.

619 5654 748 5708 XIV.
779 5653 839 5710 Si
872 5654 996 5726 quis
1035 5654 1360 5711 immundos
1392 5659 1552 5729 putat
1570 5656 1726 5712 cibos
1745 5656 2005 5715 carnium
2032 5676 2174 5732 quas

2281 1912 2524 1980 Dictinii,
2547 1929 2692 1984 quos
2719 1912 2839 1984 ipse
2867 1911 3140 1966 Dictinius
3159 1914 3460 1982 antequam
3486 1908 3809 1961 converteretur

2279 2005 2521 2078 scripsit,
2551 2006 2638 2061 vel
2674 2006 2880 2078 scripta
2905 2021 3032 2078 quae
3052 2005 3156 2060 sub
3174 2002 3406 2060 nomine
3432 1998 3808 2073 patriarcharum,

2281 2100 2692 2171 prophetarum
2731 2103 2789 2155 et
2833 2100 3221 2171 apostolorum
3253 2102 3309 2152 et
3333 2113 3428 2150 suo
3454 2093 3612 2149 errori
3635 2105 3810 2147 consona

2280 2193 2570 2261 conﬁnxit,
2604 2192 2762 2265 legit,
2797 2198 2852 2248 et
2879 2193 3054 2266 impia
3090 2208 3292 2248 eorum
3333 2190 3588 2262 ﬁgmenta
3627 2184 3812 2256 sequitur

2279 2292 2377 2343 aut
2396 2287 2668 2354 defendit,
2699 2287 3005 2342 anathema
3029 2286 3120 2341 sit.

2349 2382 2528 2436 XVIII.
2561 2380 2866 2452 Propositis
2902 2380 2994 2436 his
3039 2379 3298 2452 capitulis
3343 2382 3398 2434 et
3441 2373 3639 2435 relectis
3676 2373 3813 2426 Lucre-

2277 2475 2390 2530 tius
2416 2475 2714 2547 episcopus
2747 2474 2890 2530 dixit
2921 2491 2934 2530 :
2966 2475 3249 2539 Quoniam
3294 2473 3463 2529 etiam
3489 2488 3548 2525 ea
3576 2483 3679 2540 quae
3702 2483 3728 2519 a
3752 2481 3812 2518 ca-

2278 2569 2500 2624 tholicis
2544 2569 2868 2624 abominata
2907 2573 3041 2623 sunt
3069 2573 3126 2623 et
3157 2568 3425 2623 damnata
3459 2560 3754 2620 manifestius
3779 2563 3815 2612 et

2281 2663 2530 2735 apertius
2559 2664 2732 2720 etiam
2758 2662 3156 2735 ignorantibus
3181 2662 3457 2722 declarata
3483 2661 3616 2723 sunt,
3635 2666 3817 2710 necessa-

2277 2758 2429 2813 rium
2455 2760 2583 2829 post
2611 2757 2716 2813 hoc
2742 2757 2986 2812 arbitror
3013 2756 3060 2810 si
3083 2760 3289 2811 vestras
3316 2750 3626 2810 fraternitati
3641 2747 3814 2809 videtur,

2278 2856 2341 2906 ut
2366 2851 2630 2906 instituta
2659 2851 2824 2906 nobis
2851 2855 3175 2906 sanctorum
3202 2851 3434 2905 Patrum
3459 2843 3706 2902 recensitis
3723 2838 3818 2894 anti-

2279 2944 2405 3015 quis
2448 2944 2760 3000 canonibus
2810 2944 3190 3012 innotescant,
3231 2960 3360 3016 quae
3389 2946 3444 2998 et
3479 2940 3520 2995 si
3553 2955 3654 2994 non
3684 2930 3819 2990 omnia

2276 3042 2426 3094 certe
2446 3039 2532 3094 vel
2558 3055 2754 3110 pauca,
2782 3055 2908 3110 quae
2931 3038 3004 3093 ad
3031 3037 3463 3094 instructionem
3507 3029 3737 3089 clericalis
3761 3026 3816 3080 di-

2279 3132 2532 3204 sciplima
2563 3134 2872 3204 pertinent,
2917 3131 3271 3204 relegantur.
3307 3132 3511 3187 Omnes
3551 3121 3748 3198 episcopi
3769 3119 3819 3173 di-

2278 3230 2485 3281 xerunt
2518 3243 2530 3281 :
2565 3227 2749 3282 Placet
2793 3226 2899 3281 hoc
2929 3225 3180 3282 edictum
3233 3229 3291 3281 et
3319 3239 3558 3296 congrua
3585 3236 3661 3274 res
3690 3215 3819 3281 estut

2277 3320 2480 3392 quibus
2507 3320 2744 3375 fortasse
2774 3325 2830 3376 et
2857 3337 2960 3392 per
2985 3320 3267 3375 incuriam
3309 3317 3510 3374 abolita
3549 3318 3663 3370 sunt
3695 3307 3818 3365 eccle-

2275 3413 2492 3469 siastica
2516 3414 2840 3482 constituta,
2873 3414 3105 3469 audiant
3147 3417 3472 3470 sanctorum
3513 3420 3746 3463 canonum
3768 3415 3821 3454 re-

2277 3508 2470 3579 gulam
2497 3511 2553 3563 et
2572 3508 2892 3564 observent.
2909 3508 3152 3564 Relectis
3170 3524 3240 3562 ex
3256 3507 3447 3563 codice
3468 3519 3637 3560 coram
3651 3493 3821 3554 concilio

2274 3605 2391 3656 tam
2430 3602 2786 3673 generalium
2833 3602 3188 3674 synodorum
3236 3600 3537 3657 canonibus
3564 3591 3822 3670 quamloca-

2276 3696 2443 3762 lium;
2479 3699 2605 3767 post
2647 3713 2892 3768 quorum
2944 3695 3257 3751 lectionem
3299 3693 3580 3750 Lucretius
3606 3687 3822 3760 episcopus

2273 3790 2457 3844 dixit:
2493 3791 2631 3844 Ecce
2694 3806 2760 3844 ex
2817 3790 2939 3862 ipsa
2988 3807 3276 3845 canonum
3327 3789 3556 3845 lectione
3601 3776 3823 3854 cognoscat

2277 3886 2469 3937 sancta
2514 3884 2841 3938 fraternitas
2895 3888 3097 3950 vestra,
3151 3901 3271 3939 non
3324 3883 3504 3937 solum
3549 3871 3823 3952 generalibus

2275 3977 2541 4046 conciliis,
2581 3977 2677 4032 sed
2725 3981 2781 4032 et
2828 3977 2886 4032 in
2931 3977 3206 4032 localibus
3235 3979 3595 4049 congregatos
3621 3966 3752 4025 simul
3772 3979 3824 4016 sa-

2273 4071 2529 4125 cerdotes
2558 4087 2672 4125 uno
2709 4087 2984 4126 consensu
3031 4089 3096 4126 ea
3140 4088 3269 4143 quae
3314 4066 3660 4126 ecclesiastico
3684 4071 3824 4117 conve-

2273 4164 2509 4219 niebant
2537 4164 2722 4219 ordini
2767 4165 3050 4233 statuisse,
3081 4169 3136 4220 et
3172 4165 3486 4220 secundum
3527 4159 3658 4234 quod
3694 4152 3826 4209 unius-

2273 4259 2548 4330 cujusque
2587 4258 2667 4313 rei
2697 4259 3001 4330 expetebat
3036 4259 3180 4314 ratio
3211 4258 3579 4332 prospexisse,
3602 4248 3826 4323 sequentes

2274 4353 2618 4408 sententiam
2635 4352 2903 4407 doctrinae
2915 4353 3241 4425 apostolicae
3255 4353 3490 4408 dicentis
3505 4368 3516 4406 :
3530 4347 3727 4406 Probata
3738 4352 3824 4411 quae

2273 4446 2420 4500 bona
2451 4450 2583 4501 sunt
2611 4449 2664 4500 et
2690 4451 2897 4501 tenete.
2931 4447 2986 4502 Si
3013 4463 3151 4518 ergo
3187 4448 3372 4518 placet
3400 4441 3644 4501 charitati
3665 4437 3825 4495 vestra,

2193 4546 2252 4619 D
2275 4539 2408 4610 quia
2439 4544 2571 4594 sunt
2590 4539 2783 4610 aliqua
2807 4540 3197 4595 ecclesiasticae
3224 4538 3585 4596 institutionis
3609 4525 3824 4600 obsequia.

2274 4649 2403 4704 quae
2430 4633 2489 4686 in
2518 4633 2689 4703 hujus
2717 4634 3034 4705 praesertim
3065 4635 3426 4691 extremitate
3452 4627 3718 4706 provinciae
3750 4633 3826 4675 ηοῐι

2274 4744 2377 4798 per
2402 4727 2853 4797 contentionem,
2875 4728 3026 4800 quod
3058 4728 3225 4797 adsit,
3251 4729 3351 4783 sed
3376 4727 3552 4799 magis
3579 4723 3714 4793 (sicut
3734 4728 3828 4787 Ρτε·

2275 4820 2374 4875 fati
2403 4821 2616 4891 sumus)
2645 4820 2792 4876 fiunt
2811 4838 2914 4893 per
2933 4821 3216 4877 incuriam
3247 4829 3351 4878 aut
3379 4838 3482 4894 per
3507 4809 3828 4891 ignorantiam,

2274 4914 2684 4969 constituamus
2713 4915 2982 4987 quaedam
3029 4915 3179 4971 inter
3222 4933 3328 4971 nos
3383 4913 3629 4988 capitula,
3664 4912 3715 4962 ut
3741 4915 3829 4974 qua?

2273 5024 2386 5062 non
2417 5025 2532 5062 uno
2578 5009 2752 5064 modo
2798 5012 3068 5064 tenentur
3106 5025 3139 5063 a
3183 5009 3350 5065 nobis
3379 5008 3449 5064 ad
3480 5021 3638 5063 unam
3663 4994 3832 5057 omnino

2272 5102 2582 5156 formulam
2599 5103 2975 5158 revocentur?
2994 5102 3205 5158 Omnes
3227 5102 3479 5174 episcOpi
3496 5097 3724 5156 dixerunt
3737 5109 3747 5144 :
3760 5087 3828 5142 Ne-

2272 5196 2580 5250 cessarium
2605 5201 2660 5251 et
2683 5196 2842 5251 valde
2877 5195 3016 5251 utile
3037 5196 3406 5266 arbitramur,
3431 5199 3491 5250 ut
3511 5211 3574 5249 ea
3592 5206 3699 5264 qua!
3723 5175 3832 5255 apud

2272 5306 2745 5362 unumquemque
2788 5295 3047 5345 nostrum
3097 5291 3245 5346 varia
3299 5297 3356 5345 et
3407 5286 3701 5343 inordinata
3737 5289 3830 5330 con-

2273 5384 2575 5438 suetudine
2606 5383 2946 5453 retinentur,
2980 5384 3142 5439 unito
3184 5385 3338 5440 inter
3379 5401 3480 5439 nos
3509 5379 3600 5437 Dei
3640 5371 3782 5448 gratia
3798 5367 3835 5419 et

2273 5477 2541 5533 concordi
2567 5477 2931 5534 celebrentur
2957 5477 3163 5535 ofﬁcio.
3194 5479 3260 5533 Et
3304 5478 3509 5533 idcirco
3531 5475 3575 5530 si
3601 5467 3719 5544 quid
3737 5457 3834 5518 illud

2274 5575 2359 5626 est
2393 5588 2675 5644 magnum
2718 5573 2807 5627 vel
2851 5588 3094 5645 parvum
3122 5571 3273 5645 quod
3305 5570 3511 5628 variari
3534 5566 3768 5624 videmus,
3788 5549 3835 5607 ad

2273 5681 2445 5720 unam
2471 5665 2636 5732 (sicut
2661 5666 2880 5722 dictum
2908 5666 3012 5740 est)
3043 5665 3352 5722 formulam
3397 5660 3629 5738 praefixis
3657 5653 3838 5712 rationa-

539 5747 688 5800 Deus
708 5746 765 5800 in
795 5764 898 5802 usu
927 5749 1226 5805 hominum
1247 5750 1428 5820 dedit,
1458 5755 1517 5806 et
1534 5752 1649 5807 nod
1670 5754 1905 5824 propter
1922 5754 2174 5810 afflictio-
2263 5758 2460 5815 biliter
2484 5760 2750 5833 capitulis
2781 5764 3094 5832 revocetur,
3118 5760 3402 5834 praecipue
3425 5773 3549 5814 cum
3568 5751 3696 5814 etde
3712 5740 3838 5803 certis

538 5853 670 5894 nem
696 5846 780 5900 sui
812 5843 1082 5914 corporis,
1116 5844 1214 5900 sed
1241 5844 1378 5919 quia
1420 5846 1842 5906 immunditiam
1867 5849 2169 5924 putaverit,

2272 5851 2617 5925 quibusdam
2644 5853 2825 5911 causis
2850 5852 3274 5912 instructionem
3298 5852 3450 5926 apud
3470 5865 3566 5906 nos
3583 5843 3719 5903 Sedis
3734 5851 3835 5909 aP‘"
