3946 6180
127 328 206 381 569

1299 305 1772 372 DECRETALIUM
1787 361 1793 365 .
1811 311 2198 369 COLLECTIO.

3327 313 3431 370 370

121 433 293 488 stolicaa
318 429 770 500 habeamus,quas
787 427 859 482 ad
874 426 1357 498 interrogationes
1372 443 1499 481 suas
1519 442 1697 498 quon-
1718 437 1778 510 Α
1800 428 2034 478 utuntur
2065 421 2288 489 orariis,
2322 422 2400 478 ita
2435 428 2496 478 ut
2521 421 2662 478 nihil
2691 421 2892 478 differe
2922 439 2955 477 a
2986 422 3331 478 subdiacono
3354 424 3432 479 vi-

119 529 219 580 dam
245 521 558 578 veneranda:
592 521 885 576 memoriae
910 521 1261 592 praecessoris
1281 520 1361 574 tui
1389 519 1698 592 prudentia

118 616 360 674 Prot'uturi
386 615 454 669 ab
484 615 601 686 ipsa
629 615 943 669 beatissimi
971 614 1120 670 Petri
1151 614 1369 685 recepit
1413 613 1696 667 cathedra.

119 711 362 767 Lucretius
388 709 680 780 episc0pus
719 708 859 763 dixit
892 726 904 762 :
938 710 1109 763 Recte
1149 707 1472 763 fraternitas
1515 710 1700 761 vestra

118 804 461 860 auctoritatem
492 803 648 857 Sedis
676 802 1002 872 apostolicae
1031 802 1325 856 recordata
1353 805 1458 867 est,
1478 817 1606 872 qua:
1636 800 1700 854 Ii-

115 898 376 954 ceteodem
403 900 656 968 tempore
678 895 994 950 innotuerit
1010 912 1122 966 quo
1152 895 1365 950 directa
1385 899 1488 964 est,
1509 897 1698 948 tamen

115 1011 193 1065 pro
225 991 474 1046 ﬁrmitate
513 989 828 1044 testimonii
859 994 915 1045 et
964 988 1338 1044 instructione
1384 989 1697 1042 multorum

116 1087 162 1154 (si
187 1092 363 1140 vestrae
392 1083 750 1139 unanimitati
781 1084 1112 1155 complacet)
1139 1083 1271 1155 quia
1299 1099 1416 1154 ιιι-ω
1438 1081 1698 1136 manibus

113 1187 193 1246 est,
236 1196 410 1234 coram
461 1178 730 1233 omnibus
779 1179 1020 1249 legatur.
1069 1177 1281 1232 Omnes
1317 1175 1566 1249 episcopi
1607 1174 1694 1229 di-

111 1278 274 1328 xerunt
297 1291 308 1326 :
335 1272 554 1326 Iustum
586 1277 671 1326 est
701 1276 762 1325 ut
788 1272 922 1343 quia
950 1270 1165 1326 mentio
1193 1269 1372 1341 ipsius
1399 1268 1698 1324 auctorita-

109 1369 162 1420 lis
183 1370 252 1420 est
274 1365 478 1435 habita,
515 1381 643 1436 quae
672 1370 755 1420 est
785 1365 909 1436 ejus
936 1364 1199 1420 doctrina
1228 1380 1261 1417 a
1286 1362 1697 1418 circumstanti-

108 1460 188 1514 bus
208 1460 462 1514 audiatur.
497 1460 723 1513 Relecta
748 1464 832 1513 est
857 1458 1164 1513 auctoritas
1193 1457 1349 1512 Sedis
1371 1456 1695 1528 apostolicae

107 1555 159 1608 ad
181 1554 466 1625 quemdam
512 1553 881 1607 Profuturum
927 1553 1141 1608 directa
1182 1551 1536 1623 episcopum,
1566 1566 1692 1622 quin

107 1653 291 1718 propter
314 1647 696 1719 prolixitatem
737 1647 824 1701 his
855 1646 1029 1718 gestis
1058 1645 1297 1701 minime
1324 1650 1410 1700 est
1435 1643 1647 1698 inserta
1672 1661 1690 1712 ;

108 1746 204 1810 post
249 1742 395 1812 cujus
445 1741 755 1795 lectionem
816 1741 1111 1796 Lucretius
1164 1739 1458 1811 episcopus
1505 1737 1686 1792 dixit:

105 1834 397 1890 Ilenifestius
423 1839 582 1906 patet
607 1834 980 1906 apostolicam
1003 1833 1168 1889 nobis
1183 1833 1452 1905 opitulari
1481 1831 1688 1887 doctri-
1710 1820 1768 1892 B

108 1945 235 1996 nam,
283 1935 330 1983 et
371 1928 499 1982 ideo
541 1927 688 1982 sicut
734 1928 1058 1982 fraternitas
1096 1930 1282 1982 vestra
1316 1925 1596 1998 praedixit,
1642 1925 1689 1979 si

103 2021 214 2091 quid
241 2038 329 2092 per
369 2021 759 2093 ignorantiam
799 2021 951 2094 apud
1000 2021 1275 2093 quosdam
1318 2020 1588 2086 variatur,
1619 2019 1691 2074 ad

103 2127 236 2165 unam
273 2112 573 2166 formulam
612 2111 876 2166 concordi
914 2111 1117 2183 regula
1159 2109 1503 2182 praescriptis
1541 2111 1692 2164 inter

103 2220 180 2257 nos
213 2206 452 2276 capitulis
505 2205 875 2276 astringatur.
923 2205 1214 2277 ProposiIa
1265 2207 1398 2258 sunt
1443 2203 1690 2274 capitula

99 2315 197 2368 quae
213 2300 492 2355 continent
523 2301 668 2355 haec.

153 2393 256 2446 XIX.
286 2394 506 2448 Placuit
531 2394 798 2449 omnibus
820 2393 1115 2450 communi
1142 2407 1443 2459 consensu,
1459 2395 1520 2446 ut
1537 2407 1688 2446 unus

99 2489 233 2556 atque
259 2487 399 2542 idem
426 2488 716 2558 psallendi
743 2488 880 2543 ordo
910 2487 970 2542 in
997 2487 1312 2553 matutinis,
1342 2486 1430 2540 vel
1458 2502 1684 2558 vesper-

100 2578 202 2632 tinis
235 2581 418 2635 ofﬁciis
466 2585 756 2648 teneatur,
804 2585 862 2636 et
906 2587 1020 2635 nbn
1067 2580 1299 2635 diversae
1339 2596 1404 2634 ac
1457 2579 1688 2651 privata:

101 2675 534 2730 monasteriorum
571 2674 1010 2730 consuetudines
1039 2677 1243 2729 contra
1288 2673 1688 2728 ecclesiasticas

98 2767 276 2837 regulas
302 2769 409 2824 sint
431 2770 752 2842 permistae.

151 2863 235 2916 XX.
262 2863 390 2918 Item
417 2863 660 2936 placuit,
693 2869 758 2918 ut
787 2879 892 2935 per
918 2861 1264 2917 solemnium
1295 2861 1516 2916 dierum
1545 2860 1686 2932 vigi-

101 2953 175 3007 lias
199 2957 272 3010 vel
294 2957 483 3012 missas
517 2973 721 3012 omnes
748 2956 977 3012 easdem
1021 2959 1078 3010 et
1119 2971 1234 3010 non
1283 2954 1534 3010 diversas
1569 2955 1683 3010 lec-

103 3048 248 3103 tiones
274 3051 328 3105 in
357 3052 598 3108 ecclesia
625 3053 838 3122 legant.

154 3143 256 3198 XXI.
286 3146 417 3200 Item
445 3145 669 3217 placuit
695 3149 761 3200 ut
789 3162 906 3200 non
936 3144 1100 3200 aliter
1141 3143 1392 3216 episcopi
1437 3146 1492 3198 et
1521 3142 1688 3198 aliter

103 3237 363 3308 presbyteri
378 3240 686 3312 populum,
700 3239 798 3294 sed
818 3255 933 3294 uno
954 3238 1128 3294 modo
1139 3239 1383 3293 salutent
1401 3237 1681 3292 dicentes:

101 3330 307 3386 Dominus
345 3336 416 3388 sit
443 3335 743 3396 vobiscum,
777 3333 923 3388 sicut
965 3333 1024 3387 in
1063 3332 1206 3387 libro
1251 3331 1403 3387 Ruth
1434 3331 1681 3402 legitur;

99 3427 141 3476 et
176 3430 226 3478 ut
257 3428 672 3498 respondeatur
699 3444 731 3481 a
761 3427 972 3500 populo
1005 3443 1017 3481 :
1053 3429 1122 3482 Et
1167 3443 1283 3481 cum
1325 3428 1525 3496 spiritu
1572 3429 1684 3492 tuo,

101 3514 210 3570 sicut
249 3525 298 3574 et
334 3521 401 3574 ab
449 3521 591 3593 ipsis
629 3520 896 3592 apostolis
942 3519 1218 3575 traditum
1247 3519 1434 3573 omnis
1481 3517 1689 3573 retinet

99 3607 272 3680 Oriens,
287 3617 339 3668 et
364 3631 481 3670 non
509 3614 664 3668 sicut
688 3613 1040 3668 Priscilliana
1059 3611 1290 3668 haeresis
1319 3610 1684 3684 permutavit.

152 3704 277 3760 XXII.
318 3709 458 3762 Item
493 3707 712 3780 placuit
755 3712 820 3762 ut
853 3707 1053 3762 eodem
1086 3706 1286 3762 ordine
1322 3705 1508 3760 missae
1536 3705 1683 3760 cele-

97 3795 287 3854 brentur
310 3802 378 3856 ab
408 3801 682 3857 omnibus
710 3818 825 3874 quo
848 3801 1181 3856 Profuturus
1201 3799 1493 3873 quondam
1513 3798 1686 3869 hujus

100 3895 503 3966 metropolitani};
532 3895 788 3950 ecclesia:
817 3895 1115 3967 episcopus
1137 3893 1207 3949 ab
1224 3893 1346 3965 ipsa
1367 3893 1686 3965 apostolica:

97 3984 217 4040 Sedis
237 3990 565 4046 auctoritate
596 3990 845 4062 suscepit
881 3988 1180 4061 scriptum.

149 4078 296 4137 XXIII.
318 4084 456 4138 Item
497 4082 715 4155 placuit
751 4087 810 4138 ut
833 4083 1021 4142 nullus
1041 4097 1175 4137 eum
1196 4080 1522 4154 baptizandi
1540 4080 1689 4136 ordi-

98 4187 197 4228 nem
233 4179 651 4247 praetermittat,
679 4193 852 4249 quem
890 4180 948 4231 et
979 4179 1146 4231 antea
1185 4176 1368 4231 tenuit
1396 4179 1686 4248 metropo~

96 4263 230 4322 litana
253 4269 642 4327 Braccarensis
668 4269 920 4340 ecclesia,
957 4272 1016 4324 et
1043 4286 1148 4342 pro
1200 4269 1548 4341 amputanda
1580 4269 1684 4323 ali-

95 4379 294 4433 quorum
323 4370 618 4426 dubietate
657 4367 966 4441 praedictus
1007 4367 1344 4424 Profuturus
1391 4367 1688 4439 episcopus

96 4458 320 4531 scriptum
360 4464 467 4519 sibi
507 4469 570 4520 et
612 4462 892 4519 directum
925 4478 960 4517 a
985 4461 1130 4518 Sede
1177 4460 1487 4518 beatissimi
1535 4462 1687 4518 Petri

96 4557 292 4621 apostoli
319 4558 592 4630 suscepit.

148 4647 294 4706 XXIV.
323 4652 465 4707 Item
506 4650 748 4724 placuit,
773 4656 837 4706 ut
877 4655 1209 4706 conservato
1264 4647 1687 4720 metropolitani

1704 4573 1765 4646 D

96 4741 298 4816 episcopi
315 4747 572 4817 primatu
593 4745 785 4800 caeteri
805 4745 1205 4816 episcoporum
1232 4743 1548 4799 secundum
1570 4759 1687 4797 suae

96 4835 418 4896 ordinationis
436 4846 558 4897 tem
567 4856 671 4912 pus
697 4839 842 4894 alius
859 4839 971 4894 alio
994 4839 1222 4894 sedendi
1243 4838 1459 4894 deferat
1477 4839 1686 4892 locum.

147 4929 272 4987 XXV.
313 4937 454 4992 Item
505 4934 745 5007 placuit,
790 4933 860 4989 de
912 4933 1081 4994 rebus
1133 4931 1520 4988 ecclesiasticis
1573 4935 1689 4985 tres

96 5036 237 5095 aqua:
255 5029 393 5084 ﬁant
420 5028 761 5101 portiones;
792 5027 849 5082 id
875 5030 980 5094 est,
1013 5043 1126 5082 una
1150 5025 1421 5098 episcopi,
1451 5025 1563 5080 alia
1583 5025 1692 5079 cle-

95 5116 320 5192 ricorum,
362 5124 538 5178 tertia
571 5122 630 5176 in
677 5121 1036 5194 reparatione
1085 5120 1174 5175 vel
1213 5120 1275 5175 in
1315 5118 1690 5174 luminaribus

96 5211 318 5272 ecclesia.
351 5218 426 5273 De
456 5219 669 5290 quarta
705 5218 869 5287 parte
901 5215 1016 5270 sive
1067 5213 1540 5286 archipresbyter,
1575 5211 1690 5266 sive

95 5306 488 5367 archidiaconus
537 5311 696 5366 illam
740 5308 1148 5365 administrans
1211 5308 1476 5380 episcopo
1523 5305 1692 5360 faciat

95 5399 353 5461 rationem.

150 5495 299 5551 XXVI.
331 5501 472 5554 Item
502 5499 738 5571 placuit,
766 5475 832 5553 ut
858 5497 1050 5554 nullus
1096 5496 1393 5568 episcopus
1417 5495 1690 5550 clericum

99 5583 294 5645 alterius
321 5592 589 5648 ordinare
613 5594 942 5664 praesumat,
961 5591 1108 5646 sicut
1123 5594 1181 5644 et
1199 5590 1419 5662 antiqui
1445 5605 1693 5644 canones

101 5686 382 5754 vetuerunt,
399 5685 512 5740 nisi
533 5685 674 5742 forte
694 5686 918 5758 signata
938 5683 1113 5756 ipsius
1135 5684 1340 5756 scripta
1361 5682 1688 5754 susceperit.

150 5773 319 5833 XXVII.
347 5781 494 5835 Item
523 5780 754 5852 placuit,
785 5779 921 5853 quia
945 5779 1004 5835 in
1029 5777 1332 5850 aliquantis
1361 5777 1531 5848 hujus
1557 5793 1690 5848 pro-

101 5865 267 5926 vincias
310 5873 563 5930 ecclesiis
603 5873 861 5932 diacones
901 5871 1186 5930 absconsis
1249 5870 1398 5928 infra
1437 5870 1696 5928 tunicam

1799 518 2064 584 deantur,
2100 519 2164 570 ut
2205 516 2274 570 de
2320 520 2526 572 caetero
2572 517 2939 589 superpositis
2991 517 3252 588 scapulis,
3283 517 3431 573 sicut

1801 611 1981 679 decet,
2011 613 2246 664 utantur
2273 611 2494 665 orariis.

1869 705 2091 760 XXVIII.
2123 705 2262 758 Item
2292 703 2506 774 placuit
2533 707 2591 758 ut
2629 720 2743 758 non
2772 703 2942 760 liceat
2965 703 3195 760 cuilibet
3224 721 3296 760 ex
3346 705 3427 761 le-

1799 797 2048 853 ctoribus
2073 814 2234 852 sacra
2265 797 2461 851 altaris
2486 813 2611 851 vasa
2637 801 2884 868 portare,
2915 814 3021 852 nec
3049 798 3174 853 aliis
3204 799 3310 854 nisi
3338 800 3428 854 his

1798 892 1894 964 qui
1924 892 1995 946 ab
2023 892 2289 963 episc0po
2318 890 2652 946 subdiaconi
2682 891 2897 946 fuerint
2927 893 3192 948 ordinati.

1868 985 2039 1039 XXIX.
2060 986 2199 1039 Item
2227 984 2438 1056 placuit
2459 987 2521 1038 ut
2539 985 2778 1039 lectores
2802 985 2861 1039 in
2889 985 3122 1042 ecclesia
3141 986 3201 1041 in
3225 986 3426 1043 habitu

1796 1079 2054 1134 saeculari
2082 1078 2325 1132 ordinati
2358 1094 2475 1133 non
2505 1077 2769 1149 psallant,
2801 1095 2987 1151 neque
3033 1096 3235 1150 granos
3282 1098 3425 1152 gen-

1797 1172 1882 1227 tili
1909 1172 2023 1227 ritu
2053 1172 2362 1228 dimittant.

1864 1267 2010 1321 XXX.
2053 1269 2196 1322 Item
2246 1266 2480 1337 placuit,
2526 1272 2587 1322 ut
2631 1268 2846 1322 Veteris
2887 1268 3236 1323 Testamenti
3283 1269 3426 1326 nihil

1794 1361 2016 1430 poetice
2043 1360 2423 1432 compositum
2466 1360 2527 1416 in
2569 1361 2802 1416 ecclesia
2842 1362 3136 1433 psallatur,
3183 1361 3328 1418 sicut
3368 1370 3427 1420 et

1795 1453 1970 1508 sancti
1996 1455 2335 1526 praecipiunt
2363 1471 2629 1511 canones.

1865 1547 2034 1602 XXXI.
2068 1549 2208 1604 Item
2249 1547 2479 1619 placuit,
2510 1552 2575 1603 ut
2615 1548 2839 1619 ingredi
2881 1550 2952 1605 ad
2991 1552 3421 1607 communican-

1794 1640 1932 1695 dum
1963 1658 2077 1696 non
2116 1642 2283 1697 liceat
2311 1642 2618 1697 sacrarium
2661 1643 2816 1697 Iaicis
2840 1643 2993 1712 viris,
3028 1645 3118 1699 vel
3165 1646 3420 1700 mulieri-

1791 1733 1916 1803 bus,
1947 1734 2056 1788 nisi
2087 1738 2312 1790 tantum
2333 1735 2567 1802 clericis,
2596 1734 2740 1790 sicut
2765 1739 2824 1790 et
2841 1737 3089 1808 antiquis
3113 1741 3422 1796 canonibus

1791 1827 2115 1883 institutum
2142 1833 2244 1884 est.

1861 1923 2060 1978 XXXII.
2111 1925 2253 1979 Item
2286 1923 2514 1994 placuit,
2543 1927 2607 1978 ut
2646 1923 2971 1995 quicunque
3018 1924 3076 1980 in
3115 1927 3266 1980 clero
3297 1928 3421 1983 cibo

1790 2015 2047 2071 carnium
2093 2033 2207 2071 non
2253 2020 2513 2084 utuntur,
2559 2034 2664 2088 pro
2711 2019 3062 2090 amputanda
3100 2020 3421 2090 suspicione

1788 2109 2156 2164 Priscillianae
2181 2109 2432 2177 haeresis,
2463 2111 2550 2165 vel
2571 2111 2727 2166 olera
2751 2115 2907 2166 cocta
2932 2112 3194 2167 carnibus
3220 2117 3417 2170 tamen

1788 2209 2139 2276 praegustare
2157 2208 2460 2275 cogantur.
2481 2205 2644 2269 Quod
2662 2205 2707 2259 si
2730 2206 3200 2278 contempserint,
3226 2225 3422 2264 secun-

1791 2297 1928 2352 dum
1947 2297 2106 2370 quod
2134 2299 2204 2354 de
2229 2299 2434 2353 talibus
2453 2299 2629 2353 sancti
2656 2301 2850 2354 Patres
2877 2300 3194 2371 antiquitus
3214 2305 3421 2358 statue-

1788 2396 1943 2458 runt,
2003 2408 2232 2448 necesse
2279 2396 2384 2462 est,
2424 2409 2528 2464 pro
2575 2393 2894 2464 suspicione
2943 2394 3196 2464 haeresis,
3247 2397 3419 2468 hujus

1788 2485 1975 2540 ofﬁcio
2001 2486 2523 2541 excommunicatos
2555 2486 2884 2542 omnimodo
2905 2489 3210 2545 removeri.

1858 2581 2081 2635 XXXIII.
2114 2581 2252 2634 Item
2288 2580 2518 2651 placuit,
2550 2585 2611 2634 ut
2635 2581 2731 2652 qui
2776 2598 2880 2652 pro
2922 2581 3125 2638 haeresi
3166 2587 3266 2638 aut
3314 2602 3418 2657 pro

1788 2673 2027 2729 crimine
2073 2674 2262 2746 aliquo
2299 2674 2884 2744 excommunicantur,
2919 2675 3108 2731 nullus
3151 2677 3234 2733 eis
3261 2694 3416 2734 com-

1787 2768 2083 2823 municare
2105 2773 2434 2840 prasumat,
2454 2768 2596 2823 sicut
2617 2772 2674 2822 et
2703 2769 2939 2841 antiqua
2970 2786 3263 2828 canonum
3285 2791 3418 2829 con-

1786 2861 1974 2916 tinent
2001 2867 2250 2930 statuta;
2281 2860 2436 2933 quod
2463 2861 2510 2916 si
2535 2861 2663 2932 quis
2690 2861 2926 2933 spernit,
2968 2864 3287 2922 voluntarie
3330 2883 3416 2922 ses

1787 2955 1979 3026 ipsum
2003 2955 2258 3009 alienum
2285 2971 2318 3008 a
2344 2955 2748 3010 communione
2776 2956 2928 3012 facit.

1859 3049 2080 3104 XXXIV.
2117 3050 2258 3104 Item
2285 3048 2514 3120 placuit,
2543 3051 2607 3104 ut
2636 3048 2700 3104 hi
2729 3049 2826 3121 qui
2853 3049 2958 3104 sibi
2989 3050 3147 3122 ipsis,
3175 3058 3272 3109 aut
3308 3070 3414 3126 per

1787 3143 2027 3209 ferrum,
2055 3147 2154 3197 aut
2179 3159 2285 3214 per
2302 3158 2607 3211 venenum,
2635 3145 2733 3196 aut
2764 3160 2867 3214 per
2893 3145 3295 3218 praecipitium,
3321 3152 3421 3204 aut

1787 3236 2178 3308 suspendium,
2212 3241 2312 3292 aut
2338 3235 2592 3308 quolibet
2632 3237 2806 3292 modo
2850 3237 3134 3296 violentiae
3168 3240 3422 3298 inferunt

1785 3335 2058 3398 mortem,
2088 3330 2242 3384 nulla
2263 3346 2368 3401 pro
2399 3329 2510 3384 illis
2540 3329 2600 3384 in
2633 3329 2920 3386 oblatione
2946 3335 3418 3391 commemoratio

1787 3424 1906 3491 fiat,
1923 3440 2112 3495 neque
2136 3440 2268 3478 cum
2294 3423 2524 3495 psalmis
2547 3423 2619 3478 ad
2646 3425 2999 3495 sepulturam
3022 3442 3222 3482 eorum
3250 3429 3420 3484 cada-

1786 3533 1920 3571 vera
1949 3517 2326 3584 deducantur,
2358 3516 2526 3572 multi
2555 3517 2710 3572 enim
2740 3517 2845 3573 sibi
2874 3518 2981 3573 hoc
3009 3536 3114 3590 per
3143 3520 3416 3592 ignorans

1783 3611 1922 3666 tiam
1954 3615 2253 3682 usurpant.
2289 3610 2557 3666 Similiter
2583 3615 2641 3666 et
2665 3611 2734 3666 de
2763 3611 2850 3666 his
2898 3613 3114 3682 placuit
3143 3614 3267 3671 ﬁeri
3319 3617 3420 3688 qui

1785 3722 1889 3776 pro
1915 3705 2030 3759 suis
2062 3703 2368 3784 sceleribus
2397 3704 2731 3776 puniuntur.

1855 3799 2050 3853 XXXV.
2103 3799 2241 3854 Item
2287 3798 2538 3869 placuit,
2587 3803 2648 3854 ut
2687 3799 3122 3857 ‘catechumenis
3163 3803 3285 3860 sine
3327 3821 3418 3861 re-

1787 3891 2120 3963 demptione
2147 3891 2418 3964 baptismi
2446 3891 2728 3948 defunctis
2753 3893 2923 3949 simili
2943 3896 3114 3951 modo
3136 3913 3251 3952 non
3270 3898 3418 3958 obla~

1785 3985 1957 4042 tionis
1985 3986 2471 4054 commemoratio,
2507 4003 2694 4058 neque
2719 3987 3005 4058 psallendi
3050 3989 3416 4062 impendatur

1786 4079 2057 4148 officium,
2075 4096 2213 4136 nam
2231 4082 2288 4135 et
2303 4079 2412 4134 hoc
2436 4095 2540 4150 per
2551 4079 3288 4155 ignorantiamusurpatum
3309 4091 3414 4143 est.

1857 4175 2074 4230 XXXVI.
2153 4176 2289 4229 Item
2341 4173 2555 4246 placuit
2608 4178 2672 4230 ut
2723 4193 2962 4248 corpora
3016 4177 3420 4235 defunctorum

1786 4269 1944 4325 nullo
1969 4268 2144 4324 modo
2165 4267 2456 4323 basilicam
2490 4272 2816 4324 sanctorum
2851 4271 3218 4342 sepeliantur,
3245 4275 3346 4330 sed
3371 4276 3419 4331 si

1786 4379 2016 4419 necesse
2062 4366 2165 4430 est,
2196 4362 2266 4418 de
2304 4362 2440 4417 foris
2489 4362 2638 4418 circa
2667 4379 2896 4419 morum
2942 4365 3192 4422 basilicae
3233 4384 3420 4442 usque

1786 4458 1928 4512 adeo
1961 4473 2076 4511 non
2097 4456 2425 4511 abhorreat.
2459 4457 2598 4511 Nam
2630 4457 2676 4511 si
2701 4457 3094 4515 firmissimum
3113 4460 3224 4516 hoc
3251 4463 3418 4532 privia

1787 4550 2003 4622 legium
2028 4565 2206 4622 usque
2235 4566 2389 4604 nunc
2425 4549 2677 4605 retinent
2723 4551 2993 4620 civitates,
3023 4558 3085 4607 ut
3130 4570 3220 4610 res
3258 4555 3418 4611 nullo

1788 4643 1958 4698 modo
1987 4643 2136 4698 intra
2167 4643 2448 4698 ambitum
2475 4659 2777 4698 murorum
2823 4645 3126 4714 cujuslibet
3163 4647 3418 4705 defuncti

1787 4754 1992 4809 corpus
2037 4736 2110 4790 sit
2137 4737 2460 4804 humatum,
2493 4740 2710 4807 quanto
2741 4737 2928 4809 magis
2977 4739 3084 4794 hoc
3131 4743 3420 4799 venerabi-

1786 4832 1929 4887 lium
1953 4834 2272 4902 martyrum
2303 4830 2471 4885 debet
2495 4831 2812 4885 reverentia
2839 4830 3094 4888 obtinere
3113 4835 3141 4889 ‘I

1858 4925 2101 4982 XXXVII.
2151 4926 2290 4979 Item
2334 4923 2566 4995 placuit,
2596 4927 2660 4978 ut
2688 4924 2735 4978 si
2777 4925 2904 4996 quis
2955 4927 3250 5001 presbyter
3295 4937 3422 5005 post

1787 5021 1894 5075 hoc
1937 5019 2309 5074 interdictum
2341 5033 2512 5072 ausus
2556 5018 2727 5072 fuerit
2775 5019 3024 5075 chrisma
3051 5021 3416 5097 benedicere,

1787 5118 1887 5169 aut
1916 5112 2234 5179 ecclesiam,
2258 5114 2357 5166 aut
2387 5111 2651 5167 altarium
2677 5129 3026 5184 consecrare,
3051 5133 3083 5169 a
3103 5134 3206 5173 suo
3232 5120 3416 5177 ofﬁcio

1789 5209 2128 5280 deponatur.
2159 5207 2298 5261 Nam
2329 5211 2384 5260 et
2423 5205 2645 5278 antiqui
2675 5222 2921 5262 canones
2948 5209 3057 5264 hoc
3093 5216 3414 5271 vetuerunt.

1859 5302 2116 5358 XXXVIII.
2149 5302 2287 5357 Item
2316 5300 2550 5370 placuit,
2585 5303 2646 5354 ut
2676 5317 2744 5355 ex
2775 5303 2919 5358 laico
2953 5303 3026 5358 ad
3058 5305 3295 5377 gradum
3323 5325 3414 5364 sa-

1791 5397 2026 5453 cerdotii
2060 5411 2230 5450 nemo
2270 5394 2479 5462 veniat,
2525 5393 2635 5448 nisi
2680 5395 2837 5466 prius
2886 5414 3038 5452 anno
3090 5399 3314 5470 integro
3353 5402 3416 5457 in

1793 5492 1979 5547 officio
2024 5491 2319 5556 lectorum,
2353 5489 2441 5543 vel
2466 5488 2794 5544 diaconatus
2836 5489 3192 5560 disciplinam
3236 5496 3416 5550 eccle-

1794 5585 2078 5642 siasticam
2105 5583 2302 5652 discat,
2331 5588 2388 5638 et
2412 5583 2489 5638 sic
2520 5599 2624 5655 per
2650 5583 2905 5653 singulos
2923 5583 3133 5652 gradus
3161 5587 3420 5646 eruditus

1795 5682 1866 5736 ad
1891 5677 2274 5734 sacerdotium
2293 5677 2514 5744 veniat;
2539 5694 2670 5732 nam
2691 5677 2822 5731 satis
2849 5675 3292 5746 reprehensibile
3310 5687 3416 5753 est,

1797 5778 1859 5830 ut
1888 5773 1985 5846 qui
2013 5772 2268 5828 nondum
2297 5770 2510 5839 didicit,
2547 5770 2669 5841 jam
2700 5769 2902 5824 docere
2927 5776 3256 5843 presumat,
3280 5775 3420 5835 dum

1796 5872 1851 5924 et
1863 5867 2111 5941 antiquis
2121 5867 2230 5925 hoc
2242 5867 2474 5921 Patrum
2486 5861 2936 5944 institutionibus
2948 5863 3316 5948 interdictum
3325 5871 3417 5938 sit.
