3946 6180
507 311 600 366 371

1383 302 1671 368 ΑΡΡΕΝῘ).
1712 309 1804 366 AD
1839 311 1998 367 SJEC.
2043 308 2128 365 IX.

2265 296 2508 364 lSlDORI
2544 301 2966 364 MERCATOBIS
3684 313 3757 366 κη

575 420 788 474 XXXIX.
826 421 964 473 Item
999 419 1231 489 placuit,
1254 422 1318 473 ut
1348 420 1390 473 si
1425 419 1565 491 quid
1594 437 1658 474 ex
1681 419 1980 474 collatione
2007 419 2140 473 ﬁde—
2162 435 2217 507 Α
2241 423 2339 472 aut
2363 417 2710 472 monachum
2743 432 2892 470 sanae
2925 414 3056 468 huic
3089 414 3350 469 doctrinae
3379 416 3678 470 resistentem
3701 419 3759 472 in-

508 515 664 581 lium,
707 518 806 567 aut
832 529 936 583 per
961 513 1292 568 festivitates
1333 517 1676 584 martyrum,
1710 518 1809 568 aut
1839 531 1939 584 per
1986 531 2135 567 com-

509 607 988 662 memorationem
1037 606 1438 662 defunctorum
1484 609 1738 675 offertur,
1771 609 1922 678 apud
1954 624 2137 662 unum

505 701 843 755 clericorum
896 701 1140 756 ﬁdeliter
1185 702 1509 772 colligatur,
1545 705 1601 756 et
1646 701 1950 755 constituto
1994 707 2137 756 tem-

504 812 644 867 pore
672 801 770 850 aut
797 795 1000 864 semel,
1033 801 1131 849 aut
1158 795 1243 849 bis
1269 795 1326 848 in
1369 812 1522 849 anno
1549 795 1700 849 inter
1747 812 1946 848 omnes
1987 794 2145 849 cleri-

506 907 599 944 cos
637 889 956 958 dividatur;
989 906 1126 943 nam
1167 906 1283 944 non
1309 889 1534 943 modice
1566 906 1634 944 ex
1677 889 1797 959 ipsa
1847 887 2141 960 inzequali-

505 991 619 1038 tate
649 983 945 1037 discordia?
995 987 1368 1053 generantur,
1413 983 1491 1036 sic
1537 983 1925 1054 unusquisque
1953 983 2013 1036 in
2046 998 2147 1036 sua

507 1079 829 1148 septimana
856 1077 1008 1148 quod
1039 1077 1290 1131 oblatum
1312 1078 1486 1131 fuerit
1510 1077 1614 1130 sibi
1645 1077 1946 1148 dependat.

580 1172 682 1226 XL.
712 1172 849 1224 Item
877 1171 1106 1240 placuit,
1135 1174 1198 1224 ut
1256 1176 1539 1240 prmcepta
1580 1171 1942 1241 antiquorum
1974 1186 2140 1224 cano-

514 1282 653 1320 num
685 1265 996 1336 (quomodo
1027 1265 1083 1318 in
1115 1265 1352 1319 concilio
1382 1265 1613 1319 recitata
1645 1266 1792 1334 sunt)
1821 1264 2010 1317 nullus
2053 1281 2146 1318 au-

514 1357 968 1430 deatpraeterire;
991 1358 1035 1412 si
1056 1359 1182 1429 quis
1203 1364 1389 1414 autem
1411 1362 1717 1412 contumax
1731 1358 2146 1428 transgreditur

525 1453 650 1522 ista,
683 1469 912 1506 necesse
943 1455 1028 1506 est
1054 1456 1116 1505 ut
1147 1452 1215 1506 de
1237 1470 1338 1506 suo
1372 1452 1717 1522 degradetur
1743 1451 1948 1506 ofﬁcio.
1981 1453 2145 1506 Rele-

515 1547 620 1600 ctis
647 1546 911 1616 capitulis
940 1545 1227 1599 Lucretius
1257 1545 1558 1616 episcopus
1584 1545 1727 1599 dixit
1756 1562 1768 1599 :
1801 1546 1942 1608 Quia
1967 1545 2147 1615 opitu-

515 1641 667 1693 lante
694 1639 932 1692 Domino
966 1639 1124 1692 nobis
1155 1656 1221 1693 ea
1249 1656 1375 1710 quae
1420 1639 1809 1692 inﬁrmitatem
1853 1639 2148 1693 catholicae

518 1737 574 1787 et
592 1732 926 1787 orthodoxze
948 1732 1099 1796 ﬁdei,
1118 1733 1202 1786 vel
1227 1749 1354 1804 qua:
1375 1732 1441 1786 ad
1470 1733 1723 1786 ofﬁcium
1745 1732 1957 1786 ordinis
1976 1734 2150 1786 eccle-

2241 512 2480 578 venerit,
2495 517 2592 565 aut
2619 512 2677 564 in
2706 511 2896 581 aliquo
2914 509 3097 563 adhuc
3111 508 3605 563 Priscillianaesectze
3623 527 3763 566 errore

2240 607 2464 660 latitare
2495 605 2861 676 persenserit,
2886 609 2943 657 et
2985 619 3098 656 non
3125 602 3383 657 continuo
3419 602 3559 656 illum
3596 620 3765 658 excom-

2243 701 2590 754 municatum
2621 703 2678 753 et
2703 697 3244 752 anathematizatum
3272 695 3337 750 de
3368 695 3572 750 ecclesia
3595 697 3768 766 ejecerit

2244 794 2394 846 foras
2421 792 2516 861 (ita
2543 798 2605 847 ut
2636 809 2765 846 cum
2791 791 3119 861 hujusmodi
3150 788 3392 855 homine,
3419 805 3511 843 nec
3532 788 3685 842 cibum
3704 791 3771 842 ali-

2243 885 2368 957 quis
2393 885 2574 940 ﬁdelis
2617 901 2862 952 sumere,
2899 901 3002 938 nec
3048 881 3456 937 communicare
3498 885 3772 952 przesumat),

2245 979 2470 1033 noverit
2498 995 2556 1031 se
2585 979 2650 1047 is,
2686 979 2782 1048 qui
2810 978 2984 1031 talem
3016 975 3308 1047 receperit,
3333 976 3571 1029 fraterna:
3593 991 3686 1028 esse
3710 991 3774 1028 ex-

2247 1071 2750 1128 communicationi
2778 1071 3113 1140 obnoxium,
3143 1074 3200 1124 et
3240 1069 3436 1124 divinae
3464 1068 3776 1140 proculdubio

2247 1167 2544 1221 sententiae
2593 1183 2774 1220 reum.
2801 1167 3015 1220 Omnes
3065 1164 3308 1235 episcopi
3349 1163 3624 1217 dixerunt:
3659 1163 3776 1224 Qua:-

2247 1278 2470 1332 cunque
2495 1277 2526 1313 a
2556 1259 2716 1314 nobis
2746 1259 2903 1313 unite
2934 1275 3036 1329 per
3066 1258 3170 1311 Dei
3207 1256 3438 1327 gratiam
3462 1271 3694 1310 consensu
3715 1254 3779 1307 de-

2248 1359 2402 1408 creta
2429 1359 2581 1423 sunt,
2610 1353 2872 1424 pervigili
2914 1368 3145 1407 necesse
3171 1356 3256 1405 est
3283 1349 3617 1404 sollicitudine
3637 1347 3777 1400 obser-

2247 1455 2469 1503 ventur.
2499 1450 2631 1512 Quze
2679 1453 2744 1501 ut
2794 1447 3156 1500 stabilitatem
3189 1445 3400 1515 placitae
3449 1441 3781 1496 constitutionis

2249 1542 2547 1596 obtineant
2565 1539 3154 1611 tirmitatem,propria
3175 1537 3546 1608 unusquisque
3571 1535 3644 1588 his
3659 1533 3782 1604 gestis

2247 1652 2451 1690 manus
2483 1635 2811 1689 subscribat.
2845 1636 2908 1689 Et
2937 1639 3062 1705 post
3097 1632 3483 1703 episcoporum
3523 1626 3781 1697 subscriptio

2249 1730 2545 1783 subsecuta
2577 1735 2678 1783 est.
2726 1729 3017 1783 Lucretius
3061 1726 3354 1798 episcopus
3390 1722 3672 1793 subscripsi.
3705 1723 3783 1773 An-

519 1825 724 1880 siastici
755 1825 1115 1897 pertinebant
1150 1826 1407 1880 unanimi
1436 1826 1598 1894 (sicut
1629 1826 1946 1897 oportebat)
1975 1826 2143 1880 colla-
2172 1807 2224 1878 Β
2249 1824 2415 1877 dreas
2440 1823 2736 1894 episcopus
2777 1821 3097 1892 subscripsi.
3131 1821 3360 1876 Martius
3397 1819 3660 1890 episcopus
3694 1813 3783 1868 sub~

517 1920 668 1974 tione
697 1919 1049 1974 decrevimus
1078 1937 1093 1987 ;
1137 1923 1311 1973 restat
1355 1937 1527 1987 nunc,
1558 1926 1619 1974 ut
1656 1937 1726 1974 ex
1755 1921 2022 1974 omnibus
2065 1919 2152 1973 his

517 2031 645 2085 qua:
689 2013 786 2068 Dei
819 2014 1001 2083 gratia
1032 2013 1335 2066 salubriter
1382 2013 1637 2067 instituta
1681 2019 1814 2069 sunt
1859 2014 2148 2086 propriam

520 2107 910 2177 unusquisque
942 2110 1200 2160 nostrum
1233 2106 1458 2160 studeat
1499 2107 1701 2161 docere
1751 2113 1920 2179 atque
1967 2107 2148 2161 infor-

523 2217 680 2254 mare
709 2199 1015 2253 dioecesim.
1041 2199 1098 2253 Si
1120 2199 1246 2269 quis
1272 2203 1467 2253 autem
1498 2217 1564 2254 ex
1586 2201 1748 2254 nobis
1775 2201 1830 2254 in
1859 2201 2145 2271 parochiis

519 2293 632 2346 suis
657 2296 788 2363 post
802 2291 999 2363 agnita
1017 2292 1186 2361 hujus
1210 2292 1430 2346 concilii
1449 2292 1727 2360 instituta,
1741 2294 2142 2363 autclericum,

2250 1917 2463 1987 scripsi.
2493 1920 2684 1970 Cottus
2709 1916 3003 1987 episcopus
3033 1914 3356 1986 subscripsi.
3396 1911 3670 1968 Hildericus
3703 1907 3784 1978 epi-

2218 2027 2453 2086 scopus
2483 2011 2805 2081 subscripsi.
2859 2010 3165 2064 Lucentius
3202 2009 3490 2080 episcOpus
3535 2001 3786 2072 subscripsi.

2248 2105 2576 2159 Timotheus
2607 2105 2907 2175 episcopus
2934 2103 3257 2174 subscripsi.
3287 2101 3534 2157 Mallosus
3560 2098 3789 2169 episcopus

2252 2197 2575 2270 subscripsi.

708 2699 900 2777 140
959 2698 1376 2794 INCIPIT
1454 2702 2064 2795 CONCILIUM
2152 2702 2971 2795 BBACCABENSE
3055 2697 3654 2792 SECUNDUM.

594 2946 891 3016 Regnante
939 2946 1176 2999 Domino
1207 2949 1398 3000 nostro
1440 2947 1570 2999 Jesu
1617 2945 1838 2999 Christo
1886 2949 2150 3000 currente

523 3055 639 3094 (era
680 3055 803 3104 Dcx,
835 3038 988 3093 anno
1016 3040 1266 3094 secundo
1299 3038 1450 3110 regis
1487 3039 1771 3107 Arianiiri,
1803 3038 1894 3092 die
1933 3038 2150 3094 decimo

525 3136 723 3188 octavo
756 3132 1144 3186 Kalendarum
1175 3132 1734 3199 Januariarum,cum
1761 3133 2005 3187 Gallicim
2026 3149 2152 3204 pro-

521 3227 722 3280 vinciae
750 3226 1000 3297 episcopi
1031 3231 1148 3279 tam
1185 3243 1255 3280 ex
1303 3226 1662 3280 Braccarensi
1709 3243 1880 3298 quam
1926 3243 1991 3280 ex
2043 3227 2149 3280 Lu-

2250 2962 2390 3000 num
2429 2946 2723 3000 continent
2770 2944 3173 2999 discretionem
3222 2943 3580 3000 ﬁrmavimus.
3604 2940 3796 3003 Quorum

2249 3039 2467 3093 utilitas
2497 3041 2559 3092 ut
2583 3039 2758 3110 possit
2783 3038 3103 3092 evidentius
3128 3039 3189 3092 in
3222 3037 3547 3094 memoriam
3592 3030 3796 3088 revocari.

2249 3133 2444 3204 ipsa,si
2474 3133 2628 3187 vobis
2656 3133 2858 3203 placet,
2885 3133 3124 3203 epistola
3162 3138 3349 3187 vestra
3379 3133 3438 3186 in
3463 3126 3725 3202 praesentia
3743 3137 3799 3174 re-

2251 3227 2492 3298 legatur.
2523 3227 2732 3281 Omnes
2775 3226 3021 3298 episcopi
3059 3227 3330 3281 dixerunt
3361 3243 3373 3280 :
3417 3227 3631 3296 Oportet
3666 3215 3799 3272 omni-

521 3319 678 3374 censi
699 3320 914 3391 synodo
939 3335 1070 3373 cum
1101 3319 1214 3374 suis
1234 3320 1683 3390 metropolitanis
1708 3325 1994 3390 praecepto
2014 3337 2154 3391 prae-
2171 3293 2227 3366 Ο
2253 3323 2420 3380 mode
2441 3329 2505 3378 ut
2534 3323 2592 3377 in
2620 3322 2879 3378 omnium
2909 3323 3142 3377 auribus
3171 3324 3273 3394 qui
3302 3321 3393 3377 hic
3424 3322 3666 3375 assistunt
3700 3309 3800 3368 reci-

522 3415 623 3470 fati
651 3413 1046 3484 gloriosissimi
1077 3413 1228 3484 regis
1255 3413 1423 3467 simul
1452 3414 1510 3466 in
1540 3414 1974 3484 metropolitana
1993 3415 2152 3468 Brac-

522 3508 990 3565 carensiecclesia
1003 3507 1482 3575 convenissent,id
1503 3510 1606 3575 est,
1622 3508 1914 3574 Martinus,
1931 3508 2034 3562 Niti
2042 3509 2148 3578 gis,

524 3603 791 3672 Remisol,
826 3603 1101 3667 Andreas,
1153 3601 1471 3668 Lucentius,
1526 3602 1818 3669 Adoriens,
1851 3602 2146 3669 Vectimer,

524 3697 898 3763 Sardinarius,
952 3695 1154 3763 Viator,
1197 3696 1371 3764 Avila,
1410 3695 1696 3765 Polemus,
1744 3696 1962 3763 Mailoc,
2011 3713 2148 3750 con-

522 3791 833 3846 sidentibus
879 3790 1052 3845 simul
1101 3789 1405 3861 episcopis,
1462 3792 1631 3860 atque
1683 3791 1944 3845 universo
1999 3791 2150 3845 clero

520 3888 825 3957 praesente,
857 3885 1123 3940 Martinus
1153 3883 1545 3939 Braccarensis
1575 3884 1824 3939 ecclesiae
1851 3885 2150 3956 episcopus

523 3979 662 4034 dixit
705 3996 719 4034 :
780 3977 1154 4049 Inspiratione
1203 3978 1307 4032 hoc
1361 3978 1462 4031 Dei
1519 3978 1748 4032 credam
1803 3978 2146 4049 provenisse,

521 4071 858 4127 sanctissimi
889 4073 1098 4142 Patres,
1117 4073 1183 4125 ut
1199 4088 1302 4143 per
1327 4070 1740 4125 ordinationem
1758 4070 2150 4141 gloriosissimi

520 4166 619 4220 ﬁlii
663 4165 842 4219 nostri
869 4165 1024 4234 regis
1059 4182 1128 4219 ex
1155 4169 1400 4236 utroque
1438 4164 1672 4218 concilio
1717 4164 2151 4218 conveniremus

517 4260 578 4313 in
597 4274 802 4326 unum,
833 4263 899 4312 ut
921 4275 1036 4311 non
1065 4259 1250 4311 solum
1275 4259 1346 4312 de
1372 4257 1586 4311 visione
1613 4259 1888 4311 alterutra
1905 4258 2152 4327 gratula-

520 4366 734 4422 remur,
772 4351 869 4406 sed
892 4351 1063 4406 etiam
1092 4367 1158 4404 ea
1182 4367 1308 4422 qua:
1341 4351 1412 4405 ad
1439 4351 1856 4405 ordinationem
1895 4355 1952 4404 et
1980 4350 2148 4404 disci-

519 4445 739 4518 plinam
785 4443 1216 4500 ecclesiasticam
1268 4443 1579 4516 pertinent,
1609 4444 1823 4515 pariter
1865 4445 2146 4516 colloqua-

521 4558 674 4613 mur,
728 4539 1016 4612 Scriptum
1068 4542 1154 4593 est
1207 4539 1362 4594 enim
1413 4538 1472 4593 in
1525 4539 1870 4610 Evangelio,
1924 4539 2150 4594 dicente

521 4636 758 4692 Domino
781 4653 795 4690 :
823 4656 851 4685 «
876 4633 1208 4706 Ubicunque
1232 4633 1446 4688 fuerint
1465 4632 1577 4687 duo
1593 4634 1681 4688 vel
1701 4635 1815 4688 tres
1836 4633 1896 4687 in
1917 4633 2149 4688 nomine
2169 4669 2229 4742 D

521 4746 650 4784 meo
686 4729 1042 4801 congregati,
1086 4728 1163 4782 ibi
1211 4744 1308 4783 ero
1351 4728 1410 4782 in
1455 4727 1646 4784 medio
1689 4744 1887 4782 eorum
1934 4727 2148 4797 (Matth.

522 4840 674 4891 xvui,
730 4825 838 4892 20).
893 4845 920 4870 »
974 4822 1174 4892 Nitigis
1238 4822 1503 4877 Lucensis
1559 4822 1811 4877 ecclesim
1860 4822 2154 4894 episcopus

523 4917 703 4974 dixit:
735 4918 848 4971 Nec
877 4917 1029 4972 aliud
1057 4921 1243 4987 potest
1271 4917 1450 4986 credi,
1478 4916 1587 4970 nisi
1614 4932 1678 4972 ea
1703 4933 1832 4987 quae
1878 4917 1949 4971 ad
2000 4917 2151 4970 utili-

523 5015 699 5066 tatem
723 5015 1049 5065 nostrarum
1091 5011 1382 5081 pertinent
1411 5010 1731 5064 animarum
1759 5009 1948 5065 divina
1971 5010 2150 5082 inspi-

520 5105 746 5164 ratione
771 5107 829 5158 et
854 5103 1112 5157 inchoari
1141 5109 1199 5158 et
1221 5102 1417 5174 perﬁci
1446 5106 1736 5173 oportere.

591 5205 662 5259 Et
685 5202 812 5259 ideo
840 5201 1136 5255 unanimes
1165 5205 1335 5272 atque
1361 5200 1611 5272 idipsum
1652 5201 1711 5254 in
1758 5200 1999 5255 Domino
2023 5217 2148 5255 sen-

520 5303 747 5370 tientes,
789 5315 1149 5373 quascunque
1181 5299 1248 5353 ad
1284 5299 1721 5354 instructionem
1750 5304 2000 5353 nostram
2029 5316 2154 5371 per-

520 5397 728 5466 tinent,
761 5396 820 5451 in
850 5393 1114 5448 medium
1141 5393 1362 5464 prolata
1389 5393 1779 5447 desideramus
1821 5409 2148 5464 agnoscere.

520 5492 790 5548 Martinus
813 5489 1112 5562 episcopus
1135 5487 1309 5542 dixit:
1331 5486 1693 5542 Arbitramur
1719 5492 1961 5542 vestram
1974 5487 2148 5542 beati-

524 5587 780 5640 tudinem
792 5582 1222 5655 recordariquia
1244 5598 1373 5636 eum
1392 5581 1646 5653 primum
1663 5581 1718 5635 in
1742 5579 1973 5635 ecclesia
1993 5581 2153 5635 Brac-

525 5678 743 5733 carensi
789 5678 1191 5750 episcoporum
1237 5675 1541 5730 concilium
1582 5677 1994 5746 congregatum
2045 5679 2148 5745 est,

524 5775 655 5842 post
677 5772 861 5827 multa
884 5788 1014 5844 quae
1038 5771 1109 5826 ad
1158 5769 1524 5826 concordiam
1561 5769 1694 5824 ﬁdei
1729 5769 1956 5824 fuerant
1983 5768 2149 5825 robo-

526 5868 668 5935 rata,
691 5865 889 5936 δίψη
905 5866 1076 5921 etiam
1100 5882 1230 5938 quae
1257 5866 1590 5938 regularum
1632 5868 1959 5920 sanctorum
1983 5881 2148 5920 cano-

2253 3421 2422 3472 tetur.
2478 3417 2742 3472 Recitatis
2788 3433 2924 3487 ergo
2965 3417 3219 3489 capitalis
3282 3413 3573 3489 superioris
3616 3405 3799 3464 concilii.

2252 3528 2380 3583 quae
2410 3527 2482 3565 ne
2507 3510 2890 3581 prolixitatem
2917 3512 3167 3565 facerent
3197 3511 3288 3565 his
3306 3509 3475 3581 gestis
3491 3511 3610 3563 sunt
3630 3501 3801 3558 inserta.

2250 3605 2518 3660 Martinus
2538 3605 2840 3676 episcopus
2869 3604 3008 3659 dixit
3037 3621 3050 3659 :
3083 3606 3212 3658 Haec
3243 3620 3383 3675 ergo
3409 3619 3529 3675 quae
3557 3597 3700 3655 modo
3713 3596 3803 3646 sunt

2252 3699 2482 3754 recitata
2511 3715 2638 3769 quae
2668 3699 2831 3752 nobis
2873 3703 3006 3753 tunc
3062 3703 3161 3752 aut
3217 3698 3388 3763 varia,
3419 3701 3512 3751 aut
3552 3690 3716 3754 dubia,
3736 3689 3804 3739 aut

2251 3793 2570 3848 inordinata
2619 3799 2751 3848 sunt
2803 3793 2937 3862 visa,
2983 3792 3297 3848 auxiliante
3355 3794 3486 3860 Deo,
3515 3786 3801 3843 ordinentur,

2252 3893 2308 3942 et
2346 3905 2506 3941 suam
2555 3886 2926 3941 immobiliter
2982 3887 3283 3942 obtineant
3329 3885 3671 3945 ﬁrmitatem;
3714 3887 3803 3947 qut?

2252 3987 2446 4037 autem
2473 3984 2606 4034 tunc
2634 3980 2692 4034 in
2725 3980 3058 4034 memoriam
3096 3997 3212 4035 non
3240 3982 3517 4035 venerunt
3543 3979 3628 4030 aut
3654 3983 3803 4026 onero-

2252 4093 2377 4130 sum
2405 4073 2512 4129 fuit
2535 4075 2594 4128 in
2625 4074 2720 4128 illo
2759 4074 2946 4146 primo
2974 4074 3210 4128 concilio
3231 4075 3415 4129 multa
3442 4069 3674 4126 similiter
3697 4066 3806 4131 inge

2252 4187 2398 4236 rere,
2425 4169 2805 4224 necessarium
2840 4168 3084 4234 videtur,
3127 4169 3302 4223 modo
3334 4168 3403 4222 ad
3453 4164 3680 4220 notitiam
3715 4169 3804 4208 san'

2251 4268 2352 4318 ctze
2380 4263 2676 4318 charitatis
2703 4263 2928 4328 deferri,
2963 4261 3044 4316 eis
3085 4262 3408 4332 specialiter
3454 4253 3738 4331 prospectis,
3765 4249 3807 4300 Ill

2249 4357 2524 4429 spirituali
2551 4357 2822 4411 ventilata
2841 4356 3104 4410 examine
3136 4360 3458 4427 purgentur
3480 4372 3496 4423 ;
3525 4348 3678 4406 sancti
3693 4343 3807 4399 enim

2249 4454 2442 4506 Patres
2489 4467 2864 4522 praecessores
2901 4448 3096 4516 nostri,
3148 4455 3247 4504 aut
3299 4449 3584 4520 generales
3625 4437 3809 4514 synod05

2249 4545 2504 4617 undique
2525 4545 2712 4617 colligi
2728 4562 2832 4616 pro
2851 4544 3066 4598 unitate
3087 4549 3256 4598 recta:
3270 4544 3406 4598 ﬁdei
3433 4543 3692 4597 fecerunt:
3709 4533 3810 4586 sicut

2251 4641 2308 4694 in
2359 4640 2544 4693 Nicma
2585 4643 2783 4694 contra
2813 4638 3011 4693 Arium
3057 4638 3299 4693 trecenti
3346 4637 3536 4692 decem
3565 4636 3616 4687 et
3640 4633 3754 4692 octo,
3774 4627 3812 4675 ei

2253 4737 2312 4791 in
2327 4733 2819 4805 Constantinopoli
2849 4738 3079 4788 centum
3110 4732 3527 4803 quinquaginta
3550 4728 3717 4782 contra
3739 4719 3813 4774 Ma-

2252 4829 2582 4897 cedonium,
2603 4833 2660 4883 et
2675 4827 2731 4882 in
2759 4828 2982 4899 Epheso
3004 4830 3199 4881 contra
3218 4825 3534 4881 Nestorium
3553 4815 3812 4883 ducenti,et

2253 4924 2679 4980 inChalcedona
2708 4921 3064 4976 Eutichetem
3085 4919 3337 4975 sexcenti
3358 4913 3812 4990 tringita,autcerte

2253 5017 2522 5092 speciales
2550 5017 2796 5089 synodos
2821 5031 2924 5086 per
2961 5032 3090 5069 suas
3129 5013 3518 5086 unusquisque
3561 5002 3814 5082 provincias

2252 5135 2354 5190 pro
2381 5115 2705 5170 resecandis
2733 5113 3216 5184 contentionibus,
3246 5113 3332 5167 vel
3377 5105 3718 5168 emendendis
3737 5098 3812 5153 ali-

2250 5228 2495 5283 quorum
2525 5207 2896 5281 negligentiis
2925 5208 3314 5280 collegerunt;
3345 5211 3403 5261 et
3448 5206 3613 5278 prout
3637 5199 3815 5255 eventus

2250 5305 2550 5376 culparum
2600 5306 2695 5357 aut
2746 5302 3153 5374 qualiscunque
3201 5317 3459 5356 excessus
3513 5293 3699 5365 exegit,
3741 5300 3815 5358 ρετ

2250 5399 2506 5470 singulas
2532 5411 2784 5470 quasque
2813 5396 3031 5451 divinas
3075 5412 3362 5450 canonum
3395 5389 3694 5448 sententias,
3724 5397 3813 5437 me'

2251 5488 2444 5542 diante
2473 5487 2618 5541 inter
2654 5503 2750 5540 eos
2792 5485 2887 5540 Dei
2937 5486 3160 5556 spiritu,
3208 5482 3669 5554 conscripserunt,
3709 5483 3814 5543 quas

2250 5585 2471 5652 oportet
2499 5598 2600 5635 nos
2639 5581 2894 5651 relegere
2923 5583 2981 5633 et
3004 5585 3234 5648 tenere;
3281 5581 3340 5632 et
3380 5577 3511 5648 quia
3551 5567 3814 5644 opitulante

2253 5676 2458 5731 Christi
2483 5675 2667 5746 gratia
2689 5675 2759 5729 de
2788 5674 3000 5728 unitate
3029 5679 3084 5728 et
3112 5672 3452 5728 rectitudine
3489 5667 3609 5722 ﬁdei
3651 5665 3702 5716 in
3736 5659 3814 5711 hac

2251 5769 2536 5842 provincia
2563 5769 2708 5824 nihil
2738 5773 2824 5823 est
2862 5767 3119 5836 dubium,
3163 5766 3324 5824 nobis
3369 5762 3532 5819 modo
3572 5751 3817 5842 ερεεὶειίίαθ

2252 5841 2338 5919 est
2366 5863 2678 5936 agendum,
2695 5865 2757 5917 ut
2778 5862 2821 5918 si
2848 5862 2985 5934 quid
3009 5862 3245 5920 fortasse
3269 5877 3338 5914 ex
3372 5853 3668 5932 apostolica
3691 5841 3817 5902 disci-
