3946 6180
167 329 252 388 573
1336 325 1807 388 DECRETAUUM

1847 321 2143 385 COLIECT
2149 313 2238 383 10.
3369 330 3475 387 5⁸74

167 439 296 511 plina
318 453 410 508 per
434 435 811 508 ignorantiam
833 437 936 490 aut
971 451 1075 506 per
1100 434 1514 508 negligentiam
1544 455 1738 510 repre-
1762 451 1823 524 Α
1844 437 1953 491 sibi
1983 437 2125 505 fieri,
2155 436 2318 490 alteri
2346 453 2461 492 non
2488 436 2720 504 faciant,
2753 441 2810 491 et
2849 441 2912 492 ut
2947 438 3180 494 credant
3219 455 3473 495 resurre-

165 532 398 588 hensibile
439 530 718 585 invenitur
748 528 806 584 in
848 528 1032 599 nobis,
1063 534 1426 586 recurrentes
1467 532 1540 586 ad
1580 533 1736 586 testi-

164 627 324 681 monia
371 627 684 678 sanctarum
749 622 1172 694 Scripturarum
1228 626 1316 679 vel
1368 627 1737 696 antiquorum

164 734 406 775 canonum
433 717 699 784 instituta,
719 715 976 771 adhibito
1003 719 1295 773 communi
1323 735 1600 774 consensu
1624 719 1741 773 ani—

163 813 242 878 mi,
255 829 366 882 qua
385 810 768 882 displicuerint
795 810 1116 866 rationabili
1131 811 1348 882 judicio
1365 813 1738 883 corrigamus.

162 907 215 960 Et
232 905 474 977 primum,
502 904 548 958 si
579 905 786 974 placet,
815 905 874 959 in
903 904 1124 960 reiectis
1149 905 1298 960 beati
1326 907 1479 960 Petri
1505 907 1740 978 apostoli

162 998 414 1069 praceptis
433 1014 556 1069 qua
577 1014 679 1068 pro
695 997 896 1069 regula
923 999 1277 1054 sacerdotum
1299 999 1360 1053 in
1381 1016 1482 1054 sua
1503 1000 1742 1071 epistola

163 1091 406 1146 evidenter
449 1090 758 1162 adscripsit,
799 1091 1078 1163 quidquid
1131 1109 1242 1146 non
1292 1093 1493 1148 eodem
1541 1097 1740 1150 tenore

161 1185 274 1238 sicut
297 1185 544 1256 princeps
590 1185 977 1256 apostolorum
1026 1185 1270 1253 edocuit,
1298 1187 1390 1257 agi
1435 1187 1678 1255 videtur,
1709 1206 1742 1242 a

162 1279 291 1333 nobis
313 1279 424 1334 sine
447 1278 562 1332 ulla
590 1278 947 1334 cunctatione
971 1279 1042 1333 ad
1074 1280 1534 1336 emendationem
1564 1282 1738 1336 dedu-

159 1388 258 1426 cere
295 1372 630 1440 festinemus,
682 1389 754 1427 ne
801 1373 946 1428 forte
1006 1374 1143 1428 dum
1193 1373 1318 1428 aliis
1365 1374 1742 1445 praedicamus

160 1465 243 1536 ipsi
257 1466 459 1537 reprobi
479 1465 664 1521 effecti
688 1466 877 1521 divino
895 1466 992 1522 illo
1015 1468 1472 1523 condemnemur
1493 1470 1739 1540 eloquio,

160 1559 339 1614 dicente
368 1577 381 1616 :
416 1583 440 1610 ‹‹
471 1561 552 1615 Tu
578 1577 714 1616 vero
743 1560 912 1616 odisti
954 1561 1331 1633 disciplinam,
1361 1568 1417 1617 et
1451 1563 1743 1634 projecisti

159 1669 400 1708 sermones
449 1670 606 1709 meos
655 1657 783 1726 post
829 1658 882 1710 te
925 1655 1092 1727 (Psal.
1137 1672 1281 1722 xmx,
1321 1658 1486 1726 17).»
1536 1657 1742 1712 Omnes

159 1746 357 1818 episcopi
397 1748 703 1804 dixerunt:
750 1749 1024 1820 Cupimus
1069 1754 1448 1805 memoratam
1504 1751 1741 1821 apostoli

158 1841 274 1894 Petri
297 1841 576 1913 epistolam
606 1843 678 1898 ad
706 1843 896 1898 locum
921 1842 1112 1898 afferri
1145 1844 1332 1915 ipsum
1359 1843 1454 1898 ubi
1478 1845 1738 1900 sacerdo-
1762 1823 1818 1896 B

160 1939 226 1986 tes
255 1935 387 1990 decet
425 1936 641 1992 audire.
671 1937 827 1991 Tunc
869 1937 1035 1991 allato
1074 1937 1218 1992 libro
1257 1937 1379 1992 hac
1422 1954 1493 1992 ex
1537 1938 1738 1993 eadem

159 2027 346 2097 epistola
368 2030 603 2084 recitata
631 2035 797 2085 sunt:
827 2051 854 2080 «
881 2030 1145 2086 Seniores
1166 2031 1398 2085 obsecro
1419 2032 1733 2099 consenior,

156 2121 326 2190 pascite
350 2124 438 2194 qui
461 2123 517 2178 in
543 2124 703 2178 vobis
722 2129 806 2178 est
837 2141 1070 2196 gregem
1096 2126 1215 2193 Dei,
1239 2125 1597 2195 providentes
1623 2143 1736 2179 non

155 2220 321 2286 coacte,
349 2217 438 2272 sed
473 2223 794 2290 spontanee
835 2220 1148 2274 secundum
1193 2219 1520 2286 Dominum,
1552 2236 1739 2291 neque

156 2309 300 2378 turpis
328 2311 458 2365 lucri
488 2313 693 2383 gratia,
724 2313 821 2367 sed
852 2313 1190 2383 voluntarie,
1219 2329 1406 2384 neque
1440 2313 1738 2368 dominan-

154 2405 220 2455 tes
241 2404 292 2456 in
317 2404 538 2472 clericis,
573 2406 675 2460 sed
701 2406 882 2460 forma
905 2407 1037 2460 facti
1068 2407 1231 2480 gregi
1259 2411 1315 2462 et
1341 2424 1406 2462 ex
1433 2407 1644 2476 animo,
1680 2413 1740 2462 ut

154 2511 255 2549 cum
278 2499 595 2568 apparuerit
625 2499 890 2572 princeps
938 2506 1235 2572 pastorum
1275 2500 1596 2572 percipiatis
1626 2501 1736 2556 im-

153 2591 542 2647 marcessibilem
575 2593 772 2664 gloria
798 2611 1085 2649 coronam.
1109 2617 1136 2645 ››
1161 2595 1256 2649 His
1274 2595 1522 2663 reiectis,
1540 2612 1740 2650 omnes

150 2683 354 2755 episcopi
398 2686 670 2741 dixerunt
699 2707 716 2742 :
760 2688 1014 2760 Cognitis
1069 2688 1154 2743 his
1207 2705 1332 2760 qua
1385 2706 1453 2745 ex
1499 2689 1740 2761 epistola

152 2774 270 2830 beati
291 2779 426 2832 Petri
453 2781 696 2852 apostoli
723 2787 856 2836 sunt
872 2782 1132 2850 recitata,
1155 2783 1570 2850 desideramus,
1585 2783 1740 2838 auxi-

150 2867 290 2925 liante
316 2873 404 2927 Dei
429 2875 638 2945 gratia,
674 2875 879 2929 divinis
908 2875 1138 2929 obedire
1180 2877 1494 2947 praeceptis,
1521 2881 1578 2931 et
1603 2894 1738 2947 apo-

152 2963 320 3020 stolica
341 2967 595 3038 epistola
623 2985 750 3040 qua
784 2968 947 3024 nobis
990 2969 1223 3023 recitata
1250 2973 1336 3024 est
1359 2970 1417 3023 in
1449 2969 1536 3024 his
1560 2971 1742 3024 omni-

150 3055 230 3110 bus
250 3058 549 3116 formulam
597 3061 826 3129 imitari,
853 3079 926 3117 ne
949 3049 1095 3118 forte
1133 3063 1194 3118 in
1220 3063 1503 3135 aliquibus
1532 3063 1742 3118 inordi-

152 3153 252 3205 nate
296 3154 652 3210 ambulantes
704 3155 892 3210 divino
921 3156 1090 3227 (quod
1140 3156 1305 3228 absit)
1337 3157 1554 3227 judicio
1602 3173 1737 3212 con-

151 3241 461 3318 demnemur,
496 3249 600 3303 sed
636 3253 962 3303 sanctorum
1006 3251 1239 3304 Patrum
1277 3249 1516 3321 vestigia
1553 3251 1740 3306 subse-

151 3343 343 3405 quentes
358 3341 413 3394 in
433 3341 696 3414 ipsorum
711 3343 908 3414 requie
930 3359 1257 3397 mereamur
1277 3359 1398 3398 esse
1419 3344 1738 3417 participes,

150 3432 193 3481 et
211 3430 717 3490 immarcessibilem
745 3436 897 3490 illam
942 3437 1141 3507 gloria
1184 3454 1471 3507 coronam,
1501 3455 1628 3509 qua
1659 3456 1742 3494 re-

150 3526 380 3591 promissa
421 3535 525 3600 est,
561 3546 698 3583 cum
742 3530 875 3600 ipsis
919 3531 1215 3602 percipere
1262 3547 1609 3587 mereamur.
1659 3533 1741 3587 Ob

151 3615 230 3671 hoc
246 3636 366 3692 ergo
391 3628 550 3678 tuam
581 3623 969 3693 simulpmnes
996 3625 1359 3696 deposcimus
1380 3625 1738 3696 charitatem,

149 3711 195 3762 ut
215 3710 298 3766 has
317 3729 508 3772 omnes
534 3733 737 3772 causas
770 3717 1006 3788 singulis
1032 3718 1294 3789 capitulis
1316 3718 1563 3773 breviter
1584 3736 1741 3774 com-

150 3805 432 3879 prehensas,
451 3813 543 3866 vel
566 3811 812 3881 qualiter
825 3812 1030 3884 corrigi
1051 3813 1312 3882 debeant,
1329 3813 1416 3867 his
1431 3814 1602 3885 gestis
1618 3815 1744 3868 sub-

148 3900 216 3951 ter
236 3908 504 3960 annectas.
533 3907 677 3970 Qua
703 3922 835 3961 cum
866 3906 1170 3961 studiosius
1195 3908 1406 3962 relecta
1431 3913 1488 3962 et
1515 3908 1574 3961 in
1601 3908 1745 3962 noti-

147 3990 255 4046 tiam
279 3998 526 4054 omnium
558 4004 824 4054 nostrum
861 4000 1150 4056 evidenter
1192 4001 1408 4057 fuerint
1450 4002 1741 4072 perducta,

148 4089 345 4160 propria
372 4093 773 4165 unusquisque
801 4111 974 4149 manu
1005 4111 1106 4165 pro
1129 4111 1326 4150 eorum
1353 4097 1746 4152 emendatione

149 4184 192 4233 et
219 4185 640 4242 confirmatione
670 4188 1008 4256 subscribat,
1029 4193 1094 4243 ut
1121 4205 1236 4244 non
1260 4191 1443 4244 solum
1469 4190 1633 4244 nobis
1648 4190 1746 4244 sed

149 4273 285 4332 etiam
331 4281 751 4337 successoribus
795 4283 1022 4350 nostris,
1053 4283 1174 4338 hac
1221 4284 1294 4338 ad
1340 4284 1752 4355 perfectionem.

151 4369 446 4443 episcopalis
477 4376 656 4431 officii
690 4376 918 4432 decreta
944 4377 1265 4448 proﬁciant.

202 4463 308 4520 CAP.
340 4470 378 4524 Ι.
408 4470 635 4526 Placuit
658 4471 921 4526 omnibus
953 4471 1231 4543 episcopis
1257 4475 1428 4544 atque
1461 4472 1744 4540 convenit,

1759 3199 1816 3274 C

1843 532 2090 585 ctionem
2118 531 2382 584 omnium
2409 531 2733 598 hominum,
2766 535 2822 586 et
2853 531 3007 586 diem
3047 531 3249 602 judicii
3278 533 3336 588 in
3364 551 3476 605 quo

1838 624 2227 696 unusquisque
2242 624 2556 678 secundum
2573 641 2743 695 opera
2755 642 2854 679 sua
2865 630 3200 697 recepturus
3218 626 3383 682 sit.Et
3394 627 3474 682 sic

1841 723 2036 789 postea
2050 717 2348 788 episcopus
2365 718 2432 772 de
2445 718 2677 772 ecclesia
2690 717 2784 771 illa
2799 719 3263 789 proﬁciscaturad
3274 721 3469 775 aliam.

1913 813 1972 866 II.
2004 811 2218 865 Placuit
2245 815 2304 865 ut
2333 811 2522 865 nullus
2556 812 2954 882 episcoporum
2982 830 3085 883 per
3112 830 3239 869 suas
3268 814 3470 870 dicace-

1839 921 1927 960 ses
1956 905 2254 959 ambulans
2280 908 2490 976 prater
2514 905 2789 960 honorem
2818 906 3100 961 cathedra
3130 924 3267 975 sua,
3286 909 3345 963 id
3367 914 3469 978 est,

1839 998 2042 1054 solidos
2064 999 2228 1068 duos,
2253 997 2464 1070 aliquid
2489 999 2640 1054 aliud
2670 1016 2771 1069 per
2787 999 3054 1054 ecclesias
3077 1001 3263 1070 tollat;
3288 1018 3472 1074 neque

1840 1093 2070 1148 tertiam
2113 1096 2337 1164 partem
2381 1110 2450 1147 ex
2482 1109 2825 1164 quacunque
2858 1093 3142 1148 oblatione
3190 1097 3386 1166 populi
3412 1096 3471 1150 in

1843 1187 2092 1242 ecclesiis
2124 1186 2551 1258 parochialibus
2577 1188 2859 1257 requirat;
2891 1188 2987 1242 sed
3007 1186 3120 1241 illic
3146 1189 3313 1242 tertia
3338 1207 3473 1260 pars

1841 1297 1945 1351 pro
1964 1280 2342 1334 luminaribus
2365 1281 2614 1334 ecclesia
2640 1280 2726 1333 vel
2747 1280 3173 1351 recuperatione
3195 1287 3470 1352 servetur,

1843 1379 1898 1429 et
1924 1391 2025 1444 per
2055 1374 2312 1445 singulos
2337 1390 2516 1428 annos
2545 1373 2810 1445 episcopo
2843 1373 2981 1427 inde
3012 1373 3157 1429 ratio
3187 1376 3305 1430 fiat.
3333 1377 3473 1432 Nam

1842 1467 1889 1521 si
1920 1467 2146 1522 tertiam
2176 1471 2400 1538 partem
2446 1467 2597 1521 illam
2631 1468 2927 1537 episcopus
2969 1468 3149 1536 tollat,
3182 1469 3378 1523 lumen
3420 1475 3474 1524 et

1841 1577 1997 1616 sacra
2029 1564 2177 1616 tecta
2201 1561 2436 1615 abstulit
2461 1560 2734 1616 ecclesia.
2764 1561 3038 1617 Similiter
3063 1566 3125 1616 ut
3173 1563 3472 1633 parochia-

1840 1654 1926 1708 les
1952 1654 2140 1708 clerici
2165 1655 2352 1709 servili
2385 1671 2543 1709 more
2575 1654 2633 1709 in
2663 1655 2945 1726 aliquibus
2973 1655 3243 1726 operibus
3263 1657 3476 1728 episco-

1843 1748 1930 1819 pis
1959 1748 2168 1803 servire
2194 1765 2308 1802 non
2341 1750 2642 1819 cogantur,
2678 1748 2808 1819 quia
2840 1748 3118 1819 scriptum
3143 1753 3259 1804 est:
3282 1751 3475 1823 Neque

1844 1841 1894 1896 vi
1923 1842 2288 1896 dominantes
2317 1842 2376 1896 in
2405 1843 2580 1896 clero.

1911 1937 1998 1989 lll.
2028 1935 2245 1989 Placuit
2271 1938 2336 1988 ut
2367 1935 2437 1989 de
2468 1934 2828 1989 ordinatione
2856 1934 3187 1990 clericorum
3219 1936 3475 2010 episc0pi

1836 2045 2074 2084 munera
2097 2029 2251 2084 nulla
2280 2028 2580 2100 accipiant,
2603 2028 2700 2082 sed
2728 2027 2873 2082 sicut
2897 2028 3174 2100 scriptum
3200 2036 3304 2098 est,
3320 2033 3474 2104 quod

1839 2124 2013 2193 gratis
2045 2123 2290 2176 donante
2323 2124 2439 2177 Deo
2485 2122 2790 2192 accipiunt,
2819 2122 2996 2192 gratis
3041 2123 3196 2179 dent.
3245 2126 3368 2180 Non
3413 2126 3474 2181 in

1836 2217 2026 2288 aliquo
2055 2217 2242 2287 pretio
2272 2215 2455 2286 gratia
2482 2216 2598 2284 Dei,
2634 2221 2691 2271 et
2732 2216 3018 2286 impositio
3065 2233 3346 2274 manuum
3374 2236 3472 2275 ve-

1840 2309 2160 2377 ntzndetur;
2214 2311 2346 2381 quia
2393 2310 2630 2380 antiqua
2675 2309 2931 2365 deﬁnitio
2984 2312 3240 2380 Patrum,
3277 2313 3354 2368 ita
3405 2314 3475 2370 de

1839 2404 2225 2458 ecclesiasticis
2280 2403 2733 2458 ordinationibus
2782 2405 2998 2471 statuit,
3030 2405 3223 2461 dicens
3268 2422 3280 2461 :
3326 2410 3474 2463 Ana-

1839 2498 2039 2552 thema
2084 2497 2156 2551 sit
2207 2497 2368 2552 danti
2410 2502 2469 2551 et
2508 2497 2828 2568 accipienti.
2873 2500 3180 2569 Propterea
3207 2499 3338 2571 quia
3373 2502 3472 2555 ali-

1838 2591 2037 2662 quanti
2067 2592 2263 2646 multis
2292 2591 2602 2646 sceleribus
2632 2591 2857 2646 obnoxii
2889 2598 3082 2647 sancto
3110 2592 3334 2664 indigni
3365 2596 3473 2649 mi-

1838 2684 2138 2740 nistrantes
2164 2684 2331 2740 altari
2363 2702 2479 2740 non
2513 2685 2621 2740 hoc
2664 2684 2996 2740 testimonio
3043 2685 3331 2742 bonorum
3377 2704 3472 2743 ac-

1841 2785 2022 2848 tuum,
2051 2779 2150 2834 sed
2197 2779 2520 2849 profusione
2568 2795 2878 2834 munerum
2928 2779 3208 2848 obtinent,
3254 2787 3477 2853 oportet

1843 2890 1980 2943 ergo
1997 2890 2112 2927 non
2132 2890 2240 2944 per
2264 2873 2510 2944 gratiam
2536 2890 2870 2942 munerum,
2901 2874 2998 2928 sed
3017 2890 3122 2946 per
3141 2874 3475 2946 diligentem

1843 2966 1996 3036 prius
2038 2965 2467 3035 discussionem,
2500 2967 2709 3021 deinde
2741 2983 2845 3037 per
2870 2968 3185 3022 multorum
3215 2969 3475 3024 testimo-

1842 3059 2006 3114 nium
2031 3061 2265 3115 clericos
2291 3060 2576 3116 ordinare.

1909 3155 1994 3209 IV.
2022 3154 2234 3208 Placuit
2259 3159 2322 3208 ut
2347 3154 2634 3209 modicum
2663 3154 2898 3209 balsami
2929 3155 3083 3225 quod
3107 3155 3476 3213 benedictum

1842 3263 1944 3318 pro
1978 3247 2248 3318 baptismi
2281 3253 2641 3303 sacramento
2687 3263 2789 3318 per
2827 3249 3091 3304 ecclesias
3122 3251 3312 3319 datur,
3344 3253 3479 3324 quia

1843 3358 1877 3395 a
1921 3341 2154 3412 singulis
2209 3341 2495 3396 tremisses
2549 3359 2654 3413 pro
2713 3342 2838 3412 ipso
2885 3342 3032 3414 exigi
3086 3344 3291 3412 solent,
3333 3346 3478 3402 nihil

1844 3434 2077 3489 ulterius
2107 3434 2370 3505 exigatur
2397 3452 2409 3488 :
2440 3451 2512 3489 ne
2545 3435 2693 3489 forte
2725 3436 2878 3506 quod
2903 3452 3008 3506 pro
3039 3437 3217 3491 salute
3248 3439 3475 3495 anima-

1843 3545 1973 3583 rum
2000 3545 2100 3600 per
2128 3529 2550 3583 invocationem
2595 3529 2773 3582 sancti
2817 3529 3060 3600 Spiritus
3096 3538 3476 3602 consecratur,

1843 3622 1986 3676 sicut
2038 3622 2234 3677 Simon
2298 3639 2501 3693 magus
2559 3623 2776 3676 donum
2837 3624 2934 3676 Dei
2999 3625 3241 3694 pecunia
3294 3627 3478 3682 voluit

1845 3732 2057 3785 emere,
2103 3716 2180 3770 ita
2232 3732 2334 3769 nos
2380 3715 2772 3770 venundantes
2829 3716 3224 3773 damnabiliter
3267 3737 3481 3776 venun-

1848 3810 2072 3865 demur.

1917 3906 1975 3959 V.
2025 3903 2240 3958 Placuit
2283 3906 2347 3958 ut
2401 3902 2664 3974 quotiens
2714 3902 2786 3957 ab
2839 3902 3028 3974 aliquo
3087 3905 3340 3961 ﬁdelium
3399 3909 3472 3963 ad

1845 3997 2261 4054 consecrandas
2322 3996 2580 4051 ecclesias
2643 3996 2890 4068 episc0pi
2961 3996 3292 4069 invitantur,
3361 4019 3479 4057 non

1845 4092 2008 4165 quasi
2037 4109 2101 4147 ex
2129 4088 2322 4144 debito
2351 4106 2562 4144 munus
2604 4090 2837 4161 aliquod
2865 4107 2897 4144 a
2935 4091 3239 4147 fundatore
3283 4097 3478 4166 requi-

1847 4189 1997 4254 rant,
2023 4186 2118 4240 sed
2145 4185 2190 4238 si
2218 4184 2336 4256 ipse
2361 4181 2599 4256 quidem
2628 4183 2845 4256 aliquid
2873 4201 2944 4239 ex
2970 4201 3072 4240 suo
3097 4191 3226 4242 voto
3255 4187 3477 4244 obtule-

1847 4282 1938 4350 rit,
1969 4297 2087 4335 non
2110 4282 2432 4350 respuatur.
2462 4278 2516 4334 Si
2546 4294 2679 4334 vero
2712 4283 2811 4333 aut
2839 4284 3142 4350 paupertas
3169 4281 3354 4352 illum,
3383 4289 3484 4339 aut

1847 4374 2152 4430 necessitas
2191 4373 2419 4440 retinet,
2457 4371 2600 4427 nihil
2647 4365 2909 4443 exigatur
2939 4373 3010 4427 ab
3054 4373 3170 4430 illo.
3218 4379 3483 4434 Attamen

1849 4468 2236 4540 unusquisque
2262 4467 2661 4538 episcoporum
2707 4463 3056 4533 meminerit,
3091 4473 3155 4522 ut
3178 4485 3297 4524 non
3326 4473 3482 4540 prius

147 4561 197 4610 ut
215 4575 302 4629 per
336 4561 598 4636 singulas
639 4565 896 4620 ecclesias
936 4565 1207 4638 episcopi,
1238 4572 1294 4622 et
1339 4583 1443 4638 per
1483 4566 1826 4643 dioecesesD
1850 4561 2071 4616 dedicet
2100 4560 2414 4627 ecclesiam,
2444 4559 2553 4613 nisi
2582 4563 2746 4614 antea
2790 4559 2986 4614 dotem
3030 4559 3280 4616 basilica
3307 4569 3366 4617 et
3389 4565 3484 4619 ob-

149 4651 469 4713 ambulantes
517 4659 778 4730 primum
833 4659 1138 4715 discutiant
1181 4660 1428 4731 clericos,
1464 4660 1750 4733 quomodo

149 4746 370 4804 ordinem
420 4752 697 4820 baptismi
745 4758 996 4824 teneant,
1026 4755 1112 4810 vel
1157 4755 1461 4810 missarum
1509 4754 1753 4826 qualiter

149 4837 302 4897 officia
328 4844 385 4900 in
417 4847 657 4902 ecclesia
681 4851 973 4919 peragant,
1003 4853 1060 4904 et
1085 4848 1130 4902 si
1159 4853 1313 4903 recte
1343 4849 1576 4920 quidem
1603 4848 1754 4902 inve-

151 4935 332 5004 nerint,
357 4940 474 4995 Deo
502 4941 742 5012 gratias,
772 4941 862 4996 sin
889 4947 1082 4998 autem
1111 4943 1371 5012 minime,
1401 4943 1607 4998 docere
1652 4942 1750 4996 de-

149 5021 262 5083 bent
286 5030 534 5103 ignaros.
571 5036 641 5088 Et
664 5035 771 5089 hoc
794 5035 979 5090 modis
1001 5036 1269 5091 omnibus
1293 5035 1583 5107 praecipita
1610 5035 1756 5090 sicut

151 5122 338 5194 antiqui
363 5145 616 5184 canones
633 5128 860 5199 jubent,
882 5135 944 5185 ut
969 5135 1099 5185 ante
1120 5130 1242 5186 dies
1265 5128 1467 5200 viginti
1490 5129 1753 5200 baptismi

151 5213 204 5267 ad
226 5221 617 5292 purgationem
648 5223 942 5278 exorcismi
967 5227 1309 5279 concurrant
1343 5223 1752 5292 catechumeni,

151 5305 198 5360 in
218 5313 409 5380 quibus
437 5316 644 5388 viginti
673 5317 872 5372 diebus
895 5333 1095 5372 omnes
1117 5317 1509 5374 catechumeni
1536 5317 1759 5388 symbo-

151 5399 245 5457 lum
269 5408 413 5478 quod
442 5414 529 5466 est
561 5427 574 5464 :
604 5410 785 5466 Credo
816 5411 875 5466 in
901 5413 1080 5466 Deum
1125 5413 1350 5467 Patrem
1389 5411 1754 5482 omnipoten-

149 5499 264 5566 tem,
291 5505 610 5573 specialiter
631 5505 963 5566 doceantur.
992 5507 1301 5578 Postquam
1324 5523 1463 5578 ergo
1491 5507 1611 5560 hac
1642 5505 1758 5560 suis

150 5588 337 5650 clericis
365 5595 757 5668 discusserint,
788 5602 876 5655 vel
901 5601 1206 5656 docuerint
1233 5600 1503 5672 episcopi,
1535 5599 1649 5654 alia
1669 5599 1758 5654 die

151 5695 428 5746 convocata
457 5692 626 5764 plebe
655 5694 828 5765 ipsius
860 5695 1110 5750 ecclesia
1146 5695 1386 5750 doceant
1411 5694 1555 5761 illos,
1586 5698 1649 5748 ut
1677 5708 1761 5748 er-

152 5791 286 5836 rores
311 5783 538 5856 fugiant
565 5786 859 5858 idolorum,
887 5789 976 5844 vel
1015 5789 1239 5844 diversa
1277 5787 1540 5854 crimina,
1568 5786 1628 5841 id
1654 5791 1758 5855 est,

155 5870 899 5950 homicidium,adulterium,
923 5882 1262 5956 perjurium,
1281 5882 1490 5938 falsum
1513 5880 1764 5936 testimo-

159 5966 315 6035 nium,
338 5976 392 6026 et
417 5973 638 6044 reliqua
666 5981 898 6049 peccata
924 5977 1240 6044 mortifera,
1276 5982 1332 6031 et
1369 5975 1524 6049 quod
1560 5975 1764 6030 nolunt

1851 4655 2114 4725 sequium
2143 4653 2318 4725 ipsius
2347 4669 2452 4724 per
2478 4652 2845 4707 donationem
2881 4652 3154 4708 chartula
3183 4655 3482 4713 conﬁrma-

1853 4752 1976 4803 tum
2001 4746 2260 4819 accipiat.
2293 4746 2437 4801 Nam
2467 4762 2578 4800 non
2605 4744 2744 4801 levis
2782 4748 2868 4800 est
2910 4745 3016 4802 ista
3041 4749 3331 4806 temeritas
3360 4753 3483 4813 sine

1851 4842 2243 4909 luminaribus,
2274 4840 2362 4895 vel
2388 4839 2507 4894 sine
2551 4838 2908 4894 substantiali
2957 4843 3366 4900 sustentatione
3396 4864 3485 4902 eo-

1853 4953 1986 4992 rum
2035 4935 2136 5006 qui
2180 4934 2390 4988 ibidem
2441 4932 2704 4988 servituri
2750 4937 2902 5001 sunt,
2951 4936 3226 5007 tanquam
3278 4938 3486 4995 domus

1854 5031 2078 5103 privata
2102 5030 2461 5084 consecretur
2488 5026 2738 5082 ecclesia.

1925 5126 2013 5180 VI.
2042 5119 2258 5179 Placuit
2299 5118 2345 5176 si
2375 5121 2501 5193 quis
2538 5120 2831 5176 basilicam
2873 5139 2990 5178 non
3036 5140 3141 5194 pro
3186 5125 3486 5184 devotione

1857 5217 2011 5286 fidei,
2041 5218 2136 5272 sed
2180 5233 2284 5290 pro
2316 5219 2536 5288 quastu
2580 5215 2902 5286 cupiditatis
2945 5217 3204 5287 adificat,
3238 5226 3300 5276 ut
3329 5223 3491 5292 quid-

1857 5313 1992 5385 quid
2016 5311 2089 5366 ibi
2119 5311 2190 5365 de
2211 5309 2499 5365 oblatione
2530 5308 2724 5380 populi
2755 5309 3060 5382 colligitur,
3081 5312 3336 5366 medium
3357 5330 3487 5370 cum

1858 5404 2080 5462 clericis
2133 5404 2373 5472 dividat,
2414 5421 2480 5458 eo
2529 5403 2685 5474 quod
2739 5403 3028 5458 basilicam
3084 5405 3144 5458 in
3196 5409 3345 5459 terra
3387 5422 3488 5463 sua

1861 5506 2108 5574 quastus
2148 5515 2316 5553 causa
2360 5496 2700 5564 condiderit,
2730 5497 2884 5568 quod
2929 5496 2989 5550 in
3029 5496 3308 5567 aliquibus
3353 5501 3488 5556 locis

1859 5612 2039 5667 usque
2072 5593 2242 5648 modo
2268 5591 2473 5646 dicitur
2500 5589 2642 5645 ﬁeri.
2669 5592 2784 5644 Hoc
2811 5606 2949 5660 ergo
2981 5589 3048 5644 de
3073 5594 3278 5644 catero
3297 5593 3489 5650 obser-

1861 5690 1977 5743 vari
2005 5686 2194 5754 debet,
2226 5689 2290 5740 ut
2317 5685 2507 5740 nullus
2535 5683 2933 5754 episcoporum
2965 5685 3084 5736 tam
3117 5683 3488 5744 abominabili

1861 5788 1990 5838 voto
2016 5780 2347 5846 consentiat,
2375 5795 2482 5833 nec
2507 5777 2796 5832 basilicam
2823 5791 2952 5846 qua
2993 5792 3240 5849 nonvpro
3264 5788 3487 5838 sancto-

1861 5893 1992 5933 rum
2017 5873 2358 5948 patrocinio,
2377 5872 2479 5928 sed
2503 5869 2684 5942 magis
2701 5868 2806 5924 sub
2831 5868 3136 5930 tributaria
3164 5873 3489 5938 conditione

1865 5977 1949 6028 est
1970 5969 2218 6036 condita,
2253 5966 2504 6022 audeant
2527 5979 2884 6022 consecrare.
