3946 6180
480 333 580 386 575
975 331 982 337 ’
1358 321 1641 380 ΑΡΡΕΝῘ).
1681 317 1771 379 AD
1809 323 1973 380 SEC.
2015 317 2103 379 IX;
2135 351 2202 362 —
2243 313 2492 378 ISlDOBl
2531 313 2957 378 MERCATORIS
3662 321 3737 380 5‘16

550 439 659 493 νη.
680 436 892 491 Placuit
913 439 971 488 ut
991 431 1382 503 unusquisque
1405 432 1703 504 episcopus
1722 447 1826 504 per
1845 430 2113 487 ecclesias
2135 442 2194 516 Α
2215 447 2399 503 nuper
2419 429 2644 500 erroris,
2667 432 2768 484 aut
2785 430 2939 484 certe
2960 417 3031 481 ex
3045 421 3246 481 veteris
3266 423 3582 482 Priscilliana
3602 428 3743 486 adhuc

480 548 604 587 suas
632 530 738 584 hoc
771 527 1077 600 praecipiat,
1101 530 1166 581 ut
1205 526 1265 581 hi
1297 528 1394 598 qui
1434 526 1684 581 infantes
1727 542 1856 580 suos
1892 526 1962 581 ad
2011 525 2110 579 ba-
2213 525 2446 580 haeresis
2475 525 2651 580 fetore
2679 525 2947 594 corrupto
2980 519 3345 593 cognovimus
3385 521 3622 592 quosdam
3653 539 3748 595 pre-

477 625 751 698 ptismum
786 621 1053 689 offerunt,
1086 621 1131 674 si
1157 621 1292 692 quid
1320 621 1634 675 voluntarie
1680 636 1781 691 pro
1825 636 1930 674 suo
1975 619 2113 672 offe-
2212 620 2466 690 sbyteros
2493 620 2552 674 in
2583 618 2754 688 hujus
2801 613 3264 687 prasumptionis
3311 613 3520 670 audacia
3548 615 3746 685 retineri,

478 725 613 774 runt
639 719 792 784 voto,
827 714 1165 786 suscipiatur
1195 714 1266 768 ab
1297 713 1397 768 eis.
1428 713 1488 768 Si
1514 729 1648 768 vero
1677 729 1779 785 per
1817 712 2116 767 necessita-
2212 723 2276 772 ut
2302 718 2501 772 missas
2529 719 2885 771 mortuorum
2925 714 3099 769 etiam
3127 716 3252 785 post
3281 717 3549 785 acceptum
3572 729 3750 769 merum

479 818 593 867 tem
623 808 977 882 paupertatis
1000 807 1217 880 aliquid
1263 824 1377 862 non
1418 807 1630 862 habent
1659 807 1814 878 quod
1846 806 2112 873 offerant,
2214 813 2299 866 vel
2330 811 2678 866 oblationem
2717 810 2839 864 ausi
2873 811 3006 864 sunt
3049 823 3373 864 consecrare
3405 824 3418 861 :
3446 807 3648 880 ideoque
3671 809 3752 863 hoc

481 905 701 959 nullum
730 902 809 956 illi
836 901 1045 974 pignus
1070 901 1348 956 violenter
1377 901 1611 955 tollatur
1635 917 1666 954 a
1703 900 1942 954 clericis.
1975 899 2113 953 Nam
2214 905 2462 977 prmﬁxae
2489 903 2764 960 evidentis
2790 901 3090 959 sententia
3135 900 3503 957 admonitione
3535 905 3752 971 servetur,

475 998 644 1054 multi
688 1013 965 1069 pauperes
995 996 1103 1050 hoc
1132 995 1400 1050 timentes
1447 995 1597 1048 ﬁlios
1637 1011 1669 1048 a
1717 993 1999 1064 baptismo
2030 1009 2114 1047 re-
2215 1003 2278 1053 ut
2303 999 2346 1053 si
2374 999 2498 1071 quis
2525 999 2824 1070 presbyter
2850 1000 2980 1070 post
3004 997 3113 1052 hoc
3141 995 3382 1051 edictum
3417 999 3640 1051 nostrum
3661 1011 3753 1049 am-

477 1093 731 1159 trahunt,
764 1090 862 1162 qui
889 1089 1032 1144 forte
1061 1088 1348 1143 differunt.
1381 1088 1437 1143 Si
1469 1088 1588 1142 sine
1627 1088 1806 1158 gratia
1849 1087 2113 1158 baptismi
2213 1093 2363 1165 plius
2387 1093 2445 1147 in
2476 1094 2579 1148 hac
2606 1093 2834 1147 vesania
2861 1091 3034 1146 fuerit
3055 1089 3452 1162 deprehensus,
3475 1089 3571 1144 hoc
3592 1094 3759 1144 estnon

481 1187 550 1240 de
578 1187 686 1240 hac
711 1185 824 1240 vita
855 1182 1212 1250 recesserint,
1238 1198 1464 1238 necesse
1509 1184 1595 1234 est
1638 1185 1703 1236 ut
1741 1181 1812 1235 ab
1861 1181 1970 1234 illis
2014 1197 2110 1236 eo-
2205 1188 2454 1259 jejunus,
2479 1187 2578 1241 sed
2606 1203 2946 1258 quocunque
2973 1185 3098 1240 cibo
3125 1187 3458 1256 prasumpto
3482 1183 3759 1237 oblationem

480 1296 609 1335 rum
629 1277 872 1350 perditio
893 1277 1236 1349 requiratur,
1255 1292 1500 1347 quorum
1521 1274 1699 1345 spolia
1719 1275 2115 1345 pertimescen-
2213 1281 2625 1336 consecraverit
2656 1281 2712 1335 in
2757 1279 2939 1349 altari,
2970 1278 3241 1334 continuo
3280 1276 3348 1332 ab
3381 1276 3548 1332 officio
3572 1293 3655 1331 suo
3679 1275 3762 1347 prio

479 1380 561 1429 tes
588 1391 622 1428 ὃ
649 1370 912 1444 baptismi
947 1370 1135 1442 gratia
1167 1386 1225 1425 Se
1252 1373 1630 1424 Petro-xerunt-
2211 1379 2372 1430 vatus
2403 1392 2435 1429 a
2462 1375 2694 1446 proprio
2727 1374 3050 1446 deponatur
3090 1372 3368 1444 episcopo.
3396 1370 3483 1425 His
3511 1370 3578 1425 ita
3614 1370 3761 1440 gestis,

553 1469 686 1522 VIII.
736 1465 948 1520 Placuit
997 1470 1057 1518 ut
1105 1465 1149 1518 si
1199 1464 1324 1535 quis
1371 1463 1619 1534 aliquem
1669 1461 1997 1516 clericorum
2053 1463 2112 1516 in
2213 1469 2428 1542 placuit
2452 1469 2716 1523 omnibus
2745 1485 2849 1540 pro
2876 1467 3268 1522 conﬁrmanda
3312 1466 3504 1520 horum
3527 1464 3764 1518 observan-

479 1560 840 1616 accusatione
884 1557 1278 1613 fornicationis
1327 1557 1573 1628 impetit,
1606 1557 1923 1610 secundum
1976 1571 2114 1627 pra-
2213 1565 2289 1618 tia
2335 1579 2806 1635 unumquemque
2860 1561 3097 1634 propria
3145 1577 3318 1615 manu
3367 1557 3673 1612 subscribere
3715 1573 3762 1610 eo

479 1659 708 1726 ceptum
733 1653 888 1708 Pauli
915 1653 1153 1723 apostoli
1182 1651 1294 1705 duo
1325 1651 1413 1705 vel
1444 1649 1551 1705 tria
1579 1650 1905 1704 testimonia
1932 1651 2116 1722 requi-
2212 1658 2555 1729 placitorum
2583 1658 2751 1723 facto,
2779 1661 2844 1711 ut
2863 1656 2911 1709 si
2934 1655 3061 1727 quis
3088 1671 3288 1709 eorum
3333 1652 3669 1724 capitulorum
3688 1653 3765 1704 ter-

481 1754 683 1804 rantur
710 1747 780 1802 ab
810 1747 925 1801 illo-
961 1746 1124 1810 Quod
1152 1745 1198 1799 Si
1231 1745 1347 1799 non
1374 1744 1646 1817 potuerit,
1677 1743 1823 1798 datis
1854 1744 2109 1798 testimo-
2133 1819 2175 1822 _
2211 1751 2434 1806 minum
2476 1756 2860 1822 transgressus
2901 1747 2974 1802 ad
3017 1747 3362 1802 inordinatas
3403 1744 3767 1800 consuetudines

478 1843 607 1910 niis,
635 1840 937 1914 approbari
968 1839 1124 1910 quod
1156 1839 1318 1909 dixit,
1342 1837 1998 1894 excommunicationem
2025 1855 2113 1892 ac-
2133 1819 2189 1890 B
2213 1845 2420 1900 reverti
2464 1843 2724 1911 voluerit,
2772 1842 2944 1897 totius
2994 1841 3216 1896 concilii
3268 1835 3769 1896 excommunicationc

482 1935 660 1990 cusati
690 1937 983 1990 accusator
1005 1933 1260 2003 accipiat.

2211 1944 2520 2010 correptus,
2549 1936 2902 1992 verissimam
2943 1936 3049 1991 sibi
3102 1936 3170 1991 de
3210 1934 3295 1988 sui
3340 1932 3541 1988 ordinis
3589 1931 3769 1985 inclina-

551 2031 636 2087 ΙΧ.
670 2029 884 2084 PlaCUit
927 2033 989 2082 ut
1034 2027 1364 2098 priusquam
1415 2027 1606 2080 omnia
1647 2027 1704 2080 in
1748 2026 1988 2081 CODCiliO
2021 2042 2110 2079 83-
2211 2033 2362 2088 tione
2393 2032 2611 2087 noverit
2638 2032 2944 2086 imminere
2974 2029 3342 2086 sententiam.
3385 2027 3627 2083 Martinus
3647 2025 3769 2078 Brac-

479 2123 775 2180 cerdotum
807 2121 1022 2176 fuerint
1048 2119 1332 2184 ordinata,
1364 2119 1506 2172 illud
1555 2120 1890 2174 observetur
1920 2123 1983 2172 ut
2016 2135 2108 2172 su-
2211 2127 2456 2182 cci-ensis
2476 2125 2936 2196 metropolitana
2963 2123 3213 2179 ecclesia
3243 2121 3528 2194 episcopus
3552 2119 3627 2174 his
3643 2117 3772 2189 gestis

480 2221 885 2290 perventurum
939 2214 1116 2285 ipSillS
1161 2213 1295 2266 anni
1326 2213 1533 2266 Pasoha
1579 2229 1693 2284 quo
1733 2213 2111 2267 Kalendarum
2211 2220 2534 2291 subscripsi.
2569 2218 2816 2274 Hemisol
2848 2217 3106 2272 Besensis
3145 2217 3398 2271 ecclesia
3427 2214 3684 2286 episcopus
3711 2209 3775 2266 his

483 2312 572 2365 die
598 2310 686 2364 vel
717 2311 889 2380 quota
929 2308 1064 2360 luna
1109 2306 1280 2360 debet
1321 2305 1550 2376 suscipi,
1585 2323 1618 2358 a
1670 2305 2041 2376 metropolitai

2215 2315 2383 2385 gestis
2411 2313 2736 2384 subscripsi.
2762 2312 3066 2367 Lucentius
3093 2308 3562 2381 Conimbrigensis
3580 2305 3773 2361 ecclesia:

483 2405 748 2476 episcopo
776 2389 1090 2467 nuntietur,
1123 2399 1275 2471 quod
1304 2400 1494 2454 εξεῐθνὶ
1523 2399 1790 2470 episcopi,
1819 2401 1904 2454 νει
1931 2401 2111 2454 οὶθΐυε
2213 2409 2511 2479 episcopus
2536 2407 2624 2460 lllS
2656 2407 2832 2477 gestis
2859 2404 3185 2477 subscripsi.
3219 2403 3486 2458 Adoricus
3510 2403 3699 2456 Getana
3716 2414 3779 2452 ec-

483 2499 736 2568 re“(Iulis
765 2495 1054 2550 breViClllO
1081 2493 1464 2560 διιδηοίεῐηθδ,
1499 2495 1891 2565 unusquisque
1923 2494 1981 2547 in
2012 2509 2112 2547 sua
2211 2501 2392 2556 clesia
2419 2501 2717 2572 episcopus
2769 2499 2855 2554 his
2898 2499 3070 2570 gestis
3099 2498 3224 2554 sub.
3255 2496 3596 2553 Sardinarius
3620 2495 3776 2548 Lamu-

483 2591 714 2650 ecclesia
743 2589 1078 2645 adveniente
1125 2587 1326 2643 natalis
1357 2587 1581 2644 Domini
1611 2588 1724 2655 die,
1757 2592 1977 2642 astante
2006 2605 2041 2660 p

2221 2595 2394 2650 censis
2407 2594 2657 2649 ecclesia
2675 2593 2973 2665 episcOpus
2988 2593 3074 2648 his
3097 2591 3272 2663 gestis
3285 2591 3406 2646 sub.
3421 2590 3597 2644 Viator
3609 2588 3779 2657 Magna-

480 2688 634 2758 pulo,
665 2688 793 2757 post
818 2684 1120 2740 lectionem
1146 2682 1544 2753 Evangelicam
1579 2681 1835 2748 nuntiet;
1866 2681 1923 2736 in
1951 2681 2038 2751 cuj

2221 2688 2384 2745 tensis
2428 2688 2678 2744 ecclesia
2726 2687 3028 2758 episcopus
3067 2687 3153 2742 his
3199 2685 3376 2757 gestis
3413 2683 3529 2738 sub.
3568 2677 3779 2750 Aliligitis

479 2779 763 2853 principio
793 2777 1194 2833 convenientes
1215 2777 1273 2830 in
1297 2792 1479 2830 unum
1505 2775 1703 2829 ViCimB
1728 2775 1980 2829 ecolesia‘i
2009 2791 2112 2846 per
2210 2781 2477 2837 Lucensis
2495 2781 2970 2852 metropolitanus
2987 2780 3236 2836 ecclesia
3259 2779 3541 2851 episcopus
3561 2774 3634 2831 liis
3650 2771 3782 2845 gestis

481 2873 734 2928 triduum
761 2888 892 2926 cum
921 2869 1178 2941 psalmis,
1211 2886 1314 2940 per
1343 2873 1674 2923 sanctorum
1701 2868 1964 2922 basilicas
1994 2885 2112 2922 am-
2210 2875 2336 2930 sub,
2370 2875 2626 2928 Andreas
2655 2875 2919 2928 Herensis
2942 2873 3198 2928 ecclesia
3227 2873 3522 2945 episcopus
3549 2871 3624 2924 liis
3651 2865 3782 2939 gestis

482 2966 743 3022 bulantes
787 2964 1078 3018 celebrent
1113 2962 1360 3015 litanias.
1391 2961 1577 3015 Tertio
1609 2964 1803 3015 autem
1829 2961 1939 3030 die,
1971 2961 2112 3016 cele-
2211 2967 2510 3022 sub.Anila
2529 2966 2802 3022 Tudensis
2833 2967 3086 3022 ecclesia
3112 2966 3412 3039 episcOpus
3430 2965 3515 3020 his
3531 2958 3784 3036 gestissub-

483 3059 661 3114 bratis
681 3058 825 3112 hora
857 3073 1008 3111 nona
1031 3055 1144 3109 sive
1165 3053 1380 3109 decima
1411 3053 1616 3122 missis,
1646 3054 1876 3109 dimisso
1899 3055 2111 3126 populo
2212 3061 2428 3133 scripsi.
2458 3061 2730 3116 Pulensus
2757 3059 3128 3116 Asturicensis
3155 3060 3404 3116 ecclesia
3440 3059 3701 3130 episcopus
3719 3051 3783 3106 his

482 3151 816 3226 pracipiant
857 3148 1316 3220 Quadragesima
1352 3147 1589 3218 jejuniis
1637 3148 1867 3215 servire,
1898 3154 1954 3204 et
1984 3166 2040 3203 m

492 3243 1135 3266 j!-_1_n_--J___-_:_-
1180 3259 1243 3266 -.-
1284 3241 1482 3266 ..ε..ε..ι;
1523 3241 1715 3266 “Ii-1..--
1747 3242 2040 3266 L.._l.:_-_.l

2226 3155 2384 3226 gestis
2405 3155 2529 3209 sub.
2554 3155 2747 3209 Mailoc
2770 3155 3135 3209 Brittinorum
3165 3155 3418 3210 ecclesia
3439 3152 3704 3226 episcopus
3718 3145 3784 3201 his

483 3247 679 3302 (“ante
695 3243 1142 3315 QuodPaSBSima
1177 3259 1244 3296 ex
1284 3241 1488 3313 viginti
1519 3241 1718 3296 diebus
1745 3242 2110 3314 baptizandos
2131 3241 2184 3266 υ
2211 3248 2382 3320 gestis
2423 3248 2548 3303 sub.
2583 3248 2854 3303 Victimer
2905 3247 3198 3303 Auriensis
3245 3249 3494 3304 ecclesia
3541 3245 3784 3316 episcOpus

484 3340 730 3396 infantes
757 3339 829 3393 ad
860 3336 1157 3392 exorcismi
1186 3335 1589 3408 purgationem
1629 3335 1859 3392 oﬂ‘erre.
2211 3341 2539 3414 subscripsi.

555 3433 604 3506 1
621 3432 737 3505 41
772 3433 833 3487 Χ.
851 3430 1082 3498 Placuit,
1099 3433 1166 3484 ut
1185 3430 1320 3502 quia
1341 3446 1441 3502 per
1455 3430 1750 3485 stultitiam
1778 3431 2108 3503 prasumpti

605 3669 894 3736 INCIPIT
973 3667 1392 3734 PREFATIO
1465 3669 1744 3734 SANCTI
1825 3669 2163 3737 MARTINI
2236 3672 2830 3740 BRACCARENSIS
2912 3675 3271 3740 EPISCOPI
3350 3674 3431 3740 IN
3496 3668 3700 3738 LIBRO

1067 3767 1632 3833 CAPITULORUM
1675 3769 1776 3834 EX
1821 3770 2277 3838 GRECORUM
2320 3773 2651 3838 SYNODIS
2695 3773 3288 3840 COLLECTORUM.

554 3909 796 3967 Domino
846 3922 978 3965 meo
1009 3907 1333 3964 beatissimo
1371 3911 1546 3980 atque
1588 3909 1911 3982 apostolica
1956 3911 2116 3967 Sedis
2216 3917 2298 3968 tes
2323 3913 2503 3968 multa
2529 3911 2989 3985 pratermittant,
3018 3917 3075 3969 et
3100 3919 3413 3986 propterea
3439 3911 3499 3967 in
3525 3907 3648 3982 ipsis
3671 3917 3796 3960 cano-

481 4007 702 4062 honore
717 4002 1072 4075 suscipiendo
1087 4001 1148 4056 in
1165 4002 1560 4058 Christofratri
1577 4004 1804 4074 Nigesio
1828 4005 2112 4076 episcopo,
2216 4005 2385 4060 nibus
2415 4006 2612 4078 aliqua
2640 4005 3070 4078 simplicioribus
3094 4006 3408 4062 videantur
3432 4005 3678 4060 obscura:
3696 3996 3793 4051 ideo

481 4099 570 4154 vel
617 4098 883 4154 universo
924 4095 1171 4151 Concilio
1213 4095 1480 4152 Lucensis
1524 4097 1773 4152 ecclesia
1818 4097 2116 4168 episcopus
2214 4099 2400 4154 visum
2433 4105 2518 4156 est
2545 4104 2608 4155 ut
2637 4115 2767 4155 cum
2794 4099 2954 4156 omni
2979 4099 3300 4173 diligentia,
3323 4103 3382 4156 et
3409 4115 3534 4173 qua
3549 4111 3641 4170 per
3658 4098 3798 4148 trans-

483 4192 774 4248 Martinus.
805 4193 1064 4248 Canones
1090 4189 1190 4260 qui
1216 4189 1276 4244 in
1300 4189 1559 4260 partibus
1602 4189 1838 4244 orientis
1863 4190 1933 4244 ab
1965 4191 2112 4245 anti-
2215 4193 2424 4249 latores
2449 4193 2742 4251 obscurius
2767 4194 2916 4250 dicta
2940 4199 3093 4264 sunt,
3112 4198 3170 4250 et
3195 4210 3262 4250 ea
3288 4211 3418 4268 qua
3437 4209 3535 4266 per
3553 4188 3797 4260 scriptores

484 4286 612 4358 quis
652 4283 911 4340 Patribus
947 4281 1236 4338 constituti
1262 4285 1413 4336 sunt.
1441 4285 1631 4338 Graco
1663 4283 1817 4353 prius
1850 4298 2116 4340 sermone
2217 4288 2664 4345 suntimmutata
2680 4288 2990 4360 simplicius
3003 4292 3061 4344 et
3079 4289 3436 4345 emendatius
3452 4291 3796 4343 restaurarent,

483 4376 785 4449 conscripti
810 4378 960 4444 sunt,
989 4378 1187 4447 postea
1203 4377 1398 4430 autem
1427 4376 1750 4432 succedenti
1779 4381 2034 4450 tempore
2055 4379 2115 4434 in
2215 4379 2273 4436 id
2299 4382 2556 4452 primum
2584 4383 2915 4453 observans,
2947 4387 3010 4438 ut
3036 4383 3131 4438 illa
3155 4399 3286 4454 qua
3317 4383 3392 4438 ad
3419 4381 3709 4454 episcopos,
3731 4368 3797 4424 vel

485 4470 745 4529 Latinam
777 4471 1037 4542 linguam
1056 4469 1314 4525 translati
1340 4472 1489 4550 sunt.
1518 4471 1586 4524 Et
1605 4471 1738 4542 quia
1763 4471 1988 4527 difﬁcile
2011 4477 2113 4540 est,
2216 4475 2544 4531 universum
2574 4476 2786 4533 clerum
2812 4476 3102 4548 pertinent
3125 4493 3236 4532 una
3265 4477 3327 4532 in
3352 4479 3515 4549 parte
3534 4467 3801 4538 conscripto

488 4570 552 4622 ut
574 4563 884 4639 simplicius
911 4563 1128 4636 aliquid
1153 4579 1222 4618 ex
1248 4562 1358 4618 alia
1400 4562 1595 4635 lingua
1639 4566 2015 4621 transferatur
2058 4567 2115 4621 in
2138 4611 2194 4643 η
2217 4567 2350 4637 sint,
2375 4569 2640 4624 similiter
2663 4575 2720 4626 et
2746 4587 2875 4642 qua
2906 4571 2978 4625 ad
3009 4570 3178 4625 Iaicos
3206 4571 3502 4643 pertinent
3532 4564 3680 4623 simul
3714 4558 3800 4614 sint

487 4611 1070 4732 aliamfsimulquejet
1099 4657 1238 4713 illud
1263 4611 1581 4726 acciditfut
1606 4659 1663 4713 in
1694 4659 1866 4714 tantis
1895 4665 2114 4732 tempo-
2135 4611 2194 4684 D
2217 4611 2482 4730 adunata,
2513 4667 2576 4718 ut
2607 4662 2679 4717 de
2710 4611 2824 4735 qlia
2869 4663 3114 4736 capitqu
3162 4611 3306 4720 sclire
3355 4662 3558 4736 aliquis
3585 4652 3799 4715 voluerit.

484 4755 641 4811 ribus
661 4754 964 4826 scriptores
989 4757 1090 4809 aut
1107 4769 1223 4808 non
1245 4752 1654 4824 intelligentes,
1673 4759 1772 4809 aut
1798 4753 2114 4810 dormitan-
2218 4755 2394 4826 possit
2421 4756 2656 4812 celerius
2689 4757 2963 4813 invenire.

565 4934 615 4986 1.
649 4931 726 4985 De
749 4928 1024 4984 electione
1061 4926 1332 5000 episcopi.
2296 4932 2380 4985 10.
2411 4931 2486 4985 De
2515 4930 2778 5003 episcopo
2804 4947 2907 5004 per
2936 4931 3334 4988 necessitatem
3358 4934 3614 4988 vacante.

560 5027 614 5079 2.
649 5024 730 5078 De
758 5021 1121 5078 ordinatione
1158 5021 1434 5094 episcopi.
2296 5028 2381 5082 11.
2410 5025 2488 5079 De
2511 5029 2902 5096 contemptore
2925 5025 3210 5099 episcopo.

561 5121 613 5173 3.
643 5118 722 5172 De
753 5116 1070 5172 evacuanda
1098 5114 1464 5171 ordinatione
1493 5131 1620 5188 qua
1643 5115 1876 5172 absente
1903 5120 2116 5172 metro-
2297 5121 2380 5173 l2.
2409 5119 2486 5172 De
2518 5118 2789 5174 seditiose
2815 5119 3101 5192 episcopo.

487 5211 746 5286 politano
771 5209 946 5266 fuerit
969 5210 1139 5265 facta.
2297 5215 2382 5268 13.
2411 5213 2492 5268 De
2519 5211 2837 5268 senioribus
2855 5212 3074 5284 judicii.

556 5307 611 5362 4.
642 5305 720 5362 De
747 5303 1002 5376 primatu
1036 5301 1477 5374 metropolitani.
2297 5307 2381 5361 14.
2415 5307 2494 5361 De
2521 5307 2772 5378 episcopi
2809 5307 3254 5380 praesumptione
3278 5306 3340 5362 in
3373 5306 3545 5362 rebus
3576 5295 3804 5360 ecclesia.

557 5405 610 5456 5.
639 5401 718 5455 De
745 5415 813 5453 eo
839 5396 939 5469 qui
965 5412 1068 5468 per
1090 5395 1465 5451 ambitionem
1505 5395 1577 5450 de
1603 5395 1864 5452 inferiori
1898 5395 2122 5452 civitate
2299 5404 2384 5455 l5.
2417 5401 2492 5455 De
2522 5399 2690 5456 rebus
2718 5400 3107 5456 ecclesiasticis
3137 5399 3547 5472 gubernandis.

487 5494 558 5549 ad
588 5493 870 5565 majorem
909 5489 1150 5546 transire
1179 5489 1443 5545 voluerit.
2296 5496 2380 5548 16.
2409 5493 2485 5549 De
2512 5493 2680 5548 rebus
2707 5493 2957 5549 ecclesia
2983 5492 3403 5565 dispensandis.

557 5591 610 5643 6.
641 5588 723 5643 De
753 5602 872 5642 non
895 5583 1181 5641 mutandis
1204 5583 1510 5656 parochiis.
2296 5590 2380 5642 l7.
2411 5587 2489 5643 De
2518 5587 2605 5642 his
2631 5587 2728 5660 qui
2757 5587 2828 5644 de
2856 5587 3171 5644 ministerio
3197 5587 3452 5644 ecclesia
3475 5580 3680 5658 aliquid
3696 5589 3809 5632 ven-

557 5687 609 5738 7.
643 5684 720 5738 De
744 5678 1192 5753 praesumptione
1217 5677 1422 5732 aliena
1450 5674 1724 5731 diacesis.
2220 5680 2383 5736 dunt.

561 5777 614 5829 8.
645 5776 723 5829 De
746 5791 865 5829 non
891 5771 1292 5829 constituendo
1321 5769 1585 5842 episcopo
1613 5783 1956 5827 successore.
2294 5776 2379 5829 18.
2411 5775 2492 5830 De
2519 5777 2736 5847 synodo
2767 5776 3048 5833 facienda.

561 5869 615 5924 9.
643 5867 722 5922 De
750 5866 1066 5935 irruptione
1092 5864 1343 5919 vacantis
1377 5863 1649 5919 ecclesia.
2293 5871 2380 5924 19.
2409 5869 2490 5924 De
2517 5869 2785 5944 episcopo
2813 5871 2911 5946 qui
2937 5871 3186 5928 noluerit
3224 5869 3416 5927 venire
3441 5867 3513 5923 ad
3541 5859 3809 5940 synodum.
