3946 6180
153 304 228 357 577
1305 288 1774 346 DECRETALIUM
1810 283 2198 342 COLLECTIO.

1719 411 1802 484 A"
1869 399 1954 448 57.
1984 395 2064 446 De
2091 410 2207 447 non
2232 394 2546 465 jejunando
2574 397 2633 450 in
2660 396 2753 451 die
2785 396 3080 452 Dominico
3105 413 3293 470 neque
3322 417 3420 472 ge-

203 409 272 460 20.
303 407 363 458 De
388 400 620 472 legitima
644 404 805 455 aetate
839 400 1138 455 ordinandi
1161 399 1537 471 presbyteros.

202 502 271 551 21.
295 498 361 550 De
389 493 646 548 eunuchis
675 493 771 564 qui
801 493 870 547 ab
899 493 1022 548 aliis
1047 493 1212 563 ﬁunt,
1239 492 1328 547 vel
1349 492 1446 564 qui
1465 491 1572 545 sibi
1596 508 1693 545 na-

144 591 306 647 turalia
331 586 660 641 abscindunt.

199 687 266 736 22.
295 683 360 735 De
383 679 688 750 neophytis.

194 779 264 829 23.
291 775 360 827 De
389 772 683 843 poenitente
715 787 830 826 non
857 771 1215 827 admittendo
1251 773 1324 827 ad
1349 771 1586 826 clerum.

194 870 264 921 24.
289 868 356 919 De
383 866 464 919 his
491 865 582 935 qui
608 865 924 934 indiscussi,
968 870 1065 920 aut
1108 865 1442 937 presbyteri,
1467 871 1564 919 aut
1583 864 1698 918 dia-

141 963 236 1015 coni
260 959 478 1013 ordinati
506 964 653 1012 sunt.

191 1057 260 1106 25.
286 1053 354 1106 De
374 1051 704 1122 presbyteris
732 1052 815 1106 vel
845 1051 1173 1106 diaconibus
1191 1051 1289 1124 qui
1316 1055 1444 1122 post
1463 1050 1693 1105 ordina-

139 1147 305 1200 tionem
334 1146 685 1199 denotantur.

191 1244 259 1293 26.
287 1241 352 1292 De
378 1239 459 1292 his
485 1239 582 1308 qui
608 1239 826 1305 viduas,
854 1242 952 1292 aut
978 1236 1235 1292 dimissas
1262 1237 1492 1291 ducunt.

190 1337 258 1385 27.
277 1335 341 1386 De
364 1331 792 1386 fornicatoribus
815 1331 1051 1385 clericis.

188 1429 256 1479 28.
281 1426 347 1478 De
376 1425 456 1478 his
487 1442 728 1495 quorum
748 1441 955 1479 uxores
976 1423 1346 1478 moechantur.

186 1521 257 1572 29.
283 1519 345 1570 De
371 1518 546 1572 viduis
573 1519 927 1572 clericorum.

187 1615 257 1665 30.
287 1612 350 1664 De
375 1611 485 1664 ﬁlia
513 1612 760 1682 episcopi
789 1613 874 1666 vel
898 1610 1210 1681 presbyteri
1235 1627 1362 1682 quae
1391 1609 1562 1665 fuerit
1598 1609 1692 1664 de-

133 1710 228 1758 vota
249 1708 295 1758 et
318 1704 642 1775 peccaverit.
1062 1691 1074 1706 λ

184 1799 255 1850 31.
283 1797 350 1850 De
374 1797 563 1875 devota
592 1799 674 1852 vel
706 1804 979 1870 peccante
1010 1816 1138 1871 quae
1168 1815 1224 1853 se
1248 1797 1612 1852 maritaverit.

186 1892 257 1943 32.
281 1891 346 1944 De
372 1890 808 1946 subintroductis
829 1893 1104 1963 adoptivis
1131 1892 1482 1947 mulieribus.

192 1985 260 2037 33.
287 1984 346 2037 De
370 2001 480 2038 non
505 1985 852 2056 recipiendis
890 1986 1126 2056 clericis,
1161 1990 1219 2040 et
1260 1986 1328 2040 de
1356 1985 1700 2040 inﬁrmanda

132 2076 427 2131 ordinatione
454 2079 500 2148 ej
511 2095 578 2131 us
601 2079 698 2148 qui
725 2079 845 2132 sine
867 2080 1115 2150 episcopi
1141 2080 1227 2134 sui
1252 2078 1475 2134 licentia
1500 2077 1569 2132 ab
1591 2077 1699 2132 alio

131 2169 341 2239 episcopo
369 2171 682 2226 ordinatur.

181 2263 250 2316 34.
269 2264 335 2317 De
353 2264 563 2319 clericis
596 2264 998 2320 desertoribus.

181 2358 250 2409 35.
277 2358 342 2410 De
369 2358 708 2429 importunis
738 2359 970 2413 clericis.

181 2451 248 2502 36.
272 2451 339 2505 De
364 2452 662 2522 purganda
692 2453 960 2523 opinione
987 2453 1233 2508 haeresis.

181 2545 250 2596 37.
274 2545 339 2598 De
368 2545 583 2599 clericis
615 2545 1131 2600 excommunicatis.

177 2638 245 2690 38.
273 2638 336 2690 De
363 2639 708 2710 presbyteris
738 2644 800 2693 ut
825 2639 896 2694 ad
918 2638 1192 2694 secundas
1217 2655 1334 2694 non
1361 2637 1572 2692 vadant
1600 2653 1700 2691 nu-

129 2728 254 2796 ptias.

177 2824 246 2876 39.
270 2824 338 2879 De
363 2825 449 2879 his
475 2826 578 2897 qui
604 2826 673 2880 ad
696 2825 999 2881 diaconum
1030 2827 1342 2897 eliguntur.

177 2916 246 2969 40.
270 2918 414 2980 Quod
464 2936 588 2974 non
642 2919 776 2974 licet
821 2920 1128 2974 diaconum
1179 2918 1287 2973 nisi
1332 2918 1556 2990 jussum
1610 2934 1695 2972 se-

125 3005 244 3062 dere.

176 3102 245 3155 41.
271 3104 340 3157 De
369 3121 434 3159 eo
463 3105 624 3177 quod
655 3123 772 3160 non
801 3105 931 3161 licet
955 3105 1270 3177 quemlibet
1300 3122 1458 3161 sacra
1487 3109 1695 3177 myste-

125 3193 184 3247 ria
201 3198 426 3268 tangere.

175 3288 243 3343 42.
271 3292 330 3344 Ut
352 3293 626 3348 mulieres
650 3293 712 3348 in
743 3293 1054 3349 sacrarium
1086 3311 1200 3348 non
1227 3293 1459 3349 intrent.

173 3381 240 3436 43.
266 3384 334 3438 Ne
359 3385 535 3442 lector
570 3387 805 3442 alterius
829 3387 1058 3442 viduam
1085 3387 1330 3443 duxerit;

175 3475 244 3529 44.
269 3477 320 3532 Si
344 3480 729 3535 subdiaconus
757 3482 1067 3536 secundam
1099 3481 1323 3534 duxerit
1353 3496 1608 3534 uxorem.

172 3568 240 3623 45.
266 3572 325 3626 Ut
345 3590 456 3628 non
483 3575 760 3630 ascendat
784 3575 842 3628 in
870 3575 1154 3646 pulpitum
1187 3574 1297 3627 nisi
1321 3574 1520 3627 lector.

172 3662 240 3716 46.
266 3665 333 3718 De
372 3667 855 3722 conditionalibus
883 3685 998 3722 non
1029 3666 1381 3736 ordinandis,
1429 3666 1535 3720 nisi
1562 3683 1698 3722 con-

119 3768 249 3811 sensu
272 3763 510 3830 patroni.

171 3849 240 3905 47.
271 3851 339 3906 De
380 3872 496 3909 non
547 3854 923 3926 suscipiendis
970 3855 1144 3910 servis
1190 3853 1249 3909 in
1291 3855 1450 3908 Clero
1478 3853 1698 3909 alienis.

167 3942 238 3997 48.
262 3948 329 4000 De
370 3965 484 4003 non
541 3949 905 4004 celebrandis
948 3948 1217 4004 natalitiis
1269 3951 1586 4019 martyrum
1639 3947 1700 4001 in

118 4035 522 4109 quadragesima.

169 4129 237 4184 49.
257 4132 366 4188 Non
397 4136 616 4207 suscipi
644 4136 850 4191 debere
879 4139 1009 4192 ante
1031 4136 1173 4191 duas
1201 4135 1582 4192 hebdomadas
1605 4134 1700 4190 sed

119 4224 216 4275 ante
244 4226 342 4279 tres
364 4228 625 4283 infantes
651 4229 721 4283 ad
745 4229 1114 4300 baptismum.

265 4319 332 4374 De
363 4339 478 4376 non
512 4322 792 4377 solvendo
829 4322 1053 4395 jejunio
1102 4323 1159 4376 in
1206 4321 1405 4395 quinta
1429 4319 1572 4377 feria
1598 4321 1697 4375 Pa-

118 4402 249 4458 scha.

169 4495 238 4548 51.
269 4496 334 4552 De
359 4499 678 4557 chrismate
705 4501 1076 4557 conﬁciendo.

167 4583 235 4636 52.
283 4587 398 4643 Non
453 4591 626 4645 liceat
653 4591 982 4662 presbytero
1014 4607 1205 4646 coram
1235 4590 1498 4662 episcopo
1545 4588 1696 4643 chri-

115 4683 279 4728 sumre.

170 4763 241 4816 53.
266 4765 381 4820 Non
406 4767 544 4823 licet
573 4768 904 4840 presbytero
925 4773 1059 4825 ante
1089 4770 1418 4842 episcopum
1441 4770 1501 4824 in
1521 4768 1704 4840 bapti-

115 4848 309 4908 sterium
337 4856 604 4914 introire.

169 4941 240 4994 54.
266 4943 336 4998 De
363 4947 801 5019 praegnantibus
830 4947 1204 5020 baptizandis.

166 5031 237 5085 55.
269 5033 399 5097 Quae
429 5037 492 5091 in
523 5037 692 5093 altari
721 5037 913 5095 offerri
939 5042 1184 5110 oportet.

167 5122 238 5174 56.
264 5124 338 5178 De
367 5127 720 5199 presbyteris
745 5129 1041 5185 forasticis.

166 5253 270 5311 CAP.
301 5261 340 5314 Ι.
371 5262 497 5316 Non
531 5262 668 5316 licet
691 5263 904 5334 populo
931 5260 1264 5318 electionem
1292 5260 1479 5318 facere
1508 5276 1703 5315 eorum

115 5345 189 5411 qui
210 5348 273 5402 ad
302 5353 692 5410 sacerdotium
718 5359 1124 5427 provocantur,
1154 5356 1248 5410 sed
1276 5355 1559 5427 judicium
1593 5353 1707 5424 epi-

113 5451 376 5510 sCoporum
406 5452 511 5518 est,
539 5452 608 5502 ut
635 5446 741 5519 ipsi
767 5465 901 5503 eum
931 5449 1026 5522 qui
1054 5449 1408 5505 ordinandus
1435 5452 1538 5516 est,
1570 5462 1701 5518 pro-

112 5525 237 5602 bent,
264 5537 306 5590 si
343 5539 402 5593 in
445 5556 714 5597 sermone
753 5546 810 5598 et
849 5542 984 5611 ﬁde,
1019 5545 1076 5598 et
1105 5544 1166 5598 in
1197 5543 1310 5597 vita
1349 5542 1580 5598 edoctus
1611 5539 1704 5595 sit.

167 5626 221 5682 ll.
246 5631 587 5706 Episcopum
628 5639 851 5708 oportet
893 5633 1138 5692 maxime
1168 5632 1397 5709 quidem
1439 5635 1509 5690 ab
1551 5632 1706 5689 omni

114 5723 314 5779 concilio
359 5729 651 5798 constitui,
692 5731 788 5787 sed
827 5731 874 5786 si
918 5731 1024 5786 hoc
1069 5735 1168 5786 aut
1204 5748 1306 5802 pro
1349 5727 1702 5794 necessitate,

115 5819 192 5867 aut
214 5835 309 5886 pro
335 5822 758 5893 longinquitate
787 5826 1000 5880 itineris
1027 5820 1252 5882 difﬁcile
1275 5824 1465 5893 fuerit,
1491 5839 1557 5877 ex
1582 5838 1704 5875 om-

484 5919 756 5986 PATROL.
808 5923 1032 5987 CXXX.

3321 298 3423 351 578

1795 503 1911 542 nua
1937 485 2239 540 ﬂectendo.

1870 585 1956 636 58.
1989 581 2065 633 De
2095 579 2384 650 gustandis
2411 581 2694 649 carnibus,
2727 586 2784 638 et
2808 600 2922 639 non
2947 585 3323 642 exsecrandis.

1869 677 1956 726 59.
1987 673 2066 725 De
2092 688 2159 726 eo
2189 671 2345 742 quod
2365 689 2478 726 non
2497 674 2663 729 liceat
2687 677 3072 733 sacerdotibus
3091 678 3181 732 vel
3205 679 3424 734 clericis

1799 765 2132 837 spectaculis
2159 765 2455 821 interesse.

1869 862 1956 913 60.
1985 860 2063 912 De
2112 875 2177 913 eo
2216 859 2370 930 quod
2417 876 2534 913 non
2580 859 2743 915 liceat
2779 861 3163 919 sacerdotibus
3190 866 3279 920 vel
3316 867 3424 922 cle-

1797 952 1929 1006 ricis
1955 952 2360 1007 incantatorias
2390 955 2446 1007 et
2471 954 2788 1008 contrarias
2812 955 3088 1026 ligaturas
3121 959 3326 1015 facere.

1869 1049 1956 1100 61.
1988 1047 2062 1100 De
2094 1062 2161 1099 eo
2189 1045 2343 1116 quod
2372 1062 2490 1100 non
2521 1046 2686 1102 liceat
2710 1047 2961 1103 convivia
2986 1049 3168 1107 facere
3195 1052 3264 1107 de
3295 1069 3424 1109 con-

1795 1139 1972 1193 fertis.

1867 1236 1953 1286 62.
1978 1233 2056 1286 De
2085 1231 2271 1286 usuris
2296 1233 2384 1286 vel
2412 1233 2780 1304 negotiorum
2806 1235 2997 1290 lucris.

1869 1328 1956 1378 63.
1984 1326 2062 1378 De
2089 1324 2308 1379 clericis
2332 1325 2430 1396 qui
2451 1325 2525 1379 ad
2554 1327 2906 1382 matutinum
2932 1329 3017 1384 vel
3041 1333 3426 1402 vespertinum

1798 1435 1914 1472 non
1941 1417 2307 1494 conveniunt.

1827 1515 1829 1518 ⁴
1869 1513 1956 1567 64.
1986 1513 2062 1565 De
2088 1528 2154 1567 eo
2182 1512 2335 1583 quod
2377 1529 2497 1568 non
2539 1513 2711 1570 liceat
2735 1515 2951 1570 clericis
2999 1515 3090 1573 die
3133 1518 3428 1590 Dominico

1797 1604 1868 1659 ab
1897 1605 2132 1660 ecclesia
2163 1605 2466 1660 absentari.

1869 1701 1954 1752 65.
1988 1699 2064 1752 De
2086 1714 2154 1752 eo
2184 1697 2340 1768 quod
2368 1715 2482 1753 non
2507 1699 2674 1755 liceat
2697 1700 2912 1756 clericis
2942 1708 3072 1758 ante
3102 1705 3299 1761 horam
3320 1711 3427 1762 ter-

1718 1790 1774 1861 B
1797 1791 1937 1846 tiam
1955 1790 2260 1862 prandere.

1869 1888 1954 1939 66.
1985 1885 2064 1940 De
2096 1885 2440 1940 attendenda
2472 1901 2633 1940 coma
2655 1885 2986 1943 clericorum
3016 1893 3072 1944 et
3097 1891 3300 1960 habitu
3330 1909 3422 1948 or-

1798 1979 2015 2032 dinato.

1868 2073 1956 2125 67.
1989 2071 2068 2125 De
2099 2086 2166 2125 eo
2192 2071 2346 2142 quod
2374 2087 2492 2126 non
2517 2071 2682 2126 liceat
2707 2074 2958 2143 poeticos
2973 2075 3223 2146 psalmos
3253 2077 3313 2132 in
3334 2095 3425 2134 ec-

1800 2164 1970 2217 clesia
1995 2164 2202 2234 dicere,
2234 2171 2290 2219 et
2313 2165 2487 2220 libros
2511 2166 2866 2237 apocryphos
2903 2167 3116 2238 legere.

1871 2261 1959 2312 68.
1984 2258 2062 2311 De
2091 2274 2158 2312 eo
2180 2260 2334 2329 quod
2352 2276 2467 2314 non
2495 2259 2662 2314 liceat
2687 2276 2858 2331 super
2874 2269 3256 2319 monumenta
3282 2282 3430 2322 mor-

1794 2354 2032 2412 tuorum
2060 2351 2261 2405 missas
2288 2356 2500 2408 tenere.

1799 2443 2053 2514 Capitula
2073 2461 2359 2500 canonum
2379 2446 2450 2499 ad
2472 2446 2646 2502 laicos
2662 2448 3071 2518 pertinentium
3094 2456 3426 2524 sequuntur.

1872 2540 1958 2591 69.
1993 2538 2064 2590 De
2096 2553 2162 2592 eo
2191 2538 2342 2608 quod
2384 2555 2502 2593 non
2531 2539 2699 2595 liceat
2734 2541 3056 2598 christianis
3091 2546 3330 2614 prandia
3356 2547 3429 2602 ad

1800 2635 2172 2685 monumenta
2198 2635 2448 2702 portare.

1871 2727 1957 2778 '70.
1987 2724 2064 2777 De
2097 2740 2162 2778 eo
2187 2725 2339 2796 quod
2367 2741 2484 2779 non
2515 2726 2680 2782 liceat
2704 2726 2925 2782 clericis
2945 2730 3030 2782 vel
3053 2730 3208 2786 laicis
3228 2733 3425 2788 catho-

1799 2812 1918 2867 licis
1947 2813 2246 2868 cathedras
2291 2813 2362 2868 ab
2406 2815 2687 2870 haereticis
2730 2816 2983 2888 eulogias
3026 2820 3302 2892 accipere,
3334 2827 3431 2877 aut

1799 2922 1930 2960 cum
1956 2905 2090 2977 ipsis
2119 2911 2175 2962 et
2202 2907 2571 2963 schismaticis
2597 2925 2780 2964 orare.

1869 3004 1958 3054 71.
1995 3001 2068 3055 De
2091 3016 2156 3055 eo
2185 3001 2341 3072 quod
2367 3019 2486 3056 non
2520 3001 2686 3058 liceat
2717 3003 3050 3060 Christianis
3081 3006 3428 3064 observatio-

1801 3110 1902 3148 nes
1931 3093 2176 3148 diversas
2206 3095 2520 3150 attendere.

1721 3155 1776 3229 C
1870 3190 1958 3241 72.
1987 3187 2065 3242 De
2087 3204 2154 3241 eo
2181 3188 2337 3259 quod
2366 3205 2482 3244 non
2503 3189 2673 3246 liceat
2691 3191 3023 3248 Christianis
3043 3196 3239 3250 tenere
3259 3195 3433 3251 tradi-

1799 3280 1984 3335 tiones
2009 3281 2327 3351 gentilium.

1869 3377 1956 3429 73.
1991 3375 2062 3428 Ut
2089 3391 2204 3429 non
2249 3375 2413 3430 liceat
2443 3375 2737 3433 observare
2764 3379 2950 3449 lunas,
3000 3385 3099 3435 aut
3136 3379 3430 3436 stellarum

1800 3482 2016 3522 cursus.

1871 3561 1960 3616 74.
1990 3562 2069 3616 De
2096 3577 2163 3616 eo
2190 3562 2340 3633 quod
2364 3579 2482 3617 non
2512 3563 2678 3619 liceat
2700 3563 2996 3622 observare
3028 3567 3322 3624 Kalendas.

1874 3658 1959 3709 75.
1991 3655 2066 3710 De
2088 3671 2154 3709 eo
2181 3656 2331 3727 quod
2360 3673 2474 3712 non
2493 3656 2660 3712 liceat
2677 3658 3045 3715 medicinales
3072 3662 3277 3717 herbas
3298 3679 3428 3717 cum

1800 3746 1987 3818 aliqua
2016 3748 2408 3804 observatione
2438 3750 2728 3821 colligere.

1875 3843 1960 3896 76.
1990 3842 2068 3896 De
2097 3859 2165 3896 eo
2209 3842 2362 3914 quod
2407 3860 2521 3898 non
2550 3844 2712 3900 liceat
2741 3845 2977 3900 feminas
3012 3846 3348 3902 christianas
3371 3849 3432 3902 in

1801 3932 2057 3989 laniﬁciis
2082 3934 2292 4006 aliquid
2319 3935 2638 3992 observare.

1873 4031 1961 4082 77.
1990 4028 2065 4083 De
2097 4028 2410 4084 adulteriis.
2582 4023 2584 4025 ’

1872 4128 1960 4181 78.
2001 4127 2077 4181 De
2115 4126 2452 4182 mulieribus
2500 4127 2838 4198 fornicariis,
2886 4136 2944 4186 et
2982 4131 3298 4187 abortivum
3343 4133 3428 4187 fa-

1801 4219 2100 4275 cientibus.
3074 4217 3078 4220 ’

1873 4316 1960 4368 79.
1994 4314 2072 4368 De
2098 4313 2402 4369 homicidio
2444 4314 2783 4387 voluntario,
2827 4317 2912 4374 vel
2944 4337 3061 4376 non
3090 4321 3429 4377 voluntario.

1873 4405 1961 4457 80.
1990 4403 2068 4455 De
2098 4402 2338 4458 muliere
2366 4419 2492 4475 quas.
2521 4405 2660 4460 duos
2684 4405 2889 4462 fratres
2909 4409 3196 4481 conjugio,
3231 4416 3286 4466 et
3316 4411 3440 4466 viro

1720 4524 1780 4596 D
1803 4492 1900 4564 qui
1928 4492 2070 4546 duas
2097 4507 2314 4546 sorores
2353 4493 2571 4548 habuit.

1872 4585 1960 4637 81.
1991 4583 2069 4635 De
2086 4581 2176 4635 his
2205 4582 2302 4651 qui
2331 4581 2556 4653 nuptias
2582 4583 2929 4640 iteraverint.

1873 4673 1962 4725 8'2.
1991 4669 2069 4725 De
2093 4669 2182 4723 his
2208 4669 2305 4741 qui
2335 4686 2391 4725 se
2421 4686 2554 4724 cum
2583 4671 2926 4728 animalibus
2947 4676 3428 4736 commiscuerint.

1874 4762 1963 4814 83.
1992 4760 2070 4813 De
2113 4758 2199 4812 his
2239 4758 2336 4830 qui
2380 4775 2560 4829 usque
2603 4761 2674 4814 ad
2712 4761 2884 4817 ﬁnem
2917 4765 3043 4820 vitae
3086 4767 3145 4820 in
3188 4772 3433 4839 peccatis

1803 4847 2136 4921 perdurant,
2172 4850 2230 4900 et
2262 4849 2322 4901 in
2353 4847 2508 4902 exitu
2538 4851 3004 4909 communionem
3033 4861 3251 4926 petunt.

1873 4938 1963 4992 84.
1993 4938 2071 4990 De
2098 4935 2187 4990 his
2211 4937 2310 5008 qui
2351 4936 2629 4992 intrantes
2658 4941 2951 4997 ecclesiam
2997 4950 3234 5018 propter
3267 4947 3427 5004 luxu-

1803 5027 1951 5081 riam
1971 5029 2323 5081 sacramento
2352 5042 2410 5081 se
2430 5026 2732 5084 abstinent.

1875 5117 1963 5170 85.
1993 5117 2067 5171 De
2092 5116 2614 5172 excommunicatis.

1803 5251 1970 5326 nibus
1998 5256 2112 5307 tres
2153 5251 2512 5324 colligantur,
2558 5257 2612 5308 et
2655 5255 2912 5310 omnium
2953 5259 3316 5328 praesentium
3343 5262 3427 5315 vel

1805 5346 2121 5401 absentium
2142 5346 2579 5418 subscriptiones
2600 5351 2925 5419 teneantur,
2949 5355 3006 5407 et
3031 5353 3106 5407 sic
3131 5356 3326 5424 postea
3345 5370 3432 5408 or-

1806 5439 2022 5494 dinatio
2068 5441 2186 5494 ﬁat.
2217 5441 2392 5512 Hujus
2421 5445 2613 5496 autem
2641 5443 2724 5497 rei
2750 5447 2996 5514 potestas
3027 5445 3084 5499 in
3110 5446 3264 5499 omni
3294 5461 3426 5516 pro-

1805 5533 1988 5588 vincia
2015 5533 2089 5588 ad
2117 5533 2624 5606 metropolitanum
2654 5536 2900 5607 pertinet
2938 5537 3284 5608 episcopum.

1878 5630 1968 5684 lll.
2001 5629 2124 5683 Non
2153 5627 2322 5682 debet
2349 5629 2595 5683 ordinari
2616 5629 2908 5700 episcopus
2935 5630 3146 5701 absque
3170 5634 3427 5706 consilio,

1810 5726 1868 5777 et
1894 5721 2198 5793 praesentia
2227 5721 2655 5794 metropolitani
2695 5721 2964 5792 episcopi.
3004 5723 3213 5779 Adesse
3238 5731 3429 5785 autem

1811 5833 2010 5870 omnes
2031 5818 2255 5884 oportet
2277 5816 2373 5886 qui
2395 5822 2521 5870 sunt
2547 5816 2606 5869 in
2624 5814 2915 5884 provincia
2936 5817 3274 5892 sacerdotes,
3291 5839 3432 5893 quos

2959 5921 3032 5979 l9
