3946 6180
551 273 654 326 579

1437 256 1720 313 APPEND.
1762 256 1849 312 AD
1885 255 2046 312 SE6.
2087 253 2177 308 IX.
2205 281 2273 294 --
2311 252 2554 308 ISIDORI
2591 249 3014 307 MERCATORIS
3701 257 3776 311 580

550 393 654 448 per
683 390 842 431 suam
869 370 1039 426 debet
1068 367 1366 440 epistolam
1398 381 1722 420 convocare.
1755 365 1822 418 Et
1860 362 2093 434 quidem
2124 361 2170 415 si
2191 375 2250 446 Α
2341 362 2423 416 XI.
2463 360 2520 415 Si
2541 359 2666 430 quis
2699 358 2993 429 episcopus
3026 353 3316 411 ordinatus
3340 353 3704 426 nolueritagere
3718 378 3779 413 sa-

550 484 745 523 omnes
769 462 1136 530 occurrerint,
1155 461 1320 514 bene.
1346 459 1440 514 Sin
1471 462 1661 512 autem
1692 457 1797 511 hoc
1817 456 2042 510 difﬁcile
2056 455 2171 509 fue-

549 562 643 628 rit,
675 560 866 630 plures
892 557 1118 627 Oportet
1144 567 1500 607 concurrere.
1530 550 1635 614 Qui
1658 553 1848 604 autem
1891 565 2006 603 non
2033 564 2166 602 con-

549 651 808 707 venerint
845 647 1208 721 prasentiam
1257 645 1343 700 sui
1395 660 1497 716 per
1547 643 1811 713 epistolas
1854 640 2084 707 faciant,
2117 643 2172 694 et

549 747 625 800 sic
653 743 915 800 omnium
954 742 1104 795 facto
1147 755 1427 793 consensu
1453 735 1877 790 ordinationem
1924 732 2171 804 episcopi

547 839 666 894 ﬁeri
685 840 927 908 Oportet.
947 835 1001 888 Si
1017 839 1208 888 autem
1231 831 1395 886 aliter
1415 833 1618 902 prater
1633 828 1784 900 quod
1802 827 2172 882 terminatum

548 936 633 988 est
656 949 690 985 a
721 929 886 984 nobis
911 927 1086 982 fuerit
1110 926 1344 992 factum,
1373 925 1547 978 talem
1589 921 2004 976 ordinationem
2030 918 2172 972 nihil

547 1026 855 1099 pravalere
872 1020 1249 1076 decernimus.
1272 1018 1370 1074 Sin
1389 1020 1579 1071 autem
1599 1015 1911 1070 secundum
1928 1028 2172 1068 canones

550 1117 832 1174 ordinatio
847 1113 1091 1186 episcopi
1105 1113 1276 1166 fuerit
1302 1112 1470 1177 facta,
1499 1112 1556 1164 et
1580 1108 1625 1162 si
1650 1107 1774 1179 quis
1801 1123 1932 1161 cum
1955 1106 2172 1160 malitia

546 1212 607 1267 in
629 1212 817 1282 aliquo
845 1206 1264 1272 contradixerit,
1294 1203 1671 1276 plurimorum
1697 1215 2002 1255 consensus
2026 1197 2168 1253 Obti-

543 1307 698 1364 neat.

624 1419 711 1474 ιν.
737 1419 843 1471 Per
871 1414 1120 1485 singulas
1165 1409 1482 1482 provincias
1512 1409 1734 1478 Oportet
1763 1403 2055 1476 episc0pos
2080 1419 2170 1457 co-

551 1527 824 1584 gnoscere
851 1505 1354 1578 metrOpolitanum
1384 1501 1733 1573 episcopum,
1755 1503 1814 1554 et
1839 1499 2028 1570 ipsum
2051 1496 2170 1568 pri-

552 1611 742 1661 matus
767 1618 963 1658 curam
991 1599 1292 1670 suscipere,
1323 1595 1466 1650 nihil
1494 1598 1685 1648 autem
1712 1608 1884 1663 agere
1927 1591 2174 1661 reliquos

551 1699 847 1771 episcopos
862 1698 1074 1767 prater
1100 1707 1254 1758 eum,
1283 1687 1592 1771 secundum
1622 1685 1777 1756 quod
1805 1683 2118 1754 antiquitus
2141 1699 2175 1735 a

562 1752 638 1771 -ιν
746 1752 763 1768 ι
862 1752 883 1767 .
1241 1752 1250 1758 .
1639 1752 1659 1756 _
1944 1752 1964 1754 _

548 1792 806 1865 patribus
831 1788 1038 1843 nostris
1066 1783 1431 1839 constitutum
1471 1752 1795 1834 coxitinetur
1834 1778 1894 1831 in
1933 1791 2170 1842 canone,

548 1888 786 1959 propter
797 1882 950 1954 quod
967 1885 1021 1935 et
1037 1876 1508 1948 metropolitanus
1520 1874 1812 1945 episcopus
1825 1869 1874 1942 1
1891 1868 2017 1941 42
2032 1868 2176 1922 nihil

549 1975 952 2051 prasumptive
979 1976 1230 2028 assumat
1251 1970 1460 2038 absque
1485 1965 1717 2021 consilio
1746 1967 2101 2018 caterorum.

619 2090 683 2144 V.
713 2087 768 2143 Si
792 2085 919 2158 quis
944 2083 1226 2156 particeps
1251 2079 1490 2150 alicujus
1530 2076 1702 2131 fuerit
1733 2072 2054 2129 ambitionis
2086 2071 2171 2125 in-

547 2187 770 2249 ventus,
793 2179 907 2234 sive
923 2176 1234 2247 episcopus,
1258 2173 1374 2227 sive
1388 2171 1682 2242 presbyter
1696 2167 1786 2221 vel
1803 2167 2088 2232 diaconus,
2104 2164 2175 2218 de

548 2272 809 2331 inferiori
847 2271 1067 2325 civitate
1106 2284 1222 2322 non
1261 2268 1514 2320 transeat
1551 2263 1622 2317 ad
1665 2261 1965 2331 majorem.
1995 2256 2101 2313 Sed
2131 2256 2176 2310 si

553 2369 680 2440 quis
700 2371 898 2421 contra
912 2364 1032 2417 hac
1047 2359 1243 2431 magni
1257 2358 1480 2414 concilii
1496 2354 1802 2412 constituta
1816 2353 2176 2424 importunus

551 2459 849 2526 exstiterit,
878 2453 1207 2512 omnimodo
1236 2453 1536 2507 evacuetur
1579 2445 1904 2519 hujusmodi
1941 2445 2172 2513 factum,

549 2555 609 2607 et
635 2565 749 2605 sua
768 2549 979 2603 iterum
1004 2545 1358 2600 restauretur
1370 2538 1618 2596 ecclesia
1633 2536 1724 2591 cui
1739 2535 2054 2606 episcopus,
2076 2538 2176 2586 aut

550 2644 862 2717 presbyter,
894 2645 992 2695 aut
1020 2639 1292 2694 diaconus
1317 2634 1474 2708 prius
1500 2633 1684 2688 fuerat
1707 2627 2066 2684 constitutus.

618 2753 707 2807 Vl.
759 2748 1101 2821 Episcopum
1150 2760 1183 2797 a
1233 2740 1461 2814 propria
1511 2736 1779 2810 parochia
1831 2753 1951 2791 non
2012 2734 2178 2788 liceat

549 2842 795 2901 transire
810 2842 870 2895 in
885 2840 1058 2894 aliam
1078 2852 1262 2908 neque
1282 2851 1381 2889 sua
1391 2835 1594 2904 sponte
1617 2830 1870 2899 introire,
1893 2843 2079 2899 neque
2095 2826 2178 2880 in-

548 2937 807 3002 vitatum,
837 2948 1020 3004 neque
1049 2930 1118 2985 ab
1143 2929 1402 2999 episc0po
1422 2930 1702 2991 coactum,
1722 2923 1822 2978 sed
1837 2924 2176 2994 permaneat

550 3032 612 3087 in
638 3030 780 3096 loco,
811 3027 872 3081 in
902 3041 1014 3097 quo
1047 3041 1082 3078 a
1123 3024 1234 3077 Deo
1275 3024 1359 3075 est
1400 3018 1712 3086 ordinatus,
1743 3019 1799 3072 et
1823 3017 1882 3070 in
1912 3031 1977 3070 ea
2002 3029 2175 3085 quam

551 3125 781 3181 sortitus
803 3125 889 3177 est
910 3117 1144 3175 ecclesia
1172 3112 1487 3171 secundum
1506 3111 1869 3183 antiquorum
1889 3121 2175 3164 canonum
2197 3109 2251 3183 Ο

552 3217 940 3274 constitutum.

621 3321 729 3376 VII.
761 3317 820 3374 Si
845 3315 972 3389 quis
997 3313 1313 3386 episcopus,
1333 3326 1448 3364 non
1477 3323 1579 3380 per
1603 3306 1944 3379 scripturam
1970 3306 2180 3358 metro-

550 3412 791 3489 politani
816 3407 1082 3482 episcopi,
1123 3409 1223 3461 aut
1256 3403 1359 3476 qui
1388 3419 1521 3458 cum
1551 3418 1616 3457 eo
1642 3404 1792 3469 sunt,
1833 3403 2080 3469 rogatus,
2111 3396 2179 3451 de

553 3509 662 3564 alia
688 3503 974 3578 provincia
999 3502 1060 3555 in
1085 3499 1256 3553 aliam
1279 3496 1522 3562 venerit,
1552 3494 1648 3549 sed
1666 3490 2068 3565 prasumptive
2100 3489 2174 3542 ir-

553 3617 724 3657 ruens
747 3597 820 3653 ad
840 3593 1254 3651 ordinationem
1269 3593 1325 3645 et
1342 3586 1805 3644 constitutionem
1821 3583 2176 3650 clericorum,

553 3695 652 3768 qui
666 3693 738 3748 ad
755 3691 918 3747 illum
933 3704 1048 3744 non
1067 3685 1359 3758 pertinent
1376 3683 1737 3754 importunus
1763 3677 1982 3744 existat,
2005 3691 2181 3731 vacua

555 3793 687 3845 sunt
712 3792 768 3842 et
795 3783 992 3840 inania
1019 3779 1210 3835 omnia
1253 3793 1380 3850 qua
1403 3776 1472 3830 ab
1502 3791 1567 3830 eo
1594 3774 1824 3828 fuerunt
1850 3769 2177 3826 constituta.

552 3885 673 3955 Ipse
697 3885 892 3936 autem
921 3877 1098 3947 digna
1130 3870 1516 3943 increpatione
1544 3864 2095 3933 excommunicetur,
2124 3867 2182 3916 et

553 3977 836 4031 alienetur
861 3988 894 4026 a
917 3971 1108 4025 sancto
1137 3963 1397 4020 concilio.

627 4079 762 4132 VIII.
791 4073 1063 4146 Episcopo
1085 4085 1202 4124 non
1227 4067 1398 4122 liceat
1414 4069 1544 4120 ante
1574 4064 1752 4117 ﬁnem
1779 4061 1907 4117 vita
1932 4059 2108 4114 alium
2123 4057 2183 4111 in

553 4175 678 4229 loco
706 4185 809 4224 suo
839 4165 1178 4222 constituere
1205 4174 1606 4215 successorem.
1631 4156 1691 4211 Si
1710 4153 1838 4226 quis
1861 4157 2054 4207 autem
2079 4151 2184 4207 hoc

557 4276 834 4334 usurpare
857 4256 1178 4322 tentaverit,
1205 4253 1332 4308 talis
1357 4249 1686 4307 constitutio
1727 4246 1886 4301 irrita
1906 4245 2033 4300 erit.
2059 4245 2184 4299 Non

558 4358 727 4413 aliter
753 4369 891 4424 ergo
912 4349 1036 4405 fieri
1064 4350 1286 4420 oportet
1309 4345 1418 4400 nisi
1437 4360 1567 4398 cum
1588 4341 1824 4396 concilio
1852 4344 1908 4394 et
1927 4338 2182 4411 judicatu

557 4451 950 4524 episcoporum
981 4443 1078 4515 qui
1099 4444 1227 4514 post
1245 4440 1462 4495 exitum
1488 4433 1920 4508 pradecessoris
1941 4434 2184 4504 potesta-
2201 4475 2261 4548 D

553 4553 672 4603 tem
696 4543 912 4600 habent
934 4538 1176 4611 dignum
1205 4535 1438 4607 eligere.

628 4651 714 4704 IX.
744 4647 801 4704 Si
829 4645 955 4718 quis
981 4642 1273 4716 episcopus
1300 4654 1504 4694 vacans
1541 4636 1600 4691 in
1629 4632 1922 4690 ecclesiam
1946 4646 2063 4686 non
2087 4629 2183 4683 ha-

555 4747 790 4802 bentem
835 4739 1165 4811 episc0pum
1209 4734 1519 4804 subrepens
1560 4727 1769 4802 populo
1796 4726 1917 4781 sine
1950 4722 2182 4778 concilio

559 4836 771 4908 integri
796 4825 1010 4889 ordinis
1056 4829 1307 4898 irruerit,
1337 4824 1556 4884 etiamsi
1597 4823 1838 4895 populus
1883 4833 2058 4890 quem
2093 4831 2180 4872 se-

559 4931 722 4988 duxit
746 4927 1030 4984 desideret
1051 4925 1233 4991 illum,
1264 4921 1514 4977 alienum
1541 4917 1611 4974 ab
1634 4915 1867 4972 ecclesia
1887 4929 2002 4969 esse
2023 4927 2185 4982 opor-

557 5031 660 5082 tet.
688 5027 981 5095 Integrum
999 5021 1191 5074 autem
1213 5022 1270 5071 et
1294 5015 1610 5087 perfectum
1629 5009 1928 5066 consilium
1949 5005 2185 5062 dicimus

558 5120 720 5187 illud,
749 5119 809 5172 in
835 5132 947 5188 quo
975 5111 1440 5182 metropolitanus
1467 5107 1766 5178 episcopus
1793 5101 1983 5158 fuerit.

630 5225 690 5279 X.
747 5221 805 5276 Si
848 5218 974 5291 quis
1015 5215 1307 5271 ordinatus
1351 5228 1455 5284 per
1501 5207 1923 5265 contentionem
1966 5200 2182 5276 populi,

559 5324 657 5375 aut
685 5333 788 5389 pro
825 5313 1011 5385 aliqua
1038 5308 1257 5365 ratione
1290 5312 1348 5362 et
1373 5321 1486 5360 non
1511 5321 1616 5376 pro
1643 5319 1741 5358 sua
1759 5300 1924 5370 culpa
1947 5299 2006 5351 in
2026 5312 2186 5368 paro-

558 5413 745 5468 chiam
773 5425 898 5482 qua
924 5407 976 5462 ei
1001 5403 1170 5460 fuerit
1199 5402 1328 5457 data
1349 5416 1466 5454 non
1491 5397 1641 5460 ierit,
1668 5397 1822 5450 hunc
1848 5393 2073 5464 oportet
2095 5405 2182 5443 or-

557 5506 751 5561 dinem
783 5481 1082 5557 sacerdotii
1115 5491 1512 5553 tantummodo
1538 5488 1888 5560 contingere,
1917 5485 1997 5540 ita
2019 5488 2080 5537 ut
2117 5481 2185 5537 de

558 5600 728 5654 rebus
762 5595 1011 5651 ecclesia
1041 5593 1100 5645 in
1125 5607 1238 5664 qua
1265 5587 1528 5645 convenit
1555 5583 1698 5638 nihil
1723 5579 1830 5636 sibi
1857 5578 2184 5651 prasumat,

560 5693 828 5747 sustineat
867 5694 1057 5744 autem
1095 5684 1250 5757 quod
1276 5683 1344 5738 de
1373 5695 1440 5734 eo
1465 5680 1723 5732 sanctum
1767 5674 2071 5730 concilium
2099 5671 2188 5742 ju-

563 5785 746 5837 dicare
775 5783 1034 5836 voluerit.

2269 454 2604 519 cerdotium,
2635 468 2819 523 neque
2852 449 3202 504 consenserit
3241 449 3295 501 in
3339 447 3434 502 sibi
3458 450 3706 504 commissa
3724 469 3783 506 ec-

2270 547 2438 600 clesia
2461 546 2770 612 ambulare,
2800 544 2974 597 istum
3002 543 3175 597 talem
3209 542 3638 596 excommunicare
3661 559 3782 614 opor-

2269 643 2352 693 tet
2382 640 2533 710 quod
2561 639 2606 691 si
2627 641 2847 692 coactus
2871 634 3283 705 contempserit,
3303 637 3532 688 sanctum
3553 636 3785 690 concilium

2270 733 2424 804 quod
2451 733 2636 804 placet
2660 731 2730 784 de
2758 730 2961 785 eodem
2985 727 3264 782 terminet.

2342 827 2450 881 XII.
2499 824 2555 880 Si
2596 825 2722 895 quis
2765 823 3059 894 episcopus
3106 820 3384 876 ordinatus
3424 818 3598 886 fuerit,
3635 825 3680 873 et
3708 837 3789 875 non

2270 919 2390 973 vult
2406 919 2585 989 ipsam
2598 916 2932 988 parochiam
2947 914 3227 984 suscipere
3242 913 3298 966 in
3320 927 3426 982 qua
3435 911 3707 966 nominatus
3718 917 3791 978 est,

2272 1012 2372 1066 sed
2400 1011 2532 1065 alibi
2571 1011 2689 1064 vult
2732 1007 3004 1074 ordinari,
3045 1009 3102 1061 et
3128 1006 3240 1060 vim
3283 1004 3422 1071 facit,
3469 1020 3524 1058 ac
3562 1004 3793 1059 seditiones

2272 1104 2516 1159 concitat
2539 1105 2736 1157 contra
2761 1119 2854 1156 eos
2879 1100 2976 1172 qui
3005 1101 3165 1153 illum
3191 1098 3580 1164 ordinaverunt,
3603 1097 3723 1150 hunc
3744 1097 3792 1150 ab

2271 1198 2490 1252 honore
2516 1198 2742 1268 oportet
2781 1192 3087 1261 removeri;
3118 1191 3165 1245 si
3191 1193 3374 1246 autem
3409 1190 3463 1243 in
3504 1188 3700 1259 pristino
3720 1191 3791 1242 ho-

2275 1305 2412 1344 nore
2439 1287 2773 1360 presbyterii
2801 1287 2921 1340 vult
2949 1289 3122 1354 stare,
3157 1301 3268 1338 non
3308 1285 3511 1338 vetetur
3536 1287 3590 1335 ut
3614 1282 3796 1352 gradum

2272 1399 2444 1454 quem
2502 1381 2703 1435 habuit
2736 1380 2997 1435 retineat.
3044 1377 3204 1442 Quod
3255 1376 3299 1430 si
3344 1376 3615 1430 reluctatus
3655 1375 3794 1439 fuerit,

2273 1471 2446 1526 etiam
2472 1470 2540 1524 ab
2568 1471 2780 1524 honore
2811 1466 3150 1539 presbyterii
3177 1466 3501 1536 deponatur.

2343 1566 2466 1619 XIII.
2496 1563 2550 1620 Si
2580 1563 2707 1634 quis
2751 1561 3048 1634 episcopus
3078 1560 3138 1614 in
3162 1558 3434 1628 aliquibus
3473 1555 3798 1610 causationibus

2265 1658 2574 1728 judicatur,
2603 1662 2659 1710 et
2683 1655 2886 1709 viderit
2913 1654 3067 1725 ipsos
3095 1652 3382 1722 episcopos
3403 1649 3495 1722 qui
3514 1649 3566 1703 in
3586 1648 3800 1720 provincia

2192 1746 2250 1818 B
2274 1755 2405 1804 sunt
2424 1750 2574 1804 inter
2593 1765 2650 1803 se
2666 1747 2881 1819 judicio
2899 1746 3238 1816 discrepare,
3258 1749 3321 1798 ut
3339 1743 3426 1796 alii
3445 1741 3697 1796 videantur
3708 1755 3799 1793 eum

2275 1843 2370 1915 qui
2392 1843 2684 1914 judicatur
2704 1840 3036 1912 justiﬁcare,
3065 1838 3160 1892 alii
3207 1837 3579 1900 condemnare,
3603 1849 3686 1904 pro
3705 1831 3798 1886 deii-

2273 1937 2493 1992 nitione
2511 1935 2681 2006 hujus
2697 1931 3061 1988 dissensionis
3078 1932 3186 1986 hoc
3206 1929 3412 2002 placuit
3426 1932 3598 1982 sancto
3612 1925 3799 1986 concilio,

2277 2035 2337 2084 ut
2373 2030 2443 2083 de
2490 2028 2778 2100 provincia
2804 2027 2987 2080 vicina
3012 2026 3155 2079 alter
3185 2022 3627 2092 metropolitanus
3656 2033 3801 2072 convo-

2274 2124 2435 2175 cetur
2453 2121 2764 2192 episcopus,
2783 2123 2848 2174 ut
2866 2135 2968 2189 per
2988 2133 3123 2172 eum
3141 2115 3504 2171 conﬁrmetur
3527 2110 3656 2184 quod
3671 2125 3804 2164 secun-

2275 2214 2412 2269 dum
2442 2219 2656 2269 rectum
2685 2211 2960 2285 placuerit
2984 2226 3278 2266 canonem.

2346 2309 2474 2362 XIV.
2507 2307 2562 2363 Si
2586 2306 2711 2378 quis
2740 2306 3037 2377 episcopus
3063 2303 3221 2366 nulla
3247 2299 3609 2356 ecclesiastica
3635 2293 3805 2350 rationis

2278 2401 2605 2456 necessitate
2630 2399 2947 2471 compulsus
2968 2397 3145 2452 inscio
3168 2388 3342 2463 clero,
3366 2398 3461 2448 aut
3487 2391 3570 2446 ubi
3592 2391 3712 2445 forte
3728 2403 3806 2441 non

2277 2496 2360 2549 est
2401 2494 2696 2564 presbyter
2737 2493 2806 2547 de
2852 2491 3017 2546 rebus
3065 2488 3448 2545 ecclesiasticis
3489 2482 3673 2556 aliquid
3709 2496 3806 2552 pre-

2277 2585 2578 2658 sumpserit
2617 2585 2882 2653 vendere,
2929 2601 3018 2639 res
3058 2583 3211 2654 ipsas
3253 2580 3488 2636 ecclesia
3525 2574 3727 2649 propria
3748 2588 3808 2627 re-

2277 2682 2525 2734 staurare
2538 2682 2797 2750 cogatur,
2815 2681 2871 2732 et
2885 2677 2943 2731 in
2957 2676 3170 2747 judicio
3189 2675 3568 2746 episcoporum
3585 2666 3811 2738 dejiciatur

2274 2773 2519 2840 auditus,
2553 2778 2610 2827 et
2651 2777 2926 2843 tanquam
2968 2770 3106 2825 furti
3133 2775 3235 2825 aut
3270 2766 3537 2823 latrocinii
3567 2779 3675 2818 reus
3695 2777 3722 2814 ε.
3742 2773 3810 2813 suo

2275 2866 2528 2938 privetur
2554 2867 2793 2920 honore.

2345 2960 2449 3013 XV.
2489 2959 2625 3023 Qua
2655 2961 2788 3013 sunt
2813 2957 3059 3012 ecclesia
3095 2952 3417 3011 conservari
3456 2947 3706 3008 communi
3727 2941 3810 3000 dili-

2278 3054 2486 3124 gentia,
2523 3059 2578 3108 et
2626 3052 2775 3107 bona
2815 3049 3171 3118 conscientia,
3222 3054 3279 3104 et
3321 3048 3426 3103 fide
3465 3044 3554 3101 Dei
3577 3041 3659 3115 qui
3680 3038 3813 3093 omnia

2276 3147 2448 3213 videt,
2479 3151 2535 3200 et
2556 3145 2778 3216 judicat
2817 3143 3130 3216 gubernari
3172 3145 3400 3213 oportet
3441 3154 3563 3194 cum
3593 3132 3760 3207 judicio
3778 3134 3814 3183 et

2275 3241 2553 3311 potestate
2572 3238 2840 3310 episcopi,
2862 3237 2955 3294 cui
2971 3240 3029 3292 et
3049 3235 3238 3292 omnis
3263 3233 3502 3306 populus
3516 3233 3566 3286 et
3579 3237 3814 3298 congrega-

2277 3333 2356 3387 tio
2381 3330 2684 3387 commissa
2709 3336 2794 3386 est
2817 3330 3160 3384 animarum.
3180 3327 3469 3384 Manifesta
3484 3327 3653 3379 autem
3667 3315 3816 3374 debent

2279 3442 2398 3480 esse
2427 3441 2554 3498 qua
2601 3424 2676 3479 ad
2719 3424 3012 3480 ecclesiam
3042 3423 3335 3495 pertinent
3358 3420 3418 3475 in
3442 3413 3734 3474 conscientia
3751 3424 3814 3462 eo-

2277 3535 2428 3588 rum,
2459 3517 2558 3589 qui
2581 3518 2730 3572 circa
2755 3517 3044 3587 episcopos
3066 3519 3200 3570 sunt
3223 3514 3513 3587 presbyter
3531 3513 3580 3566 et
3598 3507 3813 3564 diaconus.

2279 3615 2344 3667 ut
2367 3612 2428 3667 hi
2456 3627 2652 3666 omnes
2677 3610 2855 3664 sciant
2885 3625 3011 3681 qua
3039 3613 3170 3664 sunt
3195 3608 3448 3664 ecclesia
3485 3601 3702 3678 propria,
3725 3592 3816 3650 utsi

2279 3705 2528 3778 episcopi
2550 3703 2849 3775 contigerit
2872 3702 3166 3772 transitus,
3204 3719 3302 3757 eos
3332 3700 3472 3756 nihil
3512 3700 3664 3752 latere
3695 3686 3817 3762 possit

2280 3816 2346 3854 ex
2372 3799 2460 3854 his
2483 3814 2611 3870 qua
2653 3797 2723 3851 ad
2750 3796 3045 3852 ecclesiam
3089 3796 3404 3868 pertinent,
3448 3797 3509 3847 ut
3547 3787 3679 3844 nullo
3699 3779 3818 3870 modo

2280 3893 2499 3965 possint
2520 3891 2702 3945 minui
2722 3893 2780 3944 et
2799 3891 3006 3962 perire,
3041 3906 3228 3961 neque
3262 3905 3352 3944 res
3380 3883 3611 3960 propria
3637 3869 3818 3951 episcopi

2282 3963 2493 4041 debent
2517 3983 3017 4055 importunitatem
3049 3999 3150 4054 pro
3175 3983 3349 4038 rebus
3378 3977 3607 4036 ecclesia
3630 3969 3738 4045 pati.
3762 3963 3820 4018 Di-

2283 4095 2464 4150 gnum
2482 4094 2616 4133 vero
2639 4082 2694 4132 et
2713 4077 2936 4148 justum
2961 4079 3047 4130 est
3071 4075 3225 4146 apud
3251 4077 3429 4130 Deum
3451 4075 3504 4128 et
3530 4064 3762 4127 homines,
3779 4055 3822 4110 ut

2283 4189 2348 4228 ea
2373 4189 2497 4244 qua
2522 4171 2630 4242 ipsi
2657 4169 2888 4242 propria
2911 4173 3060 4240 sunt,
3088 4169 3180 4224 cui
3205 4167 3448 4223 voluerit
3465 4155 3822 4230 derelinquam

2282 4282 2410 4338 qua
2441 4265 2686 4320 ecclesia
2726 4265 2858 4318 sunt
2901 4263 3086 4318 eidem
3113 4263 3518 4317 conserventur
3539 4250 3760 4312 ecclesia,
3782 4244 3822 4294 Ill

2281 4376 2387 4414 nec
2414 4358 2645 4414 ecclesia
2675 4357 2918 4428 patiatur
2941 4357 3236 4425 damnum,
3266 4371 3451 4426 neque
3484 4350 3734 4422 episcopus
3751 4349 3820 4408 PFO

2282 4452 2451 4508 rebus
2478 4450 2722 4506 ecclesia
2744 4451 2800 4505 in
2821 4451 2935 4505 suis
2961 4449 3371 4522 proscribatur,
3391 4462 3462 4501 ne
3488 4446 3603 4516 post
3624 4438 3722 4509 ejus
3745 4426 3824 4485 obi-

2283 4549 2408 4601 tum
2437 4546 2496 4600 in
2525 4561 2722 4599 causas
2765 4544 3034 4612 incidant,
3063 4542 3162 4614 qui
3200 4542 3271 4598 ad
3309 4557 3440 4596 eum
3471 4533 3734 4610 pertinent,
3755 4533 3824 4576 ηδε

2281 4640 2401 4711 ipse
2423 4639 2482 4692 in
2504 4637 2872 4692 maledictum
2897 4636 3147 4691 incidere
3173 4636 3458 4690 videatur.

2353 4733 2480 4787 XVI.
2514 4731 2819 4803 Episcopus
2844 4729 3050 4785 habeat
3075 4731 3414 4801 potestatem
3444 4724 3501 4780 in
3530 4721 3677 4778 rebus
3698 4709 3825 4803 cedes

2285 4828 2399 4896 sia,
2427 4831 2491 4881 ut
2517 4798 2801 4897 dispenset
2827 4798 3221 4879 necessitatem
3248 4819 3577 4877 habentibus
3595 4826 3706 4869 eum
3718 4798 3827 4897 οιιωξ

2284 4894 2689 4978 reverentia—et
2708 4920 2915 4974 timore
2934 4917 3056 4974 Dei.
3083 4916 3428 4987 Participare
3455 4917 3512 4969 et
3533 4923 3649 4966 eum
3665 4894 3829 4973 οροτίεί

2284 5033 2409 5088 qua
2435 5013 2748 5070 necessaria
2774 5014 2925 5079 sunt,
2956 5010 3002 5065 si
3028 5014 3224 5066 tamen
3263 5007 3407 5080 ipse,
3436 5009 3532 5062 aut
3555 5000 3764 5074 quicum
3784 5000 3828 5041 εο

2285 5113 2416 5164 sunt
2475 5109 2676 5163 fratres
2732 5104 3087 5176 indiguerint
3134 5104 3345 5175 aliquo,
3398 5103 3460 5156 ut
3511 5088 3826 5152 necessitatem

2287 5202 2610 5258 nullomodo
2623 5199 2913 5271 patiantur
2925 5198 3236 5253 secundum
3249 5195 3576 5268 Apostolum
3586 5183 3828 5244 dicentem:

2287 5297 2444 5351 Victu
2469 5299 2525 5350 et
2548 5297 2879 5365 tegumento
2910 5293 2998 5348 his
3023 5291 3273 5347 contenti
3294 5305 3502 5344 sumus.
3525 5284 3577 5340 Si
3599 5283 3755 5336 autem
3771 5279 3830 5320 rei

2287 5388 2685 5444 ecclesiasticas
2715 5387 3010 5460 episcopus
3037 5386 3096 5440 in
3137 5401 3265 5440 suas
3295 5383 3600 5439 voluntates
3622 5372 3831 5436 usurpare

2285 5483 2547 5551 voluerit,
2569 5485 2623 5537 et
2637 5483 2760 5537 loca
2780 5480 3026 5536 ecclesia
3043 5485 3098 5536 et
3113 5479 3331 5534 fructus
3352 5486 3612 5548 agrorum
3632 5479 3722 5519 non
3741 5467 3831 5511 cum

2285 5577 2746 5651 presbyterorum
2760 5575 2846 5630 vel
2866 5575 3232 5629 diaconorum
3247 5570 3423 5627 consil
3434 5569 3483 5622 io
3498 5555 3832 5621 contaminati»L

2286 5642 2379 5742 rit,
2408 5642 2507 5726 aut
2545 5670 2814 5725 fratribus
2839 5669 2924 5723 vel
2951 5662 3080 5722 filiis
3106 5667 3190 5722 vel
3217 5665 3630 5738 quibuscunque
3657 5642 3831 5742 pYOPln‘

2286 5739 2412 5838 quis
2437 5763 2658 5819 dederit
2673 5764 3030 5834 potestatem,
3047 5767 3111 5816 ut
3131 5776 3231 5832 per
3247 5775 3342 5814 eos
3364 5754 3596 5811 latenter
3616 5739 3836 5801 ladanlur
