3946 6180
147 349 219 400 58f
1296 338 1770 395 DECRETALIUM
1808 340 2191 395 COLLECTIO.

3306 343 3408 396 582

145 469 211 506 res
234 447 457 516 ecclesiae,
484 449 628 501 hunc
670 451 893 518 oportet
934 447 1241 502 obnoxium
1271 465 1390 502 esse
1419 449 1675 503 concilio.
1704 463 1761 534 Α
1780 453 2036 518 tempore
2067 448 2123 501 in
2155 447 2346 518 aliquo
2377 448 2534 518 gravi
2562 451 2792 518 peccato
2823 463 2855 501 a
2883 447 3102 500 duobus
3123 447 3207 499 vel
3229 447 3410 501 tribus

139 545 212 599 Sin
236 543 376 596 aliter
396 541 677 611 episcopus
707 543 792 594 vel
824 542 922 612 qui
953 558 1082 595 cum
1109 559 1176 595 eo
1205 546 1338 595 sunt
1371 543 1683 612 presbyteri

139 643 211 692 aut
229 635 414 690 diaconi
439 638 786 702 accusentur,
817 635 949 705 quia
979 650 1106 705 quae
1134 651 1198 688 ex
1241 635 1467 688 redditu
1498 635 1583 688 vel
1617 651 1686 688 ex

132 730 336 803 quolibet
376 731 491 781 actu
520 727 761 782 ecclesiae
791 727 1023 782 veniunt
1062 728 1123 781 in
1173 728 1327 781 sinus
1365 743 1497 780 suos
1526 727 1684 780 colli-

135 828 258 894 gunt,
286 828 334 875 et
357 836 618 891 pauperes
647 820 914 874 fraudant
945 824 1000 874 et
1036 820 1184 874 fame
1227 820 1554 888 conﬁciunt,
1584 821 1687 874 hos

129 916 246 970 enim
265 913 453 984 corripi
478 916 694 983 oportet
713 914 1025 968 secundum
1047 913 1202 984 quod
1227 913 1551 967 ordinatum
1571 913 1688 967 fue-

128 1009 229 1062 rita
248 1012 418 1060 sancto
443 1006 691 1060 concilio.

177 1120 300 1173 XVII.
343 1116 390 1172 Si
432 1118 556 1188 quis
599 1118 916 1189 presbyter,
966 1124 1064 1173 aut
1110 1118 1380 1172 diaconus
1423 1119 1686 1173 inventus

124 1211 257 1264 fuerit
278 1210 471 1281 aliquid
503 1210 572 1264 de
613 1211 943 1264 ministeriis
973 1211 1220 1265 ecclesiae
1248 1211 1683 1278 venundedisse,

121 1303 221 1374 quia
233 1302 566 1374 sacrilegium
580 1303 1100 1375 commisit,p1acuit
1111 1321 1236 1358 eum
1254 1307 1310 1358 in
1325 1304 1686 1358 ordinatione

122 1395 440 1449 ecclesiastica
468 1412 584 1450 non
611 1397 833 1451 haberi.
875 1398 933 1450 In
972 1397 1188 1468 judicio
1215 1400 1409 1452 tamen
1437 1397 1683 1468 episcopi

119 1488 432 1543 dimittendus
460 1494 562 1557 est,
584 1490 695 1543 sive
724 1490 950 1560 dignus,
971 1491 1085 1543 sive
1111 1490 1380 1562 indignus
1403 1491 1461 1544 in
1485 1508 1584 1544 suo
1603 1507 1688 1544 re-

118 1581 200 1652 cipi
219 1582 394 1638 debeat
414 1584 615 1655 gradu,
637 1584 770 1655 quia
790 1585 1081 1639 multoties
1097 1586 1203 1639 hoc
1229 1584 1417 1656 ipsum
1440 1585 1591 1656 quod
1615 1585 1684 1639 de

115 1691 238 1728 sacro
262 1681 436 1731 sancto
479 1677 682 1730 altario
726 1678 1186 1733 contaminatum
1217 1685 1301 1733 est
1344 1679 1403 1732 in
1440 1678 1686 1750 episcopi

116 1772 342 1836 potestate
366 1769 663 1824 dimissum
690 1774 793 1824 est.

168 1879 314 1932 XVIII.
353 1882 588 1951 Propter
635 1880 1032 1936 ecclesiasticas
1072 1899 1232 1936 curas
1278 1887 1335 1936 et
1376 1846 1762 1936 altercatio-B

113 1987 228 2025 num
251 1972 538 2028 solutiones
571 1973 718 2028 bene
746 1975 955 2044 placuit
975 1991 1076 2046 per
1095 1975 1345 2046 singulas
1372 1975 1687 2046 provincias

110 2063 179 2116 bis
192 2064 238 2118 in
252 2082 383 2120 anno
404 2067 709 2121 concilium
729 2068 870 2134 fieri,
885 2073 1225 2122 convocante
1242 2067 1687 2138 metropolitano

111 2157 323 2228 episcopo
346 2176 540 2213 omnes
561 2159 932 2230 provinciales
961 2160 1271 2232 episcopos,
1286 2160 1364 2213 ita
1384 2165 1448 2214 ut
1471 2159 1543 2213 ad
1563 2176 1688 2214 con-

107 2249 264 2304 cilium
291 2253 605 2322 praecedant
644 2269 843 2306 omnes
887 2254 1202 2324 presbyteri
1229 2258 1285 2308 et
1314 2253 1596 2319 diacones,
1624 2255 1689 2306 ut

109 2357 266 2396 eorum
285 2344 376 2414 qui
397 2363 452 2400 se
469 2347 637 2399 laesos
660 2345 987 2400 existimant
1011 2345 1069 2398 in
1098 2345 1335 2400 concilio
1363 2362 1544 2400 causa
1567 2362 1689 2399 exa-

107 2435 295 2490 minata
321 2439 387 2492 ad
404 2440 630 2509 justum
665 2437 944 2509 judicium
989 2439 1395 2510 perducantur.
1425 2441 1491 2494 Et
1517 2439 1560 2492 si
1590 2439 1687 2511 qui

106 2529 357 2584 manifeste
387 2531 668 2602 episcopi,
699 2532 787 2585 vel
833 2531 1172 2603 presbyteri,
1205 2538 1301 2587 aut
1346 2533 1573 2587 diaconi
1601 2533 1686 2586 in-

104 2621 221 2674 venti
245 2623 445 2679 fuerint
470 2625 534 2678 in
570 2625 782 2679 offensa
817 2625 1127 2679 secundum
1155 2627 1438 2680 rationem
1467 2642 1688 2680 excom-

103 2714 436 2784 municentur,
485 2717 751 2788 quandiu
801 2718 1092 2772 communi
1147 2735 1428 2773 consensu
1481 2719 1550 2772 de
1600 2719 1688 2772 his

101 2804 330 2872 placuerit
375 2809 512 2864 dare
565 2810 927 2865 sententiam.
977 2811 1124 2864 Nulli
1179 2815 1370 2866 autem
1425 2812 1686 2883 episcopo

101 2895 458 2972 liceatprOpria
471 2903 630 2974 apud
647 2905 1019 2976 semetipsum
1035 2904 1273 2958 concilia
1287 2905 1468 2960 facere
1480 2908 1689 2976 praeter

103 3003 174 3044 eos
201 2994 386 3063 quibus
418 2999 772 3068 metropoles
800 3003 930 3052 sunt
959 2997 1211 3053 creditae.

154 3102 260 3157 XIX.
287 3107 363 3161 Ad
393 3108 710 3163 concilium
741 3114 1078 3164 convocatus
1124 3110 1423 3181 episcopus
1449 3128 1563 3164 non
1589 3111 1686 3165 de-

1786 543 1954 596 fuerit
1974 542 2243 608 devictus,
2259 542 2544 611 depositus
2565 543 2631 595 de
2656 542 2834 610 gradu
2861 557 2961 593 suo
2987 545 3166 593 cesset
3184 557 3216 592 a
3234 541 3402 594 clero.

1786 635 1839 690 Si
1865 635 1989 705 quis
2019 641 2216 687 contra
2267 635 2524 703 regulam
2567 635 2750 687 facere
2783 633 3224 704 prmsumpserit,
3255 634 3405 704 quod

1787 727 1858 781 sit
1882 727 2196 780 contrarius
2223 727 2418 797 magni
2449 727 2670 780 concilii
2695 727 3028 796 projiciatur
3052 743 3084 780 a
3113 728 3282 780 clero.

1857 844 2030 899 XXIII.
2061 843 2342 897 Poenitens
2369 847 2589 896 tantum
2631 843 2676 895 si
2700 843 3005 895 necessitas
3028 846 3124 895 aut
3157 859 3285 896 usus
3317 860 3409 896 co-

1785 937 1966 1007 egerit
1992 937 2142 990 inter
2172 937 2432 990 ostiarios
2477 937 2631 1006 prius
2676 934 2985 1005 deputetur
3024 935 3109 989 vel
3155 935 3304 989 inter
3335 938 3410 990 le-

1787 1033 1990 1097 ctores,
2019 1030 2098 1083 ita
2127 1036 2186 1083 ut
2214 1029 2520 1099 Evangelia
2545 1029 2630 1082 vel
2659 1028 2992 1098 Apostolum
3020 1029 3190 1098 legat.
3211 1030 3264 1083 Si
3283 1030 3410 1100 quis

1787 1127 1977 1177 autem
2023 1128 2149 1176 ante
2202 1122 2490 1175 ordinatus
2547 1127 2649 1189 est,
2701 1121 2851 1174 inter
2894 1120 3266 1173 subdiaconos
3315 1121 3414 1174 ha-

1785 1216 2003 1280 beatur,
2034 1215 2112 1268 ita
2137 1220 2198 1268 ut
2224 1232 2424 1268 manus
2455 1231 2568 1268 non
2596 1214 2867 1284 imponat,
2892 1217 2990 1266 aut
3018 1230 3177 1266 sacra
3199 1214 3414 1267 contin-

1787 1313 1901 1378 gat.
1931 1310 2007 1362 Ex
2038 1308 2344 1378 pcenitente
2374 1308 2523 1361 enim
2553 1307 2810 1375 dicimus,
2846 1305 2914 1359 de
2945 1323 3008 1360 eo
3035 1306 3130 1377 qui
3159 1311 3286 1377 post
3313 1306 3413 1360 ba-

1786 1401 2059 1472 ptismum
2083 1418 2182 1471 pro
2201 1400 2530 1468 homicidio,
2550 1406 2646 1454 aut
2672 1417 2776 1471 pro
2803 1399 3038 1453 diversis
3063 1399 3414 1465 criminibus,

1786 1498 1884 1548 aut
1909 1494 2254 1564 gravissimis
2295 1493 2538 1565 peccatis
2579 1493 2862 1563 publicam
2892 1493 3287 1562 paenitentiam
3317 1492 3418 1546 sub

1786 1587 1965 1641 cilicio
1996 1603 2195 1657 gerens
2223 1587 2414 1640 divino
2444 1586 2619 1640 fuerit
2643 1586 3038 1640 reconciliatus
3068 1586 3292 1640 altario.

1855 1698 2024 1752 XXIV.
2056 1697 2110 1752 Si
2143 1698 2267 1768 quis
2296 1697 2592 1767 presbyter
2629 1701 2725 1750 aut
2755 1696 3026 1749 diaconus
3061 1697 3180 1750 sine
3225 1696 3417 1767 aliqua

1787 1789 2204 1845 examinatione
2235 1789 2482 1843 ordinati
2509 1793 2659 1855 sunt,
2695 1792 2791 1841 aut
2821 1793 2994 1856 certe,
3019 1805 3148 1841 cum
3178 1788 3415 1842 discute-

1785 1886 2004 1949 rentur,
2026 1883 2261 1937 confessi
2292 1887 2422 1936 sunt
2452 1883 2754 1936 criminosa
2780 1887 3010 1951 peccata
3037 1897 3155 1947 sua,
3177 1884 3273 1933 aut
3291 1885 3418 1950 post

1788 1976 2207 2030 ordinationem
2256 1975 2326 2028 ab
2366 1975 2489 2028 aliis
2542 1980 2673 2028 sunt
2719 1975 2944 2041 detecti,
2973 1974 3312 2044 abjiciantur
3351 1990 3417 2027 ex

1786 2069 1955 2123 clero.
1978 2068 2247 2124 Similiter
2259 2084 2392 2121 vero
2417 2071 2474 2120 et
2498 2067 2568 2121 de
2586 2067 2847 2121 universo
2862 2066 3058 2120 ordine
3081 2066 3414 2120 clericorum

1787 2167 2056 2228 servetur,
2094 2178 2227 2215 nam
2273 2162 2377 2214 hoc
2421 2160 2525 2214 sibi
2579 2161 2736 2231 quod
2788 2159 3283 2232 irreprehensibile
3334 2164 3419 2212 est

1788 2260 1982 2310 sancta
2012 2255 2281 2309 catholica
2301 2253 2558 2307 defendit
2588 2254 2852 2307 Ecclesia.

1858 2358 2004 2410 XXV.
2034 2357 2088 2412 Si
2119 2357 2245 2428 quis
2274 2356 2568 2427 presbyter
2595 2358 2727 2409 ante
2759 2355 3174 2408 ordinationem
3216 2371 3412 2424 pecca-

1786 2451 1946 2516 verit,
1979 2456 2033 2504 et
2064 2455 2192 2520 post
2217 2449 2637 2503 ordinationem
2663 2454 2953 2518 peccatum
2985 2448 3266 2502 confessus
3291 2447 3416 2502 fue-

1786 2545 1862 2598 rit
1888 2543 2041 2614 quod
2067 2546 2199 2596 ante
2229 2542 2458 2607 erravit,
2479 2559 2593 2595 non
2614 2540 2834 2606 offerat,
2854 2540 2952 2594 sed
2981 2544 3174 2594 tamen
3204 2557 3310 2611 pro
3337 2557 3418 2594 re-

1787 2636 1995 2707 ligione
2023 2652 2231 2690 nomen
2272 2634 2586 2706 presbyteri
2611 2639 2827 2704 portet;
2858 2633 2903 2686 si
2930 2639 3123 2687 autem
3157 2634 3276 2702 ipse
3302 2650 3418 2687 non

1789 2730 2095 2796 confessus,
2113 2729 2209 2783 sed
2226 2728 2295 2782 ab
2311 2728 2419 2781 alio
2436 2728 2661 2798 publice
2684 2727 2860 2780 fuerit
2886 2727 3194 2792 convictus,
3207 2742 3322 2779 non
3343 2725 3417 2780 ad

1788 2824 1897 2878 hoc
1923 2824 2108 2894 ipsum
2137 2822 2348 2876 habeat
2377 2825 2736 2892 potestatem,
2766 2823 2830 2873 ut
2859 2836 3071 2873 nomen
3101 2818 3419 2889 presbyteri

1787 2921 1992 2989 portet.
2023 2915 2295 2971 Similiter
2327 2920 2382 2968 et
2409 2915 2478 2968 de
2504 2912 2839 2967 diaconibus
2870 2912 3287 2967 observandum
3313 2918 3416 2981 est,

1787 3016 1852 3065 ut
1877 3011 1923 3064 si
1947 3009 2067 3080 ipse
2096 3009 2384 3063 confessus
2411 3008 2581 3062 fuerit
2610 3007 2868 3061 ordinem
2911 3005 3239 3060 subdiaconi
3270 3006 3414 3060 acci-

1787 3104 1923 3175 piat.

100 3191 170 3248 bet
194 3204 572 3270 contemnere,
605 3203 704 3256 sed
728 3202 833 3270 ire,
857 3207 912 3256 et
938 3219 1006 3256 ea
1032 3220 1159 3274 quae
1187 3203 1260 3256 ad
1283 3204 1584 3258 utilitatem
1603 3221 1687 3258 ec-
1708 3208 1761 3280 ρ
1858 3207 2022 3260 XXVI.
2056 3204 2108 3259 Si
2139 3203 2264 3274 quis
2284 3202 2508 3256 viduam
2539 3207 2637 3256 aut
2660 3202 2730 3255 ab
2761 3202 2872 3256 alio
2902 3201 3223 3256 dimisssam
3252 3203 3420 3257 duxe-

101 3287 258 3358 clesize,
281 3294 364 3347 vel
394 3301 748 3350 caeterorum
771 3296 1068 3367 pertinent
1095 3297 1295 3351 docere
1322 3296 1368 3350 si
1395 3298 1570 3366 novit,
1590 3301 1688 3351 aut

95 3379 246 3438 doceri
271 3387 315 3440 si
341 3390 542 3457 nescit,
578 3405 711 3442 nam
737 3390 782 3442 si
811 3391 1214 3460 contempserit
1242 3389 1324 3444 ire
1351 3395 1510 3444 extra
1526 3391 1690 3461 aegri-

96 3474 329 3547 tudinem,
359 3497 491 3536 reus
521 3481 639 3537 erit
662 3482 898 3536 fraterni
929 3483 1169 3536 concilii.

145 3586 230 3642 XX.
264 3591 318 3645 Si
357 3593 487 3663 quis
536 3593 773 3664 triginta
817 3593 996 3648 etatis
1037 3609 1154 3647 suae
1204 3609 1321 3648 non
1370 3593 1690 3665 impleverit

95 3691 241 3735 annos
257 3685 404 3739 nullo
425 3686 612 3742 modo
633 3686 929 3757 presbyter
951 3686 1268 3753 ordinetur,
1291 3686 1507 3740 etiamsi
1530 3687 1688 3742 valde

90 3770 144 3823 sit
179 3774 388 3848 dignus,
419 3779 565 3850 quia
617 3783 674 3832 et
719 3780 838 3850 ipse
884 3780 1156 3833 Dominus
1197 3779 1490 3850 trigesimo
1535 3796 1686 3834 anno

90 3861 357 3933 baptizatus
406 3877 516 3939 est,
553 3876 613 3926 et
661 3872 738 3925 sic
783 3871 950 3943 coepit
999 3872 1220 3927 docere.
1270 3874 1504 3944 Oportet
1550 3889 1686 3943 ergo

86 3963 292 4030 eumqui
319 3964 684 4019 ordinandus
715 3969 798 4019 est
824 3981 1000 4036 usque
1026 3966 1098 4020 ad
1128 3966 1274 4020 hanc
1303 3969 1530 4020 aetatem
1552 3967 1688 4036 legi-

87 4048 249 4107 timam
272 4058 628 4112 conservari.

136 4159 240 4214 XXI.
266 4163 320 4216 Si
359 4167 493 4236 quis
521 4180 650 4236 prae
691 4165 1029 4236 aegritudine
1079 4166 1356 4220 naturalia
1386 4182 1419 4220 a
1457 4166 1689 4220 medicis

84 4247 248 4307 habuit
275 4261 448 4326 secta,
475 4259 749 4314 similiter
775 4265 830 4314 et
853 4260 953 4330 qui
981 4277 1013 4313 a
1032 4259 1286 4314 barbaris
1317 4265 1415 4313 aut
1443 4260 1690 4314 dominis

82 4346 231 4400 stultis
253 4349 472 4406 fuerint
499 4352 754 4420 castrati,
778 4358 833 4407 et
861 4352 1117 4407 moribus
1146 4353 1306 4423 digni
1334 4352 1547 4406 fuerint
1561 4352 1686 4423 visi,

81 4432 159 4489 hos
172 4455 335 4497 canon
364 4444 638 4500 admittit
657 4445 728 4499 ad
742 4445 1038 4500 clericatus
1059 4446 1310 4500 officium
1340 4446 1685 4516 promoveri.

1787 3300 1880 3367 rit,
1897 3315 2012 3351 non
2033 3296 2370 3350 admittatur
2390 3295 2459 3348 ad
2480 3296 2839 3363 clericatum;
2859 3295 3009 3365 quod
3037 3295 3082 3348 si
3104 3295 3422 3365 obrepserit

1787 3391 2097 3461 dejiciatur.
2134 3388 2409 3442 Similiter
2435 3387 2480 3440 si
2513 3387 2831 3452 homicidii,
2849 3392 2948 3441 aut
2966 3387 3134 3453 facto,
3162 3391 3261 3440 aut
3281 3403 3419 3456 prie-

1788 3487 1970 3554 cepto,
1995 3485 2094 3535 aut
2124 3481 2376 3548 consilio,
2408 3484 2506 3533 aut
2549 3480 2877 3533 assensione
2917 3483 3043 3549 post
3066 3479 3417 3550 baptismum

1787 3575 2044 3631 conscius
2072 3573 2264 3641 fuerit,
2293 3577 2349 3626 et
2374 3589 2478 3643 per
2507 3572 2756 3642 aliquam
2786 3572 3211 3644 subreptionem
3230 3574 3299 3628 ad
3317 3575 3423 3628 cle-

1787 3670 2026 3724 ricatum
2075 3667 2314 3733 venerit,
2345 3665 2662 3736 dejiciatur,
2714 3670 2772 3719 et
2810 3667 2870 3719 in
2905 3666 3077 3720 finem
3127 3668 3254 3721 vitae
3303 3685 3418 3721 suae

1788 3761 2246 3818 communionem
2274 3759 2528 3829 recipiat.

1859 3866 2053 3920 XXVII.
2084 3864 2141 3919 Si
2171 3863 2296 3933 quis
2338 3861 2632 3932 presbyter
2657 3865 2755 3914 aut
2784 3861 3052 3915 diaconus
3092 3862 3266 3916 fuerit
3295 3863 3413 3917 for-

1789 3960 2008 4013 nicatus
2037 3961 2136 4011 aut
2166 3956 2498 4022 moechatus,
2525 3954 2856 4026 projiciatur
2887 3958 2943 4008 et
2977 3960 3110 4026 agat
3138 3956 3416 4026 poeniten-

1788 4053 1925 4109 tiam
1937 4094 1950 4106 .
2521 4121 2534 4131 .

1859 4156 2084 4211 XXVIII.
2118 4154 2172 4210 Si
2213 4153 2342 4207 laici
2390 4169 2539 4207 uxor
2577 4152 2636 4205 in
2681 4150 2960 4205 adulterio
3006 4151 3177 4206 fuerit
3224 4152 3420 4223 depreo

1789 4250 1983 4316 hensa,
2011 4248 2103 4302 hic
2132 4248 2257 4301 talis
2288 4247 2360 4301 ad
2384 4244 2764 4300 ministerium
2795 4245 3233 4299 ecclesiasticum
3262 4247 3419 4300 nullo

1789 4344 1959 4397 modo
1983 4342 2315 4396 adducatur.
2342 4341 2401 4396 Si
2427 4343 2618 4394 autem
2648 4344 2773 4409 post
2799 4339 3223 4392 ordinationem
3253 4341 3424 4395 alicu-

1782 4437 1877 4507 jus
1891 4436 2079 4489 clerici
2097 4451 2236 4489 uxor
2253 4434 2564 4488 adulterata
2584 4433 2776 4498 fuerit,
2793 4432 3038 4486 dimittat
3053 4431 3100 4502 1
3119 4431 3245 4504 43
3260 4450 3386 4487 eam
3405 4452 3417 4498 ;

78 4527 119 4580 Si
140 4534 249 4601 quis
275 4542 476 4593 autem
507 4555 687 4593 sanus
723 4556 836 4594 non
869 4555 971 4609 per
1014 4539 1368 4610 disciplinam
1399 4540 1690 4611 religionis
1709 4571 1768 4643 D
1791 4529 1836 4583 si
1861 4531 2053 4582 autem
2079 4544 2211 4582 cum
2240 4527 2361 4597 ipsa
2389 4524 2630 4579 voluerit
2655 4541 3014 4595 permanere,
3045 4543 3078 4578 a
3110 4525 3420 4580 ministerio

84 4626 121 4643 -L
151 4625 188 4643 ,ι
238 4629 268 4643 ι·
403 4634 435 4643 ..
640 4633 654 4643 «ι
848 4633 861 4643 ιι
951 4634 959 4643 ο
999 4633 1008 4642 ι
1265 4635 1277 4643 .
1449 4635 1482 4643 ..
1575 4635 1610 4643 ,κ
1797 4623 2008 4643 -ιι-..---
2043 4621 2106 4643 -ZL

82 4626 122 4672 et
149 4625 520 4702 abstinentim,
554 4633 660 4686 sed
685 4649 786 4702 per
813 4633 1184 4687 abscisionem
1223 4635 1488 4703 plasmati
1517 4651 1550 4688 a
1575 4635 1690 4688 Deo

79 4724 310 4789 corporis,
329 4727 684 4782 existimans
708 4743 869 4796 posse
887 4743 920 4780 a
936 4742 994 4780 se
1016 4727 1270 4781 carnales
1295 4728 1692 4798 concupiscen-

79 4807 158 4863 tias
180 4820 486 4889 amputari,
523 4819 856 4874 castraverit
882 4836 959 4889 se,
987 4837 1104 4874 non
1148 4837 1280 4875 eum
1319 4821 1538 4875 admitti
1587 4822 1688 4875 de-

76 4909 323 4964 cernimus
335 4913 412 4967 ad
425 4913 674 4985 aliquod
685 4913 979 4967 clericatus
995 4913 1266 4984 officium;
1283 4915 1438 4986 quod
1453 4915 1498 4968 si
1518 4915 1689 4969 etiam

72 4992 168 5062 jam
208 5002 390 5058 fuerat
434 5009 752 5077 promotus
796 5005 868 5059 ad
909 5007 1145 5078 clerum,
1176 5007 1495 5078 prohibitus
1527 5024 1561 5061 a
1591 5024 1691 5061 suo

75 5091 358 5153 ministerio
386 5101 739 5172 deponatur.
1281 5083 1283 5085 1
1397 5101 1400 5103 Δ

127 5193 256 5253 XXII.
298 5200 408 5264 Qui
457 5201 788 5272 baptizatus
830 5203 1002 5258 fuerit
1037 5204 1160 5274 jam
1202 5207 1365 5258 aetate
1410 5203 1686 5275 legitima,

74 5299 166 5341 non
189 5295 463 5349 continuo
496 5295 699 5349 licebit
721 5313 850 5350 eum
871 5297 941 5351 ad
959 5297 1400 5351 ecclesiasticum
1426 5298 1688 5352 ordinem

73 5388 387 5455 Promoveri,
409 5389 557 5460 quia
580 5394 805 5459 oportet
830 5391 993 5445 illum
1015 5391 1172 5461 prius
1198 5391 1384 5446 doceri
1406 5391 1690 5462 quomodo

74 5477 221 5538 possit
259 5481 494 5549 docere,
539 5487 602 5534 et
644 5484 823 5537 multo
871 5487 1123 5554 tempore
1163 5488 1293 5554 post
1341 5485 1689 5555 baptismum

75 5568 288 5641 PPObari,
310 5580 373 5629 ut
389 5575 553 5629 bene
575 5575 845 5644 probatus
856 5577 1045 5631 veniat
1061 5578 1126 5631 ad
1141 5579 1356 5631 clerum
1378 5578 1688 5632 secundum

76 5672 397 5735 praeceptum
450 5669 711 5738 Apostoli
764 5670 1002 5725 dicentis
1053 5687 1065 5724 :
1115 5691 1142 5720 «
1187 5671 1568 5743 Neophytum,
1620 5689 1691 5727 ne

74 5749 193 5811 forte
217 5757 274 5813 in
305 5761 651 5832 superbiam
681 5764 863 5818 elatus
888 5764 949 5818 in
979 5764 1258 5834 judicium
1284 5765 1499 5820 incidat
1521 5768 1579 5819 et
1607 5767 1689 5821 la-

69 5859 248 5916 queum
282 5853 505 5908 diaboli
537 5855 600 5924 (Ῑ
624 5859 757 5912 Tim.
790 5874 868 5925 m,
893 5860 966 5930 6).
998 5877 1025 5908 »
1053 5859 1110 5913 Si
1139 5864 1326 5914 autem
1358 5861 1692 5915 succedente

1793 4623 2012 4676 alienus
2041 4621 2127 4675 sit.

1862 4726 2031 4779 XXIX.
2097 4723 2152 4777 Si
2212 4739 2323 4793 qua
2387 4721 2552 4775 vidua
2606 4721 2872 4790 episcopi,
2929 4722 3016 4774 vel
3078 4721 3416 4794 presbyteri,

1790 4824 1889 4873 aut
1954 4817 2178 4871 diaconi
2243 4816 2512 4869 maritum
2571 4814 2867 4884 acceperit,
2923 4815 3112 4868 nullus
3163 4817 3414 4885 clericus,

1794 4912 1947 4966 nulla
1973 4911 2233 4980 religiosa
2275 4925 2405 4961 cum
2433 4925 2500 4961 ea
2531 4907 2847 4960 convivium
2888 4913 3094 4975 sumat,
3124 4926 3419 4982 nunquam

1791 5004 2192 5072 communicet,
2222 5002 2484 5056 morienti
2515 5005 2739 5055 tantum
2770 5000 2821 5054 ei
2851 5008 3268 5058 sacramentum
3291 5007 3419 5060 sub-

1790 5099 1999 5154 veniat.

1862 5203 2011 5256 XXX.
2060 5201 2138 5254 De
2184 5199 2302 5253 ﬁlia
2336 5197 2599 5269 episcopi,
2631 5199 2718 5251 vel
2767 5199 3106 5269 presbyteri,
3145 5200 3256 5253 sive
3295 5201 3413 5255 dia-

1790 5297 1942 5364 coni,
1975 5296 2020 5349 si
2067 5296 2181 5348 Deo
2226 5293 2424 5348 devota
2469 5291 2641 5345 fuerit
2672 5296 2726 5345 et
2771 5293 3042 5346 maritum
3093 5292 3336 5361 duxerit,
3373 5294 3417 5346 si

1791 5407 1920 5446 eam
1948 5394 2112 5461 pater
2137 5388 2221 5442 vel
2249 5391 2433 5441 mater
2457 5385 2515 5439 in
2545 5385 2810 5439 affectum
2844 5385 3180 5456 receperint,
3206 5402 3238 5438 a
3267 5401 3415 5440 com-

1791 5483 2060 5538 munione
2077 5481 2395 5536 habeantur
2413 5479 2600 5532 alieni.
2624 5481 2788 5533 Pater
2802 5495 2931 5532 vero
2944 5495 3137 5531 causas
3157 5478 3213 5531 in
3237 5479 3418 5532 conci-

1790 5580 1866 5632 lio
1883 5595 1941 5632 se
1964 5576 2183 5631 noverit
2207 5578 2631 5646 praestaturum.
2652 5572 2847 5626 Mulier
2862 5587 2994 5624 vero
3013 5587 3128 5624 non
3155 5571 3417 5627 admitta-

1789 5676 1884 5727 tur
1901 5672 1974 5726 ad
1987 5669 2469 5737 communionem,
2485 5667 2591 5721 nisi
2606 5665 2808 5720 marito
2825 5664 3091 5718 defuncto
3106 5665 3288 5734 egerit
3303 5683 3414 5736 poe-

1791 5765 2112 5819 nitentiam.
2128 5763 2222 5818 Sin
2238 5767 2430 5817 autem
2443 5761 2662 5814 vivente
2678 5757 2974 5812 recesserit
2988 5759 3045 5810 et
3064 5758 3416 5830 paenituerit,

1793 5859 2253 5913 communionem
2278 5855 2333 5909 in
2352 5854 2558 5909 ultimo
2579 5854 2690 5906 fine
2705 5851 2832 5905 vita:
2857 5850 3145 5920 deﬁciens,
3161 5852 3423 5926 accipiat.
