3946 6180
516 316 616 370 583

1401 305 1688 362 APPEND.
1727 307 1814 362 AD
1853 306 2012 361 S/EC.
2052 306 2139 361 IX.
2169 335 2237 346 -—
2275 305 2518 361 ISIDORI
2556 300 2978 360 MERCATORIS
3664 313 3736 367 535,

590 421 760 476 XXXI.
836 417 1106 471 Devotam
1179 418 1511 486 peccantem
1586 432 1699 468 non
1750 414 2139 484 recipiendam
2159 427 2219 500 Α
2239 414 2386 468 libus
2409 412 2564 467 laicis
2591 412 2661 466 sit
2685 412 3003 480 decretum,
3036 410 3084 464 si
3114 409 3173 464 in
3196 408 3419 482 aliquam
3455 411 3640 469 heresis
3661 420 3744 488 opi-

514 515 575 568 in
637 510 890 576 ecclesia,
957 509 1064 563 nisi
1123 524 1356 579 peccare
1435 506 1682 574 desierit,
1749 510 1805 561 et
1878 507 2138 561 desinens

515 605 697 678 egerit
741 607 934 676 aptam
981 601 1372 672 paenitentiam
1418 601 1618 655 decem
1671 601 1852 670 annis,
1903 604 1959 654 et
2001 601 2140 654 reci-

509 701 627 771 piat
653 695 1140 752 communionem.
1174 695 1332 748 Prius
1361 698 1550 749 autem
1589 710 1762 764 quam
1803 695 1863 747 in
1907 693 2140 747 ecclesia

507 791 859 859 admittatur,
909 789 980 843 ad
1035 788 1369 854 orationem,
1420 788 1490 841 ad
1560 787 1768 841 nullius
1823 786 2141 840 convivium

510 884 834 940 christianae
860 881 1116 936 mulieris
1142 881 1400 947 accedat;
1435 880 1585 951 quod
1611 880 1655 934 si
1685 879 1928 934 admissa
1948 879 2137 945 fuerit,

511 978 688 1033 etiam
738 977 862 1030 haec
915 991 1044 1046 qua:
1095 990 1226 1028 eam
1276 972 1557 1044 receperit
1603 973 1876 1027 habeatur
1918 972 2136 1041 absens,

509 1074 907 1140 corruptorem
958 1066 1133 1121 etiam
1188 1082 1292 1136 par
1344 1082 1512 1136 poena
1582 1065 1953 1136 constringat.
2005 1066 2139 1128 Quae

507 1169 701 1218 autem
775 1161 1050 1215 maritum
1125 1160 1427 1230 acceperit,
1480 1175 1597 1212 non
1663 1158 1994 1212 admittatur
2067 1157 2140 1210 ad

511 1253 930 1327 paenitentiam,
994 1253 1104 1306 nisi
1177 1251 1361 1306 adhuc
1436 1252 1660 1305 vivente
1729 1251 1852 1321 ipso
1931 1250 2138 1304 marito

510 1351 661 1402 caste
689 1347 910 1416 vixerit,
938 1351 1035 1400 aut
1059 1349 1360 1416 postquam
1403 1344 1522 1415 ipse
1557 1345 1627 1398 de
1669 1345 1774 1397 hac
1805 1343 1913 1398 vita
1954 1344 2141 1398 deces-

511 1440 664 1496 serit.

579 1533 771 1587 XXXII.
848 1532 1044 1585 Nullus
1140 1531 1458 1602 episcopus,
1537 1545 1720 1600 neque
1820 1530 2137 1600 presbyter,

513 1642 697 1696 neque
754 1625 1046 1693 diaconus,
1099 1640 1282 1695 neque
1331 1623 1562 1677 omnino
1615 1622 1817 1693 aliquis
1878 1640 1946 1677 ex
1995 1623 2142 1677 clero

510 1714 800 1773 licentiam
829 1717 1036 1771 habeat
1059 1716 1480 1771 intromittendi
1513 1716 1584 1769 ad
1615 1732 1693 1782 se,
1727 1716 1885 1785 quasi
1914 1715 2136 1786 adopti-

511 1826 640 1865 vam
684 1809 933 1882 aliquam
982 1808 1308 1877 mulierem,
1355 1809 1514 1880 quasi
1559 1809 1620 1862 in
1670 1810 1792 1862 loco
1846 1808 1994 1876 ﬁliae,
2043 1792 2215 1862 autB

510 1893 735 1972 sororis,
779 1908 877 1958 aut
918 1903 1138 1971 matris,
1179 1903 1286 1958 nisi
1335 1903 1480 1956 forte
1530 1919 1785 1957 sororem
1829 1902 2009 1973 patris
2052 1903 2140 1956 vel

510 1997 729 2065 matris,
760 2002 817 2052 et
858 1997 983 2050 illas
1027 1996 1172 2050 solas
1213 2011 1487 2066 personas
1530 2011 1658 2065 quae
1690 1995 1759 2048 ab
1792 1995 1948 2048 omni
1994 1996 2140 2048 mala

512 2091 830 2161 suspicione
875 2089 1076 2143 alienas
1117 2093 1268 2142 sunt.
1322 2088 1594 2142 Similiter
1636 2091 1692 2142 et
1731 2087 2010 2158 religiosis
2056 2089 2139 2142 fe-

510 2183 682 2237 minis
724 2183 1003 2237 laicorum
1047 2181 1365 2234 alienorum
1412 2180 1858 2235 familiaritatem
1910 2187 1965 2235 et
2005 2197 2139 2235 con-

513 2275 754 2330 sortium
796 2274 1189 2345 prohibemus,
1233 2289 1434 2327 eorum
1477 2273 1709 2342 scilicet,
1753 2273 1852 2344 qui
1892 2290 1996 2328 nec
2045 2274 2140 2328 Dei

510 2367 707 2424 timori
768 2368 1023 2438 subjecti,
1077 2383 1182 2422 nec
1242 2366 1609 2421 continentiae
1677 2366 1925 2421 retinent
1983 2367 2142 2422 disci-

513 2461 746 2532 plinam.
1585 2475 1588 2478 ’

583 2554 802 2609 XXXIII.
842 2553 898 2608 Si
930 2552 1057 2624 quis
1095 2552 1154 2607 in
1201 2555 1533 2625 contemptu
1572 2553 1785 2624 positus
1825 2553 2139 2626 presbyter,

510 2646 609 2697 aut
649 2641 938 2709 diaconus,
967 2641 1052 2696 vel
1078 2641 1404 2712 quicunque
1449 2658 1518 2696 ex
1560 2644 1712 2697 clero
1742 2646 2041 2697 recesserit
2071 2642 2141 2697 ab

511 2735 749 2790 ecclesia
773 2751 892 2802 sua,
922 2735 1075 2788 nullo
1104 2735 1272 2789 modo
1298 2734 1359 2787 in
1383 2735 1492 2788 alia
1519 2735 1856 2806 suscipiatur
1891 2735 2140 2801 ecclesia,

512 2829 610 2884 sed
630 2829 862 2882 omnino
882 2827 1255 2898 compellatur
1278 2831 1342 2883 ut
1355 2827 1430 2882 ad
1450 2844 1610 2882 suam
1637 2833 1956 2883 revertatur
1974 2829 2143 2883 eccle-

512 2921 686 2992 siam;
713 2921 759 2975 si
786 2923 978 2976 autem
1003 2921 1381 2991 permanserit
1425 2921 1482 2975 in
1524 2921 1812 2992 superbia,
1843 2926 1899 2975 et
1937 2920 2144 2976 reverti

513 3014 783 3085 noluerit,
829 3014 1359 3069 excommunicetur
1402 3017 1460 3068 et
1514 3014 1861 3085 projiciatur.
1913 3015 1972 3069 Si
2019 3014 2144 3085 quis

512 3113 702 3164 autem
756 3108 1050 3179 episcopus
1112 3123 1279 3162 ausus
1340 3107 1513 3161 fuerit
1573 3123 1704 3162 eum
1757 3107 2018 3162 ordinare
2084 3107 2143 3160 in

513 3217 617 3256 sua
677 3200 928 3270 ecclesia,
982 3216 1102 3256 non
1166 3200 1552 3255 consentiente
1623 3199 1889 3271 episcopo
1962 3217 2062 3254 suo
2112 3218 2146 3254 a

515 3311 630 3366 quo
661 3294 910 3362 recessit,
942 3293 1222 3349 ordinatio
1254 3293 1402 3347 illius
1431 3309 1609 3348 vacua
1637 3291 1961 3364 deputetur.

581 3389 794 3442 XXXIV.
827 3388 882 3442 Si
927 3387 1054 3458 quis
1101 3386 1416 3458 presbyter,
1447 3392 1546 3442 aut
1586 3386 1882 3456 diaconus,
1911 3390 2008 3441 aut
2047 3387 2144 3442 ali-

512 3483 639 3555 quis
665 3482 736 3536 de
763 3481 912 3535 clero
950 3480 1242 3550 propriam
1286 3479 1578 3534 ecclesiam
1622 3480 2041 3551 derelinquens,
2072 3481 2144 3534 ad

511 3576 748 3631 alteram
774 3573 1071 3628 ecclesiam
1098 3572 1269 3642 vadit,
1294 3579 1349 3628 et
1375 3575 1554 3628 multo
1577 3577 1832 3645 tempore
1856 3574 1933 3628 ibi
1955 3574 2146 3628 demo-

511 3672 692 3737 ratur,
726 3667 964 3723 omnino
1009 3684 1306 3738 nunquam
1356 3667 1643 3721 ministret
1689 3667 1749 3720 in
1794 3668 1967 3737 clero,
2001 3673 2057 3722 et
2101 3668 2144 3721 si

512 3761 874 3818 admonuerit
899 3776 1032 3816 eum
1061 3761 1360 3832 episcopus
1385 3777 1539 3827 suus,
1572 3765 1638 3814 ut
1664 3760 1737 3814 ad
1763 3777 1923 3814 suam
1951 3759 2147 3815 redeat

513 3855 860 3928 parochiam,
895 3859 952 3910 et
972 3854 1158 3910 redire
1183 3853 1448 3924 noluerit,
1483 3852 1575 3907 ubi
1604 3859 1707 3921 est,
1732 3853 1811 3906 ibi
1847 3854 1917 3907 de
1957 3853 2144 3907 ofﬁcio

515 3967 616 4005 suo
644 3949 981 4020 deponatur,
1013 3949 1091 4001 ita
1115 3951 1180 4002 ut
1202 3963 1500 4018 nunquam
1543 3946 1601 4000 in
1627 3963 1795 4000 suum
1827 3949 2147 4000 revertatur

517 4043 762 4114 gradum
800 4045 1035 4112 propter
1072 4040 1454 4095 dissolutionis
1497 4044 1814 4111 peccatum.
1857 4039 1912 4093 Si
1953 4043 2146 4094 autem

517 4137 813 4206 episcopus
835 4135 980 4188 alter
1005 4149 1139 4187 eum
1181 4134 1456 4204 receperit
1485 4132 1582 4203 qui
1619 4133 1688 4186 de
1727 4135 1891 4186 reatu
1917 4132 2036 4202 ejus
2063 4136 2149 4186 est

518 4228 794 4294 conscius,
809 4229 1054 4297 oportet,
1068 4225 1256 4296 ipsum
1277 4227 1605 4297 episcopum
1624 4225 1744 4279 sine
1761 4225 2148 4296 increpatione

518 4321 578 4376 in
608 4319 898 4376 communi
925 4319 1170 4374 concilio
1197 4336 1316 4374 non
1338 4318 1590 4385 admitti,
1619 4323 1680 4373 ut
1706 4318 2148 4374 ecclesiasticum

518 4431 798 4472 canonem
822 4414 970 4469 ultra
995 4431 1113 4468 non
1144 4414 1340 4468 solvat.

2165 3153 2220 3228 C

2240 508 2472 561 nionem
2502 505 2717 559 fuerint
2743 504 3039 558 nominati.

2308 600 2550 654 XXXVII.
2593 598 2649 653 Si
2677 598 2802 669 quis
2828 598 3124 668 episcopus
3162 595 3220 649 in
3260 597 3466 651 concilio
3501 615 3748 655 excommu-

2238 693 2455 747 nicatus
2502 691 2692 756 fuerit,
2725 691 2839 744 sive
2887 690 3202 761 presbyter,
3235 693 3325 743 aut
3365 691 3650 761 diaconus,a
3679 711 3750 746 suo

2241 791 2524 861 episcopo,
2541 795 2597 844 et
2611 792 2740 860 post
2753 787 3383 843 excommunicationem
3401 791 3751 859 praesumpserit,

2240 884 2354 937 sive
2377 883 2669 953 episcopus
2695 882 2809 948 ille,
2825 885 2922 935 aut
2939 881 3254 952 presbyter,
3267 880 3347 934 vel
3373 880 3754 946 diaconus,iacere

2240 976 2584 1030 oblationem
2609 975 2694 1027 vel
2725 973 3094 1044 matutinum)
3124 975 3221 1026 aut
3248 973 3584 1042 vespertinum
3611 974 3757 1026 sacriﬁ-

2241 1068 2390 1122 cium
2413 1067 2574 1139 quasi
2598 1067 2657 1120 in
2677 1066 2865 1121 ofﬁcio
2897 1082 2996 1120 suo
3019 1081 3188 1136 agere
3209 1064 3344 1119 sicut
3361 1064 3514 1135 prius,
3532 1081 3625 1117 non
3640 1064 3757 1117 liceat

2243 1161 2294 1215 ei
2326 1176 2429 1215 nec
2458 1161 2517 1214 in
2545 1160 2654 1213 alio
2681 1159 2916 1213 concilio
2943 1165 3108 1228 spem
3137 1156 3569 1212 reconciliationis
3590 1156 3758 1212 habere.

2239 1269 2343 1308 nec
2371 1255 2522 1307 ultra
2550 1252 2920 1318 reconciliari,
2954 1252 3052 1306 sed
3079 1251 3247 1306 etiam
3274 1266 3381 1319 eos,
3410 1249 3494 1320 qui
3530 1248 3763 1302 communi-

2241 1346 2514 1415 caverint,
2543 1361 2741 1400 omnes
2772 1345 2842 1400 ab
2869 1345 3104 1400 ecclesia
3139 1343 3342 1414 respui,
3369 1342 3582 1396 maxime
3609 1356 3682 1393 eos
3696 1340 3765 1408 qui

2241 1439 2494 1494 sciebant
2535 1455 2665 1493 eum
2695 1454 2814 1492 esse
2843 1439 3147 1509 dejectum.
3177 1437 3231 1492 Si
3264 1442 3442 1490 autem
3475 1432 3766 1504 permanserit

2240 1533 2477 1587 turbans
2507 1537 2562 1586 et
2587 1532 2873 1586 concitans
2901 1530 3197 1585 ecclesiam
3223 1546 3322 1601 per
3344 1527 3629 1582 forasticam
3652 1531 3764 1594 pote-

2243 1628 2466 1691 statem,
2495 1628 2717 1696 oportet
2760 1641 2894 1678 eum
2938 1624 3084 1678 sicut
3126 1620 3528 1678 seditionarium
3562 1617 3618 1671 ab
3659 1615 3768 1670 omni

2242 1718 2406 1789 plebe
2437 1717 2724 1789 compelli.

2310 1812 2573 1866 XXXVIII.
2658 1810 3059 1882 Presbyterum
3135 1810 3208 1864 ad
3279 1806 3528 1861 secundas
3608 1802 3772 1872 nuptias

2238 1905 2528 1960 convivam
2576 1905 2700 1958 ﬁeri
2744 1921 2857 1958 non
2901 1906 3143 1975 oportet,
3191 1902 3340 1973 quod
3382 1901 3424 1953 si
3467 1897 3530 1952 ad
3572 1894 3773 1950 secundas

2238 1987 2467 2068 nuptias
2522 1997 2756 2064 venerit,
2805 1997 3199 2068 paenitentiam
3250 1993 3505 2064 postulet.
3551 1984 3774 2052 Quomodo

2237 2091 2534 2161 presbyter
2549 2089 2640 2143 ille
2654 2094 2842 2161 potest
2859 2106 2976 2144 esse
2993 2089 3088 2160 qui
3106 2093 3338 2159 propter
3356 2083 3640 2140 convivium
3658 2081 3779 2132 inter.

2242 2188 2327 2238 est
2354 2183 2456 2236 tali
2491 2181 2802 2252 conjugio?

2310 2277 2518 2330 XXXIX.
2550 2275 2832 2329 Diaconus
2853 2275 2951 2345 qui
2979 2274 3228 2345 eligitur,
3261 2272 3307 2326 si
3330 2272 3637 2326 contestatus
3661 2263 3782 2317 fuerit

2239 2387 2347 2442 pro
2378 2369 2703 2441 accipiendo
2729 2367 3114 2434 matrimonio,
3146 2372 3205 2422 et
3237 2365 3438 2421 dixerit
3463 2379 3567 2418 non
3595 2355 3780 2431 possein

2242 2462 2496 2517 castitate
2532 2477 2889 2532 permanere,
2917 2461 3008 2515 hic
3046 2477 3158 2514 non
3194 2460 3508 2524 ordinetur;
3538 2451 3665 2525 quod
3695 2447 3785 2501 siin

2241 2555 2597 2610 ordinatione
2628 2553 2885 2621 tacuerit,
2917 2559 2973 2608 et
3017 2554 3313 2608 ordinatus
3359 2549 3537 2613 fuerit,
3567 2551 3616 2600 et
3649 2543 3787 2613 postea

2242 2647 2676 2703 matrimonium
2708 2646 3130 2713 desideraverit,
3153 2647 3372 2700 alienus
3393 2645 3507 2696 sita
3530 2633 3787 2694 ministerio.

2245 2744 2307 2796 ut
2332 2747 2492 2796 vacet
2517 2759 2550 2794 a
2574 2741 2748 2796 clero.

2315 2835 2416 2888 XL.
2434 2835 2553 2888 Non
2569 2833 2738 2888 liceat
2753 2833 3064 2888 diaconum
3083 2834 3216 2887 ante
3236 2830 3616 2903 presbyterum
3635 2819 3791 2876 sedere.

2244 2928 2354 2982 nisi
2381 2944 2512 2981 cum
2529 2927 2781 2997 jussione
2809 2926 3146 2998 presbyteri.

2315 3022 2440 3076 XLI.
2471 3022 2590 3074 Non
2635 3020 2802 3074 liceat
2844 3020 3072 3074 cuilibet
3114 3014 3432 3072 ministeria
3477 3018 3697 3081 tangere,
3720 2999 3796 3055 nisi

2245 3113 2588 3169 subdiacono
2628 3119 2726 3167 aut
2768 3113 3050 3184 acolytho,
3080 3110 3140 3165 in
3179 3109 3478 3166 secretario
3516 3113 3631 3159 vasa
3665 3095 3798 3154 Domi-

2245 3207 2390 3261 nica.

2314 3301 2465 3354 XLII.
2517 3300 2642 3353 Non
2692 3299 2856 3353 liceat
2913 3298 3221 3352 mulierem
3285 3297 3344 3350 in
3386 3288 3711 3349 secretarium
3747 3281 3800 3333 in-

2247 3393 2426 3465 gredi.

2315 3487 2484 3541 XLIII.
2519 3487 2736 3552 Lector,
2755 3485 2800 3538 si
2827 3485 3055 3538 viduam
3103 3484 3339 3538 alterius
3376 3482 3434 3534 in
3461 3489 3674 3533 uxorem
3694 3482 3802 3523 acre-

2245 3579 2411 3650 perit,
2441 3578 2501 3632 in
2527 3578 2755 3633 lectoris
2781 3581 2931 3632 statu
2957 3582 3316 3648 permaneat,
3333 3578 3433 3630 aut
3460 3573 3503 3626 si
3526 3571 3654 3624 forte
3672 3575 3807 3618 neces-

2246 3673 2378 3728 sitas
2404 3672 2494 3741 sit,
2525 3673 2790 3726 diaconus
2817 3672 2934 3737 fiat,
2968 3671 3110 3725 nihil
3144 3676 3344 3726 autem
3379 3682 3562 3739 supra.
3600 3655 3806 3715 Similiter

2247 3772 2302 3821 et
2331 3767 2378 3820 si
2403 3765 2666 3837 bigamus
2699 3764 2889 3820 fuerit.

2317 3861 2490 3914 XLIV.
2523 3859 2578 3912 Si
2612 3858 2993 3913 subdiaconus
3024 3856 3342 3912 secundam
3376 3852 3589 3908 duxerit
3616 3852 3807 3900 uxorem.

2245 3953 2394 4006 inter
2423 3953 2663 4006 lectores
2695 3953 2782 4007 vel
2812 3951 3073 4006 ostiarios
3103 3950 3411 4014 habeatur,
3439 3948 3514 4000 ita
3556 3949 3611 3996 ut
3643 3938 3813 4008 Aposto-

2247 4046 2366 4100 lum
2394 4062 2511 4100 non
2543 4046 2714 4116 legat.

2317 4140 2462 4193 XLV.
2495 4141 2617 4193 Non
2660 4137 2822 4192 liceat
2865 4137 2924 4190 in
2971 4136 3190 4208 pulpito
3241 4135 3492 4208 psallere
3531 4133 3619 4183 aut
3655 4126 3812 4190 legere,

2250 4232 2358 4286 nisi
2387 4232 2484 4302 qui
2513 4233 2584 4286 ab
2615 4231 2873 4302 episcopo
2901 4231 3138 4285 lectores
3167 4234 3306 4285 sunt
3331 4223 3596 4283 ordinati.

2318 4299 2490 4380 XLVI.
2542 4325 2593 4380 Si
2642 4299 2766 4394 quis
2801 4299 3099 4394 _obligatus
3151 4329 3240 4377 est
3291 4321 3508 4376 tributo
3551 4309 3725 4371 servili,
3757 4299 3814 4352 vel

2249 4419 2437 4491 aliqua
2461 4393 2800 4484 conditione,
2826 4419 2912 4471 vel
2942 4393 3260 4488 patrocinio
3302 4411 3616 4485 cujuslibet,
3646 4415 3739 4456 non
3759 4393 3816 4447 est

590 4510 780 4565 XXXV.
825 4509 886 4565 Si
931 4508 1058 4581 quis
1108 4507 1431 4579 episcopus,
1473 4507 1787 4578 presbyter,
1833 4512 1930 4562 aut
1971 4507 2229 4590 diaco-D
2253 4512 2599 4567 ordinandus
2626 4511 2878 4579 clericus,
2910 4510 3020 4564 nisi
3048 4510 3309 4581 probatas
3337 4509 3467 4560 vita:
3496 4500 3668 4560 fuerit,
3693 4497 3736 4546 et
3759 4501 3822 4556 9³·

520 4621 628 4660 nus
654 4602 1191 4671 excommunicatus,
1220 4601 1281 4655 in
1307 4601 1544 4655 concilio
1567 4601 1776 4672 injuste
1809 4617 1866 4655 se
1894 4602 2152 4672 queritur

520 4699 986 4764 condemnatum,
1017 4697 1089 4751 ad
1117 4696 1404 4767 majorum
1431 4694 1822 4766 episcoporum
1851 4695 2152 4750 concilium

521 4796 857 4860 revertatur,
872 4797 933 4845 ut
943 4807 1140 4846 eorum
1157 4789 1581 4860 inquisitionem
1595 4794 1652 4844 et
1661 4789 1941 4859 judicium
1955 4805 2153 4860 exspe-

523 4892 682 4942 ctans
709 4886 775 4956 (si
817 4901 958 4957 quas
1007 4901 1066 4937 se
1107 4884 1287 4954 justas
1332 4899 1522 4936 causas
1565 4883 1779 4937 habere
1827 4886 2004 4954 putat)
2045 4882 2152 4936 illis

521 4982 783 5051 exponat.
810 4978 867 5034 Si
897 4981 1092 5032 autem
1132 4976 1558 5047 contempserit,
1588 4979 1646 5029 et
1689 4975 2050 5047 importunas
2093 4992 2151 5031 se

522 5074 735 5146 palatio
757 5088 923 5128 aures
954 5070 1280 5143 principum
1317 5070 1635 5141 inquietare
1665 5069 1928 5139 voluerit,
1958 5070 2047 5123 hic
2080 5071 2153 5125 ad

523 5168 743 5223 nullam
761 5167 981 5222 veniam
998 5164 1209 5236 poterit
1228 5163 1540 5235 pervenire,
1557 5181 1745 5236 neque
1766 5181 1926 5235 spem
1944 5164 2152 5219 futuras

523 5259 1004 5320 reconciliationis
1029 5257 1279 5313 habebit.

594 5357 812 5412 XXXVI.
855 5354 912 5410 Si
951 5353 1078 5424 quis
1121 5351 1436 5424 episcopus,
1466 5351 1578 5405 sive
1625 5351 1862 5422 alicujus
1906 5352 2153 5423 episcopi

522 5451 841 5525 presbyter,
871 5447 1289 5516 aut~diaconus,
1317 5447 1376 5499 in
1403 5445 1644 5516 alicujus
1679 5445 1914 5499 haeresis
1943 5445 2154 5516 opinio-

521 5563 656 5602 nem
685 5542 1009 5611 offenderit,
1032 5543 1090 5596 et
1115 5540 1187 5595 ob
1215 5540 1359 5593 hanc
1386 5555 1614 5593 causam
1639 5539 1812 5593 fuerit
1830 5555 2154 5594 excommu-

522 5640 763 5705 nicatus,
793 5636 985 5691 nullus
1015 5633 1310 5706 episcopus
1337 5648 1471 5685 eum
1499 5632 1559 5685 in
1587 5632 2047 5688 communionem
2071 5651 2157 5688 re-

527 5732 718 5801 cipiat,
749 5730 860 5784 nisi
886 5729 1044 5800 prius
1069 5727 1128 5780 in
1153 5725 1449 5781 communi
1476 5726 1712 5780 concilio
1743 5731 1998 5798 porrecto
2023 5728 2155 5782 ﬁdei

527 5839 644 5875 suae
672 5822 858 5888 libello
887 5821 1194 5875 satisfaciat
1223 5818 1507 5873 omnibus.
1536 5821 1646 5874 Hoc
1665 5820 1823 5874 idem
1853 5827 1908 5876 et
1927 5822 1996 5874 de
2023 5821 2155 5874 Iide-

2251 4606 2404 4662 troni
2429 4621 2736 4660 consensus
2765 4603 3081 4660 accesserit.
3777 4675 3782 4682 ⁴

2320 4701 2516 4755 XLVII.
2573 4699 2629 4754 Si
2678 4699 2805 4770 quis
2855 4713 3082 4752 servum
3133 4697 3398 4751 alienum
3456 4705 3612 4746 causa
3661 4678 3825 4744 religiO'

2251 4794 2340 4848 nis
2395 4794 2593 4848 doceat
2666 4794 3027 4846 contemnere
3100 4789 3413 4844 dominum
3465 4795 3642 4842 suum,
3685 4776 3729 4827 et
3770 4779 3826 4817 τε·

2252 4887 2449 4942 cedere
2499 4903 2532 4939 a
2583 4885 2810 4940 servitio
2860 4884 3000 4954 ejus,
3043 4882 3351 4938 durissime
3394 4881 3456 4934 in
3505 4871 3733 4930 omnibus
3769 4872 3828 4910 ar-

2253 4984 2484 5052 guatur.

2324 5077 2538 5130 XLVIII.
2568 5076 2688 5129 Non
2714 5074 2881 5128 liceat
2913 5073 2971 5127 in
2999 5069 3450 5143 quadragesima
3495 5061 3690 5118 natales
3706 5061 3828 5149 ⁸ηξειυ

2252 5174 2442 5240 tyrum
2481 5168 2792 5234 celebrare,
2822 5167 2924 5220 sed
2954 5169 3180 5220 tantum
3216 5163 3459 5216 sabbato
3498 5163 3554 5211 et
3581 5145 3828 5240 Βοιῐιίιιὶρειἶ

2253 5279 2355 5334 pro
2381 5259 2920 5317 commemoratione
2951 5275 3150 5313 eorum
3178 5246 3508 5310 oblationes
3547 5247 3742 5303 offerre,
3764 5228 3830 5285 sed

2255 5373 2360 5411 nec
2386 5355 2657 5424 natalitia,
2686 5371 2790 5408 nec
2813 5353 3036 5424 nuptias
3064 5352 3228 5406 liceat
3257 5350 3318 5404 in
3350 5336 3749 5420 quadi‘agt‘ﬁima
3769 5338 3830 5377 ce‘

2253 5450 2476 5504 lebrari.

2326 5543 2496 5600 XLIX.
2534 5544 2654 5597 Non
2681 5541 2846 5596 liceat
2888 5545 3023 5595 ante
3061 5540 3200 5594 duas
3246 5535 3599 5606 septimanas
3639 5515 3832 5578 Pascha,

2255 5636 2351 5690 sed
2394 5641 2526 5690 ante
2575 5641 2709 5706 tres,
2750 5635 2821 5689 ad
2877 5633 3220 5706 baptismum
3283 5628 3577 5698 suscipere
3619 5616 3836 5706 aliquem:

2253 5729 2486 5800 Oportet
2529 5694 2720 5785 autem
2762 5732 2827 5783 ut
2871 5729 2930 5782 in
2953 5694 3109 5798 ‘ipsis
3157 5723 3370 5778 diebus
3425 5694 3525 5791 (iui
3573 5694 3841 5782 baptizandi

2256 5827 2405 5888 sunt,
2454 5823 2774 5895 symbolum
2829 5822 3064 5888 discant,
3107 5824 3160 5874 et
3215 5817 3280 5870 in
3342 5813 3548 5887 quinta
3594 5802 3721 5861 feria
3769 5808 3843 5846 n0-
