3946 6180
169 303 248 352 585
1327 288 1790 344 DECRETALIUM
1828 287 2210 343 COLLECTIO.

3350 289 3452 343 586

163 405 361 458 rissimze
383 398 704 469 septimana
721 397 982 468 episcopo
997 396 1084 450 vel
1107 397 1437 467 presbytero
1461 395 1721 449 reddant.
1747 407 1805 479 Α
1826 394 2176 465 Scripturam
2205 411 2333 464 quae
2361 393 2496 448 dicit
2523 412 2534 448 :
2569 417 2594 443 «
2627 394 2928 464 pecuniam
2955 409 3115 448 suam
3141 409 3257 448 non
3299 393 3455 450 dedit

219 499 263 550 L.
287 496 389 549 Non
414 493 569 546 liceat
598 492 796 562 quinta
838 491 983 545 feria
1029 490 1348 544 novissimm
1393 488 1724 558 septimanae

156 589 393 661 jejunium
408 586 640 651 solvere,
658 589 713 639 et
730 600 962 639 omnem
982 584 1330 637 exhonorare
1354 581 1727 650 Quadragesi-

162 679 400 747 mam,sed
416 679 625 733 sincere
651 677 997 732 abstinentes
1022 680 1200 731 totam
1224 674 1724 745 Quadragesimam

159 789 404 846 peragere.

213 868 278 920 LI.
307 864 456 919 Omni
485 867 740 934 tempore
773 863 1035 933 episcopo
1078 862 1244 916 liceat
1272 861 1521 914 chrisma
1549 858 1722 914 conti-

158 976 273 1024 cere,
299 963 347 1011 et
369 974 463 1028 per
493 972 618 1009 suas
661 956 922 1010 diaeceses
949 955 1258 1020 destinare,
1289 955 1364 1009 ita
1393 957 1456 1006 ut
1485 953 1555 1006 ad
1583 953 1723 1006 diri-

159 1051 366 1122 gendum
415 1049 656 1103 chrisma
705 1049 974 1102 diaconus
1036 1052 1134 1102 aut
1177 1047 1549 1101 subdiaconus
1597 1051 1725 1100 ante

158 1145 275 1199 diem
303 1142 509 1196 Pascha:
537 1143 607 1196 de
637 1142 878 1212 singulis
906 1141 1153 1196 ecclesiis
1180 1140 1251 1194 ad
1279 1140 1604 1212 episcopum
1635 1139 1726 1193 de-

159 1239 371 1290 stinetur.

211 1330 296 1382 LII.
346 1327 638 1398 Presbyter
694 1331 976 1398 praesente
1042 1325 1306 1397 episcopo
1366 1341 1482 1380 non
1542 1325 1727 1395 signet

156 1423 369 1485 infantes,
415 1420 524 1474 nisi
571 1419 717 1474 forte
771 1420 841 1474 ab
891 1418 1152 1490 episc0po
1221 1418 1396 1473 fuerit
1447 1418 1524 1472 illi
1577 1434 1723 1488 pra:-

153 1519 353 1584 ceptum.

205 1607 307 1660 LIII.
332 1607 440 1659 Non
472 1606 639 1660 liceat
658 1605 989 1676 presbytero
1010 1605 1166 1675 prius
1193 1605 1462 1675 episcopo
1491 1602 1725 1657 introire

149 1699 618 1769 in‘baptisterium,
648 1698 747 1752 sed
788 1715 918 1752 cum
967 1697 1251 1768 episcopo,
1285 1697 1392 1751 nisi
1439 1697 1582 1750 forte
1626 1701 1724 1750 aut

148 1792 310 1846 absens
337 1791 524 1856 fuerit,
554 1795 655 1845 aut
679 1794 943 1862 aegrotus.

203 1885 304 1937 LIV.
335 1884 384 1938 Si
413 1901 528 1954 qua
567 1885 769 1938 mulier
797 1900 1104 1954 praegnans
1147 1882 1556 1938 desideraverit
1593 1897 1722 1952 gra-

147 1978 261 2030 tiam
286 1977 530 2047 baptismi
561 1977 873 2047 percipere,
891 1967 1120 2047 quando
1139 1975 1385 2030 voluerit
1405 1974 1608 2029 habeat
1627 1991 1724 2045 po-

147 2075 371 2123 testatem.
403 2070 549 2123 Nam
575 2069 718 2123 nihil
750 2069 1055 2140 participat
1084 2069 1143 2122 in
1172 2069 1282 2121 hoc
1311 2072 1494 2121 mater
1520 2067 1721 2120 infanti

142 2162 215 2231 qui
239 2163 472 2228 nascitur,
513 2166 819 2232 propterea
846 2161 1001 2231 quod
1031 2160 1335 2230 unicuique
1366 2160 1597 2230 propria
1622 2175 1719 2214 vo-

138 2253 288 2307 Iunias
311 2255 363 2308 in
387 2254 750 2308 confessione
781 2257 1153 2308 monstretur.

191 2347 276 2400 LV.
303 2348 413 2401 Non
439 2351 666 2417 oportet
707 2346 925 2416 aliquid
952 2345 1109 2400 aliud
1149 2346 1207 2399 in
1259 2345 1582 2399 sanctuario
1635 2346 1717 2400 of-

135 2440 261 2505 ferri,
278 2445 471 2510 praeter
507 2456 717 2510 panem
733 2446 788 2494 et
802 2440 1000 2493 vinum
1032 2444 1088 2493 et
1107 2455 1336 2509 aquam,
1359 2453 1485 2508 quas
1506 2438 1564 2491 in
1587 2442 1720 2508 typo

137 2533 300 2586 Christi
326 2533 762 2598 benedicuntur,
791 2532 924 2603 quia
963 2532 1100 2586 dum
1139 2531 1199 2585 in
1225 2547 1387 2586 cruce
1419 2530 1718 2601 penderet,

133 2625 184 2679 de
204 2642 415 2696 corpore
445 2627 576 2697 ejus
619 2626 853 2696 sanguis
894 2625 1114 2679 efﬂuxit
1157 2628 1215 2678 et
1250 2641 1415 2694 aqua,
1449 2623 1572 2678 haec
1613 2623 1720 2678 tria

138 2734 280 2771 unum
307 2724 429 2773 sunt
455 2720 519 2773 in
547 2719 770 2773 Christo
813 2721 965 2773 Iesu.
999 2719 1126 2772 Haec
1178 2717 1363 2772 hostia
1411 2722 1467 2771 et
1513 2716 1718 2771 oblatio

135 2809 210 2864 Dei
232 2811 280 2865 in
307 2813 537 2866 odorem
567 2811 880 2866 suavitatis.
1157 2808 1161 2812 ’

188 2905 292 2958 LVI.
356 2906 654 2960 Foracistis
714 2904 1055 2975 presbyteris
1110 2907 1390 2975 praesente
1451 2903 1717 2974 episc0po

133 2997 194 3051 vel
232 2999 558 3070 presbyteris
607 2997 842 3052 civitatis
893 2997 1097 3052 offerre
1149 3013 1263 3050 non
1313 2996 1479 3051 liceat
1531 3013 1717 3066 neque

1824 488 1895 541 ad
1941 503 2172 540 usuram
2201 487 2364 554 (Psal.
2409 503 2518 553 XIV,
2550 487 2624 557 5),
2654 507 2682 539 ››
2724 491 2852 558 post
2904 487 3052 540 hanc
3095 486 3452 556 agnitionem

1826 580 2006 634 sancti
2042 580 2262 634 concilii
2296 581 2654 648 feneraverit,
2684 584 2741 633 et
2769 579 3139 634 centesimam
3179 580 3450 651 exegerit,

1827 677 1924 727 aut
1953 691 2018 727 ex
2049 673 2302 743 quolibet
2329 674 2561 743 negotio
2600 677 2765 743 turpe
2797 673 3018 726 lucrum
3059 673 3366 742 quaesierit,
3397 679 3454 728 et

1825 783 1927 837 per
1963 766 2207 820 diversas
2252 767 2467 836 species
2505 766 2620 819 vini
2665 766 2749 819 vel
2801 765 3001 835 frugis,
3029 766 3115 819 vel
3155 765 3453 835 cujuslibet

1825 859 1903 914 rei
1933 859 2174 913 emendo
2206 860 2290 912 vel
2320 859 2616 914 vendendo
2648 859 2836 928 aliqua
2880 858 3234 912 incrementa
3261 874 3450 913 susce-

1825 953 1989 1023 perit,
2020 952 2311 1022 depositus
2341 953 2410 1006 de
2440 952 2617 1022 gradu
2645 949 2694 1022 1
2711 950 2836 1022 44
2859 967 2980 1019 suo,
3001 951 3220 1006 alienus
3246 951 3451 1008 habea-

1825 1049 1918 1098 tur
1943 1062 1977 1098 a
1997 1045 2165 1098 clero.

1897 1138 2069 1192 LXIII.
2103 1137 2162 1192 Si
2194 1137 2318 1208 quis
2338 1137 2634 1208 presbyter
2657 1141 2754 1190 aut
2795 1135 3068 1190 diaconus
3097 1137 3186 1190 vel
3218 1137 3453 1192 clericus

1825 1231 2075 1286 ecclesia:
2107 1231 2425 1300 deputatus,
2459 1230 2503 1284 si
2535 1231 2687 1284 intra
2713 1229 2997 1284 civitatem
3044 1229 3235 1296 fuerit,
3268 1235 3366 1283 aut
3395 1231 3450 1284 in

1825 1323 2080 1395 quolibet
2109 1323 2228 1377 loco
2255 1323 2313 1376 in
2341 1340 2452 1394 quo
2478 1323 2715 1377 ecclesia
2742 1326 2844 1389 est,
2878 1325 2936 1377 et
2959 1323 3029 1376 ad
3060 1323 3453 1394 quotidianum

1825 1416 2100 1488 psallendi
2131 1416 2468 1470 sacrificium
2498 1417 2797 1471 matutinis
2828 1417 2914 1470 vel
2939 1415 3273 1486 vespertinis
3301 1416 3455 1470 horis

1824 1510 1895 1564 ad
1941 1509 2236 1564 ecclesiam
2283 1526 2401 1564 non
2451 1510 2737 1576 convenit,
2766 1510 3092 1580 deponatur
3132 1525 3165 1562 a
3208 1509 3380 1574 clero,
3407 1510 3453 1563 si

1823 1607 2015 1656 tamen
2042 1602 2344 1671 castigatus
2368 1602 2592 1656 veniam
2618 1601 2686 1655 ab
2713 1601 2976 1672 episcopo
3004 1617 3106 1671 per
3125 1601 3455 1657 satisfactio-

1825 1710 1958 1749 nem
1983 1693 2231 1749 noluerit
2255 1694 2592 1764 promereri.

1744 1772 1801 1842 Β
1896 1789 2065 1842 LXIV.
2089 1788 2208 1841 Non
2236 1787 2400 1842 liceat
2416 1786 2731 1858 quemlibet
2749 1786 3020 1841 clericum
3041 1787 3132 1842 die
3154 1788 3452 1842 Dominico

1821 1881 1892 1934 ab
1923 1880 2160 1935 ecclesia
2196 1880 2489 1935 absentem
2515 1896 2657 1956 esse,
2686 1880 2784 1934 sed
2829 1879 3132 1934 missarum
3163 1880 3451 1934 solemniis

1823 1973 2095 2027 interesse
2132 1976 2190 2026 et
2209 1972 2452 2042 jejunio.

1895 2066 2040 2119 LXV.
2074 2066 2196 2119 Non
2240 2069 2463 2134 oportet
2520 2064 2751 2118 clericos
2801 2064 2887 2118 vel
2938 2065 3108 2118 laicos
3158 2064 3451 2136 religiosos

1821 2164 1949 2212 ante
1980 2174 2197 2211 sacram
2222 2158 2425 2211 horam
2465 2156 2574 2211 diei
2617 2156 2843 2210 tertiam
2875 2157 3018 2210 inire
3053 2157 3325 2224 convivia,
3356 2174 3453 2212 ne-

1821 2266 1931 2322 que
1959 2250 2261 2322 aliquando
2287 2250 2541 2317 clericos,
2574 2249 2681 2302 nisi
2714 2249 2930 2319 hymno
2964 2249 3112 2304 dicto
3149 2251 3318 2306 edere
3349 2267 3448 2321 pa-

1821 2360 1973 2409 nem,
2008 2348 2064 2398 et
2089 2347 2214 2414 post
2243 2343 2396 2396 cibos
2423 2342 2632 2413 gratias
2669 2342 2886 2396 auctori
2910 2343 3026 2397 Deo
3053 2344 3286 2399 referre.

1891 2437 2065 2490 LXVI.
2099 2438 2218 2490 Non
2247 2439 2470 2507 oportet
2501 2436 2734 2490 clericos
2765 2452 2993 2490 comam
3021 2437 3264 2505 nutrire,
3295 2442 3351 2492 et
3376 2439 3452 2493 sic

1821 2529 2165 2599 ministrare,
2191 2530 2286 2584 sed
2315 2534 2534 2584 attonso
2555 2528 3097 2599 capite,patentibus
3124 2530 3376 2598 auribus,
3395 2535 3452 2586 et

1820 2621 2135 2676 secundum
2165 2625 2349 2676 Aaron
2377 2621 2617 2676 talarem
2647 2624 2862 2675 vestem
2892 2619 3149 2689 induere,
3178 2625 3239 2676 ut
3257 2622 3373 2677 sint
3389 2623 3447 2678 in

1819 2714 2018 2769 habitu
2046 2719 2271 2769 ornato.
3153 2731 3156 2734 '

1889 2808 2085 2862 LXVII.
2129 2809 2252 2861 Non
2297 2811 2520 2878 oportet
2560 2807 2809 2878 psalmos
2849 2807 3190 2878 compositos
3229 2811 3287 2863 et
3325 2810 3446 2864 vul-

1820 2917 1982 2971 gares
2011 2901 2070 2953 in
2101 2901 2334 2956 ecclesia
2360 2900 2568 2966 dicere,
2594 2916 2777 2971 neque
2803 2899 2972 2954 libros
3001 2901 3098 2971 qui
3127 2905 3258 2956 sunt
3286 2905 3448 2957 extra

1817 3009 2098 3047 canonem
2125 2995 2333 3065 legere,
2362 2993 2471 3048 nisi
2512 2993 2662 3048 solos
2702 2993 2998 3048 canonicos
3037 2993 3173 3048 Novi
3199 2998 3254 3050 et
3285 2996 3445 3051 Vete-

132 3090 408 3148 ministrare
483 3094 544 3146 in
621 3092 848 3162 populo,
924 3091 1030 3145 nisi
1105 3091 1250 3144 forte
1334 3089 1441 3143 illis
1511 3089 1714 3145 absen-
1737 3129 1791 3203 Ο
1817 3086 1894 3140 ris
1916 3087 2274 3142 Testamenti.

132 3181 244 3203 A-‘L---
1888 3180 1906 3203 1
1930 3181 2088 3203 νιηη
2142 3181 2257 3203 ΚΥΑ..

130 3181 261 3236 tibus.

183 3275 305 3330 LVII.
336 3277 392 3330 Si
419 3278 552 3348 quis
598 3277 894 3348 presbyter
939 3276 1167 3348 publica
1209 3275 1541 3347 paenitentia
1568 3292 1600 3329 a
1629 3292 1716 3330 sa-

127 3366 311 3422 cerdote
339 3374 596 3441 accepta,
616 3375 714 3424 aut
732 3369 923 3441 aliqua
956 3368 1283 3423 necessitate
1314 3368 1404 3422 die
1427 3367 1717 3422 Dominica

126 3474 206 3526 pro
235 3463 467 3531 quadam
498 3462 782 3533 religione
819 3461 1182 3532 jejunaverit,
1213 3461 1358 3515 sicut
1404 3460 1713 3528 Manichaei,

123 3553 376 3608 anathema
405 3556 495 3610 sit.

178 3645 420 3703 Similiter
461 3653 521 3702 et
571 3648 722 3719 quod
771 3647 840 3702 ab
887 3648 1152 3719 apostolis
1205 3645 1502 3714 traditum,
1534 3661 1715 3701 canon

122 3741 242 3793 tenet
289 3741 584 3812 antiquus,
625 3741 835 3812 placuit
878 3746 938 3794 ut
985 3758 1086 3811 per
1130 3756 1326 3795 omnes
1373 3739 1712 3820 Doominicas,

123 3834 163 3882 et
175 3847 260 3900 per
271 3850 464 3888 omnes
482 3835 612 3888 dies
626 3835 853 3888 Pascha:
873 3850 1050 3905 usque
1067 3835 1136 3888 ad
1149 3833 1710 3904 quinquagesimum,

118 3936 207 3977 non
230 3931 590 3994 prosternant
612 3943 670 3980 se
692 3927 752 3980 in
783 3927 1031 3980 oratione
1060 3926 1418 3992 humilitatis,
1445 3926 1542 3980 sed
1562 3930 1714 3980 recto

119 4015 245 4070 vultu
265 4020 328 4073 ad
353 4021 666 4075 Dominum
703 4019 1019 4091 fungantur
1044 4019 1311 4074 orationis
1338 4019 1546 4085 officio,
1579 4019 1715 4088 quia

118 4105 161 4159 in
182 4107 255 4163 his
281 4112 472 4168 diebus
501 4112 784 4184 gaudium
825 4112 1252 4168 resurrectionis
1293 4111 1519 4166 Domini
1567 4111 1710 4167 cele-

117 4197 327 4258 bramus.

171 4293 322 4351 LVIII.
377 4299 439 4354 Si
497 4299 631 4371 quis
698 4316 811 4352 non
873 4315 976 4368 pro
1044 4297 1401 4366 abstinentia,
1451 4297 1552 4351 sed
1611 4313 1712 4367 pro

119 4392 460 4446 exsecratione
542 4408 804 4447 escarum
891 4391 1157 4459 abstinet,
1225 4389 1437 4462 placuit
1519 4393 1713 4444 sancto

1887 3180 2108 3235 LXVIII.
2142 3181 2261 3234 Non
2291 3184 2522 3251 oportet
2551 3181 2784 3234 clericos
2811 3180 3040 3252 ignaros
3064 3184 3444 3253 praesumpto-

1817 3288 1906 3328 res
1937 3290 2108 3344 super
2131 3279 2500 3328 monumenta
2527 3273 2587 3328 in
2613 3290 2876 3344 campum
2904 3275 3173 3345 mysteria
3198 3279 3444 3345 portare,

1819 3372 1917 3420 aut
1941 3367 2274 3421 distribuere
2305 3370 2685 3433 sacramenta,
2719 3367 2817 3421 sed
2843 3372 2942 3421 aut
2966 3368 3026 3420 in
3062 3367 3315 3436 ecclesia,
3349 3372 3449 3421 aut

1815 3459 1876 3512 in
1902 3459 2131 3513 basilica
2163 3459 2259 3513 ubi
2287 3462 2607 3530 martyrum
2643 3459 2905 3530 reliquiae
2947 3464 3078 3514 sunt
3118 3459 3338 3532 positas,
3369 3460 3446 3514 ibi

1815 3568 1918 3622 pro
1943 3552 2223 3606 defunctis
2250 3552 2602 3607 oblationem
2626 3551 2834 3607 offerri.

2017 3645 2325 3713 Sequuntur
2351 3645 2589 3700 Canones
2617 3646 2692 3699 ad
2720 3647 2883 3700 laicos
2902 3649 3249 3716 pertinentes.

1887 3739 2055 3793 LXIX.
2087 3740 2207 3792 Non
2248 3738 2414 3792 liceat
2457 3738 2790 3792 Christianis
2841 3739 3075 3808 prandia
3119 3740 3192 3794 ad
3238 3740 3441 3795 defun-

1813 3835 2034 3885 ctorum
2059 3831 2316 3901 sepulcra
2342 3831 2560 3885 deferre
2587 3836 2642 3886 et
2668 3831 2985 3886 sacriﬁcare
3011 3833 3272 3887 mortuis.

1887 3925 2034 3979 LXX.
2064 3925 2187 3978 Non
2238 3924 2403 3978 liceat
2450 3923 2602 3978 laicis
2649 3925 2735 3978 vel
2783 3924 2999 3978 clericis
3045 3925 3114 3978 ab
3165 3925 3444 3981 haereticis

1813 4018 2072 4088 eulogias
2117 4017 2396 4087 accipere,
2438 4017 2570 4088 quia
2617 4017 3043 4072 maledictiones
3086 4019 3270 4089 magis
3313 4025 3445 4074 sunt

1814 4127 1986 4181 quam
2009 4110 2444 4177 benedictiones,
2479 4126 2664 4180 neque
2692 4110 2858 4165 liceat
2883 4114 2982 4165 aut
3007 4127 3140 4166 cum
3168 4111 3444 4167 haereticis

1812 4209 1909 4258 aut
1933 4219 2062 4257 cum
2089 4203 2452 4257 schismaticis
2480 4219 2658 4258 orare.

1883 4297 2054 4352 LXXI.
2077 4297 2132 4351 Si
2153 4297 2280 4368 quis
2306 4313 2659 4368 paganorum
2681 4297 3149 4353 consuetudinem
3174 4315 3440 4371 sequens,

1815 4391 2032 4445 divinos
2060 4396 2116 4445 et
2141 4390 2441 4460 sortilegos
2472 4389 2528 4444 in
2557 4391 2789 4445 domum
2831 4407 2995 4445 suam
3040 4391 3440 4462 introduxerit,

119 4481 336 4550 concilio,
366 4489 429 4538 ut
458 4487 795 4556 praegustet,
820 4488 877 4538 et
904 4484 981 4538 sic
1009 4484 1056 4537 si
1084 4484 1203 4537 vult
1233 4483 1794 4563 abstinere,absti-D
1817 4485 1978 4555 quasi
2010 4489 2069 4538 ut
2094 4484 2310 4538 malum
2343 4484 2495 4537 foras
2543 4483 2790 4552 mittant,
2822 4487 2920 4536 aut
2968 4483 3249 4539 maleﬁcia
3288 4485 3440 4539 inve-

122 4578 242 4626 neat.
270 4576 364 4631 Sin
394 4583 596 4633 autem
623 4578 864 4656 spernit,
889 4576 966 4630 ita
997 4580 1058 4630 ut
1086 4577 1240 4631 olera
1273 4579 1429 4630 cocta
1448 4592 1578 4630 cum
1598 4592 1716 4630 car-

119 4663 253 4721 nibus
277 4685 385 4724 non
420 4670 712 4741 degustet,
736 4670 839 4723 iste
868 4686 984 4723 non
1013 4668 1306 4736 obediens,
1329 4685 1432 4724 nec
1456 4669 1716 4740 suspicio-

118 4771 221 4811 nem
259 4761 489 4818 haeresis
519 4780 556 4817 a
584 4779 640 4818 se
685 4779 1009 4832 removens,
1039 4761 1352 4832 deponatur
1398 4763 1468 4817 de
1515 4761 1714 4817 ordine

120 4847 394 4910 clericatus.

171 4944 274 5000 ΗΧ.
315 4950 440 5005 Non
482 4950 655 5004 liceat
708 4948 1089 5004 sacerdotibus
1125 4949 1216 5003 vel
1266 4947 1479 5002 clericis
1527 4948 1717 5018 aliqua

116 5043 393 5104 spectacula
436 5043 494 5096 in
527 5042 744 5113 nuptiis
767 5042 855 5096 vel
895 5042 953 5095 in
1000 5041 1268 5096 conviviis
1311 5044 1586 5110 spectare,
1619 5041 1717 5094 sed

117 5136 311 5196 oportet
337 5140 660 5206 antequam
687 5135 1100 5205 ingrediantur,
1125 5135 1245 5204 ipsa
1265 5133 1581 5204 spectacula
1603 5150 1720 5187 sur-

120 5233 246 5291 gere,
271 5231 325 5280 et
355 5228 548 5283 redire
578 5227 711 5281 inde

171 5317 259 5372 LX.
287 5322 403 5375 Non
447 5323 618 5376 liceat
647 5321 879 5375 clericos
913 5320 1294 5375 incantatores
1329 5337 1449 5374 esse
1481 5322 1539 5373 et
1574 5319 1716 5389 liga-

117 5411 242 5464 luras
268 5413 479 5480 facere,
515 5414 667 5484 quod
696 5419 780 5468 est
807 5413 1094 5484 colligatio
1125 5415 1483 5479 animarum;
1518 5412 1564 5466 si
1594 5413 1722 5484 quis

117 5500 214 5556 haec
238 5506 386 5572 facit,
417 5507 489 5562 de
526 5507 768 5562 Ecclesia
803 5507 1147 5578 projiciatur.

175 5597 282 5652 LXI.
345 5601 473 5655 Non
542 5600 708 5655 liceat
769 5600 1085 5655 sacerdotes
1144 5600 1230 5655 vel
1297 5599 1548 5666 clericos,
1623 5599 1721 5654 sed

118 5702 199 5740 nec
227 5693 523 5762 religiosos
563 5693 730 5748 laicos
755 5693 1006 5749 convivia
1031 5695 1215 5748 facere
1248 5693 1317 5747 de
1346 5693 1629 5748 confertis.

174 5781 305 5842 LXII.
335 5786 392 5841 Si
422 5785 556 5862 quis
582 5787 783 5844 oblitus
812 5789 1078 5846 timorem
1107 5786 1350 5861 Domini,
1385 5790 1443 5844 et
1468 5791 1721 5845 sanctam

1817 4577 1994 4643 niant,
2020 4577 2106 4630 vel
2137 4576 2502 4630 lustrationes
2530 4591 2893 4647 paganorum
2927 4575 3155 4643 faciant,
3187 4576 3443 4648 quinque

1817 4670 1979 4723 annis
2006 4669 2402 4740 paenitentiam
2428 4672 2620 4738 agant.

1887 4763 2078 4817 LXXII.
2112 4763 2236 4815 Non
2278 4761 2442 4816 liceat
2491 4760 2826 4816 Christianis
2870 4765 3065 4817 tenere
3111 4762 3445 4820 traditiones

1818 4855 2140 4926 gentilium.

1892 4949 2106 5003 LXXIII.
2145 4948 2268 5001 Non
2312 4947 2477 5001 liceat
2525 4946 2855 5003 Christianis
2912 4947 3206 5004 observare
3254 4955 3310 5005 et
3352 4967 3444 5005 co-

1817 5042 1938 5095 lere
1968 5042 2264 5107 elementa,
2295 5043 2393 5094 aut
2419 5040 2594 5107 lunae,
2625 5044 2723 5094 aut
2761 5040 3057 5096 stellarum
3101 5059 3318 5113 cursus,
3350 5047 3448 5097 aut

1819 5134 2049 5189 inanem
2079 5134 2375 5204 signorum
2404 5133 2686 5188 fallaciam
2713 5150 2815 5205 pro
2843 5133 3016 5190 domo
3044 5135 3320 5206 facienda,
3351 5141 3449 5190 aut

1818 5231 2054 5299 prOpter
2080 5231 2302 5298 segetes
2333 5227 2418 5281 vel
2446 5227 2674 5282 arbores
2701 5228 3052 5298 plantandas,
3070 5230 3156 5284 vel
3184 5229 3446 5298 conjugia

1820 5321 2100 5375 socianda.
2133 5320 2414 5391 Scriptum
2446 5323 2529 5374 est
2556 5320 2710 5375 enim
2743 5337 2756 5375 :
2792 5342 2819 5369 ‹‹
2846 5321 3052 5376 Omnia
3080 5338 3206 5392 quae
3244 5320 3444 5384 facitis,

1819 5420 1916 5468 aut
1941 5415 2000 5467 in
2029 5414 2217 5482 verbo,
2237 5417 2336 5468 aut
2360 5413 2420 5468 in
2449 5430 2645 5485 opere,
2664 5415 2854 5468 omnia
2882 5415 2941 5468 in
2960 5413 3195 5469 nomine
3223 5413 3446 5467 Domini

1823 5507 2000 5561 nostri
2061 5508 2192 5562 Iesu
2252 5506 2461 5562 Christi
2524 5507 2710 5577 facite,
2767 5506 2977 5578 gratias
3035 5507 3268 5576 agentes
3328 5506 3443 5560 Deo

1823 5599 2042 5670 (Coloss.
2077 5616 2158 5668 III,
2195 5599 2302 5670 I7).
2345 5620 2372 5652 ››

1892 5693 2108 5748 LXXIV.
2154 5693 2277 5747 Non
2323 5693 2488 5748 liceat
2541 5709 2709 5764 agere
2753 5691 2905 5746 diem
2959 5689 3342 5745 Kalendarum
3391 5697 3448 5746 et

1825 5786 1952 5842 otiis
1984 5803 2182 5843 vacare
2229 5787 2555 5860 gentilibus,
2585 5801 2769 5858 neque
2817 5785 2977 5842 lauro
3024 5788 3123 5840 aut
3165 5783 3446 5844 viriditate
