3946 6180
530 234 629 287 587

1425 229 1705 282 APPEND.
1746 229 1833 282 AD
1869 230 2030 284 SEC.
2069 230 2159 284 IX.
2189 257 2256 269 —-
2296 227 2538 284 ISIDORI
2573 230 2994 285 MERCATORIS
3687 246 3761 298 588

533 340 800 394 arborum
828 339 1056 408 cingere
1086 338 1304 392 domos.
1335 337 1530 391 Omnis
1559 337 1676 391 haec
1709 336 2021 392 observatio
2048 355 2150 408 pa-
2176 349 2234 420 Α
2256 337 2324 392 ad
2356 337 2599 392 ecclesiae
2621 337 2882 408 januam,
2912 340 2969 392 et
2997 341 3122 407 post
3148 338 3250 392 hos
3273 339 3382 395 aliis
3404 344 3615 415 quinque
3641 353 3766 405 annis

533 432 837 503 ganissima
867 436 967 484 est.

598 525 786 578 LXXV.
812 525 934 578 Non
955 522 1124 577 liceat
1147 523 1204 576 in
1234 523 1543 577 herbarum
1569 523 2005 591 collectionibus,
2025 541 2151 596 qua:

527 616 892 670 medicinales
923 618 1070 682 sunt,
1102 615 1319 686 aliquas
1351 615 1788 684 observationes,
1817 620 1913 669 aut
1955 617 2149 670 incan-

526 710 770 764 tationes
798 709 1114 775 attendere,
1144 708 1252 762 nisi
1279 711 1507 763 tantum
1535 724 1665 762 cum
1685 708 1939 779 symbolo
1965 709 2152 764 divino

525 807 581 858 et
609 803 860 858 oratione
902 802 1214 870 Dominica,
1246 805 1306 856 ut
1332 805 1558 856 tantum
1589 803 1737 855 Deus
1777 805 1999 856 creator
2027 819 2147 856 om-

523 897 684 952 nium
711 901 766 951 et
796 896 1071 950 Dominus
1096 897 1436 950 honoretur.

597 991 806 1044 LXXVI.
839 990 961 1044 Non
1006 989 1173 1042 liceat
1215 988 1482 1042 mulieres
1527 988 1860 1042 christianas
1897 988 2148 1058 aliquam

525 1083 832 1137 vanitatem
858 1083 917 1136 in
949 1082 1062 1134 suis
1087 1080 1340 1134 laniﬁciis
1372 1081 1693 1146 observare,
1722 1080 1818 1134 sed
1849 1081 2028 1134 Deum
2059 1080 2148 1133 in-

522 1179 723 1230 vocent
765 1176 1108 1245 adjutorem,
1141 1173 1238 1245 qui
1282 1173 1361 1228 eis
1405 1173 1741 1244 sapientiam
1789 1173 2019 1228 texendi
2047 1173 2146 1226 do-

477 1314 482 1317 .
525 1271 695 1324 navit.

593 1363 824 1416 LXXVII.
858 1361 913 1416 Si
941 1360 1101 1431 cujus
1132 1376 1269 1414 uxor
1312 1359 1654 1413 adulterium
1696 1358 1912 1426 fecerit,
1941 1363 2038 1411 aut
2066 1357 2151 1411 vir

519 1458 579 1511 in
607 1455 853 1510 alienam
883 1469 1120 1508 uxorein
1147 1452 1392 1518 irruerit,
1426 1454 1645 1523 septem
1679 1451 1842 1504 annis
1869 1450 2144 1522 paeniten-

520 1550 659 1603 tiam
687 1550 836 1603 agat.

589 1565 659 1602 im
687 1565 716 1601 a
761 1565 836 1600 at.

589 1565 846 1694 LXXg/lll.
880 1639 934 1694 Si
962 1655 1071 1710 qua
1115 1639 1324 1691 mulier
1346 1637 1627 1692 fornicata
1654 1637 1845 1703 fuerit,
1879 1641 1933 1691 et
1961 1637 2144 1690 infan-

2253 431 2311 484 in
2351 431 2618 485 orationis
2665 431 3135 485 communionem
3177 436 3413 503 receptus
3455 438 3767 505 paenitentiam

2252 527 2402 592 agat,
2431 529 2486 577 et
2525 523 2602 576 sic
2651 524 2894 594 gratiam
2929 523 3199 594 suscipiat
3239 529 3558 581 sacramenti.
3583 531 3767 588 Interro-

2254 619 2460 686 gentur
2483 618 2676 669 autem
2705 615 2799 668 alii
2826 615 2894 669 de
2917 631 2984 669 eo
3007 615 3236 686 qualem
3255 616 3413 670 vitam
3437 617 3488 672 in
3512 622 3772 690 pcenitentia

2253 708 2454 777 egerit,
2473 713 2528 762 et
2547 708 2625 760 sic
2639 708 3058 762 communionis
3086 708 3510 764 misericordiam
3538 729 3773 785 consequa-

2250 802 2361 854 tur.
2395 800 2446 854 Si
2475 799 2601 870 quis
2626 804 2818 854 autcm
2865 803 2996 871 post
3021 800 3219 870 viginti
3263 817 3428 856 annos
3466 803 3644 858 habens
3667 823 3771 860 uxo-

2250 909 2394 961 rem,
2436 893 2568 946 huic
2613 897 2846 963 peccato
2900 893 3147 961 irruerit,
3177 894 3368 964 viginti
3409 895 3623 966 quinque
3655 900 3774 952 annis

2251 984 2560 1040 humilitati
2592 985 2903 1055 subjaceat,
2938 990 2994 1039 et
3017 986 3265 1057 quinque
3311 987 3458 1040 annis
3498 989 3776 1044 orationibus

2250 1081 2474 1132 tantum
2495 1079 2951 1145 communicans,
2965 1082 3164 1149 postea
3179 1079 3402 1149 recipiat
3422 1086 3775 1136 sacramentum.

2249 1171 2406 1234 Quod
2441 1171 2484 1224 si
2516 1172 2663 1224 hanc
2689 1187 3016 1225 mensuram
3043 1171 3244 1242 aliquis
3267 1176 3607 1242 transgressus
3634 1173 3775 1238 fuerit,

2248 1267 2668 1317 sacramentum
2695 1263 2755 1317 in
2782 1264 2933 1318 exitu
2959 1267 3352 1335 consequatur,
3375 1268 3576 1335 oportet
3590 1265 3712 1319 enim
3725 1269 3780 1318 ta-

2249 1357 2329 1411 les
2353 1355 2503 1410 inter
2532 1356 2908 1411 daemoniosos
2948 1373 3129 1411 orare.

2320 1477 2580 1530 LXXXIII.
2621 1476 2675 1530 Si
2712 1476 2837 1546 quis
2881 1477 2952 1529 de
2997 1491 3237 1546 corpore
3269 1475 3451 1529 exiens
3490 1475 3781 1530 novissimum

2247 1571 2304 1623 et
2331 1567 2710 1622 necessarium
2753 1567 3170 1622 communionis
3198 1567 3451 1621 viaticum
3479 1568 3674 1637 expetit,
3699 1584 3782 1621 non

2248 1661 2300 1715 ei
2323 1661 2668 1731 denegetur;
2697 1661 2851 1731 quod
2882 1661 2926 1714 si
2964 1660 3025 1714 in
3068 1660 3448 1730 desperatione
3473 1660 3674 1729 positus,
3695 1665 3784 1730 post

2252 1709 2300 1715 “’“
2328 1709 2630 1731 “’”“““Ο“”““’
2656 1709 2668 1728 ⁷
2703 1709 2851 1731 '1"—
2883 1709 2926 1714 ⁷⁷
2964 1709 3025 1714 ⁷⁵-
3073 1709 3445 1730 “⁷”Γν”ν“----
3477 1709 3674 1729 l'""'"1
3696 1709 3781 1730 1"“

519 1740 636 1789 tem
653 1733 749 1804 qui
764 1731 962 1786 exinde
976 1730 1149 1784 fuerit
1163 1734 1328 1784 natus
1346 1730 1636 1799 occiderit,
1653 1735 1708 1785 et
1722 1746 1849 1801 quae
1865 1730 2146 1784 studuerit
2167 1709 2222 1780 B
2246 1757 2570 1825 perceptam
2591 1752 3049 1807 communionem
3069 1753 3277 1808 iterum
3297 1769 3458 1806 sanus
3475 1751 3622 1806 fuerit
3635 1752 3781 1818 factus,

518 1827 783 1881 aborsum
810 1826 1016 1891 facere,
1047 1827 1103 1878 et
1132 1823 1288 1895 quod
1316 1827 1650 1893 conceptum
1681 1829 1766 1877 est
1793 1839 2016 1891 necare,
2049 1825 2146 1876 aut

517 1922 667 1974 certe
681 1922 742 1972 ut
755 1935 866 1972 non
880 1918 1162 1988 concipiat
1181 1917 1490 1982 elaborare,
1507 1917 1618 1970 sive
1634 1933 1701 1970 ex
1719 1916 2014 1982 adulterio,
2029 1915 2143 1969 sive

516 2030 583 2066 ex
610 2011 867 2082 legitimo
895 2010 1179 2080 conjugio,
1202 2011 1302 2063 has
1325 2011 1458 2063 tales
1486 2009 1754 2063 mulieres
1779 2009 1839 2062 in
1860 2011 2042 2062 morte
2063 2024 2144 2062 re-

515 2106 701 2175 cipere
732 2102 1205 2157 communionem
1237 2102 1458 2172 priores
1484 2117 1729 2154 canones
1749 2101 2140 2170 decreverunt,

514 2215 616 2251 nos
642 2201 835 2250 tamen
861 2212 963 2265 pro
981 2193 1390 2259 misericordia,
1414 2193 1527 2246 sive
1549 2195 1690 2247 tales
1716 2193 2006 2260 mulieres,
2027 2195 2141 2247 sive

515 2289 767 2343 conscias
792 2287 1069 2341 scelerum
1097 2286 1368 2356 ipsarum,
1398 2285 1595 2339 decem
1627 2285 1790 2339 annis
1820 2301 1990 2356 agere
2020 2302 2138 2356 poe-

517 2381 817 2435 nitentiam
838 2380 1181 2450 judicamus.

586 2474 796 2527 LXXIX.
827 2472 884 2526 Si
913 2471 1037 2542 quis
1066 2471 1386 2525 voluntarie
1415 2469 1791 2524 homicidium
1825 2470 2042 2538 fecerit,
2073 2472 2141 2526 ad

505 2567 747 2637 januam
799 2565 1048 2620 ecclesiae
1097 2564 1390 2618 catholicae
1458 2579 1684 2633 semper
1732 2563 2037 2633 subjaceat,
2084 2567 2139 2617 et

513 2658 976 2714 communionem
1004 2658 1064 2710 in
1097 2657 1250 2711 exitu
1278 2656 1408 2710 vitm
1438 2672 1554 2708 sum
1584 2654 1847 2725 recipiat;
1878 2656 1923 2709 si
1953 2659 2142 2710 autem

511 2768 626 2806 non
653 2751 991 2817 voluntarie,
1021 2750 1118 2804 sed
1146 2766 1278 2803 casu
1311 2749 1499 2818 aliquo
1526 2748 1898 2802 homicidium
1926 2749 2139 2816 fecerit,

510 2844 669 2915 prior
695 2859 877 2896 canon
902 2848 1116 2913 septem
1145 2841 1310 2895 annis
1340 2857 1510 2911 agere
1539 2840 1932 2910 paenitentiam
1953 2841 2140 2910 jussit,

514 2936 791 2991 secundus
820 2951 1004 2989 canon
1029 2935 1283 3005 quinque
1314 2933 1624 2988 mandavit.

585 3030 770 3082 LXXX.
801 3028 856 3083 Si
892 3043 1002 3098 qua
1031 3027 1234 3080 mulier
1265 3027 1406 3080 duos
1441 3026 1661 3091 fratres,
1688 3030 1787 3080 aut
1815 3027 1861 3080 si
1907 3026 2032 3097 quis
2057 3027 2142 3080 vir
2161 3067 2215 3140 Ο

512 3122 652 3176 duas
697 3137 917 3175 sorores
964 3119 1244 3188 habuerit,
1288 3135 1322 3172 a
1369 3118 1775 3173 communione
1823 3119 2141 3174 abstineant

510 3231 690 3285 usque
717 3214 788 3267 ad
819 3216 1082 3278 mortem,
1111 3211 1172 3266 in
1213 3217 1396 3266 morte
1441 3214 1635 3266 autem
1665 3212 1736 3265 ab
1765 3212 1844 3266 eis
1878 3227 2136 3266 commu-

512 3307 686 3362 nione
714 3311 957 3377 accepta,
985 3305 1032 3358 si
1059 3305 1128 3359 de
1157 3304 1489 3359 infirmitate
1531 3305 1938 3375 convaluerint,
1970 3311 2141 3376 agant

510 3401 743 3471 plenam
771 3398 1164 3469 paenitentiam
1189 3402 1448 3468 tempore
1475 3397 1796 3452 constituto.

584 3493 793 3546 LXXXI.
825 3491 884 3546 Si
931 3491 1058 3561 quis
1102 3490 1296 3544 multis
1347 3489 1774 3560 nuptiisfuerit
1824 3491 2138 3561 copulatus,

511 3584 908 3656 paenitentiam
921 3588 1070 3654 agat,
1085 3583 1376 3638 conversio
1394 3586 1583 3637 autem
1596 3587 1651 3637 et
1661 3583 1802 3637 ﬁdes
1815 3583 2140 3655 paenitentis

514 3676 842 3748 compendit
866 3679 1110 3747 tempus.

584 3771 819 3826 LXXXII.
854 3769 912 3825 Si
937 3769 1064 3841 quis
1095 3769 1397 3840 cujuslibet
1439 3769 1700 3823 animalis
1743 3769 2139 3824 commistione

511 3864 844 3937 peccaverit,
873 3863 1199 3936 quindecim
1223 3862 1386 3918 annis
1410 3862 1469 3916 in
1502 3861 1823 3917 humilitate
1849 3862 2142 3933 subjaceat

2241 1849 2469 1901 tantum
2501 1847 2757 1900 oratione
2785 1846 3068 1917 particeps
3095 1846 3186 1900 sit.
3214 1847 3351 1899 Nam
3376 1861 3482 1899 non
3508 1844 3703 1914 accipiat
3720 1860 3783 1896 sa-

2242 1944 2618 2004 cramentum,
2649 1940 2829 1994 donec
2859 1939 3234 1993 constitutum
3274 1953 3408 2008 pure
3437 1937 3646 2006 impleat
3679 1939 3782 1989 tem-

2240 2049 2368 2102 pus.
2389 2031 2493 2095 Qui
2519 2048 2654 2101 ergo
2677 2032 2734 2085 in
2761 2032 2911 2086 exitu
2941 2031 3138 2085 mortis
3165 2034 3316 2097 sunt,
3340 2035 3394 2085 et
3419 2028 3700 2083 desiderant
3718 2043 3784 2080 ac-

2243 2124 2431 2194 cipere
2458 2128 2902 2191 sacramentum,
2933 2140 3064 2178 cum
3103 2121 3539 2178 consideratione
3562 2124 3611 2174 et
3630 2120 3784 2193 proba-

2243 2218 2395 2271 tione
2432 2217 2678 2287 episcopi
2712 2217 2968 2287 accipere
2999 2215 3232 2270 debent.

2313 2338 2569 2392 LXXXIV.
2609 2337 2668 2392 Si
2695 2337 2821 2406 quis
2846 2337 3018 2391 intrat
3047 2335 3106 2390 in
3135 2336 3428 2392 ecclesiam
3465 2334 3552 2389 Dei
3577 2337 3625 2389 et
3657 2348 3787 2387 sacras

2244 2429 2559 2500 Scripturas
2605 2428 2783 2496 audit,
2831 2433 2888 2482 et
2933 2445 3039 2499 pro
3086 2429 3308 2483 luxuria
3353 2443 3449 2482 sua
3489 2426 3664 2481 avertit
3695 2441 3740 2478 se
3769 2440 3790 2476 a

2243 2522 2643 2577 communione
2669 2521 3025 2590 sacramenti,
3051 2527 3106 2576 et
3121 2522 3180 2575 in
3203 2521 3552 2577 observandis
3573 2517 3788 2588 mysteriis

2249 2615 2492 2670 declinat
2517 2615 2882 2670 constitutam
2931 2614 3190 2686 regulam
3234 2614 3549 2685 disciplinae,
3575 2612 3706 2666 illum
3729 2613 3790 2662 ta-

2243 2708 2354 2762 lem
2399 2707 2813 2778 projiciendum
2843 2707 2911 2761 de
2939 2707 3182 2761 Ecclesia
3217 2707 3489 2762 catholica
3515 2721 3618 2760 esse
3645 2703 3789 2756 decer-

2242 2801 2454 2869 nimus,
2474 2800 2653 2854 donec
2673 2800 3062 2870 paenitentiam
3088 2805 3220 2871 agat
3250 2803 3308 2856 et
3333 2798 3577 2854 ostendat
3603 2797 3792 2851 fructum

2241 2893 2586 2964 poenitentiae
2609 2909 2746 2956 suae,
2761 2898 2828 2947 ut
2847 2894 3041 2963 possit,
3065 2893 3464 2948 communione
3482 2893 3724 2963 percepta,
3734 2886 3792 2940 in-

2243 2985 2592 3057 dulgentiam
2636 2987 2973 3057 promereri.

2311 3098 2546 3152 LXXXV.
2579 3098 2700 3151 Non
2742 3098 2904 3152 liceat
2941 3097 3367 3153 communicare
3409 3090 3791 3152 excommunica-

2238 3189 2328 3258 tis,
2359 3207 2546 3260 neque
2575 3189 2634 3243 in
2665 3190 2864 3244 domos
2907 3207 3104 3245 eorum
3147 3191 3502 3246 introeuntes
3545 3202 3681 3243 orare
3703 3199 3796 3238 cum

2241 3281 2341 3348 eis,
2373 3298 2555 3353 neque
2585 3282 2756 3338 liceat
2783 3299 2915 3337 cum
2944 3284 3024 3337 eis
3049 3284 3108 3338 in
3137 3283 3253 3338 alia
3283 3282 3512 3339 ecclesia
3536 3275 3792 3351 segregari;

2241 3374 2285 3428 si
2311 3377 2504 3429 autem
2538 3375 2739 3446 aliquis
2767 3377 3086 3447 episcopus,
3115 3380 3215 3431 aut
3251 3377 3560 3448 presbyter,
3590 3375 3672 3427 aut
3708 3369 3795 3422 dia~

2240 3483 2435 3534 conus,
2483 3471 2582 3521 aut
2629 3469 2865 3539 quilibet
2912 3469 3324 3524 ecclesiasticus
3377 3463 3796 3524 excommunicato

2241 3561 2755 3630 communicaverit,
2787 3562 2947 3632 quasi
2983 3562 3328 3633 perturbans
3358 3577 3580 3617 omnem
3605 3553 3797 3625 discipli-

2241 3669 2374 3707 nam
2405 3653 2836 3709 ecclesiasticam
2868 3655 3417 3711 excommunicetur.

2311 3768 2551 3839 Explicit
2576 3769 2720 3823 liber
2747 3775 3147 3841 excerptorum
3176 3771 3361 3827 sancti
3389 3768 3599 3827 Martini
3626 3767 3800 3820 Bracca-

2240 3863 2420 3916 rensis
2448 3861 2694 3934 episcopi
2725 3879 2791 3916 ex
2816 3863 3047 3934 synodis
3078 3864 3477 3920 Orientalium.

519 4020 3796 4044 _____________________________________________.—-

890 4182 1302 4274 INCIPIT
1389 4181 2002 4274 CONCILIUM
2096 4183 2903 4276 BRACCARENSE
2988 4186 3494 4280 TERTIUM

1304 4345 1623 4408 Habitum
1651 4363 1823 4407 anno
1853 4355 2088 4428 quarto
2130 4347 2488 4411 Wambam‘
2514 4349 2686 4429 regis
2713 4365 2850 4412 ara
2875 4367 3082 4412 ncxm.

586 4517 862 4570 Decenter
908 4511 1044 4566 satis
1085 4526 1188 4582 per
1227 4509 1481 4566 divinum
1529 4509 1798 4581 Spiritum
1832 4510 1890 4563 in
1942 4510 2138 4564 Braca-
2162 4521 2220 4592 D
2243 4509 2375 4581 quia
2390 4509 2611 4563 nullum
2626 4514 2948 4564 nostrorum
2963 4501 3807 4577 schismaticierrorisfatigaveral

511 4609 664 4663 rensi
695 4607 830 4661 urbe
871 4603 1109 4671 collecti,
1139 4607 1195 4657 et
1237 4605 1306 4659 de
1352 4603 1437 4657 his
1481 4620 1607 4674 quas
1645 4603 1797 4657 intra
1845 4603 2142 4657 ecclesiam

511 4717 774 4773 perversa
796 4700 1012 4754 actione
1041 4700 1318 4768 geruntur
1343 4695 1641 4751 tractaturi
1668 4696 2051 4763 convenimus,
2082 4700 2145 4750 ut

513 4795 810 4863 adjuvante
843 4809 942 4846 nos
978 4791 1074 4845 illo
1121 4790 1220 4861 qui
1264 4789 1401 4844 dicit
1431 4807 1442 4843 :
1477 4811 1504 4838 «
1537 4789 1868 4860 Ubicunque
1914 4789 2026 4843 duo
2053 4789 2142 4842 vel

513 4890 629 4939 tres
649 4885 871 4939 collecti
897 4883 1111 4937 fuerint
1140 4883 1198 4936 in
1218 4883 1452 4937 nomine
1481 4897 1630 4950 meo,
1651 4882 1728 4936 ibi
1756 4898 1852 4936 ero
1876 4881 1935 4935 in
1953 4881 2141 4937 medio

517 4995 716 5032 eorum
758 4978 971 5047 (Matth.
1002 4992 1157 5044 xvm,
1186 4976 1296 5045 20),
1330 4996 1355 5026 »
1384 4975 1506 5046 pari
1546 4975 1741 5029 animo
1769 4975 2006 5046 parique
2041 4975 2139 5029 de-

512 5071 757 5126 votionis
783 5070 967 5124 studio
999 5073 1388 5140 exsurgentes,
1418 5069 1566 5122 male
1599 5068 1817 5122 habitos
1866 5069 2138 5138 exstirpe-

515 5182 645 5219 mus
683 5179 920 5218 errores.
960 5162 1183 5217 Etenim
1213 5161 1349 5215 dum
1381 5177 1485 5216 nos
1527 5161 1587 5214 in
1627 5177 1809 5215 unum
1859 5160 2141 5231 synodalis

509 5257 652 5312 actio
689 5259 1073 5328 aggregasset,
1112 5254 1319 5309 debitis
1364 5253 1423 5308 in
1456 5254 1681 5309 sedibus
1727 5253 2007 5319 collocati,
2032 5253 2142 5322 pri-

507 5368 667 5406 mum
696 5351 765 5405 de
795 5354 1002 5405 sanctae
1044 5347 1178 5402 ﬁdei
1222 5351 1579 5403 sacramento
1610 5347 1884 5418 coepimus
1929 5345 2136 5399 habere

510 5461 850 5511 sermonem,
881 5442 1110 5509 scilicet,
1147 5459 1220 5496 ne
1269 5445 1369 5496 aut
1412 5442 1662 5495 vanitate
1705 5438 2136 5510 disputantium,

511 5541 610 5591 aut
639 5537 949 5592 nescientia
980 5535 1326 5607 simplicium
1369 5533 1575 5588 erroris
1614 5532 1911 5604 quippiam
1938 5531 1998 5585 in
2029 5532 2138 5586 hoc

506 5634 863 5685 sacramento
893 5629 1027 5684 ﬁdei
1057 5631 1368 5692 teneretur,
1391 5626 1544 5681 unde
1576 5642 1703 5680 cum
1731 5641 1926 5680 omnes
1955 5642 2058 5681 nos
2079 5626 2138 5680 in

503 5735 633 5776 vera
668 5723 778 5776 ﬁde
811 5728 868 5777 ut
899 5721 1193 5792 speculum
1226 5721 1699 5794 perlustraremus
1727 5719 1951 5788 illmsos,
1982 5719 2041 5774 in
2067 5736 2134 5775 eo

2241 4602 2430 4671 turbo,
2459 4602 2556 4656 sed
2583 4619 2712 4656 vera
2737 4619 2839 4657 nos
2881 4607 2940 4657 et
2983 4604 3218 4674 simplex
3259 4604 3320 4658 in
3369 4605 3478 4658 hoc
3518 4597 3806 4655 sacramento

2239 4694 2551 4765 apostolica
2579 4696 2823 4750 ostendit
2849 4696 3088 4750 idoneos
3117 4697 3467 4767 praedicatio,
3492 4699 3660 4766 grates
3677 4685 3810 4742 omni~

2240 4787 2456 4860 potenti
2488 4789 2810 4859 peregimus
2838 4790 2976 4857 Deo,
3007 4790 3162 4860 quod
3200 4791 3352 4844 hanc
3390 4795 3588 4844 nostra:
3614 4781 3720 4839 ﬁdei
3745 4793 3809 4831 re-

2242 4881 2438 4952 gulam
2463 4880 2600 4951 ipsis
2625 4882 2809 4935 verbis
2830 4885 3000 4953 atque
3026 4883 3320 4936 sententiis
3347 4877 3811 4937 commemoranter

2241 4974 2626 5045 praeteximus,
2658 4974 2862 5044 quibus
2889 4978 2947 5028 et
2976 4975 3033 5028 in
3067 4981 3351 5030 conventu
3402 4973 3602 5029 Niceeni
3639 4961 3809 5025 concilii

2242 5067 2586 5121 declaratam
2619 5083 2736 5122 esse
2764 5068 2986 5122 scimus.

2314 5160 2610 5215 Credimus
2640 5160 2698 5214 in
2725 5177 2906 5214 unum
2933 5163 3110 5216 Deum
3139 5163 3370 5216 Patrem
3396 5157 3808 5232 omnipotentem,

2241 5254 2518 5308 factorem
2543 5253 2669 5307 caeli
2697 5258 2753 5307 et
2778 5259 2964 5322 terrae,
2998 5255 3304 5308 visibilium
3351 5255 3606 5309 omnium
3632 5253 3681 5304 et
3704 5243 3808 5300 invi-

2239 5345 2486 5400 sibilium
2529 5345 2898 5400 conditorem.
2933 5349 2999 5401 Et
3023 5347 3082 5400 in
3114 5363 3296 5402 unum
3347 5346 3637 5402 Dominum
3665 5342 3811 5395 Iesum

2238 5439 2524 5494 Christum
2552 5439 2753 5492 Filium
2783 5439 2879 5493 Dei
2924 5440 3311 5511 unigenitum,
3341 5458 3408 5495 ex
3459 5443 3616 5495 Patre
3659 5437 3810 5488 natum

2239 5536 2370 5587 ante
2392 5532 2588 5587 omnia
2608 5533 2831 5587 saecula.
2861 5535 3041 5588 Deum
3069 5551 3134 5588 ex
3162 5536 3297 5602 Deo,
3317 5534 3517 5589 lumen
3534 5548 3599 5588 ex
3619 5525 3807 5585 lumine,

2238 5626 2415 5680 Deum
2473 5642 2669 5681 verum
2717 5642 2786 5681 ex
2835 5627 2948 5682 Deo
2997 5643 3150 5694 vero,
3199 5633 3417 5694 natum,
3467 5642 3577 5681 non
3620 5623 3807 5677 factum.

2236 5719 2531 5775 omousion
2577 5719 2744 5790 Patri,
2774 5720 2879 5776 hoc
2926 5726 3009 5776 est
3054 5721 3305 5794 ejusdem
3351 5737 3482 5778 cum
3528 5720 3678 5774 Patre
3703 5708 3806 5767 sub-
