3946 6180
123 331 200 382 589
1270 321 1741 378 DECRETALIUM
1780 322 2162 378 COLLECTIO.
3289 331 3391 381 590

118 433 306 497 stantia,
335 445 425 501 per
448 444 608 499 quem
643 429 832 484 omnia
861 431 1006 485 facta
1044 433 1176 485 sunt
1197 446 1324 501 quae
1355 430 1415 484 in
1444 431 1580 484 caelo
1601 433 1658 485 et
1678 441 1736 515 Α
1757 431 1887 486 dam
1915 447 2014 500 pro
2041 429 2460 500 complemento
2485 433 2903 486 communionis
2923 433 3161 488 credunt
3181 435 3389 505 populo

117 542 212 597 qua:
233 525 281 578 in
306 527 453 587 terra,
493 523 585 592 qui
621 527 858 594 propter
898 540 1002 578 nos
1031 530 1086 578 et
1125 525 1358 595 propter
1398 526 1656 579 nostram
1758 523 2182 595 porrigendum,
2205 527 2260 577 et
2284 525 2435 594 quod
2458 526 2616 596 pejus
2633 525 2718 580 his
2746 526 3013 580 omnibus
3029 530 3132 592 est,
3154 527 3386 598 quidam

116 620 299 672 salutem
324 615 608 670 descendit.
633 617 702 670 Et
729 615 1058 671 incarnatus
1087 623 1171 672 est
1193 617 1262 672 de
1285 617 1497 688 Spiritu
1528 634 1654 671 san-
1757 617 2119 672 sacerdotum
2152 617 2210 672 in
2226 617 2374 672 vasis
2401 618 2623 673 Domini
2644 618 2837 690 epulas
2863 619 2969 674 sibi
2987 625 3307 691 apponunt,
3331 626 3388 676 et

114 715 194 778 cto,
220 712 357 762 natus
383 724 441 762 ex
468 709 630 762 Maria
678 709 922 780 virgine,
970 727 1167 780 passus
1196 710 1298 765 sub
1336 709 1533 764 Pontio
1563 710 1655 765 Pi-
1757 711 2102 766 manducare
2130 712 2187 766 in
2217 711 2297 765 eis
2323 717 2701 783 praesumunt,
2733 713 2971 783 quidam
2999 713 3171 767 etiam
3198 730 3268 769 ex
3293 730 3382 770 sa-

111 805 208 870 lato,
246 802 488 872 sepultus,
541 801 701 856 tertia
755 802 847 858 die
900 804 1240 870 resurrexit,
1288 803 1542 858 ascendit
1598 804 1655 858 in
1757 803 2079 859 cerdotibus
2104 804 2266 860 relati
2299 807 2449 872 sunt,
2480 805 2633 876 quod
2675 805 3062 860 ecclesiasticae
3089 812 3384 863 consuetu-

111 895 246 959 caalos,
272 895 410 949 sedet
443 895 508 949 ad
545 895 833 950 dexteram
892 896 992 951 Dei
1040 897 1238 962 Patris,
1277 896 1487 952 iterum
1517 913 1652 952 ven-
1755 897 1903 952 diuis
1927 897 2126 951 ordine
2157 897 2559 968 praetermisso,
2587 897 2820 953 missam
2845 898 2964 954 sine
2983 915 3149 971 prece
3175 901 3380 955 oratio-

107 994 225 1042 turus
240 987 471 1058 judicare
496 988 648 1044 vivos
691 995 748 1044 et
791 993 1063 1044 mortuos.
1107 990 1277 1060 Cujus
1334 990 1497 1062 regni
1541 1007 1652 1044 non
1753 991 1840 1045 nis
1867 991 2114 1046 audeant
2139 990 2349 1056 dicere,
2373 995 2430 1045 et
2450 991 2600 1061 quod
2624 991 2682 1046 in
2703 991 3154 1047 solemnitatibus
3179 997 3383 1066 marty-

109 1081 320 1135 eritfinis.
335 1080 615 1136 Credimus
634 1083 764 1136 etin
782 1082 1052 1154 Spiritum
1074 1088 1329 1139 sanctum
1347 1083 1655 1139 Dominum
1752 1100 1883 1138 rum
1915 1083 2184 1155 reliquias
2215 1100 2317 1138 suo
2353 1085 2492 1138 collo
2523 1084 2838 1156 imponant,
2856 1088 2912 1139 et
2940 1084 2998 1138 in
3021 1085 3235 1141 sellulis
3265 1103 3382 1142 non

104 1175 448 1242 viviﬁcatorem,
479 1192 546 1230 ex
581 1177 742 1230 Patre
788 1180 844 1231 et
882 1177 1020 1232 Filio
1064 1177 1494 1249 procedentem,
1522 1195 1652 1232 cum
1753 1177 1824 1231 ab
1861 1177 1982 1231 aliis
2009 1193 2066 1231 se
2095 1176 2420 1248 portandas,
2452 1176 2559 1231 nisi
2587 1177 2657 1231 ab
2678 1177 2880 1231 albatis
2907 1177 3229 1233 diaconibus
3258 1195 3378 1234 cre-

102 1271 224 1323 Patre
248 1272 294 1323 et
316 1267 443 1322 Filio
472 1268 830 1324 adorandum
855 1274 913 1325 et
943 1270 1398 1341 glorificandum.
1442 1271 1546 1336 Qui
1575 1272 1653 1327 lo-
1749 1270 1903 1325 dant.
1926 1269 2067 1324 Illud
2089 1286 2313 1341 quoque
2335 1269 2486 1342 quod
2504 1269 2758 1342 plerique
2782 1271 3134 1326 sacerdotum
3161 1271 3375 1344 absque

101 1365 220 1415 cutus
243 1365 315 1415 est
335 1377 431 1432 per
452 1361 777 1432 prophetas.
807 1364 874 1416 Et
889 1379 1068 1418 unam
1100 1367 1376 1431 sanctam,
1407 1364 1648 1420 catholi-
1751 1362 2072 1418 testimonio
2102 1379 2231 1418 cum
2255 1363 2482 1418 feminis
2513 1369 2956 1432 commorantur,
2990 1368 3046 1419 et
3073 1366 3225 1436 quod
3249 1367 3377 1437 qui-

100 1470 190 1507 cam
221 1457 266 1508 et
305 1455 660 1525 apostolicam
700 1455 1025 1511 Ecclesiam.
1069 1456 1419 1512 Conﬁtemur
1471 1474 1647 1512 unum
1749 1456 1881 1537 dam
1916 1457 2145 1512 illorum
2174 1457 2482 1512 honoratos
2525 1457 2724 1511 fratres
2759 1473 2887 1511 suos
2925 1456 3256 1513 verberibus
3299 1459 3381 1514 in-

98 1547 317 1617 baptisma
334 1548 386 1601 in
410 1548 804 1604 remissionem
824 1554 1214 1621 peccatorum.
1243 1551 1650 1622 Exspectamus
1748 1550 2002 1605 discretis
2031 1550 2364 1621 subjiciunt.
2411 1553 2638 1606 Necnon
2674 1554 2729 1605 et
2770 1550 2929 1616 illud,
2961 1551 3116 1622 quod
3143 1552 3374 1624 quidam

98 1640 488 1695 resurrectionem
516 1647 895 1697 mortuorum.
924 1644 991 1697 Et
1029 1642 1200 1698 vitam
1231 1643 1410 1699 futuri
1431 1645 1644 1700 smeuli.
1745 1643 1994 1699 Simonis
2037 1643 2345 1714 cupiditate
2401 1644 2632 1714 arrepti,
2690 1659 2834 1714 quos
2880 1645 3193 1702 ordinaturi
3247 1652 3380 1702 sunt

94 1735 242 1787 Amen.
1667 1807 1707 1810 _
1750 1735 1799 1808 1
1815 1736 1940 1810 45
1971 1737 2073 1791 sub
2101 1736 2360 1791 cautione
2385 1735 2678 1790 dimittant
2703 1736 2945 1807 qualiter
2967 1742 3266 1810 postquam
3292 1756 3378 1794 or-

144 1827 246 1879 Post
290 1827 442 1898 hujus
492 1831 706 1882 sanctas
769 1828 906 1884 fidei
966 1834 1386 1885 sacramentum
1440 1807 1924 1886 relatusBrlinati
1955 1831 2198 1896 fuerint,
2242 1829 2541 1900 pecuniam
2583 1829 2654 1884 ab
2697 1829 2805 1883 illis
2853 1807 3194 1901 promissam
3227 1834 3372 1888 acci-

90 1919 219 1971 estin
241 1921 474 1975 concione
496 1922 762 1976 omnium
785 1928 1109 1978 nostrorum
1135 1939 1296 1978 error
1315 1924 1646 1979 manifestus
1746 1923 1924 1996 piant.
1939 1923 2079 1979 Illud
2101 1938 2324 1994 quoque
2342 1922 2494 1994 quod
2511 1921 2785 1977 familiam
2799 1923 3050 1978 ecclesiae
3063 1923 3120 1977 in
3132 1925 3374 1995 propriis

88 2010 255 2078 pariter
273 2017 317 2067 et
340 2013 608 2082 diversus,
649 2015 749 2086 qui
778 2018 936 2070 tanta
973 2015 1146 2071 debet
1186 2016 1496 2088 disciplinas
1527 2022 1646 2073 arte
1741 2016 2030 2071 laboribus
2059 2018 2330 2088 quassant
2359 2015 2638 2070 damnum
2666 2030 2697 2070 e
2721 2015 3030 2071 Dominicis
3055 2016 3324 2072 facientes
3353 2035 3366 2084 ;

86 2104 278 2172 retundi,
297 2109 495 2176 quanta
515 2110 577 2162 et
592 2109 958 2178 perversitate
978 2109 1381 2181 comprobatur
1396 2109 1641 2166 infundi.
1744 2125 1872 2183 quas
1899 2109 2111 2178 omnia,
2143 2125 2213 2164 ne
2242 2109 2477 2164 confuse
2517 2107 2819 2164 videantur
2851 2124 2971 2164 esse
3004 2110 3244 2181 prolata,
3283 2110 3369 2165 di-

87 2194 272 2257 Quidam
298 2199 435 2253 enim
472 2200 532 2255 in
578 2201 865 2258 sacriﬁciis
904 2203 1130 2258 Domini
1171 2202 1340 2258 relati
1386 2207 1518 2258 sunt
1557 2203 1644 2259 lac
1744 2202 1940 2259 scretis
1981 2202 2276 2259 titulorum
2318 2201 2613 2258 ordinibus
2646 2201 2932 2258 credimus
2956 2202 3364 2260 subnectenda.

82 2303 156 2357 pro
177 2289 283 2347 vino
319 2291 530 2362 offerre,
576 2294 979 2352 eucharistiam
1022 2312 1248 2370 quoque
1299 2295 1428 2352 vino
1452 2296 1640 2353 madi-

1246 2609 1325 2675 IN
1331 2609 1645 2678 CIPIUNT
1717 2608 2132 2677 CAPITULA.

129 2790 164 2842 t.
190 2791 243 2846 Ut
282 2793 506 2864 repulsis
559 2796 825 2852 omnibus
864 2797 1229 2868 opinionibus
1274 2797 1629 2870 superstitio-
1804 2802 1854 2853 5.
1888 2798 1962 2853 De
1980 2797 2247 2854 damnata
2270 2796 2722 2870 praesumptione
2740 2796 3127 2870 quorumdam
3146 2799 3360 2871 episco~

75 2893 188 2948 num,
213 2885 354 2953 panis
378 2891 607 2944 tantum
639 2892 697 2944 et
748 2891 946 2945 vinum
989 2907 1138 2964 aqua
1186 2891 1520 2964 permistum
1569 2891 1631 2948 in
1729 2906 1934 2963 porum
1963 2891 2064 2963 qui
2101 2891 2160 2945 in
2187 2889 2577 2946 festivitatibus
2617 2893 2933 2962 martyrum
2965 2890 3037 2944 ad
3067 2891 3359 2949 ecclesiam

76 2974 278 3031 sacriﬁcio
308 2977 635 3037 offerantur.
1727 2983 2398 3056 procedentes,fappensis
2423 2983 2565 3038 collo
2593 2981 2866 3055 reliquiis,
2896 3000 2930 3038 a
2949 2983 3275 3044 diaconibus
3298 2985 3357 3041 in

120 3068 156 3118 2.
181 3067 244 3126 Ne
269 3087 389 3127 vasa
423 3074 666 3130 Domino
709 3079 926 3133 sacrata
972 3077 1235 3133 humanis
1275 3077 1471 3135 usibus
1510 3095 1624 3136 ser-
1727 3077 1942 3133 sellulis
1966 3081 2278 3133 vectantur.

73 3156 196 3214 riant.
1648 3173 1701 3246 ρ
1799 3175 1851 3226 6.
1880 3173 1956 3226 De
1980 3172 2274 3226 honestate
2305 3171 2710 3226 honoratorum
2733 3173 2817 3225 est
2842 3169 3156 3245 disciplina.

119 3253 156 3304 3.
179 3253 242 3310 Ne
266 3261 517 3316 sacerdos
565 3261 691 3318 sine
730 3263 912 3318 orario
955 3264 1190 3321 missam
1234 3265 1443 3323 audeat
1470 3268 1618 3324 cele-
1789 3269 1841 3318 7.
1875 3266 1953 3319 Ne
1981 3264 2349 3336 promissione
2390 3279 2714 3332 munerum,
2745 3263 2978 3318 honoris
3025 3264 3210 3336 gratia
3251 3280 3346 3319 ve-

68 3339 198 3400 bm‘e.
1719 3357 2034 3412 nundetur.

113 3437 151 3490 4.
174 3440 236 3494 Ne
279 3446 594 3502 sacerdotes
646 3447 762 3504 sive
819 3450 1144 3523 quicunque
1192 3467 1262 3506 ex
1311 3453 1462 3509 clero
1499 3453 1618 3510 sine
1788 3453 1841 3505 8.
1869 3451 1947 3505 Ne
1972 3455 2214 3506 rectores
2242 3449 2491 3506 ecclesia:
2515 3451 2676 3520 prius
2705 3449 2938 3522 propria
2966 3466 3140 3523 quam
3165 3452 3342 3507 eccle-

66 3529 312 3592 testimonio
339 3555 466 3596 cum
492 3540 846 3614 quibuslibet
869 3543 1098 3598 feminis
1125 3545 1399 3601 habitent.
1717 3542 1926 3598 siastica
1951 3542 2083 3613 jura
2107 3542 2362 3598 laborare
2383 3542 2699 3598 intendant.

109 3678 204 3732 CAP.
237 3683 272 3737 l.
312 3685 447 3740 Cum
485 3703 664 3743 omne
693 3689 911 3745 crimen
941 3695 1110 3762 atque
1134 3696 1431 3763 peccatum
1461 3693 1613 3748 obla-
1715 3689 2126 3760 complementa
2142 3688 2563 3744 communionis
2577 3689 2875 3744 intinctam
2890 3691 3126 3746 tradunt
3143 3694 3343 3748 eucha-

61 3768 212 3858 ξεί)θο
247 3777 515 3835 sacrificiis
559 3780 840 3850 deleatur,
890 3783 1028 3855 quid
1055 3784 1124 3839 de
1154 3789 1355 3841 cetero
1379 3803 1481 3858 pro
1512 3787 1611 3842 de-
1711 3782 1930 3837 ristiam
1969 3781 2212 3854 populis,
2253 3798 2357 3838 nec
2394 3783 2502 3837 hoc
2539 3783 2821 3854 prolatum
2863 3783 3247 3840 testimonium
3273 3803 3338 3842 ex

60 3857 253 3922 lictorum
270 3871 582 3941 expiatione
613 3875 849 3930 Domino
883 3875 1129 3944 dabitur,
1151 3857 1389 3950 quando,
1406 3879 1465 3934 in
1495 3879 1612 3952 ipsa
1712 3874 2012 3947 Evangelio
2036 3875 2256 3947 recipit,
2290 3875 2389 3932 ubi
2415 3876 2682 3947 apostolis
2709 3892 2912 3948 corpus
2938 3893 3105 3932 suum
3132 3883 3190 3934 et
3213 3895 3338 3934 san-

59 3956 247 4014 sacriﬁcii
268 3963 539 4023 oblatione
573 3971 798 4023 erratur
826 3969 855 4023 ?
906 3970 1237 4025 Audivimus
1260 3972 1413 4027 enim
1439 3990 1606 4045 quos-
1710 3967 1944 4040 guinem
1966 3969 2399 4037 commendavit,
2431 3985 2686 4024 seorsum
2717 3969 2869 4024 enim
2899 3971 3082 4042 panis,
3106 3977 3162 4026 et
3187 3987 3336 4028 seor-

59 4043 148 4102 dam
170 4053 490 4115 schismatica
519 4061 835 4117 ambitione
866 4063 1128 4118 detentos
1168 4069 1362 4120 contra
1392 4067 1609 4122 divinos
1708 4077 1832 4116 sum
1848 4062 2037 4117 calicis
2053 4062 2472 4117 commendatio
2484 4067 2858 4118 memoratur.
2877 4064 3017 4118 Nam
3032 4063 3334 4121 intinctum

55 4140 236 4229 crdines,
269 4154 321 4204 et
348 4154 685 4224 apostolicas
715 4155 1097 4212 institutiones
1127 4157 1210 4211 lac
1244 4175 1347 4229 pro
1382 4159 1511 4215 vino
1548 4161 1606 4216 in
1706 4171 1912 4226 panem
1942 4156 2066 4210 aliis
2087 4155 2373 4212 Christum
2399 4155 2702 4228 praebuisse
2727 4172 2842 4211 non
2873 4157 3136 4228 legimus,
3170 4175 3333 4216 exce-

55 4228 196 4289 divinis
231 4245 504 4302 sacriﬁciis
547 4247 838 4318 dedicare,
885 4249 1024 4304 alios
1066 4228 1274 4322 quippn
1304 4252 1604 4308 intinctam
1705 4253 1800 4319 pto
1829 4248 1923 4302 illo
1963 4254 2187 4304 tantum
2226 4249 2499 4321 discipulo
2524 4291 2538 4318 ,
2589 4266 2763 4320 quem
2804 4250 3043 4306 intincta
3083 4252 3334 4309 buccella

54 4327 366 4393 eucharistiam
390 4340 740 4412 populispro
753 4342 1174 4414 complemento
1187 4345 1604 4401 communionis
1703 4340 1959 4412 magistri
1981 4341 2326 4414 proditorem
2349 4343 2690 4412 ostenderet,
2714 4359 2828 4397 non
2850 4360 2978 4415 qua:
2993 4347 3331 4402 sacramenti

54 4422 288 4495 Porrigere,
317 4435 597 4503 quosdam
625 4435 796 4490 etiam
823 4452 940 4491 non
970 4453 1301 4507 expressum
1329 4439 1521 4493 vinum
1544 4440 1600 4494 in
1702 4433 2298 4504 hujusinstitutionem
2310 4441 2672 4491 monstraret.
2693 4437 2830 4490 Nam
2846 4439 3002 4509 quod
3019 4439 3089 4493 de
3109 4456 3332 4510 expres-

50 4523 333 4579 sacramentis
360 4527 648 4582 Dominici
675 4529 861 4583 calicis
879 4529 1104 4597 offerre,
1135 4531 1232 4585 sed
1267 4531 1463 4587 oblatis
1483 4536 1600 4587 tan-
1618 4539 1678 4611 D
1700 4543 1760 4580 so
1787 4527 1974 4597 botro,
2003 4529 2060 4583 id
2084 4532 2188 4598 est,
2213 4545 2450 4584 uvarum
2481 4530 2676 4600 granis
2696 4532 2937 4603 populus
2952 4533 3332 4588 communica-

50 4605 130 4698 iam
149 4616 354 4683 populos
380 4621 835 4676 communicare.
871 4623 1032 4686 Quod
1056 4640 1228 4695 quam
1257 4625 1328 4678 sit
1353 4642 1595 4698 evange-
1619 4605 1665 4611 —
1699 4625 1812 4688 tur,
1838 4621 1997 4675 valde
2023 4627 2108 4676 est
2133 4622 2368 4676 omnino
2386 4623 2882 4678 confusum.'Calix
2908 4625 3060 4679 enim
3083 4625 3328 4680 Domini-

47 4692 127 4752 “te
149 4710 291 4776 atque
319 4714 652 4783 apostolica:
680 4715 955 4770 doctrina
989 4692 1338 4772 contrarium
1386 4725 1442 4774 et
1473 4692 1600 4774 con-
1698 4729 1795 4768 cus
1819 4714 2000 4784 (juxta
2014 4715 2161 4786 quod
2180 4715 2411 4786 quidam
2440 4715 2639 4770 doctor
2651 4716 2927 4788 edisserit)
2952 4718 3082 4772 vino
3105 4723 3162 4773 et
3175 4736 3326 4792 aqua

48 4794 264 4885 fuemdiui
297 4807 690 4862 ecclesiastica:
731 4808 1048 4876 adversum,
1099 4827 1211 4865 non
1251 4811 1477 4867 difficile
1528 4813 1598 4867 ab
1698 4807 2000 4878 permistus
2024 4808 2194 4863 debet
2215 4807 2428 4877 offerri,
2456 4808 2589 4880 quia
2605 4810 2864 4864 videmus
2891 4811 2951 4864 in
2974 4828 3124 4883 aqua
3153 4829 3327 4884 popu-

45 4895 126 4947 ιρεο
146 4888 276 4949 fonte
308 4900 562 4955 veritatis
611 4901 901 4972 probatur,
933 4920 965 4956 a
996 4919 1107 4975 quo
1136 4903 1392 4959 ordinata
1421 4921 1600 4960 sacra-
1695 4901 1814 4954 lum
1840 4901 2096 4972 intelligi,
2124 4901 2182 4955 in
2203 4901 2332 4956 vino
2352 4917 2483 4956 vero
2502 4903 2718 4958 ostendi
2737 4904 3076 4975 sanguinem
3097 4905 3320 4962 Christi.

47 4983 292 5070 ruentorum
332 4994 609 5062 mysteria
654 4999 1070 5064 processerunt.
1100 4997 1254 5061 _cum
1299 4997 1452 5052 enim
1479 5015 1598 5053 ma-
1696 4995 1844 5064 Ergo
1872 4994 2099 5065 quando
2130 4995 2188 5048 in
2217 4995 2387 5050 calice
2425 4995 2554 5049 vino
2593 5013 2742 5067 aqua
2777 4997 3063 5066 miscetur,
3100 4999 3323 5055 Christo

45 5074 164 5130 sister
184 5080 413 5138 veritatis
439 5102 645 5140 verum
675 5087 870 5142 salutis
899 5093 1105 5144 nostra;
1126 5089 1457 5146 sacriﬁcium
1481 5091 1596 5146 suis
1693 5088 1943 5159 populus
1969 5087 2275 5157 adunatur,
2307 5093 2365 5142 et
2395 5089 2751 5144 credentium
2794 5089 2952 5160 plebs
2982 5091 3032 5145 ei
3058 5091 3118 5146 in
3148 5109 3323 5164 quem

43 5171 390 5257 fommendaret
441 5177 749 5250 discipulis,
797 5198 910 5236 non
948 5181 1058 5236 illis
1098 5184 1200 5251 lac,
1251 5184 1348 5238 sed
1384 5201 1594 5256 panem
1694 5181 1933 5236 credidit
1980 5181 2296 5252 copulatur,
2345 5187 2401 5236 et
2437 5182 2720 5253 jungitur.
2773 5183 2912 5247 Quae
2946 5185 3229 5257 copulatio
3267 5192 3325 5242 et

41 5251 202 5314 tantum
223 5270 274 5319 et
297 5269 528 5326 calicem
557 5272 660 5326 sub
687 5274 793 5329 hoc
821 5280 1174 5330 sacramento
1205 5279 1594 5349 cognoscimus
1693 5275 2020 5345 conjunctio
2047 5291 2210 5346 aqua:
2248 5281 2304 5330 et
2328 5275 2444 5329 vini
2483 5275 2559 5330 sic
2597 5276 2867 5332 miscetur
2902 5278 2960 5333 in
2998 5279 3168 5334 calice
3215 5280 3316 5333 Do-

42 5355 377 5443 fommendata.
399 5363 667 5434 Aitjenim
687 5368 1010 5438 evangelica
1031 5369 1271 5424 Veritas:
1307 5393 1334 5420 ‹‹
1364 5371 1596 5443 Accepit
1693 5369 1853 5434 mini,
1879 5371 1941 5422 ut
1966 5368 2292 5438 conjunctio
2321 5368 2413 5422 illa
2441 5385 2556 5423 non
2582 5370 2764 5440 possit
2791 5371 3074 5443 separari;
3111 5388 3244 5426 nam
3273 5373 3319 5426 si

38 5432 145 5540 13535
168 5463 355 5516 panem
387 5461 445 5511 et
484 5432 739 5528 calicem,
778 5432 1206 5517 et‘benedicens
1237 5464 1393 5518 dedit
1421 5432 1590 5519 disci-
1692 5432 1885 5520 vinum
1920 5432 2142 5521 tantum
2183 5467 2308 5538 quis
2355 5432 3094 5540 ofi‘erat,-sanguis-Christi
3123 5469 3318 5540 incipit

39 5529 253 5633 ξηξδεξιὶδ
275 5546 458 5613 (Marc.
488 5567 600 5620 xrv,
627 5554 739 5624 22).
772 5573 799 5605 ι)
831 5554 1022 5610 Cesset
1057 5573 1193 5628 ergo
1221 5557 1305 5611 lac
1339 5557 1397 5611 in
1430 5557 1593 5612 sacri-
1691 5575 1810 5614 esse
1835 5559 1954 5613 sine
1982 5560 2161 5628 nobis,
2201 5561 2247 5615 si
2282 5577 2413 5615 vero
2443 5578 2590 5633 aqua
2622 5562 2695 5616 sit
2737 5563 2870 5628 sola,
2911 5562 3073 5633 plebs
3115 5561 3317 5632 incipit

37 5617 122 5678 ficio
139 5631 321 5726 offerri,
349 5643 484 5712 quia
510 5646 880 5703 manifestum
933 5653 987 5704 et
1008 5650 1238 5705 evidens
1267 5651 1589 5723 exemplum
1691 5669 1812 5708 esse
1849 5652 1968 5707 sine
2009 5653 2250 5709 Christo.
2293 5656 2440 5726 Ergo
2479 5655 2706 5726 quando
2735 5655 2932 5709 botrus
2966 5638 3113 5708 solus
3143 5653 3311 5710 offer-

37 5725 304 5812 θῗωεεῖἱεω
344 5735 609 5792 Veritatis
635 5739 833 5808 illuxit,
865 5742 1020 5815 quod
1052 5748 1260 5814 praeter
1291 5760 1497 5814 panem
1535 5747 1592 5799 et
1687 5749 1799 5814 tur,
1837 5744 1897 5799 in
1933 5763 2046 5818 quo
2082 5747 2196 5801 vini
2245 5751 2469 5803 tantum
2497 5725 2818 5803 iefticientia
2863 5746 3309 5817 demonstratur,

35 5818 173 5869 "Imm
202 5823 340 5880 aliud
373 5829 568 5887 offerri
610 5849 722 5890 non
749 5835 902 5894 sinit.
935 5836 1078 5892 Illud
1102 5852 1251 5908 vero,
1308 5837 1462 5909 quod
1487 5853 1589 5909 pro
1688 5846 2113 5897 sacramentum
2161 5844 2369 5897 nostrae
2404 5841 2602 5898 salutis
2639 5839 2972 5912 negligitur,
3013 5843 3166 5914 quod
3209 5860 3314 5918 per
