3946 6180
541 263 631 315 591

1425 262 1707 317 ΑΡΡΕΝΙ).
1749 264 1836 319 AD
1873 265 2031 320 SEC.
2075 264 2163 318 IX.

2294 262 2537 319 lSIDORl
2576 211 3001 320 MERChTORIS
3690 287 3760 340 592

535 382 743 440 aquam
787 363 1151 438 signiﬁcatur.
1192 367 1316 422 Non
1346 366 1500 424 enim
1540 372 1728 440 potest
1760 370 1906 426 calix
1937 370 2160 427 Domini
2181 373 2543 456 Aprseparet
2570 370 2748 426 crucis
2775 389 2791 441 ;
2847 371 2896 426 si
2924 371 3050 442 quis
3088 369 3253 428 aliter
3277 376 3452 446 egerit,
3475 390 3766 444 excommuni.

538 476 658 516 esse
688 476 836 532 aqua
861 461 994 528 sola,
1026 463 1123 515 aut
1147 461 1344 516 vinum
1369 462 1576 533 solum,
1606 463 1716 518 nisi
1733 467 2039 537 utrumque
2058 465 2165 521 sibi

536 554 861 621 misceatur,
893 558 949 608 et
971 553 1098 609 ideo
1123 553 1258 625 quia
1279 555 1404 626 jam
1435 573 1502 611 ex
1523 572 1588 612 eo
1617 557 1864 628 plurima
1888 564 1947 613 et
1975 559 2164 614 multi-

2262 464 2466 520 cationi
2493 463 2699 518 debitae
2723 464 3035 535 subjaceat.
3112 477 3124 484 ‘

2335 559 2418 612 IV.
2453 557 2788 629 Quanquam
2819 557 3052 629 antiqua
3081 575 3356 615 canonum
3373 563 3606 622 institutio
3631 570 3683 624 de
3702 573 3772 626 hu-

533 647 660 717 plex
691 646 978 717 majorum
1021 647 1274 703 manavit
1300 650 1597 718 sententia,
1627 667 1866 720 quorum
1898 651 2078 722 pietas
2104 652 2163 707 in
2255 649 2509 721 jusmodi
2531 651 2975 722 praesumptione
2999 652 3280 708 absolutas
3299 659 3347 709 et
3367 658 3647 729 multiplices
3660 663 3771 718 disci-

534 742 710 796 Deum
737 739 1003 812 religiosa
1027 745 1511 798 sacramentorum
1531 743 1737 798 horum
1758 747 1816 798 et
1835 744 2164 800 efﬁcientias

534 833 787 904 cOpiosas
817 833 1100 902 disseruit,
1131 837 1189 888 et
1223 834 1610 892 institutiones
1643 836 1961 892 verissimae
1987 839 2166 893 decla-

533 926 699 994 ravit,
732 927 915 982 omnis
953 927 1082 983 talis
1125 945 1284 983 error
1325 932 1494 1000 atque
1542 931 1913 1003 praesumptio
1945 948 2166 987 cessare

528 1021 649 1092 jam
669 1021 740 1076 de
792 1024 996 1076 caetero
1035 1020 1220 1090 debet,
1267 1038 1340 1076 ne
1391 1038 1789 1093 perversorum
1845 1024 2168 1080 inordinata

537 1131 816 1186 compago
842 1117 1050 1170 statum
1076 1113 1320 1170 veritatis
1339 1120 1582 1171 enervet.
1615 1118 1684 1172 Et
1700 1117 1832 1172 ideo
1853 1118 1994 1172 nulli
2015 1119 2168 1173 dein-

538 1225 670 1280 ceps
697 1207 914 1263 licitum
961 1208 1032 1263 sit
1074 1207 1225 1263 aliud
1255 1209 1317 1263 in
1361 1209 1644 1265 sacriﬁciis
1688 1211 1893 1265 divinis
1938 1211 2165 1280 offerre,

538 1301 645 1356 nisi
669 1302 834 1372 juxta
867 1301 1240 1373 antiquorum
1269 1303 1611 1358 sententiam
1645 1303 2032 1374 conciliorum,
2062 1322 2165 1376 pa-

542 1410 676 1449 nem
706 1397 930 1450 tantum
961 1397 1018 1449 et
1043 1395 1274 1450 calicem
1293 1395 1424 1451 vino
1446 1399 1504 1451 et
1531 1412 1683 1468 aqua
1709 1397 2069 1468 permistum.
2093 1398 2169 1453 De

544 1493 743 1542 cratere
768 1487 934 1542 aliter
961 1504 1135 1560 quam
1159 1493 1514 1561 praeceptum
1550 1495 1634 1545 est
1671 1490 1879 1545 faciens
1913 1490 2108 1546 tandiu
2137 1507 2172 1545 a

543 1580 909 1636 sacriﬁcando
951 1582 1204 1649 cessabit,
1246 1582 1500 1654 quandiu
1539 1583 1796 1653 legitima
1823 1583 2172 1654 poenitentiae

543 1673 918 1730 satisfactione
951 1679 1260 1746 correptus,
1297 1675 1370 1729 ad
1410 1675 1623 1746 gradus
1650 1675 1736 1730 sui
1775 1675 1945 1732 ofﬁcii
1978 1677 2175 1733 redeat

547 1768 702 1839 quod
729 1767 937 1824 amisit.
1777 1820 1780 1824 .

613 1861 678 1916 ΙΙ.
707 1860 877 1916 Omni
920 1877 1057 1917 cura
1097 1861 1368 1933 omnique
1396 1861 1583 1918 studio
1612 1862 2032 1934 providendum
2069 1865 2172 1931 est,

546 1973 618 2012 ne
647 1956 708 2011 hi
732 1956 832 2028 qui
857 1957 1046 2012 locum
1072 1957 1339 2013 videntur
1365 1958 1622 2014 obtinere
1646 1957 1960 2030 regiminis,
1985 1963 2178 2012 contu-

544 2049 775 2105 meliam
813 2049 1112 2106 videantur
1163 2051 1374 2107 inferre
1429 2051 1746 2107 coelestibus
1789 2051 2174 2106 sacramentis.

545 2143 773 2200 Etenim
799 2144 954 2214 quod
987 2147 1042 2198 et
1080 2144 1299 2199 auditui
1331 2144 1581 2200 terribile
1609 2149 1668 2199 et
1694 2145 1836 2200 visui
1863 2144 2178 2199 execrabile

540 2235 846 2306 judicatur,
864 2235 1112 2290 relatum
1129 2241 1212 2291 est
1228 2236 1389 2291 nobis
1408 2238 1560 2308 qood
1577 2236 1806 2308 quidam
1822 2237 2178 2292 sacerdotum

548 2328 826 2399 sacrilega
850 2329 1170 2384 temeritate
1198 2328 1516 2401 praecipites
1541 2346 1670 2384 vasa
1697 2329 1926 2384 Domini
1956 2330 2017 2383 in
2043 2345 2177 2400 pro-

546 2421 700 2493 prios
723 2438 858 2476 usus
884 2427 1195 2493 assumant,
1225 2422 1537 2494 epulasque
1567 2422 1672 2477 sibi
1700 2422 1757 2477 in
1781 2422 1860 2478 eis
1886 2422 2180 2478 comeden-

546 2515 648 2571 das
676 2519 981 2587 apponant,
1004 2516 1154 2588 quod
1174 2516 1391 2571 malum
1417 2520 1474 2571 et
1492 2516 1858 2587 obstupentes
1879 2516 2177 2584 deﬂemus,

550 2613 606 2663 et
635 2609 904 2664 deﬂentes
917 2610 1387 2680 obstupescimus,
1409 2614 1472 2664 ut
1491 2610 1605 2664 illic
1625 2611 1874 2665 humana
1894 2609 2181 2665 temeritas

550 2702 656 2757 sibi
686 2703 918 2772 epulum
945 2706 1246 2774 praeparet,
1276 2703 1371 2757 ubi
1396 2705 1657 2758 sanetum
1684 2703 1963 2773 Spiritum
1982 2719 2184 2773 cogno-

552 2795 725 2849 scitur
765 2795 1083 2862 advocasse,
1126 2799 1183 2849 et
1227 2795 1305 2849 ibi
1354 2812 1516 2850 esum
1560 2795 1820 2850 carnium
1861 2795 2183 2866 crapulatus

553 2892 825 2954 assumat,
855 2887 952 2942 ubi
978 2888 1168 2944 divina
1194 2887 1346 2942 visus
1371 2893 1453 2943 est
1475 2889 1787 2943 celebrasse
1813 2888 2099 2959 mysteria,
2130 2891 2187 2942 et

553 2980 611 3034 in
639 2980 845 3051 quibus
868 2983 1090 3035 tantum
1115 2980 1218 3035 sibi
1240 2980 1429 3034 offerri
1472 2985 1824 3036 sacramenta
1873 2997 1975 3051 pro
2002 2981 2186 3052 expia-

554 3069 710 3124 tione
730 3068 1068 3124 delictorum
1091 3068 1378 3141 prmcepit,
1399 3069 1458 3124 in
1478 3069 1568 3124 his
1592 3071 1815 3140 expleat
1832 3072 2186 3125 voluntatem
2207 3107 2262 3182 Ο

555 3160 790 3217 ludibrii
831 3161 937 3216 sui.
984 3163 1050 3216 Et
1090 3160 1221 3216 ideo
1252 3161 1422 3232 hujus
1467 3161 1691 3218 decreto
1726 3163 2186 3234 praesumptionis

555 3271 794 3327 persona
823 3268 952 3327 quae
989 3254 1220 3310 sciendo
1252 3254 1445 3309 divina
1478 3272 1592 3324 vas,
1628 3255 1718 3310 vel
1751 3255 2065 3311 ministeria
2091 3259 2189 3311 aut

554 3349 614 3404 in
643 3365 775 3405 usus
807 3346 1178 3415 transtulerit,
1220 3352 1319 3402 aut
1343 3348 1638 3403 comedere
1667 3347 1728 3402 in
1759 3347 1866 3415 his,
1893 3349 1979 3403 vel
2008 3365 2185 3420 pocu-

558 3443 677 3498 lum
700 3440 806 3496 sibi
835 3441 1176 3495 sumendum
1223 3441 1480 3512 elegerit,
1530 3441 1740 3512 gradus
1782 3441 1869 3496 sui
1897 3441 1984 3496 vel
2016 3442 2188 3497 ofﬁcii

558 3533 875 3607 periculum
897 3532 1216 3601 sustinebit,
1245 3533 1325 3588 ita
1348 3535 1541 3588 tamen
1569 3537 1630 3588 ut
1653 3534 1698 3587 si
1726 3534 1796 3589 de
1828 3535 2190 3589 saecularibus

559 3626 763 3695 fuerit,
807 3629 1088 3698 perpetua
1131 3626 1724 3682 excommunicatione
1763 3627 2103 3697 damnetur;
2144 3628 2190 3682 si

559 3738 693 3777 vero
715 3720 1017 3793 religiosus
1042 3720 1113 3775 ab
1139 3719 1326 3776 ofﬁcio
1344 3720 1684 3792 deponatur.
1709 3719 1825 3776 Sub
1841 3721 1945 3776 hac
1964 3737 2190 3794 quoque

561 3814 950 3871 damnationis
991 3814 1270 3869 sententia
1322 3817 1380 3869 et
1427 3813 1508 3868 illi
1559 3813 1793 3869 obnoxii
1841 3815 2194 3870 tenebuntur

563 3908 942 3965 ecclesiastica
997 3912 1357 3976 ornamenta,
1411 3907 1499 3961 vel
1545 3906 1657 3961 alia
1707 3907 1980 3979 quaelibet
2025 3908 2192 3962 indu-

562 4005 775 4070 menta,
806 4005 977 4073 atque
1017 4001 1195 4056 etiam
1229 3999 1494 4054 utensilia
1528 4000 1753 4055 sciendo
1795 3999 1858 4055 in
1897 4017 2029 4056 suos
2066 4017 2196 4055 usus

562 4094 978 4163 transtulerint,
1010 4095 1100 4150 vel
1130 4094 1225 4148 alii
1253 4093 1539 4159 donanda,
1572 4093 1657 4148 vel
1686 4093 1982 4150 vendenda
2009 4093 2191 4148 credi-

566 4188 776 4244 derint.

642 4282 727 4336 lII.
776 4278 1055 4345 Quoniam
1091 4280 1328 4351 antiqua
1365 4278 1739 4336 ecclesiastica
1763 4279 2090 4335 noverimus
2115 4279 2199 4335 in-

568 4373 861 4430 stitutione
890 4373 1210 4444 praeﬁxum,
1255 4376 1317 4428 ut
1350 4372 1534 4427 omnis
1571 4373 1832 4428 sacerdos
1870 4389 2000 4428 cum
2043 4373 2195 4430 ordi-

2261 744 2444 815 plinas
2485 747 2654 815 atque
2689 744 3072 800 institutiones
3109 745 3363 814 ediderit,
3393 766 3482 803 nos
3507 755 3663 807 tamen
3685 755 3776 810 bre-

2263 836 2449 891 vitatis
2470 853 2637 891 causa
2662 853 2895 891 omnem
2913 837 3228 893 fornicandi
3244 841 3554 897 occasionem
3567 847 3778 917 cupientes

2263 931 2504 998 auferre,
2538 930 2596 984 id
2637 929 2969 984 omnimoda
2996 932 3280 986 sancimus
3317 935 3608 991 auctoritate
3639 944 3780 993 tenen-

2266 1023 2422 1092 dum,
2461 1026 2526 1076 ut
2569 1023 2756 1077 nullus
2798 1024 3158 1078 sacerdotum
3206 1025 3315 1080 sive
3351 1027 3560 1099 quisque
3590 1030 3645 1083 de
3681 1032 3782 1086 clero

2267 1115 2480 1186 absque
2511 1116 2750 1170 honesto
2797 1121 2852 1170 et
2891 1119 3235 1187 competenti
3279 1120 3585 1188 testimonio,
3623 1129 3787 1194 excepta

2269 1209 2385 1263 sola
2417 1211 2617 1275 matre,
2645 1225 2775 1263 cum
2796 1209 3143 1280 quibuslibet
3166 1210 3386 1265 feminis
3409 1220 3593 1268 secrete
3615 1232 3660 1268 se
3682 1232 3784 1287 pra-

2269 1305 2455 1357 sumat
2483 1302 2821 1372 adjungere,
2857 1307 2913 1357 et
2944 1319 3060 1356 non
3088 1303 3273 1358 solum
3301 1321 3422 1358 cum
3450 1307 3682 1360 extraneis
3703 1325 3790 1362 mu.

2269 1394 2518 1462 lieribus,
2549 1395 2647 1450 sed
2674 1411 2804 1449 cum
2837 1395 2971 1466 ipsis
3014 1397 3186 1451 etiam
3216 1398 3504 1465 sororibus,
3532 1399 3604 1453 vel
3625 1401 3789 1470 propin-

2273 1488 2419 1558 quis,
2453 1504 2527 1542 ne
2554 1488 2782 1542 licentia
2809 1504 3091 1558 sororum,
3119 1487 3206 1544 vel
3234 1491 3642 1562 propinquarum
3659 1493 3796 1546 mulie-

2272 1597 2400 1635 rum
2421 1581 2659 1652 quisque
2686 1580 2902 1635 solutus
2928 1581 3268 1637 familiarior
3293 1583 3548 1639 habeatur
3574 1584 3634 1638 ad
3654 1601 3792 1655 perpe-

2273 1675 2539 1728 trandum
2563 1674 2758 1728 scelus.
2782 1675 2958 1744 Hujus
2981 1690 3118 1745 ergo
3136 1676 3519 1748 praeceptionis
3533 1682 3800 1747 trangressor

2193 1747 2250 1818 B
2273 1774 2373 1821 s’ex
2383 1766 2677 1820 mensibus
2689 1783 2748 1820 se
2761 1767 2984 1822 noverit
2997 1747 3342 1838 pcenitentiae
3363 1769 3560 1840 legibus
3569 1769 3666 1839 subj
3674 1785 3798 1822 acere.

2346 1861 2410 1914 V.
2441 1860 2594 1926 Bona
2614 1859 2896 1930 siquidem
2921 1877 3013 1915 res
3043 1867 3126 1915 est
3153 1861 3339 1916 divina
3364 1862 3699 1932 sacerdotibus
3719 1877 3803 1914 con-

2275 1954 2516 2008 trectare
2541 1952 2832 2024 mysteria,
2870 1953 2967 2008 sed
2999 1955 3320 2009 cavendum
3355 1954 3507 2008 valde
3529 1956 3618 2021 est,
3651 1969 3707 2007 ne
3735 1953 3803 2005 hoc

2277 2045 2516 2118 quisque
2557 2045 2629 2099 ad
2660 2061 2825 2100 usum
2862 2047 3154 2117 pravitatis
3201 2065 3319 2102 sua:
3368 2048 3674 2118 intorqueat,
3708 2044 3807 2098 unde

2278 2138 2379 2194 soli
2404 2139 2520 2193 Deo
2547 2139 2617 2194 de
2644 2138 2796 2193 bona
2823 2139 3167 2194 conscientia
3187 2141 3408 2210 placere
3433 2141 3688 2194 debuerat.
3709 2137 3806 2191 Scri-

2276 2230 2458 2303 ptumi.
2473 2235 2558 2285 est
2586 2231 2757 2299 enim,
2816 2253 2843 2282 «
2873 2234 2967 2286 Vae
3014 2233 3102 2287 his
3129 2234 3229 2304 qui
3267 2234 3477 2288 faciunt
3510 2249 3633 2304 opus
3655 2228 3812 2285 Domini

2277 2324 2668 2380 fraudulenter
2710 2329 2766 2379 et
2810 2325 3086 2388 desidiose
3139 2328 3348 2394 (Jerem.
3382 2343 3556 2393 XLVIII,
3595 2328 3698 2392 10);
3723 2343 3741 2372 ι)
3775 2324 3812 2372 ut

2279 2417 2433 2473 enim
2457 2417 2836 2488 quorumdam
2867 2418 3268 2490 episcoporum
3289 2418 3603 2474 detestanda
3624 2430 3816 2488 presum-

2279 2509 2398 2582 ptio
2444 2513 2637 2565 nostro
2687 2527 2744 2565 se
2778 2511 2946 2566 coetui
2983 2511 3175 2566 intulit
3202 2512 3535 2580 dirimenda,
3563 2508 3813 2582 agnovimus

2282 2603 2559 2675 quosdam
2589 2604 2660 2658 de
2691 2603 2969 2675 episcopis
3001 2607 3157 2676 quod
3185 2607 3248 2660 in
3281 2603 3694 2660 solemnitatibus
3714 2614 3817 2654 mar-

2282 2700 2475 2768 tyrum
2507 2696 2580 2751 ad
2615 2696 2921 2774 ecclesiam.
2949 2683 3309 2768 progressuri
3353 2697 3601 2770 reliquias
3623 2695 3733 2750 collo
3755 2705 3820 2743 suo

2282 2789 2599 2861 imponant,
2624 2795 2690 2845 ut
2714 2782 2944 2860 majoris
2968 2791 3144 2851 fastus
3171 2793 3328 2863 apud
3353 2793 3605 2847 homines
3623 2785 3760 2860 gloria
3773 2783 3824 2836 in-

2283 2885 2620 2951 tumescant,
2649 2883 2808 2954 quasi
2845 2883 2954 2954 ipsi
2993 2884 3104 2938 sint
3150 2875 3520 2958 reliquiarum
3555 2899 3678 2948 area,
3703 2877 3824 2933 levita?

2284 2976 2424 3030 albis
2449 2976 2633 3031 induti
2648 2976 2940 3040 insellulis
2963 2994 3060 3032 eos
3079 2977 3410 3049 deportent.
3433 2980 3558 3043 Quae
3583 2968 3829 3031 detestanda

2285 3069 2652 3140 praesumptio
2679 3069 2942 3141 abrogari
2973 3087 3078 3142 per
3107 3073 3307 3126 omnia
3343 3072 3524 3137 debet,
3561 3085 3623 3123 ne
3645 3065 3724 3120 sub
3743 3078 3827 3116 san-

2287 3162 2496 3217 ctitatis
2541 3161 2724 3233 specie
2772 3161 3035 3218 simulata
3075 3165 3299 3219 vanitas
3345 3165 3459 3219 sola
3501 3160 3764 3234 praevaleat,
3803 3151 3830 3204 si

2284 3255 2521 3310 modum
2543 3272 2712 3310 suum
2745 3255 3191 3328 uniuscujusque
3223 3257 3443 3313 ordinis
3471 3252 3740 3311 reverentia
3757 3260 3830 3299 non

2287 3351 2574 3419 agnoscat,
2602 3353 2659 3402 et
2689 3348 2816 3403 ideo
2845 3349 3076 3421 antiqua
3103 3350 3161 3404 in
3197 3351 3313 3406 hac
3343 3354 3522 3423 parte,
3558 3351 3610 3402 et
3646 3338 3834 3400 solemnis

2287 3441 2629 3496 consuetudo
2656 3441 2993 3511 servabitur,
3020 3448 3086 3496 ut
3107 3443 3167 3498 in
3194 3444 3359 3499 festis
3386 3443 3677 3515 quibusque
3700 3432 3834 3488 diebus

2290 3550 2480 3589 arcam
2509 3533 2734 3588 Domini
2755 3551 2882 3589 cum
2911 3535 3162 3607 reliquiis
3188 3553 3313 3592 non
3336 3535 3596 3609 episcopi,
3623 3530 3702 3586 sed
3715 3524 3836 3582 levita

2291 3628 2352 3682 in
2389 3626 2644 3681 humeris
2683 3630 2923 3698 gestent,
2946 3627 3154 3700 quibus
3181 3635 3243 3686 et
3291 3631 3353 3685 in
3386 3628 3556 3684 veteri
3593 3627 3714 3695 Lege
3746 3629 3838 3670 011115

2289 3720 2444 3776 idem
2465 3719 2796 3790 impositum
2836 3720 3094 3775 novimus
3129 3737 3253 3778 esse
3293 3727 3650 3796 praeceptum.
3675 3706 3841 3779 Quodsi

2293 3817 2352 3869 et
2379 3813 2679 3887 episcopus
2707 3815 2973 3887 reliquias
2999 3835 3104 3890 per
3131 3834 3188 3874 se
3210 3818 3518 3890 deportare
3538 3809 3751 3881 elegerit,
3769 3816 3840 3856 non

2291 3908 2414 3978 ipse
2463 3925 2494 3962 e
2553 3909 2882 3964 diaconibus
2937 3911 2995 3965 in
3037 3913 3240 3967 sellula
3297 3912 3552 3976 vehatur,
3594 3903 3680 3960 sed
3720 3896 3845 3970 potius

2293 4001 2603 4072 pedisequa
2653 4019 2722 4057 eo
2774 4019 2891 4058 una
2928 4021 3058 4059 cum
3095 4007 3330 4077 populis
3382 4000 3738 4076 progressione
3769 4002 3847 4060 pm

2295 4095 2535 4150 cedente
2595 4096 2664 4150 ad
2723 4098 3111 4153 conventicula
3177 4101 3513 4154 sanctarum
3574 4088 3849 4149 ecclesiarum

2297 4191 2504 4242 sanctas
2543 4189 2641 4244 Dei
2670 4189 2924 4260 reliquiae
2951 4208 3058 4262 per
3087 4193 3364 4251 eumdem
3396 4192 3697 4263 episcopum
3718 4180 3848 4250 Pom'

2294 4281 2537 4350 buntur;
2563 4283 2685 4352 jam
2700 4299 2834 4337 vero
2856 4284 2953 4354 qui
2968 4284 3366 4342 haecinstituta
3384 4283 3608 4340 sciendo
3625 4271 3853 4344 adimiﬂere

2299 4374 2600 4446 distulerit,
2637 4376 2888 4446 quandiu
2917 4377 2977 4431 in
3008 4378 3142 4433 vitio
3170 4379 3354 4436 fuerit
3377 4396 3411 4432 a
3439 4369 3760 4433 sacriﬁcando
3783 4375 3854 4414 te“

568 4471 760 4538 natur,
789 4467 973 4523 orario
997 4469 1240 4538 utroque
1277 4467 1520 4522 humero
1561 4465 1862 4534 ambiatur,
1892 4466 2101 4523 scilicet
2137 4470 2276 4546 utD
2298 4469 2462 4524 sabit.

568 4563 666 4636 qui
690 4561 1141 4635 imperturbatus
1179 4560 1504 4633 praecipitur
1531 4559 1836 4616 consistere
1875 4560 2028 4616 inter
2065 4577 2196 4632 pro-

571 4672 735 4728 spera
771 4661 828 4711 et
853 4655 1084 4711 adversa
1109 4655 1384 4710 virtutum
1409 4671 1640 4726 semper
1675 4657 2015 4710 ornamento
2041 4657 2197 4709 utro-

570 4749 744 4820 bique
772 4749 1180 4821 circumseptus
1221 4752 1495 4821 appareat
1531 4749 1792 4817 humero,
1832 4764 1947 4820 qua
1979 4747 2202 4803 ratione

568 4848 829 4914 tempore
844 4843 1102 4897 sacriﬁcii
1121 4859 1237 4897 non
1257 4842 1494 4896 assumit
1513 4842 1666 4913 quod
1687 4841 1824 4897 sein
1845 4846 2202 4897 sacramento

575 4935 852 5007 accepisse
883 4951 999 4990 non
1044 4935 1337 4990 dubitatur
1359 4935 1387 4988 ?
1442 4935 1685 5002 Proinde
1729 4935 1894 4990 nobis
1941 4935 2204 4990 omnibus

574 5029 852 5096 convenit,
880 5033 942 5083 ut.
967 5028 1123 5100 quod
1152 5029 1389 5100 quisque
1421 5027 1673 5100 percepit
1696 5027 1756 5083 in
1787 5028 2204 5084 consecratione

575 5122 830 5190 honoris,
860 5123 969 5177 hoc
988 5123 1230 5179 retineat
1247 5128 1304 5179 et
1324 5124 1384 5180 in
1409 5121 1713 5193 oblatione,
1729 5122 1818 5178 vel
1843 5121 2204 5194 perceptione

577 5233 692 5272 sum
735 5215 950 5283 salutis,
994 5217 1202 5273 scilicet
1246 5221 1310 5272 ut
1352 5234 1482 5273 cum
1530 5217 1797 5272 sacerdos
1826 5216 1899 5270 ad
1926 5213 2207 5271 solemnia

577 5311 883 5367 missarum
902 5310 1140 5380 accedit,
1169 5315 1269 5366 aut
1298 5312 1416 5384 ipse
1449 5312 1562 5367 Deo
1593 5309 1932 5366 sacriﬁcium
1979 5309 2202 5363 oblatu-

579 5421 695 5476 rus,
730 5409 831 5460 aut
849 5408 1273 5460 sacramentum
1301 5405 1552 5477 corporis
1579 5408 1636 5459 et
1661 5401 1952 5474 sanguinis
1980 5401 2209 5456 Domini

579 5503 757 5560 nostri
785 5504 913 5559 Jesu
941 5503 1148 5560 Christi
1197 5506 1549 5575 sumpturus,
1600 5517 1716 5556 non
1767 5499 1930 5555 aliter
1957 5499 2205 5567 accedat,

580 5614 756 5669 quam
802 5599 988 5655 orario
1026 5603 1270 5668 utroque
1315 5598 1556 5652 humero
1590 5595 2021 5665 circumseptus,
2064 5594 2210 5648 sicut

581 5695 637 5747 et
658 5694 912 5762 tempore
932 5690 1308 5748 ordinationis
1327 5706 1444 5746 sum
1464 5687 1816 5762 dignoscitur
1827 5689 2206 5754 consecratus,

584 5781 661 5834 ita
690 5786 753 5836 ut
780 5783 849 5837 de
874 5799 989 5838 uno
1024 5784 1340 5855 eodemque
1386 5783 1572 5838 orario
1600 5782 1878 5840 cervicem
1910 5781 2127 5853 pariter
2155 5784 2212 5835 et

583 5873 890 5942 utrumque
909 5876 1217 5932 humerum
1241 5893 1505 5948 premens
1528 5876 1756 5949 signum
1777 5876 1834 5932 in
1856 5891 1957 5930 suo
1980 5876 2209 5947 pectore

2315 4587 2323 4595 -
2369 4558 2451 4612 VI.
2483 4558 2622 4613 Cum
2649 4558 2849 4612 beatus
2879 4560 3179 4629 Apostolus
3207 4578 3484 4633 arguere,
3527 4559 3775 4613 obsecrare
3805 4540 3858 4592 νεὶ

2301 4652 2592 4721 increpare
2644 4651 2703 4705 in
2748 4652 2904 4705 omni
2951 4653 3227 4722 patientia
3259 4653 3576 4725 praecipiat,
3607 4651 3737 4704 extra
3766 4642 3863 4694 hant

2304 4744 2625 4800 doctrinam
2687 4745 2950 4799 novimus
2997 4747 3286 4816 quosdam
3335 4765 3406 4802 ex
3460 4743 3708 4800 fratribus
3750 4729 3864 4787 tantis

2303 4838 2548 4894 caedibus
2574 4838 2632 4891 in
2655 4838 2967 4914 honoratos
2993 4839 3394 4910 effervescere,
3418 4842 3654 4912 quantas
3674 4825 3870 4905 poterant

2302 4931 2763 4988 latrocinantium
2823 4933 3140 5000 promereri
3197 4951 3491 5004 personae.
3545 4934 3608 4985 Et
3664 4926 3765 4981 ideo
3805 4915 3869 4984 (lu.1

2306 5025 2515 5096 gradus
2535 5025 2658 5094 jam
2686 5023 3086 5084 ecclesiasticos
3117 5030 3492 5093 meruerunt,
3523 5025 3579 5080 id
3601 5027 3690 5086 est,
3712 5010 3874 5088 presby-

2305 5117 2432 5185 teri,
2467 5117 2701 5172 abbates
2744 5120 2800 5171 et
2836 5117 3040 5185 levitas,
3089 5119 3186 5190 qui
3232 5125 3480 5191 excepto
3527 5109 3820 5189 gravioribus
3837 5105 3872 5151 et

2304 5211 2637 5266 mortalibus
2649 5210 2846 5281 culpis,
2861 5212 3030 5265 nullis
3052 5213 3264 5268 debent
3281 5214 3617 5269 verberibus
3628 5204 3875 5274 subjacere;

2305 5321 2424 5360 non
2451 5308 2537 5359 est
2562 5303 2799 5372 dignum
2820 5310 2884 5359 ut
2908 5305 3118 5376 passim
3138 5309 3546 5378 unusquisque
3570 5301 3795 5376 praelatus
3812 5292 3875 5341 lio-

2306 5397 2580 5454 norabilia
2617 5398 2873 5453 membra
2906 5416 3026 5467 sua,
3068 5406 3240 5470 prout
3271 5402 3525 5458 voluerit
3555 5405 3608 5453 et
3637 5396 3681 5475 ei
3715 5391 3879 5463 placue-

2307 5492 2402 5562 rit,
2430 5492 2754 5547 verberibus
2796 5493 3056 5563 subjiciat
3081 5497 3137 5548 et
3174 5494 3395 5561 dolori,
3431 5511 3505 5548 ne
3552 5492 3680 5545 dum
3719 5481 3880 5570 incauti?

2310 5582 2531 5638 subdita
2561 5587 2807 5658 percutit
2837 5587 3114 5650 membra,
3146 5583 3278 5655 ipse
3311 5566 3885 5658 quoqueedebimmilbi1

2309 5654 2667 5730 subditorum
2692 5677 3067 5731 reverentiam
3097 5654 3434 5744 subtrahat,
3450 5654 3622 5748 juxta
3642 5668 3760 5726 illud
3776 5654 3885 5734 (1³οδ

2310 5769 2543 5841 quidam
2559 5771 2782 5841 sapiens
2803 5770 2940 5826 dixit
2959 5788 2972 5825 :
3005 5771 3136 5826 Leni
3146 5773 3233 5824 ter
3250 5772 3568 5844 castigatus
3581 5757 3889 5824 reverentiam

2312 5863 2543 5920 exhibet
2563 5864 2892 5936 castiganti;
2923 5865 3462 5938 asperitate‘autem
3490 5863 3676 5921 nimie
3700 5857 3889 5919 increPa'
