3946 6180
203 296 287 347 593
1366 288 1836 345 DECRETALIUM
1874 289 2263 346 COLLECTIO.

3390 297 3491 352 594

201 401 281 465 tio,
306 411 393 451 nec
416 392 851 463 increpationem
882 392 1084 463 recipit
1109 409 1213 448 nec
1243 394 1504 450 salutem.
1536 397 1604 449 Et
1633 395 1761 452 ideo
1784 408 1841 481 Α
1864 401 1920 452 et
1946 414 2014 452 ex
2036 398 2142 452 hoc
2166 398 2552 454 ecclesiasticis
2588 400 2759 455 rebus
2795 403 2896 455 aut
2929 402 3256 471 neglectum
3285 402 3494 458 laboris

195 492 232 545 si
253 489 359 561 quis
386 486 538 541 aliter
561 501 729 557 quam
757 485 970 540 dictum
999 490 1083 541 est
1122 486 1423 556 pradictos
1452 488 1758 544 honorabi-

192 585 257 637 les
280 579 505 635 subditos
533 578 753 632 licentia
781 580 1064 648 percepta
1090 580 1381 650 potestatis
1407 580 1608 648 elatus,
1640 598 1758 636 ma-

190 675 286 731 litia
312 672 511 727 tantum
548 670 852 726 crediderit
888 671 1289 739 verberandos,
1320 673 1487 743 juxta
1525 674 1761 728 modum

186 767 446 823 verberum
480 779 646 834 quem
675 763 950 831 intulerit,
979 765 1633 821 excommunicationem
1663 784 1758 838 pa-

186 861 299 916 riter
318 861 369 913 et
396 856 570 911 exsilii
598 857 939 913 sententiam
965 858 1284 912 sustinebit.

239 953 331 1005 VII.
355 950 489 1021 Quia
517 966 634 1004 non
669 950 910 1017 expedit,
944 954 1007 1004 ut
1047 950 1261 1005 donum
1296 952 1476 1006 sancti
1522 953 1760 1023 Spiritus

181 1043 397 1117 pecuniis
433 1048 815 1114 comparetur,
849 1056 1181 1114 quanquam
1225 1061 1293 1098 ex
1343 1045 1449 1099 hoc
1493 1046 1757 1117 antiquo-

179 1155 282 1195 rum
306 1152 579 1191 canonum
619 1135 933 1207 disciplina
971 1140 1245 1191 maneant
1278 1137 1532 1207 diversa,
1567 1142 1759 1193 tamen

180 1236 284 1308 quia
324 1249 540 1289 necesse
595 1238 681 1288 est
726 1238 790 1289 ut
832 1233 1185 1305 frequentius
1234 1236 1573 1290 retundatur
1606 1238 1759 1306 quod

175 1329 273 1383 sine
294 1326 699 1382 intermissione
730 1327 1117 1398 prasumitur,
1150 1327 1278 1382 ideo
1314 1328 1554 1384 novella
1590 1329 1761 1399 hujus

177 1420 507 1476 institutionis
582 1421 889 1475 famulam
955 1420 1316 1476 instituentes
1375 1422 1756 1489 decernimus,

176 1515 456 1585 quicunque
530 1530 637 1583 pro
710 1514 1058 1569 conferendo
1136 1514 1406 1585 cuiquam
1484 1516 1760 1570 sacerdoti

174 1606 340 1678 gradu,
387 1611 484 1661 aut
532 1623 743 1661 munus
786 1607 1168 1679 quodcunque
1217 1611 1317 1662 aut
1359 1608 1759 1678 promissiones

171 1699 388 1754 muneris
426 1703 741 1770 antequam
789 1700 1082 1755 ordinetur
1121 1701 1417 1783 acceperit,
1457 1702 1543 1756 vel
1586 1701 1760 1756 etiam

1863 490 2145 559 exhibuit,
2162 494 2261 545 aut
2274 492 2711 549 minorationem
2721 535 2735 561 ,
2748 492 2838 547 vel
2852 492 3234 564 perditionem
3243 494 3490 564 induxit,

1861 583 2140 655 quidquid
2182 583 2243 638 in
2283 584 2449 639 rebus
2488 586 2739 647 ecclesia
2763 586 2973 641 minuit
3002 587 3085 641 illi
3110 588 3391 657 restituat,
3425 606 3492 644 ex

1861 678 2022 747 cujus
2049 676 2220 747 rebus
2235 680 2406 747 atque
2430 677 2718 749 suffragiis
2736 696 2866 734 suos
2881 680 3174 735 convictus
3186 681 3357 737 fuerit
3376 698 3493 737 am-

1861 770 2071 841 pliasse
2094 769 2339 825 labores.
2354 770 2517 834 Quod
2533 771 2581 824 si
2600 770 2648 842 1
2665 770 2790 844 46
2806 772 3024 843 aliquid
3039 790 3142 843 pro
3157 773 3494 830 utilitatibus

1863 863 2116 918 ecclesia
2147 866 2245 917 aut
2276 864 2608 918 substantia
2649 864 2937 935 expendit,
2968 869 3065 920 aut
3096 866 3377 937 dispendi,
3404 869 3494 922 vel

1860 956 2193 1028 perditionis
2223 956 2520 1027 quippiam
2540 956 2690 1024 tulit,
2710 957 2758 1010 si
2784 958 2894 1011 hoc
2914 959 3277 1029 comprobari
3296 965 3493 1031 potue-

1859 1050 1954 1115 rit,
1988 1052 2170 1104 totum
2202 1049 2342 1103 illia
2370 1049 2537 1103 rebus
2575 1049 2828 1104 ecclesia
2867 1051 3121 1120 ejusdem
3148 1052 3490 1108 reformabi-

1859 1146 1972 1209 tur,
2006 1158 2109 1212 pro
2146 1142 2307 1212 cujus
2350 1141 2689 1196 utilitatibus
2730 1142 2789 1197 id
2820 1143 3150 1213 expendisse
3193 1145 3488 1215 probatur.

1858 1234 2071 1288 Gratias
2116 1235 2305 1304 itaque
2354 1233 2743 1305 Omnipotenti
2785 1235 3142 1306 peragimus,
3187 1240 3317 1307 post
3370 1238 3491 1293 hac

1858 1327 1933 1381 sit
1976 1344 2110 1398 pax,
2142 1328 2309 1395 salus,
2350 1331 2403 1381 et
2442 1326 2783 1382 diuturnitas
2825 1328 3104 1398 piissimo,
3148 1333 3205 1383 et
3247 1331 3491 1385 amatori

1857 1420 2065 1474 Christi
2096 1419 2330 1475 domino
2355 1425 2550 1474 nostro
2569 1421 2885 1476 Wambano
2914 1421 3059 1492 regi,
3087 1422 3249 1491 cujus
3269 1422 3492 1479 devotio

1860 1530 1964 1568 nos
1992 1513 2064 1567 ad
2105 1513 2213 1568 hoc
2246 1513 2539 1568 decretum
2569 1514 2927 1569 salutiferum
2965 1516 3313 1583 convocavit,
3342 1516 3487 1572 divi-

1858 1622 1991 1661 nam
2003 1606 2354 1676 postulantes
2365 1606 2821 1673 clementiam,ut
2832 1607 3014 1677 gloria
3024 1606 3236 1663 Christi
3244 1625 3492 1679 regnum

1860 1699 1981 1768 ejus
2011 1700 2340 1754 corroboret
2363 1716 2546 1769 usque
2569 1700 2643 1754 ad
2667 1700 2931 1754 ultimam
2951 1703 3326 1769 senectutem,
3347 1719 3493 1773 pra-

172 1796 435 1863 postquam
492 1769 790 1848 ordinatus
837 1793 1012 1847 fuerit
1058 1794 1117 1847 in
1169 1769 1357 1864 aliquo
1402 1769 1460 1847 se
1504 1811 1607 1864 pro
1655 1795 1760 1849 hoc
1779 1769 1837 1841 B
1861 1796 2043 1847 stante
2070 1793 2213 1863 ipso,
2248 1793 2346 1864 qui
2372 1808 2504 1846 cum
2530 1794 2695 1847 Patre
2727 1798 2784 1847 et
2809 1793 3024 1863 Spiritu
3055 1798 3252 1849 sancto
3279 1769 3416 1850 vivit
3436 1801 3493 1851 et

171 1886 272 1955 ipso
291 1886 709 1957 prasumpserit
747 1886 1055 1955 munerari,
1088 1885 1202 1941 sive
1238 1886 1338 1957 qui
1380 1887 1616 1955 dederit,
1646 1887 1761 1941 sive

174 1977 252 2030 ille
284 1978 365 2047 qui
405 1979 713 2050 acceperit,
749 1980 917 2049 juxta
953 1979 1297 2033 sententiam
1336 1979 1764 2034 Calcedonensis

168 2070 374 2136 concilii,
401 2070 620 2141 gradus
649 2071 738 2125 sui
761 2072 1080 2142 periculum
1104 2070 1422 2126 sustinebit.

226 2163 337 2216 VIII.
364 2163 482 2217 Non
510 2163 682 2217 decet
701 2167 950 2218 rectores
966 2163 1225 2218 ecclesia
1251 2163 1309 2217 in
1336 2163 1449 2217 suis
1476 2166 1760 2231 strenuos,

167 2254 279 2308 etin
308 2256 694 2311 ecclesiasticis
737 2257 906 2310 rebus
943 2273 1064 2311 esse
1113 2257 1399 2311 remissos.
1450 2258 1589 2311 Nam
1619 2274 1760 2328 quo-

164 2348 394 2402 rumdam
426 2350 612 2403 fertur
640 2349 835 2420 opinio
868 2350 1020 2420 quod
1047 2349 1277 2419 quidam
1305 2349 1658 2404 sacerdotum
1684 2351 1763 2404 fa-

164 2441 321 2495 milias
361 2443 615 2496 ecclesia
660 2443 738 2496 sic
777 2442 835 2495 in
880 2443 994 2497 suis
1032 2441 1321 2497 laboribus
1361 2448 1649 2513 quassent,
1680 2442 1761 2496 rei

163 2534 373 2604 propria
398 2537 721 2605 profectum
750 2540 1047 2604 augentes,
1063 2535 1369 2590 Dominicis
1390 2552 1519 2589 vero
1542 2535 1763 2606 dispen-

164 2625 296 2681 dium
319 2628 656 2683 nutrientes.
680 2628 835 2682 Unde
863 2627 1207 2699 quicumque
1231 2628 1335 2682 sub
1362 2628 1466 2682 hoc
1497 2630 1762 2698 neglectu

162 2734 236 2771 res
252 2718 461 2774 divinas
486 2721 747 2775 laborare
773 2720 1055 2775 distulerit
1069 2720 1274 2792 placito
1290 2720 1524 2791 speciali
1537 2720 1762 2775 distrin-

162 2811 354 2880 gendus
394 2818 498 2882 est,
553 2813 799 2885 qualiter
842 2808 895 2868 si
942 2814 1012 2868 de
1065 2814 1234 2868 rebus
1290 2831 1391 2885 seu
1422 2813 1762 2887 taugmentis

162 2905 378 2961 ecclesia
407 2908 486 2962 sic
524 2911 809 2979 quastum
848 2906 1136 2962 laboribus
1174 2907 1289 2960 suis
1320 2906 1756 2980 proprie'oaux‘it,

1864 1886 2142 1957 gloriatur
2179 1886 2236 1940 in
2279 1886 2549 1940 Trinitate
2593 1887 2761 1953 Deus,
2792 1886 2851 1939 in
2893 1887 3096 1941 sacula
3134 1888 3487 1943 saculorum.

1862 1982 2064 2032 Amen.
2094 1978 2392 2048 Leodigius
2426 1979 2486 2032 in
2528 1978 2732 2033 Christi
2768 1978 3000 2034 nomine
3031 1979 3330 2051 episcopus
3356 1982 3488 2036 sub-

1862 2070 2077 2141 scripsi.
2094 2071 2347 2126 Julianus
2366 2071 2427 2125 in
2447 2071 2655 2126 Christi
2675 2072 2910 2126 nomine
2931 2072 3228 2143 episcOpus
3247 2074 3487 2130 subscri-

1860 2163 1966 2235 psi.
2006 2164 2299 2218 Genitivus
2339 2165 2397 2217 in
2428 2164 2639 2219 Christi
2672 2164 2907 2220 nomine
2935 2166 3213 2220 Tudensis
3239 2167 3488 2222 ecclesia

1864 2256 2157 2327 episcopus
2195 2256 2517 2327 subscripsi.
2549 2257 2842 2310 Froaricus
2872 2258 2987 2312 Deo
3020 2258 3258 2328 jubente
3288 2261 3488 2313 Portu-
3519 2281 3527 2291 ι

1866 2349 2112 2419 galensis
2142 2350 2388 2403 ecclesia
2414 2350 2711 2419 episcopus
2738 2350 2861 2405 sub.
2895 2351 3026 2405 Beia
3057 2351 3116 2405 in
3144 2351 3353 2406 Christi
3385 2368 3488 2407 no-
3566 2336 3569 2343 I

1862 2442 2018 2496 mine
2049 2442 2441 2496 Brittaniensis
2480 2442 2775 2513 episcopus
2804 2444 3053 2497 ecclesia
3088 2444 3213 2499 sub.
3245 2444 3491 2500 Isidorus

1860 2534 2180 2588 Asturensis
2206 2534 2452 2589 ecclesia
2479 2535 2777 2605 episcopus
2809 2536 3171 2591 sub.Alarius
3199 2538 3491 2593 Auresina

1861 2627 2112 2681 ecclesia
2131 2627 2429 2698 episcopus
2445 2627 2571 2682 sub.
2587 2629 2935 2698 Rectogerus
2956 2629 3222 2684 Lucensis
3238 2630 3489 2685 ecclesia

1862 2720 2156 2790 episcOpus
2211 2720 2533 2790 subscripsi.
2579 2720 2917 2791 Hidulphus,
2966 2722 3061 2792 qui
3118 2722 3492 2794 cognominor

1860 2812 2036 2881 Felix,
2072 2812 2341 2867 Hiriensis
2367 2812 2619 2868 ecclesia
2644 2813 2943 2885 episcopus
2969 2814 3296 2886 subscripsi.

1187 3014 1426 3085 Explicit
1456 3013 1759 3068 concilium
1786 3013 2153 3068 Braccarense
2181 3012 2434 3067 tertium.

832 3270 1231 3335 lNCIPIUNT
1275 3270 1666 3335 CAPITULA
1708 3254 2039 3335 CONCILII
2086 3268 2513 3333 SPALENSIS
2559 3269 2805 3333 PRIMI.

218 3433 259 3482 1.
297 3431 372 3485 De
400 3431 645 3488 concilio
671 3432 926 3505 Spalensi
955 3432 1025 3488 ad
1055 3432 1352 3505 Pegasium
1377 3432 1711 3504 episcopum
1736 3431 1930 3485 missa.

213 3522 258 3572 2.
296 3520 370 3574 De
394 3521 700 3591 mancipiis
728 3522 989 3577 Ecclesia
1019 3522 1090 3576 ab
1117 3521 1381 3593 episcopo
1408 3521 1690 3592 proximis
1715 3520 1830 3575 suis
1861 3519 2094 3574 collatis.

212 3610 258 3661 3.
293 3609 367 3663 De
392 3610 621 3666 clericis
650 3627 780 3665 cum
809 3611 1018 3683 quibus
1049 3610 1319 3666 mulieres
1350 3609 1702 3665 cohabitant.

1011 3776 1298 3842 INCIPIT
1342 3774 1766 3841 CONCILIUM
1807 3772 2213 3839 SPALENSE
2257 3748 2617 3838 PRIMUM.

206 3921 435 3978 Domino
477 3927 679 3979 sancto
722 3929 777 3979 et
805 3930 1131 3980 reverenter
1167 3942 1199 3979 a
1234 3923 1397 3980 nobis
1426 3920 1760 3977 honorando
1782 3929 1837 4004 ρ
1860 3937 1974 3992 quo
2003 3919 2175 3974 modo
2213 3919 2285 3973 ab
2317 3918 2549 3973 ecclesia
2573 3918 2877 3986 transtulit,
2906 3917 3132 3973 irritum
3160 3918 3482 3973 haberetur.

147 4012 457 4071 charissimo
500 4017 673 4072 fratri
711 4019 939 4073 Pscssm
971 4018 1257 4089 episcopo,
1292 4015 1561 4081 Leander,
1588 4017 1758 4071 Joan-

146 4122 249 4173 nes,
274 4110 554 4182 Agapius,
581 4111 921 4181 Stephanus,
953 4112 1205 4178 Basilius,
1234 4110 1479 4175 Velatus,
1504 4109 1757 4176 Fintitio,

33 4217 47 4226 '
150 4202 197 4253 et
218 4202 426 4273 Petrus,
462 4204 742 4276 episcopi,
765 4205 861 4275 qui
893 4204 952 4259 in
988 4222 1102 4259 una
1137 4204 1277 4258 urbe
1312 4202 1562 4274 Spalensi
1587 4202 1756 4255 adsu-

150 4309 276 4349 mus.
311 4298 693 4353 Sanctitatem
718 4303 876 4353 tuam
912 4298 1202 4353 charitatis
1234 4296 1420 4352 studio
1455 4296 1760 4350 salutantes

149 4403 436 4456 precamur
476 4391 795 4447 Dominum
832 4391 929 4462 qui
966 4408 1072 4446 nos
1101 4392 1170 4446 de
1214 4391 1391 4445 salute
1423 4392 1645 4455 mutua,
1672 4389 1759 4443 vel

146 4480 344 4538 visione
373 4484 671 4539 latiﬁcare
706 4484 974 4555 dignatur
1000 4487 1057 4539 te
1083 4484 1282 4539 latum
1314 4483 1496 4538 multo
1524 4496 1755 4537 conser-

148 4575 228 4623 vet
253 4571 307 4626 in
334 4578 624 4645 tempore.

203 4664 322 4721 Car.
370 4667 411 4721 Ι.
459 4668 687 4721 Interea
730 4666 1164 4722 consedentibus
1205 4664 1371 4720 nobis
1411 4666 1472 4718 in
1520 4663 1763 4719 Ecclesia

146 4755 388 4826 Spalensi
414 4763 618 4813 sancta
648 4760 994 4815 Hierusalem
1018 4759 1188 4814 breve
1223 4758 1642 4829 mancipiorum
1669 4773 1759 4811 ec-

144 4850 311 4906 clesia
361 4869 498 4924 qua
549 4852 815 4907 liberasse
866 4853 1016 4907 visus
1070 4854 1259 4907 fuerat
1316 4852 1575 4906 decessor
1630 4854 1761 4905 tuus

145 4950 336 4999 sancta
380 4946 796 5001 recordationis
840 4945 1190 5001 Gaudentius
1231 4944 1547 5015 episcopus,
1591 4943 1764 4998 vestri

144 5036 292 5092 nobis
316 5037 549 5099 diaconi
579 5039 926 5109 obtulerunt,
955 5044 1013 5093 et
1046 5055 1162 5094 non
1193 5038 1380 5092 solum
1404 5053 1529 5108 qua
1555 5036 1759 5092 libera-

145 5137 284 5185 verat
327 5132 552 5187 ibidem
598 5132 925 5203 relegimus,
957 5132 1056 5187 sed
1102 5132 1272 5186 etiam
1318 5147 1447 5201 qua
1491 5130 1763 5201 proximis

145 5223 250 5276 suis
290 5225 359 5279 de
405 5225 638 5279 famulis
667 5224 918 5280 ecclesia
944 5225 1254 5279 donaverat
1286 5224 1345 5277 in
1374 5223 1577 5279 eodem
1605 5222 1763 5277 brevi

1857 4016 1925 4069 Et
1964 4013 2094 4068 ideo
2142 4012 2189 4066 si
2231 4027 2320 4067 res
2356 4011 2715 4083 pracessoris
2760 4012 2844 4065 tui
2891 4010 3189 4066 Gaudentii
3236 4010 3485 4081 episcopi
3570 4040 3585 4045 —

1858 4106 2091 4162 ecclesia
2136 4107 2324 4159 vestra
2370 4120 2484 4158 non
2527 4104 2795 4175 possidet,
2828 4104 2992 4159 liberi
3021 4104 3118 4175 qui
3145 4104 3216 4158 ab
3253 4120 3321 4159 eo
3354 4104 3487 4158 facti

1858 4202 2011 4268 sunt,
2039 4214 2159 4253 non
2206 4201 2338 4252 sunt
2384 4197 2640 4268 legitime
2691 4198 2954 4253 absoluti.
2982 4201 3268 4254 Caterum
3306 4197 3355 4251 si
3396 4211 3486 4252 res

1858 4292 2011 4347 illius
2026 4291 2087 4345 in
2111 4290 2631 4361 compensationem
2647 4273 2897 4346 ecclesia
2916 4294 3123 4367 vestra
3139 4290 3484 4359 deserviunt,

1859 4384 1939 4439 illi
1967 4400 2202 4456 prorsus
2232 4387 2508 4438 maneant
2534 4384 2721 4439 liberi.
2742 4386 2885 4439 Nam
2915 4389 2996 4453 (ut
3020 4385 3361 4456 pradictum
3384 4386 3486 4454 est)

1860 4478 1905 4531 si
1935 4478 2252 4551 prastitum
2292 4477 2362 4531 de
2398 4478 2567 4532 rebus
2598 4478 2713 4531 suis
2739 4494 2857 4532 non
2884 4479 3039 4547 fecit,
3068 4480 3177 4533 tale
3209 4478 3484 4532 damnum
3540 4476 3545 4481 ’

1859 4571 2058 4641 utique
2074 4571 2224 4624 ferre
2242 4586 2359 4624 non
2380 4570 2597 4624 debuit.
2615 4572 2930 4642 Propterea
2952 4586 3089 4640 ergo
3114 4572 3183 4625 de
3209 4586 3326 4625 uno
3356 4586 3490 4624 con-
3580 4637 3590 4644 _

1861 4679 2029 4719 sensu
2064 4679 2263 4717 omnes
2307 4662 2715 4732 signiﬁcamus,
2753 4664 2935 4734 magis
2970 4664 3279 4718 humanius
3314 4679 3488 4734 quam

1862 4755 2110 4811 severius
2152 4755 2483 4826 cogitantes,
2513 4759 2577 4809 ut
2621 4756 2680 4809 hi
2723 4773 2867 4827 quos
2902 4761 3121 4811 constat
3152 4756 3251 4810 tali
3287 4756 3485 4811 condi-
3592 4818 3595 4821 λ

1862 4850 2016 4904 tione
2064 4849 2236 4903 fuisse
2270 4848 2535 4903 liberatos
2577 4849 2641 4903 in
2674 4849 2805 4920 jure
2842 4850 3097 4905 ecclesia
3130 4853 3399 4905 maneant
3426 4853 3491 4904 ut

1861 4941 2071 5010 idonei,
2102 4946 2159 4996 et
2206 4940 2493 5011 peculium
2538 4958 2705 4996 suum
2753 4959 2869 4998 non
2912 4943 3037 4998 aliis
3083 4944 3361 5014 personis,
3389 4943 3497 4998 sed.

1860 5038 2089 5090 tantum
2138 5034 2269 5088 filiis
2314 5034 2428 5087 suis
2468 5034 2889 5107 derelinquant,
2921 5036 3058 5109 ipsis
3100 5053 3331 5109 quoque
3358 5036 3487 5091 ﬁliis

1862 5133 1921 5183 et
1949 5127 2253 5198 nepotibus
2280 5142 2409 5182 cum
2434 5129 2674 5199 peculiis
2707 5130 2961 5200 ipsorum
2994 5130 3155 5202 quasi
3179 5130 3397 5185 idoneis
3426 5129 3485 5182 in

1855 5221 1988 5291 jure
2015 5220 2262 5276 ecclesia
2294 5222 2765 5290 permanantibus
2803 5224 2864 5277 in
2899 5208 3223 5279 extraneam
3253 5224 3334 5277 eis
3370 5237 3487 5275 non

146 5312 458 5371 invenimus
504 5320 797 5372 annotata.
830 5318 948 5382 Qua
989 5318 1057 5371 de
1092 5333 1151 5372 re
1187 5332 1472 5371 canonum
1508 5291 2027 5369 institutaDliceat
2055 5316 2350 5384 personam
2391 5314 2685 5386 quidpiam
2731 5317 3148 5372 transmittere:
3169 5315 3224 5370 Si
3255 5313 3353 5385 qui
3384 5328 3485 5366 eo-
3564 5314 3571 5323 '

145 5410 551 5476 consuluimus,
574 5410 618 5465 si
636 5411 763 5465 talis
784 5410 1146 5479 libertas,aut
1166 5409 1471 5465 transactio
1492 5400 1766 5480 potuisset
1863 5423 1991 5463 rum
2051 5406 2173 5461 sine
2232 5407 2457 5462 harede
2523 5407 2896 5479 decesserint,
2954 5390 3238 5479 peculium
3286 5420 3488 5460 eorum

147 5515 259 5555 esse
285 5502 526 5559 stabilis.
545 5504 942 5575 Comperimus
975 5506 1164 5558 autem
1193 5503 1253 5557 in
1277 5518 1515 5571 canone,
1546 5504 1611 5555 ut
1640 5501 1761 5571 epi-

146 5608 334 5665 scopus
363 5598 467 5667 qui
494 5613 584 5651 res
609 5598 888 5669 proprias,
925 5599 1161 5667 excepto
1188 5596 1317 5651 ﬁliis
1356 5601 1412 5651 et
1441 5594 1761 5666 nepotibus,

151 5685 322 5754 alteri,
349 5694 408 5744 et
443 5705 555 5743 non
587 5690 834 5745 ecclesia
880 5707 995 5745 sua
1040 5689 1343 5756 dimiserit,
1376 5687 1651 5763 quidquid
1693 5680 1781 5740 de'

151 5779 391 5837 ecclesia
429 5770 618 5853 rebus,
647 5788 745 5839 aut
768 5782 1028 5853 donavit,
1060 5784 1160 5839 aut
1187 5782 1457 5850 vendidit,
1491 5784 1591 5836 aut
1618 5794 1759 5853 quo-

1864 5503 2075 5555 sancta
2104 5499 2363 5570 proﬁciat
2393 5500 2661 5556 ecclesia.

1933 5595 1996 5650 Il.
2026 5594 2104 5647 Ea
2147 5608 2282 5647 vero
2319 5594 2603 5666 mancipia
2647 5610 2776 5665 qua
2816 5578 3164 5648 memoratus
3189 5592 3489 5663 episcopus

1840 5686 1936 5749 ,de
1962 5687 2092 5756 jure
2130 5686 2381 5741 ecclesia
2423 5688 2666 5754 sublata,
2693 5686 2806 5740 suis
2845 5685 3118 5757 proximis
3158 5685 3416 5754 contulit,
3442 5686 3490 5741 si

1864 5779 2070 5836 similia
2085 5779 2155 5837 de
2169 5780 2401 5853 proprio
2425 5796 2527 5837 suo
2548 5778 2795 5836 ecclesia
2815 5778 2927 5851 ipsi
2945 5794 3063 5835 non
3084 5778 3488 5853 compensavit,
