3946 6180
445 231 546 284 595

1327 227 1609 282 APPEND.
1649 229 1736 282 AD
1774 229 1933 285 SIEC.
1975 229 2063 284 IX.
2095 257 2162 269 -
2199 227 2449 284 ISIDORI
2485 229 2906 285 MERCATORIS
3650 239 3727 293 596

443 335 672 390 ecclesia
718 339 898 389 vestra
939 335 1150 404 absque
1199 333 1390 404 aliqua
1418 334 1776 406 oppositione
1803 335 2060 407 recipiat.
2085 347 2146 420 Α
2164 335 2316 390 cialis
2345 340 2619 405 coerceat,
2648 337 2779 391 dato
2809 341 3009 391 tamen
3045 336 3114 391 ab
3143 336 3352 392 eisdem
3376 339 3637 409 judicibus
3659 361 3728 397 sa-

443 430 592 483 Hanc
619 429 862 481 formam
890 443 1004 480 non
1038 425 1224 480 solum
1249 429 1455 496 vestra,
1485 428 1592 482 hoc
1629 432 1714 483 est
1753 430 2067 498 Astigitana

444 520 686 575 servabit
713 520 966 587 ecclesia,
1001 519 1102 573 sed
1126 521 1184 573 et
1203 535 1404 574 omnes
1432 521 1530 591 qui
1558 537 1662 591 per
1691 537 1924 576 omnem
1953 523 2068 576 Bie-

443 619 611 672 ticam
649 617 998 687 provinciam
1030 617 1128 671 tali
1171 617 1496 672 conditione
1527 620 1614 672 vel
1657 622 1807 673 sorte
1837 619 1905 673 de
1935 619 2067 689 jure

443 710 692 765 ecclesia:
729 714 1146 778 commearunt,
1180 710 1302 781 pari
1341 711 1635 766 sententiae
1671 712 2063 783 subjacebunt.

440 804 656 857 Durum
699 806 784 857 est
822 803 974 858 enim
1019 805 1188 874 atque
1233 803 1631 874 irreligiosum,
1675 808 1738 859 ut
1770 805 2066 876 episcopus

443 897 537 967 qui
589 896 977 951 ecclesiasticis
1024 896 1321 966 stipendiis
1359 897 1509 965 vivit,
1549 902 1606 952 et
1649 899 2068 970 proprietatem

440 1006 600 1044 suam
628 990 797 1045 lucris
821 989 1068 1045 ecclesiae
1097 989 1334 1045 minime
1362 992 1599 1058 confert,
1632 992 1875 1046 aliorum
1905 991 2063 1046 obla-

442 1083 627 1138 tiones
657 1101 687 1136 a
707 1084 837 1154 jure
870 1082 1246 1137 ecclesiastico
1273 1082 1476 1154 privet.

517 1178 603 1231 III.
633 1177 781 1230 Inter
806 1179 1011 1230 caetera
1036 1193 1171 1230 vero
1199 1177 1520 1247 cognoscite
1564 1193 1598 1231 a
1639 1177 1798 1231 nobis
1826 1177 1932 1232 hoc
1966 1178 2063 1232 de-

442 1267 667 1323 ﬁnitum
692 1285 795 1340 pro
823 1269 1110 1324 abolendis
1135 1270 1372 1323 maculis
1398 1269 1758 1338 clericorum,
1791 1271 1925 1341 quia
1948 1270 2069 1341 qui-

445 1362 576 1417 dam
604 1362 997 1433 episcoporum
1037 1378 1151 1417 non
1197 1362 1562 1417 observantes
1603 1379 1788 1434 nuper
1821 1363 2068 1418 edictum

445 1454 666 1509 concilii
694 1455 1003 1511 Toletatani
1029 1456 1322 1510 decretum
1350 1455 1540 1510 minus
1571 1455 1792 1511 solliciti
1837 1456 1895 1509 in
1934 1456 2066 1510 sub-

439 1548 603 1618 jectis
633 1547 899 1617 existunt,
924 1547 1134 1619 placuit
1157 1548 1398 1619 proinde
1435 1551 1498 1602 ut
1522 1549 1570 1603 si
1596 1548 1912 1620 presbyter,
1947 1549 2066 1603 dia-

445 1641 567 1694 coni
597 1641 685 1694 vel
715 1641 901 1696 clerici
941 1641 1222 1696 consortia
1261 1646 1662 1696 extranearum
1699 1641 2066 1710 feminarum,

2167 431 2462 484 cramento
2490 429 2785 500 episcOpis,
2820 432 2884 482 ut
2912 445 3008 484 eas
3043 428 3256 485 clericis
3285 430 3434 484 nulla
3461 435 3572 486 arte
3598 435 3732 491 resti—

2165 526 2364 589 tuant;
2395 522 2548 594 quod
2597 521 2642 576 si
2688 522 3061 591 restituerint,
3102 523 3209 594 ipsi
3247 523 3462 594 judices
3500 529 3737 583 sententia

2166 614 2767 670 excommunicationis
2807 615 3107 671 feriantur.
3137 615 3460 671 Mulieribus
3499 633 3618 673 vero
3652 620 3738 675 illis

2160 709 2320 780 juxta
2338 708 2554 780 priores
2578 725 2820 764 canones
2839 725 2871 763 a
2897 709 3188 764 sacerdote
3214 709 3510 779 distractis,
3530 713 3736 781 pretium

2167 818 2363 857 earum
2394 802 2780 872 indigentibus
2816 801 3209 873 dispensetur;
3236 817 3363 873 quae
3389 805 3579 857 statuta
3599 821 3738 859 manu

2165 898 2362 949 nostra
2402 894 2857 967 subscripsimus,
2888 895 3024 949 data
3064 895 3136 950 ad
3168 894 3517 951 sanctitatem
3537 900 3739 953 vestram

2167 989 2258 1045 die
2287 988 2535 1044 secundo
2560 989 2746 1042 Nonas
2772 988 3123 1056 Novembris,
3151 1004 3305 1043 anno
3335 988 3529 1060 quinto
3554 989 3741 1060 gloriosi

2168 1082 2385 1137 domini
2414 1081 2596 1136 nostri
2631 1081 2957 1147 Reccaredi,
2991 1081 3161 1152 regis,
3191 1097 3306 1136 tera
3330 1096 3572 1138 Dcxxvm.
3598 1084 3741 1139 Lean-

2169 1175 2270 1230 der
2294 1173 2542 1229 ecclesiaz
2576 1177 2784 1228 sanctae
2816 1173 3103 1245 Spalensis
3128 1174 3428 1246 episcopus
3451 1175 3588 1231 hanc
3612 1193 3741 1231 cons-

2165 1267 2488 1323 titutionem
2516 1267 2739 1322 ﬁrmavi
2779 1271 2838 1322 et
2875 1267 3198 1338 subscripsi.
3228 1269 3474 1323 Joannes
3497 1269 3743 1340 episcopus

2166 1361 2507 1431 Agabrensis
2561 1361 2706 1415 hanc
2759 1361 3223 1416 constitutionem
3276 1360 3498 1416 ﬁrmavi
3549 1365 3603 1415 et
3645 1362 3742 1416 sub.

2166 1453 2416 1525 Agapius
2474 1454 2727 1508 ecclesiae
2793 1459 3004 1508 sanctae
3069 1453 3447 1509 Cordubensis
3495 1454 3744 1526 episcopus

2167 1547 2313 1601 hanc
2343 1547 2808 1601 constitutionem
2830 1546 3051 1601 ﬁrmavi
3081 1549 3138 1602 et
3163 1547 3291 1601 sub.
3317 1546 3619 1617 Stephanus
3636 1547 3744 1619 epis

2168 1656 2340 1711 copus
2387 1640 2767 1720 Eliberitanus
2804 1640 2952 1695 hanc
2995 1639 3458 1696 constitutionem
3491 1639 3683 1694 ﬁrmavi
3702 1643 3747 1694 et

444 1735 531 1787 vel
559 1734 890 1789 ancillarum
917 1734 1362 1789 familiaritatem
1391 1750 1494 1805 per
1519 1735 1824 1789 sacerdotis
1855 1735 1942 1789 sui
1967 1735 2065 1789 ad-
2088 1710 2144 1783 Β
2170 1710 2294 1787 sub.
2329 1732 2563 1787 Basilius
2591 1710 2892 1804 episcopus
2936 1733 3214 1806 Elipensis
3251 1733 3400 1788 hanc
3435 1733 3744 1788 constitutio~

443 1827 820 1883 monitionem
850 1845 883 1883 a
912 1844 973 1884 se
1015 1828 1208 1882 minus
1241 1827 1608 1894 removerint,
1637 1828 1822 1882 saeculi
1845 1827 2070 1899 judices
2170 1842 2302 1880 nem
2327 1825 2544 1880 ﬁrmavi
2577 1830 2634 1880 et
2672 1825 2996 1897 subscripsi.
3024 1827 3252 1884 Celatus
3293 1826 3580 1899 episcopus
3599 1825 3744 1880 'l‘uici-

445 1920 670 1975 easdem
689 1921 956 1976 mulieres
978 1937 1110 1976 cum
1133 1922 1422 1976 voluntate
1444 1924 1502 1975 et
1521 1921 1800 1992 permissu
1820 1919 2068 1991 episcopi
2169 1922 2335 1974 tanus
2383 1919 2530 1973 hanc
2583 1918 3049 1974 constitutionem
3102 1919 3327 1975 ﬁrmavi
3372 1924 3430 1975 et
3470 1918 3743 1989 subscripsi.

444 2015 888 2085 comprehensas
909 2014 969 2069 in
990 2015 1104 2070 suis
1126 2014 1294 2069 lucris
1315 2019 1611 2085 usurpent,
1635 2017 1701 2067 ut
1716 2013 1918 2068 vitium
1935 2014 2065 2080 hoc,
2167 2014 2363 2067 Petrus
2407 2011 2704 2082 episcopus
2745 2011 3108 2068 Alberitanus
3151 2013 3301 2068 hanc
3342 2012 3744 2069 constitutionem

442 2106 579 2161 dum
601 2107 862 2162 sacerdos
883 2107 1142 2162 inhibere
1173 2123 1288 2161 non
1315 2106 1609 2178 praevalet,
1642 2110 1892 2176 potestas
1907 2105 2066 2176 judi-
2167 2104 2390 2159 ﬁrmavi
2418 2107 2476 2159 et
2501 2104 2826 2175 subscripsi.

1079 2407 1476 2474 INCIPIUNT
1519 2407 1912 2473 CAPITULA
1956 2407 2289 2473 CONCILII
2333 2405 2762 2473 SPALENSIS
2807 2404 3161 2471 SECUNDI.

516 2561 564 2610 1.
594 2557 674 2612 De
709 2557 1070 2630 Theodulphi
1097 2559 1444 2615 Malaeitanae
1484 2559 1745 2616 Ecclesia
1771 2559 2066 2632 querimo-

442 2649 551 2704 niis
571 2651 842 2706 adversus
859 2652 1108 2724 reliquos
1128 2669 1261 2726 epp.
1285 2670 1390 2724 pro
1411 2653 1754 2725 quibusdam
1765 2653 2064 2725 parochiis.

512 2745 565 2796 2.
597 2743 676 2797 De
707 2745 1081 2815 querimoniis
1111 2746 1395 2816 Fulgentii
1422 2750 1481 2800 et
1516 2746 1748 2801 Honorii
1779 2746 2065 2816 episcopo-

443 2851 575 2888 rum
606 2851 709 2905 pro
741 2835 1082 2906 quibusdam
1111 2838 1417 2908 parochiis.

2241 2563 2294 2612 7.
2324 2558 2400 2612 De
2429 2557 2517 2611 his
2544 2573 2674 2629 quae
2703 2555 3082 2628 prohibentur
3107 2556 3486 2630 corepiscopis
3509 2555 3744 2628 presbyte-

2168 2651 2248 2706 ris
2274 2649 2333 2705 in
2359 2650 2748 2706 ecclesiasticis
2775 2648 3148 2705 sacramentis
3179 2666 3376 2722 agere.

2240 2746 2292 2799 8.
2322 2744 2400 2798 De
2439 2743 2700 2814 superbis
2743 2743 2994 2800 ecclesiae
3033 2743 3276 2814 libertis,
3306 2748 3372 2799 ut
3400 2743 3470 2799 ad
3505 2742 3744 2798 servitium

2169 2841 2528 2892 revocentur.

513 2929 565 2981 3.
595 2927 674 2981 De
709 2927 1092 2983 desertoribus
1129 2930 1369 3000 clericis,
1404 2934 1466 2985 ut
1494 2930 1775 3002 episcopis
1799 2929 1916 2985 suis
1945 2945 2065 2984 res-
2088 2959 2143 3034 Ο
2241 2932 2292 2983 9.
2323 2931 2398 2984 De
2422 2928 2753 2998 ceconomis,
2781 2945 2855 2983 ne
2882 2944 2948 2984 ex
2975 2928 3135 2984 Iaicis
3163 2928 3588 2984 constituantur.

443 3019 740 3074 tituantur.

510 3113 562 3166 4.
597 3113 677 3167 De
723 3111 969 3183 bigamis
1015 3115 1088 3169 ad
1126 3115 1538 3186 presbyterium
1577 3114 1665 3170 vel
1706 3114 2068 3169 diaconatum

440 3221 558 3259 non
583 3206 1007 3276 promovendis.

515 3301 564 3352 5.
594 3299 672 3353 Ne
710 3300 1025 3371 presbyteri
1064 3300 1384 3370 diaconum,
1416 3301 1504 3356 vel
1551 3301 1946 3372 presbyterum
1974 3317 2063 3356 or-

444 3389 638 3446 dinare
665 3397 1032 3462 praesumant.

511 3487 564 3537 6.
598 3484 675 3537 De
702 3485 1050 3556 presbyteris
1080 3485 1166 3540 vel
1194 3486 1526 3541 diaconibus
1551 3486 1622 3541 ab
1655 3502 1770 3540 uno
1803 3485 2066 3557 episcopo

441 3591 560 3631 non
589 3576 956 3649 deponendis.

2244 3023 2328 3076 10.
2361 3022 2438 3075 De
2461 3021 2820 3076 monasteriis
2845 3038 2963 3076 non
2993 3021 3397 3077 convellendis.

2242 3117 2326 3168 11.
2380 3115 2456 3167 De
2509 3114 2871 3170 monasteriis
2925 3113 3248 3186 virginum,
3304 3119 3366 3169 ut
3415 3131 3448 3168 a
3496 3111 3742 3170 monachis

2167 3209 2455 3261 tueantur.

2241 3303 2326 3354 12.
2354 3302 2430 3355 De
2455 3300 2706 3372 quodam
2733 3299 3137 3372 acephalorum
3166 3301 3454 3372 episcopo.

2243 3394 2328 3446 l3.
2362 3392 2439 3445 De
2485 3391 2706 3446 duabus
2752 3391 2810 3447 in
2863 3391 3086 3449 Christo
3126 3393 3352 3449 naturis
3403 3397 3458 3449 et
3501 3408 3602 3447 una
3638 3404 3740 3461 per-

2166 3499 2324 3539 $0118..

1234 3673 1524 3739 INCIPIT
1591 3674 2015 3740 CONCILIUM
2090 3672 2493 3739 SPALENSE
2566 3671 3008 3738 SECUNDUM.

1338 3801 1655 3865 Habitum
1681 3819 1820 3865 aera
1847 3820 2052 3876 ncux,
2089 3808 2372 3882 tempore
2399 3799 2690 3863 Sisebutz‘
2713 3799 2905 3879 regis.

512 3961 574 4013 ln
617 3958 852 4015 nomine
882 3959 1113 4014 Domini
1155 3960 1461 4016 Salvatoris
1488 3961 1667 4016 nostri
1699 3963 1832 4016 Jesu
1857 3960 2063 4016 Christi

437 4051 704 4122 Isidorus,
755 4051 1033 4120 Bisinnus,
1076 4054 1334 4122 Ruﬁnus,
1386 4054 1738 4126 Fulgentius,
1797 4054 2060 4123 Cambra,

439 4144 750 4210 Fidentius,
781 4145 1212 4216 Theodulphus,
1244 4151 1302 4201 et
1341 4148 1622 4201 Honorius
1662 4146 1933 4218 episcopi,
1966 4146 2064 4218 qui

438 4237 654 4308 pariter
678 4237 736 4290 in
764 4237 903 4292 urbe
935 4238 1190 4308 Spalensi
1218 4256 1322 4310 pro
1363 4239 1644 4311 aliquibus
1670 4238 2063 4295 ecclesiasticis

437 4328 681 4400 negotiis
707 4329 1003 4384 coadunati
1033 4346 1246 4387 sumus.
1267 4332 1717 4388 Consedentibus
1738 4349 1878 4404 ergo
1901 4333 2064 4387 nobis

2165 3958 2577 4015 revertentibus
2603 3957 2865 4013 redditur
2899 3957 3138 4030 antiqua
3162 3958 3463 4030 possessio,
3489 3971 3592 4012 non
3613 3951 3742 4008 aliter

2167 4058 2224 4108 et
2255 4053 2488 4109 ecclesia
2525 4053 2826 4122 receptura
2852 4050 3202 4124 parochiam,
3238 4068 3414 4124 quam
3442 4054 3564 4106 ante
3598 4042 3743 4100 tenuit

2167 4161 2297 4200 cum
2329 4144 2498 4200 rebus
2542 4144 2673 4212 suis,
2705 4144 2818 4199 sive
2860 4144 2931 4199 ab
2977 4144 3100 4199 aliis
3135 4143 3386 4202 ecclesiis
3415 4139 3737 4216 possideatur,

2166 4239 2280 4294 sive
2328 4239 2388 4293 in
2433 4238 2735 4311 cujuslibet
2776 4238 3194 4308 possessionem
3236 4237 3518 4294 transfusa
3544 4233 3623 4300 sit,
3650 4241 3741 4283 non

2165 4333 2319 4388 enim
2349 4332 2460 4388 erit
2496 4331 2816 4403 objicienda
2858 4331 3208 4404 praescriptio
3239 4330 3530 4403 temporis,
3556 4323 3640 4380 ubi
3659 4334 3737 4379 ne-

436 4423 495 4477 in
522 4422 824 4478 secretario
852 4427 1225 4479 sacrosanctae
1265 4425 1621 4481 Hierusalem
1662 4427 1942 4498 Spalensis
1973 4443 2064 4482 ec-
2085 4431 2144 4504 Ι)
2167 4425 2398 4482 cessitas
2423 4425 2660 4480 interest
2682 4424 3031 4479 hostilitatis.

437 4515 619 4571 clesiaa
645 4533 777 4572 cum
816 4516 1130 4573 illustribus
1165 4517 1316 4588 viris,
1345 4518 1591 4575 Sisibuto
1617 4522 1840 4575 rectore
1869 4535 2062 4575 rerum

437 4610 796 4681 publicarum
839 4615 1012 4684 atque
1055 4612 1293 4669 Sualane
1333 4617 1521 4669 actore
1559 4630 1752 4670 rerum
1780 4613 2063 4670 ﬁscalium

438 4707 620 4758 stante
650 4705 1076 4775 religiosissimo
1102 4707 1437 4763 clericorum
1464 4713 1634 4764 coetu.

505 4796 630 4852 CAP.
654 4799 696 4852 Ι.
717 4799 909 4854 Prima
927 4800 1148 4857 actione
1166 4801 1525 4874 Theodulphi
1551 4801 1898 4858 Malacitanae
1919 4801 2063 4856 anti-

437 4889 578 4944 stitis
595 4890 842 4945 ecclesiae
857 4892 930 4946 ad
947 4910 1052 4949 nos
1071 4894 1256 4949 oblata
1271 4895 1524 4966 precatio
1543 4899 1630 4950 est
1647 4895 1947 4950 asserentis
1967 4911 2064 4950 an-

433 4983 658 5053 tiquam
688 4984 946 5054 ejusdem
975 4987 1128 5041 urbis
1145 4989 1472 5058 parochiam
1493 4989 1758 5044 militaris
1779 4989 2065 5060 quondam

434 5076 757 5132 hostilitatis
800 5077 1124 5135 discrimine
1171 5081 1342 5136 fuisse
1394 5082 1668 5152 decisam,
1706 5086 1763 5138 et
1802 5100 1869 5138 ex
1898 5087 2061 5154 parte

432 5169 623 5242 aliqua
645 5170 715 5224 ab
754 5170 1001 5226 ecclesiis
1036 5173 1418 5244 Astrigitanae,
1457 5174 1859 5230 Celeberitanae
1889 5180 2062 5246 atque

433 5263 774 5334 Agabrensis
791 5264 1019 5320 urbium
1039 5281 1160 5321 esse
1175 5269 1478 5337 retentam,
1493 5285 1599 5340 pro
1622 5284 1734 5340 qua
1748 5285 1809 5324 re
1829 5268 2061 5340 placuit,

435 5362 500 5412 ut
525 5357 709 5414 omnis
733 5359 1005 5431 parochia
1034 5376 1164 5432 quae
1189 5361 1259 5416 ab
1283 5361 1516 5433 antiqua
1549 5361 1764 5418 ditione
1791 5365 1922 5416 ante
1952 5360 2062 5415 mi-

435 5451 660 5507 litarem
685 5453 1062 5510 hostilitatem
1085 5454 1385 5510 retinuisse
1412 5455 1713 5511 ecclesiam
1736 5471 1893 5510 suam
1919 5454 2067 5527 quis-

438 5543 564 5616 quis
589 5547 1009 5618 comprobaret,
1039 5548 1159 5620 ejus
1193 5548 1495 5622 privilegio
1525 5549 1942 5606 restitueretur.
1976 5548 2063 5605 Si-

437 5641 534 5692 cut
559 5640 714 5696 enim
737 5657 841 5712 per
867 5641 1057 5714 legem
1081 5643 1456 5711 mundialem,
1489 5643 1578 5699 his
1603 5661 1744 5715 quos
1770 5642 2065 5700 barbarica

437 5731 701 5787 severitas
729 5735 945 5805 captiva
989 5738 1324 5795 necessitate
1355 5737 1676 5807 transvexit,
1715 5737 2064 5810 postliminio

2235 4520 2298 4574 Il.
2330 4520 2479 4573 Inter
2513 4521 2864 4573 memoratos
2895 4517 3098 4573 fratres
3136 4520 3360 4573 nostros
3401 4511 3737 4585 Fulgentium,

2165 4610 2596 4682 Fastigitanum,
2629 4613 2686 4665 et
2705 4610 3021 4666 Honorium
3047 4610 3469 4668 Cordubensem
3491 4607 3737 4678 episcopos

2166 4704 2436 4759 discussio
2464 4703 2676 4775 agitata
2697 4708 2780 4758 est
2804 4708 3040 4775 propter
3068 4703 3401 4775 parochiam
3427 4698 3645 4756 basilice
3669 4707 3739 4746 ευ·

2157 4798 2407 4870 jusdam,
2435 4813 2610 4869 quam
2635 4797 2845 4852 horum
2870 4798 3014 4852 alter
3038 4797 3432 4862 Celticensem,
3460 4795 3591 4848 alter
3609 4781 3738 4855 Regi-

2165 4907 2402 4946 nensem
2460 4891 2733 4960 asseruit,
2787 4895 2845 4945 et
2897 4890 3031 4962 quia
3087 4890 3236 4944 inter
3284 4894 3541 4958 utrasque
3587 4882 3737 4953 parte!

2163 4986 2437 5041 hactenus
2484 4983 2681 5039 limitis
2730 4983 2877 5037 actio
2922 4982 3200 5038 vindicata
3251 4987 3353 5048 est,
3400 4980 3484 5035 cui
3524 4969 3739 5049 quamvis

2163 5082 2437 5134 vetustata
2463 5077 2782 5133 retentione
2811 5075 3035 5131 nullum
3050 5076 3199 5147 juris
3217 5075 3354 5147 praej
3363 5073 3595 5129 udicium
3608 5063 3738 5120 alier-

2165 5174 2269 5228 ret.
2309 5172 2551 5243 Ideoque
2586 5186 2661 5225 ne
2707 5171 2766 5224 in
2806 5170 3044 5225 dubium
3085 5169 3236 5225 ultra
3278 5169 3431 5223 inter
3456 5180 3546 5220 eos
3578 5160 3736 5216 nostra

2165 5267 2540 5321 devocaretur
2567 5263 2867 5331 sententia,
2893 5263 3128 5336 prolatis
3167 5262 3470 5318 canonibus
3496 5247 3737 5328 synodalia

2164 5361 2388 5416 decreta
2416 5358 2662 5430 perlecta
2689 5361 2839 5425 sunt,
2870 5373 3117 5428 quorum
3142 5356 3444 5412 auctoritas
3467 5342 3736 5424 praemonet

2163 5455 2243 5510 ita
2271 5456 2536 5525 oportere
2561 5451 2810 5506 inhiberi
2837 5450 3230 5522 cupiditatem,
3257 5453 3321 5505 ut
3349 5463 3420 5502 ne
3443 5443 3559 5517 quis
3579 5431 3736 5494 termi-

2163 5565 2270 5603 nos
2299 5547 2515 5602 alienos
2558 5549 2814 5617 usurpet.
2847 5544 2929 5600 Ob
2972 5543 3078 5600 hoc
3119 5542 3332 5614 placuit
3371 5541 3510 5596 inter
3528 5534 3732 5589 alternas

2163 5645 2358 5715 partes
2380 5638 2745 5712 inspectionis
2772 5637 2924 5693 viros
2949 5636 3277 5704 mittendos,
3299 5635 3377 5690 ita
3402 5635 3464 5688 ut
3488 5628 3529 5684 si
3554 5619 3732 5718 india?-

2165 5735 2305 5791 cesis
2345 5733 2685 5809 possidentis
2738 5731 2905 5788 sitam
2941 5730 3232 5788 basilicam
3280 5724 3542 5784 veteribus
3585 5716 3728 5785 signis
