3946 6180
135 288 212 339 597
1290 273 1759 329 DECRETALIUM
1798 270 2184 327 COLLECTIO.

3308 279 3410 333 598

130 393 262 445 limes
283 382 522 456 praevisus
560 380 980 450 monstraverit,
1009 381 1253 436 ecclesiae
1298 381 1456 451 cujus
1477 382 1574 451 jus
1603 384 1686 436 est
1707 391 1764 465 Α
1783 395 1939 435 verse
1967 379 2159 466 adepti
2179 384 2326 447 sunt,
2355 380 2616 452 depositi,
2636 396 2798 452 aequo
2809 380 3028 452 judicio
3048 381 3404 452 abjiciantur,

132 477 402 538 retentionis
420 474 484 529 sit
511 476 792 528 aeternum
821 473 1164 528 dominium.
1196 473 1358 538 Quod
1380 477 1436 530 et
1460 474 1503 528 si
1524 474 1686 528 limes

129 572 362 643 legitimus
387 567 640 622 eamdem
667 565 958 620 basilicam
987 582 1101 621 non
1127 566 1388 633 recludit,
1413 571 1467 621 et
1491 571 1683 621 tamen

128 665 247 734 longi
279 660 525 731 temporis
550 659 826 730 probatur
857 659 1078 729 objecta
1105 659 1475 730 praescriptio,
1498 659 1689 730 appel-

130 757 229 812 latio
255 752 532 826 repetentis
558 751 804 822 episcopi
844 768 963 806 non
991 751 1211 818 valebit,
1240 752 1375 823 quia
1400 752 1482 805 illi
1506 751 1683 821 trige-

129 850 240 905 nalis
255 847 466 917 objectio
486 845 778 899 silentium
805 844 1065 914 imponit,
1082 845 1188 899 hoc
1209 845 1363 900 enim
1386 848 1444 899 et
1463 845 1686 898 saecula-

128 944 242 997 rium
277 939 575 1011 principum
627 938 810 993 edicta
871 938 1226 1009 praecipiunt,
1273 943 1330 992 et
1376 937 1684 1008 praesulum

128 1037 454 1091 Romanorum
512 1030 759 1086 decrevit
826 1031 1159 1098 auctoritas;
1209 1031 1298 1085 sin
1349 1047 1483 1085 vero
1537 1030 1686 1084 infra

125 1129 263 1181 metas
313 1124 549 1194 trigenas
603 1123 872 1194 temporis
926 1128 1088 1178 extra
1143 1123 1354 1178 alienos
1409 1123 1686 1178 terminos

127 1219 312 1273 basilicae
350 1217 552 1286 injusta
593 1216 832 1271 retentio
877 1216 1179 1286 reperitur,
1211 1215 1522 1288 repetentis
1567 1216 1682 1288 epi-

125 1311 241 1381 scopi
256 1311 358 1381 juri
385 1309 502 1364 sine
532 1325 690 1364 mora
729 1310 1080 1365 restituetur.

175 1405 242 1459 Ill.
268 1403 432 1458 Tertia
455 1402 790 1477 deﬁnitione
816 1403 887 1458 ad
914 1420 1019 1458 nos
1044 1402 1230 1458 oblata
1267 1403 1514 1473 precatio
1541 1406 1626 1458 est
1652 1418 1686 1456 a

123 1496 528 1552 reverendissimo
591 1496 764 1550 fratre
827 1499 1021 1551 nostro
1085 1496 1332 1552 Cambra
1403 1496 1683 1552 ltalicensi

126 1591 330 1661 episcopo
380 1605 481 1660 pro
539 1589 786 1659 quodam
835 1589 1040 1643 clerico
1097 1588 1404 1656 Passando,
1462 1589 1560 1660 qui
1613 1589 1683 1642 de

121 1682 312 1736 ecclesia
323 1697 428 1736 suae
447 1680 604 1736 cultu
623 1681 684 1736 in
705 1698 817 1752 qua
835 1681 1054 1736 dicatus
1075 1681 1145 1736 ab
1168 1681 1410 1736 exordiis
1427 1681 1683 1735 infantiae

1784 473 1922 529 tales
1941 472 2094 528 enim
2106 471 2312 528 merito
2327 473 2568 542 judicati
2580 477 2715 528 sunt
2725 474 3075 544 removendi,
3090 474 3225 547 quia
3237 492 3408 547 prave

1786 565 1998 621 inventi
2029 569 2161 620 sunt
2186 566 2501 620 constituti.

1854 661 1940 714 Vl.
1964 659 2131 715 Sexta
2159 658 2378 713 actione
2405 659 2786 729 comperimus
2811 661 3180 732 Fragitanum
3205 661 3414 718 Cordu-

1784 752 1968 808 bensis
1994 751 2245 807 ecclesiae
2287 751 2685 823 presbyterum
2714 769 2748 806 a
2774 753 3041 823 pontiﬁce
3067 771 3166 808 suo
3196 754 3408 826 injuste

1787 845 1922 899 olim
1942 845 2244 915 dejectum,
2260 849 2316 900 et
2340 845 2704 900 innocentem
2721 845 2918 901 exsilio
2945 847 3406 917 condemnatum,

1785 954 1955 1009 quem
1985 954 2177 992 rursus
2209 936 2394 992 ordini
2438 953 2540 991 suo
2585 937 2967 1006 restituentes,
2997 939 3054 993 id
3081 939 3268 995 denuo
3307 941 3407 995 ad-

1784 1047 1977 1085 versus
2029 1030 2544 1102 praesumptionem
2609 1035 2865 1086 nostram
2918 1032 3287 1099 decrevimus,
3347 1040 3410 1088 ut

1779 1124 1939 1194 juxta
1959 1124 2274 1194 priscorum
2301 1128 2527 1194 patrum
2549 1123 2838 1178 decretum
2857 1125 3115 1194 synodali
3133 1127 3413 1180 sententia

1787 1216 1977 1270 nullus
2018 1221 2278 1272 nostrum
2307 1216 2428 1271 sine
2454 1216 2678 1270 concilii
2724 1217 2986 1272 examine
3034 1217 3412 1287 dejiciendum

1785 1308 2099 1380 quemlibet
2121 1309 2513 1380 presbyterum
2544 1309 2630 1363 vel
2671 1309 2975 1365 diaconum
3016 1310 3243 1364 audeat.
3269 1312 3413 1367 Nam

1784 1402 1950 1456 multi
1979 1404 2112 1456 sunt
2138 1402 2237 1473 qui
2262 1401 2604 1456 indiscussos
2632 1405 2909 1473 potestate
2953 1401 3265 1474 tyrannica,
3296 1419 3411 1458 non

1785 1495 2116 1549 auctoritate
2159 1494 2430 1549 canonica
2475 1495 2777 1566 damnant,
2817 1500 2875 1550 et
2920 1495 3064 1550 sicut
3108 1495 3414 1551 nonnullos

1785 1587 1967 1658 gratia
1993 1587 2198 1642 favoris
2224 1587 2549 1654 sublimant,
2577 1587 2657 1642 ita
2685 1587 2961 1659 quosdam
2991 1587 3142 1655 odio,
3171 1588 3408 1643 invidia-

1785 1695 1894 1750 que
1917 1679 2161 1750 permoti
2191 1679 2517 1746 humiliant,
2545 1685 2604 1734 et
2632 1680 2738 1734 levi
2775 1680 3057 1752 opinionis
3097 1697 3236 1737 aura
3271 1697 3410 1736 con—

118 1774 276 1840 fuerat,
295 1774 355 1828 ad
378 1774 667 1828 ecclesiam
691 1773 1115 1828 Cordubensem
1143 1790 1202 1828 se
1230 1773 1486 1839 contulit,
1510 1789 1681 1845 quem
1703 1765 1759 1839 B
1783 1772 2077 1841 demnant,
2095 1788 2346 1844 quorum
2371 1772 2591 1826 crimen
2611 1789 2730 1828 non
2747 1773 3086 1844 approbant.
3105 1775 3412 1846 Episcopus

119 1867 336 1937 elegimus
361 1872 417 1921 ut
442 1865 490 1920 si
518 1866 660 1921 nihil
699 1871 1112 1937 proponeretur
1141 1866 1209 1920 de
1254 1882 1341 1933 eo,
1372 1865 1493 1920 sine
1536 1865 1678 1920 dila-

116 1958 248 2012 tionis
260 1961 451 2030 objectu
483 1959 718 2030 proprio
747 1959 1151 2014 reformaretur
1170 1959 1457 2030 episcopo.
1480 1958 1674 2014 Scribi-

115 2056 190 2106 tur
210 2053 333 2108 enim
359 2053 412 2108 in
439 2053 572 2123 lege
618 2051 901 2106 mundiali
932 2052 1001 2106 de
1032 2052 1249 2106 colonis
1293 2067 1585 2125 agrorum,
1616 2056 1681 2106 ut

113 2144 187 2198 ubi
208 2161 308 2198 esse
330 2147 565 2216 quisque
588 2145 710 2215 jam
737 2144 906 2214 coepit
932 2143 1012 2198 ibi
1052 2145 1339 2215 perduret.
1372 2146 1492 2198 Non
1518 2144 1680 2198 aliter

115 2237 220 2291 etde
237 2237 426 2292 clericis
437 2237 543 2310 qui
558 2237 620 2292 in
635 2252 773 2308 agro
799 2236 1045 2292 ecclesiae
1059 2241 1382 2308 operantur,
1397 2252 1680 2292 canonum

112 2329 285 2384 decreto
313 2330 656 2402 praecipitur,
687 2330 798 2384 nisi
823 2333 884 2384 ut
911 2329 990 2384 ibi
1033 2333 1408 2401 permaneant
1433 2329 1532 2383 ubi
1560 2345 1680 2385 esse

45 2438 51 2454 θ
111 2427 357 2493 ceperunt.
401 2424 647 2494 Ideoque
686 2423 920 2494 placuit,
947 2428 1013 2478 ut
1049 2423 1093 2476 si
1121 2422 1247 2493 quis
1287 2422 1523 2477 clericus
1565 2421 1676 2476 mi-

107 2516 299 2570 nisteriis
323 2516 366 2588 1
381 2515 510 2588 47
540 2516 787 2572 ecclesiae
804 2515 1047 2586 propriae
1069 2515 1390 2585 destitutus,
1410 2515 1485 2571 ad
1507 2515 1678 2569 aliam

107 2608 350 2665 transitum
376 2609 597 2678 fecerit,
629 2609 1003 2680 compellente
1033 2607 1108 2662 ad
1137 2624 1312 2679 quem
1341 2608 1554 2678 fugerit
1590 2624 1676 2662 sa-

108 2701 377 2768 cerdote,ad
398 2701 700 2757 ecclesiam
722 2717 894 2772 quam
918 2701 1076 2771 prius
1095 2701 1412 2756 incoluerat
1429 2701 1681 2756 remitta-

110 2795 198 2860 tur;
225 2794 307 2865 qui
331 2811 452 2850 vero
481 2811 618 2850 eum
659 2793 986 2865 susceperit,
1017 2808 1122 2849 nec
1166 2794 1358 2848 statim
1398 2793 1519 2848 sine
1564 2794 1678 2848 ullo

107 2885 200 2938 nisu
217 2889 538 2959 exceptionis
558 2888 633 2942 ad
649 2887 937 2959 propriam
961 2886 1256 2942 ecclesiam
1269 2887 1678 2942 remittendum

108 2977 310 3048 elegerit,
353 2980 605 3052 quandiu
662 2996 792 3035 eum
847 2979 1114 3034 restituat
1161 2978 1569 3033 communione
1620 2995 1679 3034 se

106 3071 331 3138 privatum
359 3077 649 3144 agnoscat,
678 3073 1029 3127 desertorem
1059 3075 1251 3126 autem
1278 3071 1545 3126 clericum
1565 3071 1679 3126 cin-

1781 1865 1937 1919 enim
1964 1865 2358 1920 sacerdotibus
2384 1881 2450 1920 ac
2477 1865 2752 1919 ministris
2775 1866 2926 1920 solus
2956 1866 3236 1922 honorem
3273 1867 3411 1922 dare

1780 1963 1980 2028 potest,
2010 1958 2232 2013 auferre
2260 1959 2412 2012 solus
2441 1975 2559 2014 non
2602 1962 2806 2029 potest.
2841 1958 2897 2013 Si
2942 1959 3096 2014 enim
3140 1959 3199 2013 hi
3225 1960 3408 2031 quiin

1780 2051 1980 2105 saeculo
2002 2066 2036 2103 a
2051 2050 2295 2105 dominis
2316 2051 2430 2106 suis
2451 2052 2731 2106 honorem
2755 2051 3035 2106 libertatis
3058 2052 3250 2123 adepti
3277 2055 3410 2107 sunt

1778 2143 1838 2198 in
1849 2143 2129 2198 servitutis
2143 2160 2356 2198 nexum
2368 2161 2482 2199 non
2501 2144 2886 2211 revolvuntur,
2900 2144 3009 2199 nisi
3025 2144 3246 2216 publice
3256 2145 3411 2216 apud

1778 2241 2053 2308 praetores
2077 2237 2348 2292 tribunali
2379 2237 2504 2292 foro
2529 2237 2745 2293 fuerint
2767 2237 3029 2307 accusati,
3048 2242 3262 2309 quanto
3287 2255 3410 2293 ma-

1778 2329 1865 2399 gis
1888 2329 1950 2383 hi
1979 2329 2075 2400 qui
2105 2327 2313 2384 divinis
2342 2329 2613 2384 altaribus
2640 2328 2949 2384 consecrati
2977 2330 3197 2386 honore
3226 2331 3408 2386 eccle-

1778 2420 1995 2476 siastico
2048 2422 2404 2490 decorantur,
2446 2423 2544 2494 qui
2595 2438 2700 2494 pro
2751 2427 2982 2493 peccato
3032 2437 3136 2478 nec
3181 2422 3254 2478 ab
3291 2439 3409 2480 uno

1778 2514 2062 2580 damnari,
2083 2531 2187 2569 nec
2207 2531 2322 2569 uno
2341 2515 2632 2586 judicante
2653 2517 2926 2586 poterunt
2944 2515 3173 2570 honoris
3193 2516 3279 2570 sui
3297 2516 3411 2587 pri-

1775 2607 1995 2679 vilegiis
2026 2607 2179 2673 exui,
2207 2607 2306 2662 sed
2336 2608 2661 2678 praesentati
2707 2607 2962 2679 synodali
3005 2607 3223 2679 judicio
3252 2607 3410 2680 quod

1777 2717 1962 2755 canon
1989 2701 2059 2755 de
2086 2700 2195 2754 illis
2241 2701 2579 2771 praeceperit
2616 2701 2861 2756 definiri.

1849 2794 1954 2848 VII.
1983 2793 2235 2865 Septimo
2261 2793 2520 2848 examine
2547 2795 2795 2848 relatum
2824 2799 2909 2848 est
2935 2793 3102 2850 nobis
3129 2810 3406 2850 veneran-

1781 2886 2080 2941 dissimum
2142 2885 2430 2958 quondam
2485 2887 2765 2958 Agapium
2826 2887 3202 2943 Cordubensis
3253 2887 3409 2942 urbis

1777 2979 2109 3050 episcopum
2136 2979 2468 3051 frequenter
2494 2980 2902 3052 corepiscopos,
2928 2981 3017 3034 vel
3053 2979 3410 3052 presbyteros

1779 3072 2102 3139 destinasse,
2127 3072 2226 3144 qui
2251 3076 2448 3127 tamen
2469 3073 2634 3143 juxta
2663 3089 2904 3128 canones
2927 3089 3110 3127 unum
3136 3078 3288 3139 sunt,
3312 3072 3410 3144 qui

106 3119 331 3138 ῑ”“““⁷““”’
359 3119 649 3144 “Ο⁵”⁷”“’“⁷1
681 3119 832 3127 ““”’“’
849 3119 1029 3127 "'""'
1060 3119 1251 3126 ’”“”“’“⁴““
1283 3119 1545 3126 ⁷’““’⁷““”“
1569 3119 1657 3126 ⁷⁵-
1782 3119 2102 3139 “"""""'"
2131 3119 2226 3144 1"
2259 3119 2448 3127 “”“⁶’“““
2469 3119 2633 3143 δ”-⁷*
2665 3119 2903 3128 ""_"'"'
2932 3119 3110 3127 ”“⁴“’“””“
3136 3119 3288 3139 ““’”’“)
3314 3119 3405 3144 ‘1'"

105 3163 205 3231 gulo
224 3163 433 3220 honoris
458 3170 637 3237 atque
668 3163 1042 3219 ordinationis
1069 3180 1184 3219 sua:
1211 3164 1675 3235 exutum,aliquo
1697 3119 1752 3195 Ο
1781 3165 2016 3220 absente
2046 3164 2315 3236 pontiﬁce
2348 3166 2550 3220 altaria
2581 3166 2888 3236 erigerent,
2918 3165 3178 3220 basilicas
3207 3182 3405 3221 conse-

104 3257 306 3325 tempore
330 3258 676 3313 monasterio
705 3257 936 3328 religari
963 3256 1242 3325 convenit,
1263 3257 1456 3328 sicque
1482 3259 1679 3327 postea

103 3345 144 3399 in
167 3349 444 3406 ministerio
477 3350 842 3406 ecclesiastici
868 3350 1082 3405 ordinis
1103 3351 1377 3417 revocari,
1403 3366 1537 3404 nam
1558 3367 1675 3404 non

101 3443 266 3507 poterit
286 3443 337 3497 in
375 3444 581 3499 talibus
628 3442 1125 3514 pervagationibus
1169 3443 1383 3497 aboleri
1425 3443 1674 3509 licentia,

102 3531 180 3585 nisi
190 3533 405 3591 fueritin
421 3537 502 3591 eis
519 3541 757 3608 propter
783 3536 1202 3607 correptionem
1223 3534 1531 3606 disciplinae
1552 3535 1677 3590 sub-

99 3629 244 3680 secuta
268 3644 513 3684 censura.

151 3719 216 3772 IV.
240 3721 428 3785 Quarta
452 3721 682 3777 actione
706 3719 1032 3776 nuntiatum
1054 3723 1140 3776 est
1164 3719 1329 3775 nobis
1357 3718 1512 3791 apud
1532 3719 1674 3773 Asti-

100 3809 300 3876 gitanam
322 3815 614 3870 ecclesiam
644 3814 923 3886 quasdam
951 3829 1132 3885 nuper
1159 3812 1542 3868 ordinationes
1561 3812 1671 3866 illi-

99 3902 198 3957 citas
218 3908 500 3975 exstitisse,
531 3909 616 3963 ita
641 3911 706 3962 ut
737 3905 967 3978 quidam
995 3906 1293 3961 viduarum
1321 3906 1511 3960 mariti
1533 3906 1671 3960 levi-

98 3998 238 4053 tarum
255 4002 565 4057 ministerio
594 4007 983 4068 sacrarentur;
1006 4016 1148 4072 quos
1166 3999 1396 4070 quidem
1415 3999 1676 4054 convenit

99 4091 289 4159 agradu
335 4097 598 4166 suscepto
653 4094 712 4146 in
767 4093 994 4147 irritum
1047 4092 1326 4160 devocari,
1369 4108 1472 4146 nec
1525 4092 1676 4146 ultra

99 4185 282 4246 provehi
303 4187 367 4240 ad
392 4185 641 4241 diaconii
685 4184 1066 4239 ministerium
1111 4184 1208 4256 qui
1251 4188 1447 4238 contra
1486 4183 1676 4238 divina

97 4275 223 4342 atque
247 4279 616 4334 ecclesiastica
639 4277 773 4348 jura
800 4277 1042 4332 instituti
1069 4276 1456 4348 reperiuntur.

148 4367 195 4420 ν.
217 4370 403 4432 Quinto
428 4369 652 4442 judicio
676 4371 748 4425 ad
773 4369 1133 4442 agnitionem
1173 4369 1350 4424 nostri
1391 4369 1674 4424 examinis

1776 3262 2020 3324 orarent,
2046 3258 2200 3328 quod
2236 3258 2470 3329 quidem
2498 3274 2613 3313 non
2640 3261 2724 3312 est
2748 3257 2960 3312 mirum
2988 3258 3046 3313 id
3071 3258 3408 3330 prazcepisse

1775 3350 1960 3404 virum
1990 3350 2384 3405 ecclesiasticae
2424 3349 2736 3420 disciplinae
2766 3351 3031 3420 ignarum
3063 3354 3120 3404 et
3159 3351 3348 3404 statim
3377 3367 3411 3404 a

1775 3442 2030 3496 saeculari
2057 3442 2264 3497 militia
2289 3443 2349 3496 in
2377 3442 2725 3498 sacerdotale
2764 3442 3146 3496 ministerium
3176 3442 3408 3512 delega-

1776 3539 1926 3600 tum;
1955 3551 2091 3606 ergo
2119 3551 2190 3590 ne
2227 3535 2372 3589 ultra
2399 3535 2526 3589 talis
2568 3553 2602 3588 a
2631 3535 2796 3590 nobis
2822 3533 3049 3590 licentia
3084 3537 3406 3604 usurpetur,

1775 3626 2065 3682 communi
2111 3628 2390 3682 sententia
2443 3627 2809 3682 statuendum
2866 3626 3134 3699 oportuit,
3171 3627 3410 3682 scientes

1773 3721 1906 3791 quia
1934 3719 2076 3775 sicut
2118 3721 2452 3791 presbytero
2477 3722 2565 3774 vel
2597 3720 2960 3792 corepiscopo
2989 3720 3181 3776 illicita
3205 3736 3405 3776 conse-

1775 3813 1949 3867 cratio
1977 3816 2062 3867 est
2081 3813 2293 3879 altaris,
2324 3813 2406 3868 ita
2457 3817 2544 3869 est
2601 3813 2950 3869 constitutio.
2996 3812 3191 3868 Erexit
3231 3813 3410 3869 altare

1775 3906 1928 3982 solus
1953 3907 2162 3973 Aaron,
2192 3906 2312 3976 ipse
2337 3905 2524 3975 unxit,
2551 3905 2686 3978 quia
2711 3921 2970 3960 summus
3001 3905 3196 3977 utique
3226 3921 3411 3960 sacer-

1773 3998 1875 4053 dos
1901 3997 2004 4052 Dei
2033 4002 2171 4065 erat,
2203 3997 2345 4052 sicut
2373 3998 2649 4070 scriptum
2678 4003 2764 4053 est
2809 3998 2878 4052 de
2910 4014 2976 4053 eo
3005 4015 3020 4072 _:
3055 4018 3082 4046 ‹‹
3109 3999 3320 4069 Moyses
3350 4002 3407 4052 et

1772 4094 1955 4145 Aaron
1985 4090 2044 4145 in
2088 4090 2475 4145 sacerdotibus
2516 4091 2637 4160 ejus
2663 4090 2828 4160 (Psal.
2862 4105 3045 4156 xcvlu,
3079 4089 3154 4159 6).
3187 4109 3216 4142 ν
3248 4089 3404 4145 Ideo-

1775 4199 1885 4254 que
1911 4183 1969 4237 id
2000 4185 2149 4254 quod
2185 4185 2410 4238 tantum
2447 4183 2636 4238 facere
2667 4182 3019 4254 principibus
3045 4182 3406 4237 sacerdotum

1765 4277 1990 4347 jussum
2041 4281 2143 4343 est,
2183 4293 2426 4348 quorum
2472 4282 2673 4347 typum
2717 4276 2931 4346 Moyses
2980 4279 3038 4329 et
3081 4278 3270 4330 Aaron
3317 4278 3404 4328 te-

1774 4373 2042 4436 nuerunt,
2062 4369 2376 4440 presbyteri
2406 4369 2505 4440 qui
2530 4368 2777 4424 ﬁliorum
2805 4373 2990 4424 Aaron
3019 4373 3242 4439 gestant
3260 4369 3405 4438 figit-

99 4459 378 4527 Agahrensis
408 4463 640 4519 diaconi
683 4464 863 4518 relatu
894 4463 1204 4517 deductum
1233 4467 1316 4516 est
1343 4462 1412 4516 de
1439 4461 1670 4532 quibus-
1692 4483 1752 4556 D
1775 4477 1916 4528 ram,
1947 4462 2228 4533 corripere
2253 4479 2367 4517 non
2396 4465 2765 4533 praesumant.
2794 4462 2938 4516 Nam
2975 4461 3233 4532 quamvis
3278 4477 3407 4515 cum

99 4549 195 4605 dam
216 4554 374 4625 ipsius
402 4555 663 4612 ecclesia:
692 4555 923 4623 clericis,
957 4571 1201 4627 quorum
1232 4555 1368 4610 dum
1408 4571 1558 4609 unus
1605 4557 1675 4610 ad

98 4645 376 4717 presbyteri,
391 4650 505 4705 duo
526 4649 602 4704 ad
621 4649 925 4703 levitarum
943 4649 1277 4720 mysterium
1296 4652 1672 4714 sacrarentur,

97 4736 337 4809 cpiscopus
363 4759 570 4796 eorum
609 4742 905 4796 oculorum
951 4741 1142 4796 dolore
1183 4740 1447 4796 detentus
1497 4741 1676 4796 fertur

97 4839 282 4886 manum
320 4851 480 4888 suam
523 4851 696 4904 super
722 4834 830 4888 hoc
874 4837 1096 4888 tantum
1141 4833 1419 4904 posuisse,
1448 4839 1505 4888 et
1544 4849 1671 4904 pre-

95 4917 243 4987 sbyter
255 4927 477 4995 quidam
494 4927 608 4982 illis
629 4931 830 4982 contra
846 4925 1282 4981 ecclesiasticum
1303 4925 1565 4980 ordinem
1583 4926 1675 4981 be-

93 5012 418 5074 nedictionem
447 5019 694 5086 dedisse,
725 5019 823 5090 qui
846 5019 980 5073 licet
1019 5025 1249 5091 propter
1275 5022 1496 5073 tantam
1522 5035 1668 5090 prae-

93 5110 379 5177 sumptionis
405 5112 710 5168 audaciam
736 5116 957 5183 poterat
983 5115 1277 5166 accusatus
1299 5111 1514 5182 judicio
1532 5128 1672 5183 prae-

93 5199 200 5252 senti
228 5201 500 5275 damnari,
531 5205 579 5258 si
607 5205 790 5259 adhuc
815 5206 874 5258 in
905 5221 1137 5274 corpore
1162 5205 1376 5276 positus
1399 5222 1516 5259 non
1540 5205 1672 5259 fuis.

91 5295 152 5341 set
178 5298 358 5351 mortis
387 5298 686 5352 vocatione
731 5302 1071 5369 praeventus,
1102 5298 1202 5351 sed
1243 5298 1374 5368 quia
1409 5299 1532 5368 jam
1577 5298 1671 5353 ille

90 5385 287 5442 examini
327 5390 522 5446 divino
571 5390 816 5456 relictus,
864 5391 1117 5445 humano
1156 5390 1375 5461 judicio
1423 5392 1672 5446 accusari

88 5486 172 5528 non
193 5487 383 5549 potest,
412 5484 473 5537 hi
503 5483 603 5554 qui
630 5487 935 5556 supersunt
963 5488 1020 5538 et
1047 5483 1116 5538 ab
1139 5500 1205 5539 eo
1234 5499 1351 5538 non
1380 5499 1666 5538 consecra-

88 5564 221 5624 tionis
248 5574 492 5646 titulam,
515 5576 616 5631 sed
636 5577 968 5649 ignominiae
995 5577 1243 5648 elogium
1267 5583 1664 5648 perceperunt,

87 5673 139 5712 ne
153 5664 240 5719 sibi
259 5667 542 5724 licentiam
570 5669 691 5724 talis
719 5671 1006 5743 usurpatio
1021 5671 1210 5737 faciat,
1234 5669 1586 5725 decrevimus
1604 5673 1670 5726 ut

91 5764 114 5802 δ
136 5757 290 5825 gradu
316 5762 673 5820 sacerdotalis
701 5764 786 5820 vel
830 5763 1035 5822 levitici
1081 5762 1296 5819 ordinis
1337 5777 1510 5836 quem
1535 5778 1662 5835 per-

1775 4555 2052 4625 episcopis
2085 4555 2338 4625 plurima
2385 4555 2494 4609 illis
2549 4554 2999 4609 ministeriorum
3040 4553 3406 4609 communio-

1774 4647 1859 4702 nis
1884 4647 1955 4702 sit
1979 4648 2342 4718 dispensatio,
2373 4647 2638 4719 quaedam
2668 4653 2862 4702 tamen
2884 4646 3218 4702 auctoritate
3244 4651 3402 4702 vete-

1773 4740 1849 4795 ris
1873 4741 2058 4812 Legis,
2086 4741 2348 4812 quaedam
2398 4739 2634 4795 novellis
2674 4745 2730 4794 et
2761 4739 3149 4794 ecclesiasticis
3192 4738 3405 4811 regulis

1773 4833 1877 4888 sibi
1903 4833 2190 4905 prohibita
2218 4833 2503 4898 noverint,
2531 4832 2674 4887 sicut
2699 4832 3166 4903 presbyterorum
3194 4837 3251 4888 et
3276 4833 3400 4888 dia-

1773 4943 2066 4993 conorum,
2097 4943 2160 4980 ac
2187 4926 2472 4998 virginum
2502 4925 2868 4993 consecratio,
2903 4925 3048 4980 sicut
3075 4926 3403 4982 constitutio

1774 5019 1982 5086 altaris,
2007 5019 2330 5074 benedictio
2348 5019 2438 5073 vel
2468 5019 2677 5089 unctio,
2699 5018 2979 5090 siquidem
3001 5035 3106 5074 nec
3130 5018 3296 5074 licere
3311 5019 3404 5074 be-

1770 5112 2035 5168 nedicere
2060 5113 2139 5167 eis
2155 5112 2465 5180 ecclesiam,
2480 5111 2568 5167 vel
2586 5113 2783 5166 altaria
2801 5128 3155 5179 consecrare,
3178 5128 3283 5168 nec
3301 5127 3402 5184 per

1771 5204 2162 5276 impositiones
2179 5221 2385 5260 manus
2401 5204 2664 5260 ﬁdelibus
2680 5203 3002 5276 baptizatis,
3015 5206 3099 5259 vel
3121 5204 3402 5258 conversis

1771 5313 1840 5352 ex
1864 5297 2073 5352 haeresi
2099 5297 2376 5369 Spiritum
2407 5299 2653 5365 tradere,
2683 5314 2785 5352 nec
2815 5297 3062 5352 chrisma
3102 5295 3396 5361 conﬁcere,

1768 5407 1876 5446 nec
1921 5392 2225 5446 chrismate
2269 5391 2686 5462 baptizatorum
2737 5391 2987 5447 frontem
3030 5389 3272 5460 signare,
3299 5386 3400 5442 sed

1767 5500 1874 5539 nec
1885 5485 2110 5555 publice
2123 5484 2357 5556 quidem
2374 5485 2431 5539 in
2449 5485 2641 5554 missa,
2660 5499 2988 5556 quanquam
3000 5482 3374 5553 poenitentem
3385 5522 3400 5547 ,

1766 5577 2151 5645 reconciliare,
2168 5593 2274 5632 nec
2301 5578 2570 5633 formatas
2594 5577 2823 5632 cuilibet
2851 5575 3115 5646 epistolas
3145 5571 3395 5628 mittere.

1767 5671 1893 5725 Hac
1923 5669 2114 5726 omnia
2140 5670 2336 5726 illicita
2361 5686 2481 5726 esse
2508 5667 2847 5743 presbyteris
2875 5667 2960 5721 vel
2997 5663 3392 5736 corepiscopis,

1766 5762 1899 5836 quia
1923 5763 2284 5837 pontiﬁcatus
2310 5764 2534 5838 apicem
2562 5779 2676 5818 non
2704 5760 2938 5828 habent,
2958 5773 3128 5832 quem
3147 5757 3282 5815 solis
3302 5757 3398 5815 de.
