3946 6180
550 287 651 341 599

1429 282 1711 339 APPEND.
1750 284 1837 339 AD
1874 285 2033 341 SAEC.
2077 285 2162 338 IX.
2195 311 2264 325 --
2303 283 2554 339 lSlDORI
2591 234 3016 339 MERCATOIilS
3714 295 3791 348 600

549 391 674 445 beri
690 384 965 461 episcopis
982 390 1317 444 auctoritate
1332 407 1613 445 canonum
1634 391 1982 463 praecipitur,
1997 374 2061 445 ut
2075 409 2179 462 per
2197 407 2255 480 Α
2277 397 2596 459 extraneus,
2627 408 2731 446 nec
2774 390 3033 461 proﬁciat
3062 388 3143 444 illi
3173 383 3379 444 bonum
3407 390 3525 446 ﬁdei
3551 394 3623 450 vel
3656 400 3795 467 operis

545 484 655 539 hoc
700 487 758 536 et
798 482 1063 537 discretio
1115 483 1395 554 graduum
1443 489 1501 537 et
1549 482 1840 556 dignitatis
1884 484 2175 556 fastigium

544 575 754 629 summi
784 575 1065 646 pontiﬁcis
1091 576 1598 643 demonstraretur,
1628 577 1731 630 sed
1759 593 1943 648 neque
1983 594 2175 631 coram

547 670 811 741 episcopo
833 668 999 723 licere
1028 669 1107 723 eis
1134 669 1193 722 in
1219 668 1617 741 baptisterium
1635 669 1888 736 introire,
1911 687 2015 724 nec
2034 687 2177 742 prae-

545 768 701 816 sente
753 762 1004 815 antistite
1051 762 1328 817 infantem
1368 762 1608 833 tingere,
1658 766 1756 816 aut
1800 762 2044 834 signare,
2071 779 2176 818 nec

544 855 913 927 pmnitcntem
940 856 1059 908 sine
1088 858 1372 925 praecepto
1401 854 1648 925 episcopi
1673 856 1758 910 sui
1784 856 2173 923 reconciliare,

541 964 646 1002 nec
672 965 738 1002 eo
767 954 1042 1019 praisente
1073 952 1495 1002 sacramentum
1526 948 1779 1019 corporis
1804 955 1859 1004 et
1887 934 2176 1019 sanguinis

545 1040 749 1095 Christi
776 1041 1072 1107 conficere,
1100 1056 1206 1095 nec
1233 1056 1299 1095 eo
1346 1057 1533 1094 coram
1560 1042 1739 1111 posito
1774 1042 2047 1112 populum
2076 1042 2174 1096 do-

545 1149 689 1201 cere,
718 1134 806 1187 vel
837 1133 1193 1199 benedicere,
1223 1140 1320 1187 aut
1352 1134 1613 1203 salutare,
1646 1151 1753 1188 nec
1796 1134 2022 1204 plebem
2062 1135 2174 1188 uti-

543 1242 653 1297 que
706 1225 1009 1294 exhortari,
1060 1242 1187 1296 quae
1238 1226 1430 1280 omnia
1478 1227 1557 1282 eis
1602 1244 1635 1281 a
1688 1227 1820 1281 sede
1869 1228 2176 1298 apostolica

543 1317 832 1389 prohibita
862 1335 979 1373 esse
1005 1322 1340 1373 noscuntur.

616 1412 748 1465 Vlll.
777 1412 984 1466 Octava
1017 1411 1285 1466 discussio
1315 1412 1525 1482 agitata
1565 1418 1650 1466 est
1675 1413 1745 1467 de
1790 1412 2043 1483 quodam
2070 1415 2176 1468 He-

543 1504 700 1557 ΙῙδιρο
725 1521 787 1558 ex
806 1504 1019 1558 familia
1046 1505 1389 1576 Agabrensis
1416 1505 1798 1575 ecclesiae,qui
1820 1506 1889 1559 ab
1912 1506 2176 1577 episcopo

545 1613 646 1650 suo
675 1597 914 1651 traditus
942 1598 1189 1652 libertati
1216 1597 1286 1652 de
1321 1598 1579 1652 libertate
1610 1598 1911 1651 confestim
1939 1599 2013 1652 ad
2040 1614 2174 1652 con-

544 1690 807 1743 tumaciae
834 1691 1100 1743 morbum
1132 1690 1456 1756 transilivit,
1484 1690 1677 1760 sicque
1723 1706 1824 1761 per
1851 1691 2175 1760 superbiam

2275 486 2345 540 ad
2372 486 2632 552 salutem,
2659 484 2758 556 qui
2783 490 2960 539 tanta:
3001 487 3057 538 et
3101 482 3349 538 salutaris
3384 484 3498 539 vita:
3531 486 3796 545 destruxerit

2273 578 2579 633 tramitem.
2615 578 2796 648 Super
2824 578 2933 631 hoc
2958 576 3129 631 etiam
3161 575 3396 630 universi
3425 576 3615 633 Baeticae
3635 582 3800 650 provin-

2275 673 2374 726 ciae
2400 671 2643 742 episcopi
2669 669 2997 741 congregati
3049 668 3313 723 eumdem
3340 669 3641 740 sacrilegum
3669 679 3799 728 coetus

2275 764 2360 818 sui
2382 779 2697 819 eversorem
2721 782 2754 817 a
2777 762 3180 817 communione
3206 761 3548 832 suspendant,
3567 766 3615 817 et
3634 768 3801 820 convul-

2274 874 2401 911 sum
2452 856 2863 911 monasterium
2912 872 3044 910 cum
3090 855 3254 909 rebus
3297 854 3403 909 suis
3447 858 3727 926 restaurent,
3757 864 3802 913 ut

2276 950 2429 1021 quod
2452 950 2625 1021 impie
2658 966 2802 1003 unus
2832 948 3188 1017 subverterit,
3219 963 3408 1002 omnes
3435 948 3716 1003 reforment.

2345 1045 2429 1098 XI.
2463 1042 2770 1098 Undecima
2805 1042 3028 1097 actione
3075 1041 3363 1096 communi
3387 1057 3635 1095 consensu
3657 1042 3800 1097 decre-

2274 1138 2478 1205 vimus,
2510 1139 2573 1189 ut
2601 1134 2943 1190 monasteria
2965 1134 3254 1205 virginum
3284 1134 3341 1188 in
3366 1134 3625 1204 provincia
3655 1135 3803 1189 Baetica

2275 1230 2683 1283 monachorum
2734 1227 3231 1283 administratione
3272 1243 3334 1280 ac
3374 1225 3611 1297 praesidio
3650 1227 3801 1297 guber-

2276 1327 2512 1391 nentur;
2541 1326 2677 1376 tunc
2721 1321 2878 1377 enim
2923 1320 3166 1375 salubria
3195 1319 3409 1375 Christo
3436 1318 3612 1373 dicatis
3632 1319 3803 1391 virgini-

2274 1415 2379 1470 bus
2391 1414 2969 1486 praebemus,quando
2984 1414 3064 1467 eis
3077 1418 3264 1483 patres
3280 1411 3576 1483 spirituales
3592 1411 3804 1481 eligimus,

2278 1523 2519 1579 quorum
2547 1525 2665 1562 non
2713 1508 2894 1561 solum
2941 1506 3337 1576 gubernaculis
3380 1505 3538 1573 tueri,
3569 1504 3652 1560 sed
3685 1504 3805 1558 etiam

2275 1600 2545 1656 doctrinis
2589 1600 2851 1655 mdiﬁcari
2897 1602 3149 1672 possunt,
3178 1615 3245 1653 ea
3268 1603 3456 1651 tamen
3497 1596 3628 1650 circa
3659 1612 3804 1649 mona-

2275 1695 2408 1748 chos
2443 1694 2665 1748 cautela
2693 1698 2929 1759 servata,
2961 1697 3023 1745 ut
3046 1691 3252 1746 remoti
3280 1690 3348 1745 ab
3376 1706 3561 1744 earum
3588 1688 3810 1743 familiari-

544 1798 659 1835 nou
676 1782 858 1835 solum
871 1783 1121 1851 ejusdem
1135 1783 1384 1854 episcopi
1405 1783 1673 1837 maleﬁcis
1699 1783 1913 1837 artibus
1935 1785 2173 1838 salutem
2194 1769 2252 1841 Β
2276 1788 2392 1841 tate
2420 1802 2523 1840 nec
2556 1802 2732 1856 usque
2758 1786 2830 1869 ad
2860 1784 3201 1840 vestibulum
3227 1783 3471 1838 habeant
3492 1780 3742 1835 accedendi
3758 1781 3810 1832 fa-

544 1874 752 1928 laedere
772 1874 970 1941 voluit,
989 1875 1087 1930 sed
1107 1876 1275 1929 etiam
1302 1879 1604 1946 patronam
1634 1876 1929 1930 ecclesiam
1952 1876 2175 1932 liberta-

544 1966 615 2021 tis
630 1967 930 2022 immemor
950 1968 1374 2039 praedamnavit.
1389 1969 1666 2024 Adversus
1686 1985 1856 2039 quem
1882 1970 2173 2039 ingratum

539 2059 685 2113 actio
712 2076 993 2114 canonum
1024 2078 1089 2115 ac
1118 2062 1316 2131 legum
1358 2061 1667 2116 auctoritas
1703 2061 1853 2130 juste
1890 2062 2171 2131 dirigitur,

542 2152 754 2207 scilicet
780 2155 842 2205 ut
877 2152 1178 2206 immerita:
1206 2153 1483 2207 libertatis
1527 2154 1740 2207 damno
1781 2153 2073 2221 multatus,
2102 2155 2175 2208 ad

545 2244 828 2298 servitutis
859 2262 1069 2299 nexum
1102 2249 1416 2300 revocetur.
1449 2247 1667 2300 Talium
1697 2245 1851 2299 enim
1878 2250 2056 2301 status
2077 2247 2175 2317 qui

547 2340 743 2390 contra
772 2336 1099 2407 episcopum
1130 2354 1297 2391 suum
1324 2339 1410 2393 vel
1438 2341 1739 2409 patronam
1767 2338 2061 2393 ecclesiam
2086 2339 2171 2392 ni-

544 2431 746 2484 tuntur
774 2430 1030 2484 decidere
1059 2430 1246 2501 potius
1261 2448 1433 2501 quam
1456 2448 1788 2486 conservare
1814 2431 2097 2498 convenit,
2111 2435 2177 2485 ut

545 2538 792 2593 quorum
816 2522 1047 2577 libertas
1064 2523 1377 2594 perniciosa
1398 2529 1482 2579 est
1506 2525 1578 2579 sit
1598 2524 1888 2579 salutifera
1914 2524 2170 2593 servitus,

546 2616 608 2667 ut
637 2615 735 2686 qui
759 2614 1054 2684 superbire
1100 2616 1361 2670 noverint
1403 2616 1612 2687 adepta
1648 2616 1906 2671 libertate
1952 2612 2174 2688 praediti

547 2706 767 2761 discant
798 2708 1033 2763 obedire
1066 2709 1321 2779 subjecti.

616 2803 702 2855 IX.
732 2801 893 2855 Nona
931 2802 1153 2857 actione
1198 2801 1498 2856 didicimus
1538 2802 1816 2872 quosdam
1863 2818 1932 2857 ex
1978 2805 2172 2857 nostro

544 2893 784 2965 collegio
814 2898 1007 2949 contra
1036 2910 1224 2948 mores
1253 2894 1654 2949 ecclesiasticos
1678 2895 1851 2949 laicos
1874 2894 2084 2949 habere
2112 2896 2175 2949 in

543 2986 713 3041 rebus
731 2987 933 3041 divinis
959 2988 1299 3042 constitutos
1324 3004 1665 3043 occonomos.
1693 2987 1932 3042 Proinde
1958 2988 2175 3059 pariter

543 3079 851 3135 tractantes
900 3081 1185 3151 eligimus,
1231 3084 1297 3135 ut
1336 3081 1732 3153 unusquisque
1776 3084 2037 3136 nostrum
2086 3098 2169 3135 se-

543 3172 794 3227 cundum
815 3173 1328 3228 Calcedonensium
1359 3178 1585 3245 patrum
1606 3174 1831 3229 decreta
1850 3190 1915 3229 ex
1942 3173 2171 3244 proprio

544 3264 696 3319 clero
747 3283 1105 3321 (economum
1157 3267 1261 3320 sibi
1311 3267 1639 3322 constituat.
1698 3267 2036 3321 lndecorum
2090 3270 2175 3320 est

545 3358 701 3411 enim
731 3358 939 3413 laicum
963 3359 1235 3413 vicarium
1264 3376 1386 3413 esse
1416 3360 1685 3431 episcopi,
1716 3364 1771 3415 et
1796 3360 2089 3414 saeculares
2115 3359 2174 3413 in

544 3451 779 3506 ecclesia
796 3452 1076 3522 judicare.
1104 3456 1167 3508 In
1194 3469 1308 3507 uno
1332 3453 1485 3508 enim
1513 3454 1823 3524 eodemque
1849 3452 2033 3507 ofﬁcio
2060 3469 2173 3506 non

545 3544 713 3598 debet
737 3545 927 3614 dispar
942 3561 1061 3599 esse
1083 3546 1542 3617 professio,quod
1563 3546 1735 3600 etiam
1756 3546 1814 3600 in
1840 3547 1966 3616 lege
1988 3545 2175 3599 divina

544 3636 878 3706 prohibetur
917 3637 1138 3693 dicente
1179 3640 1408 3709 Moyse:
1447 3660 1475 3688 «
1526 3640 1650 3693 Non
1693 3638 1879 3692 arabis
1931 3638 1990 3692 in
2033 3638 2173 3692 bove

545 3729 716 3783 simul
749 3734 805 3785 et
830 3730 986 3785 asino
1021 3730 1197 3801 (Deut.
1220 3748 1356 3801 xxxi,
1392 3734 1497 3801 10),
1530 3752 1556 3780 ››
1588 3731 1645 3785 id
1671 3734 1755 3786 est
1783 3731 2043 3785 homines
2082 3731 2169 3785 di-

542 3838 719 3877 versa:
744 3824 1109 3894 professionis
1138 3824 1197 3878 in
1229 3825 1417 3879 ofﬁcio
1451 3841 1563 3877 uno
1595 3840 1711 3879 non
1738 3823 2173 3878 sociabis.Unde

545 3919 603 3969 et
632 3919 862 3986 oportet
894 3933 995 3971 nos
1021 3921 1079 3971 et
1120 3917 1323 3972 divinis
1371 3917 1528 3972 libris
1576 3920 1904 3971 sanctorum
1945 3919 2173 3971 Patrum

544 4008 775 4063 obedire
818 4009 1134 4080 praeceptis,
1162 4010 1572 4064 constituentes
1602 4014 1662 4064 ut
1688 4009 1749 4062 hi
1774 4008 1871 4080 qui
1903 4008 1962 4062 in
1990 4008 2172 4062 admi-

542 4101 977 4155 nistrationibus
1006 4102 1255 4155 ecclesias
1281 4102 1643 4172 pontiﬁcibus
1664 4101 1953 4155 sociantur
1972 4100 2177 4155 discre-

540 4208 673 4261 pare
702 4208 820 4245 non
864 4192 1126 4261 debeant,
1156 4198 1255 4248 aut
1278 4210 1381 4249 nec
1422 4193 1789 4263 professione,
1817 4208 1921 4246 nec
1950 4192 2172 4260 habitu,

545 4300 679 4337 nam
692 4284 977 4338 cohaerere
999 4288 1056 4337 et
1068 4286 1339 4355 conjungi
1356 4303 1471 4340 non
1488 4290 1743 4356 possunt,
1761 4285 1968 4356 quibus
1988 4290 2044 4340 et
2062 4289 2176 4339 stu-

543 4357 635 4430 dia
652 4378 710 4429 et
726 4380 851 4429 vota
878 4376 1097 4430 diversa
1116 4382 1262 4431 sunt.
1287 4377 1343 4432 Si
1366 4377 1491 4448 quis
1511 4382 1701 4431 autem
1724 4378 2016 4448 episcopus
2030 4384 2177 4449 post-

2194 3124 2249 3198 C

2274 1879 2494 1932 miliare
2523 1878 2882 1948 permissum,
2911 1877 3005 1932 sed
3037 1893 3224 1948 neque
3254 1875 3507 1930 abbatem
3533 1874 3609 1928 vel
3630 1872 3810 1942 eumqui

2274 1972 2579 2042 praeﬁcitur
2621 1976 2778 2024 extra
2818 1986 2944 2024 eam
2988 1986 3115 2040 quae
3158 1960 3365 2040 praeest
3401 1966 3543 2037 loqui
3576 1964 3809 2036 virginibus

2274 2064 2480 2119 Christi
2507 2063 2721 2133 aliquid
2747 2062 2898 2134 quod
2932 2062 3002 2116 ad
3032 2060 3451 2116 institutionem
3477 2074 3673 2113 morum
3694 2056 3811 2128 perti-

2275 2160 2374 2209 net
2400 2155 2609 2223 licebit,
2641 2171 2827 2225 neque
2852 2170 2984 2209 cum
3011 2170 3077 2208 ea
3105 2153 3221 2208 sola
3249 2169 3376 2225 quae
3400 2155 3587 2222 praeest
3609 2150 3811 2220 frequen-

2275 2255 2362 2303 ter
2390 2265 2485 2302 eos
2524 2247 2681 2319 loqui
2727 2252 2969 2317 oportet,
2998 2246 3096 2301 sed
3140 2246 3246 2301 sub
3290 2244 3594 2300 testimonio
3635 2243 3811 2296 duarum

2272 2342 2359 2411 vel
2387 2340 2562 2395 trium
2587 2356 2868 2409 sororum,
2908 2340 2988 2393 ita
3014 2342 3078 2393 ut
3107 2355 3233 2392 rara
3280 2338 3350 2393 sit
3394 2336 3631 2403 accessio,
3654 2338 3700 2388 et
3727 2333 3813 2386 bre-

2274 2434 2354 2487 vis
2381 2433 2619 2491 omnino
2651 2433 2874 2487 locutio.
2914 2432 3074 2486 Absit
3119 2431 3275 2487 enim
3309 2436 3371 2486 ut
3407 2429 3676 2485 monachos
3696 2423 3814 2497 (quod

2274 2526 2446 2581 etiam
2476 2526 2690 2580 dictum
2716 2525 2875 2580 nefas
2900 2525 3001 2593 est)
3029 2524 3237 2581 Christi
3263 2523 3563 2595 virginibus
3585 2518 3814 2574 familiares

2272 2635 2391 2675 esse
2430 2618 2688 2687 velimus,
2716 2620 2811 2672 sed
2852 2619 3013 2688 juxta
3060 2618 3210 2688 quod
3262 2618 3418 2688 jussa
3457 2614 3740 2686 regularum
3758 2609 3815 2663 vel

2273 2727 2559 2765 canonum
2586 2711 2905 2765 admonent
2922 2711 3091 2781 longe
3117 2710 3389 2764 discretos
3409 2712 3566 2779 atque
3588 2705 3815 2775 sejunctas,
3914 2746 3915 2775 λ

2271 2820 2468 2859 eorum
2490 2810 2685 2858 tamen
2716 2803 2948 2858 easdem
2977 2802 3380 2873 gubernaculis
3407 2801 3819 2871 deputamus,con—

2273 2897 2572 2951 stituentes
2591 2900 2653 2950 ut
2670 2912 2819 2950 unus
2846 2894 3265 2950 monachorum
3295 2892 3686 2965 probatissimus
3698 2888 3818 2958 eliga-
3914 2890 3915 2965 ἦ

2270 2994 2383 3057 tur,
2417 2990 2577 3059 cujus
2610 3004 2762 3043 cura:
2789 2989 2861 3042 sit
2890 2986 3122 3059 priediis
3151 3002 3354 3042 earum
3406 2984 3633 3049 rusticis,
3653 2981 3722 3035 vel
3754 2994 3817 3031 ur-
3914 2972 3915 3027 ἡ

2272 3082 2432 3136 banis
2456 3081 2772 3148 intendere,
2800 3080 3039 3135 fabricas
3082 3083 3397 3149 exstruere,
3426 3082 3481 3134 et
3502 3077 3544 3131 si
3568 3075 3682 3147 quid
3712 3068 3817 3125 aliud

2273 3178 2357 3230 est
2380 3174 2454 3228 ad
2478 3174 2874 3229 necessitatem
2902 3171 3230 3227 monasterii
3252 3170 3561 3243 providere,
3590 3170 3643 3221 ut
3671 3160 3819 3221 Christi

2273 3267 2500 3321 famula:
2528 3282 2630 3337 pro
2650 3266 2856 3320 animae
2879 3282 2997 3319 sua:
3018 3268 3245 3319 tantum
3268 3264 3503 3321 utilitate
3523 3258 3748 3322 sollicitae,
3764 3269 3819 3307 se

2273 3359 2340 3413 lis
2368 3359 2570 3414 divinis
2600 3359 2866 3427 cultibus,
2894 3358 3279 3428 operibusque
3323 3356 3522 3412 sanctis
3568 3348 3818 3407 inserviant.

2273 3452 2416 3506 Sane
2444 3452 2493 3505 is
2519 3452 2617 3522 qui
2647 3452 2718 3505 ab
2760 3450 2963 3504 abbate
3008 3450 3374 3521 proponitur,
3402 3446 3602 3519 judicio
3639 3443 3707 3497 sui
3740 3437 3818 3508 epi-

2274 3544 2429 3614 scopi
2460 3543 2880 3613 comprobetur,
2907 3548 3089 3597 vestes
3114 3548 3314 3597 autem
3342 3541 3453 3595 illas
3479 3540 3653 3594 iisdem
3676 3532 3821 3590 faciant

2275 3654 2308 3690 a
2334 3637 2539 3708 quibus
2566 3636 2869 3691 tuitionem
2908 3639 3258 3705 exspectant,
3290 3639 3348 3689 et
3375 3634 3444 3688 ab
3485 3631 3659 3686 iisdem
3691 3627 3820 3679 denuo

2275 3732 2356 3799 (ut
2385 3729 2721 3800 praedictum
2751 3729 2852 3798 est)
2874 3727 3135 3782 laborum
3163 3726 3388 3783 fructus
3410 3729 3465 3780 et
3489 3715 3820 3796 procurationis

2273 3822 2610 3893 suffragium
2657 3825 2987 3893 recepturae.
3017 3820 3073 3876 Si
3111 3820 3207 3893 qui
3250 3825 3445 3874 autem
3493 3813 3821 3872 monachorum

2273 3916 2421 3970 hanc
2449 3915 2866 3970 ordinationem
2910 3919 3010 3968 aut
3036 3912 3487 3984 contempserint
3524 3912 3613 3964 aut
3644 3900 3824 3977 qualibet

2272 4008 2492 4063 inertia:
2518 4007 2887 4063 dissolutione
2914 4004 3290 4076 neglexerint,
3325 4004 3499 4059 sciant
3526 3999 3660 4074 quod
3680 4006 3821 4050 eorum

2272 4102 2564 4156 temeritas
2614 4107 2782 4170 atque
2848 4098 3112 4169 superbia
3179 4090 3744 4153 excommunicationis
3777 4084 3825 4137 sit

2274 4193 2573 4264 plectenda
2599 4208 2858 4247 censura.

2345 4287 2450 4341 XII.
2479 4284 2821 4340 Duodecima
2866 4285 3087 4340 actione
3112 4284 3406 4354 ingressus
3432 4285 3515 4338 est
3542 4280 3607 4337 ad
3633 4292 3715 4332 nos
3735 4269 3822 4344 qui-

2273 4379 2405 4433 dam
2435 4395 2504 4433 ex
2534 4378 2736 4433 hmresi
2761 4378 3175 4449 Acephalorum
3203 4380 3437 4434 natione
3460 4376 3636 4446 Syrus,
3655 4375 3708 4423 ut
3727 4378 3825 4420 δεῦθ’

542 4468 647 4523 hac
675 4468 1115 4523 ecclesiasticam
1150 4486 1276 4523 rem
1305 4475 1404 4524 aut
1427 4487 1528 4541 per
1544 4470 1796 4525 laicalem
1820 4471 2174 4542 procuratio-
2193 4480 2252 4552 D
2274 4472 2347 4527 rit
2387 4472 2507 4543 ipse
2552 4470 2867 4543 episcopus,
2896 4472 3138 4525 duarum
3190 4472 3251 4525 in
3306 4470 3525 4528 Christo
3562 4468 3827 4523 naturarum

544 4580 677 4617 nem
703 4562 1211 4617 administrandam
1256 4564 1510 4633 elegerit,
1539 4567 1639 4618 aut
1683 4564 1803 4617 sine
1849 4563 2175 4618 testimonio

541 4657 817 4710 ueconomi
845 4655 1285 4727 gubernandam
1318 4656 1641 4726 crediderit,
1663 4673 1795 4711 vere
1828 4661 1889 4711 ut
1914 4660 2172 4711 contem-

540 4751 670 4818 ptor
698 4765 996 4817 canonum,
1025 4754 1082 4804 et
1110 4750 1407 4806 fraudator
1433 4750 1945 4806 ecclesiasticarum
1982 4765 2176 4804 rerum

540 4856 655 4894 non
684 4842 869 4896 solum
893 4859 926 4896 a
952 4843 1172 4898 Christo
1194 4844 1265 4898 de
1287 4844 1458 4898 rebus
1484 4860 1800 4915 pauperum
1822 4842 2177 4914 judicabitur

543 4949 691 4996 rcus,
721 4934 821 4988 sed
845 4935 1019 4989 etiam
1044 4942 1102 4990 et
1126 4936 1359 4991 concilio
1380 4937 1633 4991 manebit
1658 4936 1958 4991 obnoxius.

614 5028 678 5081 Χ.
724 5027 953 5081 Decima
997 5028 1223 5082 actione
1277 5029 1635 5100 poscentibus
1686 5028 2172 5083 monasteriorum

542 5119 799 5190 patribus
824 5120 947 5189 pari
973 5121 1256 5174 sententia
1286 5122 1609 5190 statuimus,
1631 5124 1697 5175 ut
1718 5121 1974 5175 coenobia
1992 5137 2177 5192 nuper

544 5212 777 5267 condita
798 5211 856 5265 in
874 5212 1160 5282 provincia
1186 5213 1408 5280 Baetica,
1424 5214 1567 5267 sicut
1587 5218 1643 5268 et
1667 5213 1764 5267 illa
1782 5230 1911 5284 quae
1931 5219 2064 5268 sunt
2082 5231 2178 5268 an-

546 5306 709 5376 tiqua
740 5305 1017 5360 immobili
1045 5310 1101 5360 et
1127 5306 1457 5360 inconcussa
1483 5306 1781 5360 stabilitate
1809 5311 2178 5376 permaneant

543 5397 808 5452 solidata.
851 5397 907 5452 Si
949 5398 1076 5469 quis
1126 5402 1320 5452 autem
1352 5398 1529 5469 (quod
1570 5398 1737 5469 absit)
1778 5400 2058 5463 nostrum,
2085 5398 2175 5453 vel

545 5491 710 5545 nobis
738 5491 1156 5546 succedentium
1183 5492 1541 5546 sacerdotum
1566 5492 1861 5562 quodlibet
1886 5496 2171 5546 monaste-

544 5584 695 5637 rium
720 5587 819 5637 aut
844 5584 899 5637 vi
945 5584 1267 5657 cupiditatis
1312 5583 1765 5656 exspoliandum,
1799 5589 1899 5639 aut
1945 5583 2173 5638 simula-

546 5676 698 5729 tione
725 5676 913 5748 aliqua
936 5678 1155 5732 fraudis
1176 5678 1630 5745 convellendum,
1644 5681 1744 5733 aut
1762 5677 2178 5733 dissolvendum

547 5769 866 5838 tentaverit,
880 5772 1191 5828 anathema
1217 5770 1453 5829 aﬁ‘ectus
1482 5776 1732 5846 maneat,
1750 5777 1808 5830 et
1825 5789 1859 5827 a
1882 5787 2062 5845 regno
2081 5771 2179 5828 Dei

2273 4564 2684 4636 proprietatem
2713 4564 3026 4636 abnegans,
3046 4567 3103 4617 et
3125 4563 3403 4619 deitatem
3425 4558 3712 4634 passibilem
3727 4562 3829 4604 asse-

2273 4674 2426 4714 rens.
2455 4657 2628 4727 Cujus
2654 4658 2792 4712 dum
2818 4658 3025 4712 nostris
3057 4657 3319 4713 sensibus
3360 4655 3502 4711 tanti
3528 4648 3707 4708 erroris
3740 4656 3828 4736 can:

2276 4750 2421 4804 fusio
2466 4748 2754 4820 patuisset,
2786 4750 3017 4820 prolatis
3045 4749 3125 4804 illi
3154 4749 3223 4804 de
3253 4747 3631 4804 incarnatione
3664 4733 3828 4794 Domini

2272 4846 2399 4899 Jesu
2429 4842 2639 4898 Christi
2668 4842 3020 4913 testimoniis,
3049 4845 3498 4914 sanctorumque
3522 4840 3724 4893 Patrum
3746 4840 3831 4914 θεαῇ

2275 4935 2467 4991 tentiis
2496 4936 2764 5003 recitatis,
2794 4935 2950 4990 omni
2987 4951 3121 4991 eum
3169 4935 3378 4990 deinde
3427 4912 3831 4988 exhortatione“

2274 5046 2421 5084 vera:
2446 5028 2580 5084 ﬁdei
2609 5028 3009 5084 rectitudinem
3038 5027 3376 5083 sacerdotali
3404 5021 3664 5081 modestia
3684 5011 3829 5071 invita-

2275 5123 2483 5191 vimus,
2510 5122 2607 5193 qui
2632 5121 2970 5176 salutaribus
2996 5120 3224 5175 monitis
3243 5119 3607 5191 pertinaciter
3629 5125 3714 5184 per
3728 5100 3830 5201 ωαξ-

2274 5220 2361 5271 tos
2388 5216 2803 5285 diuturnosque
2830 5212 3122 5268 conﬂictus
3151 5212 3424 5281 retinens,
3454 5208 3668 5266 tandem
3701 5198 3835 5270 gratia

2277 5308 2468 5363 divina
2489 5307 2686 5362 doctus
2712 5322 2902 5361 coram
2932 5306 3146 5360 cunctis
3170 5304 3481 5360 astantibus
3505 5296 3734 5355 haeresim
3746 5301 3833 5359 P’O'

2276 5401 2457 5472 priam
2483 5400 2776 5466 abdicavit,
2792 5400 3043 5470 duasque
3062 5401 3290 5452 naturas
3311 5402 3369 5452 et
3400 5409 3569 5450 unam
3592 5391 3833 5463 personam

2276 5494 2337 5549 in
2362 5510 2482 5548 uno
2513 5492 2831 5564 eodemque
2873 5491 3111 5546 Domino
3136 5495 3328 5545 nostro
3355 5490 3483 5544 Jesu
3509 5483 3710 5541 Christo
3742 5484 3835 5568 coti-

2278 5586 2457 5641 fessus
2497 5589 2602 5654 est,
2645 5585 2885 5641 credens
2928 5583 3332 5655 impassibilem
3378 5584 3629 5637 naturam
3665 5566 3836 5627 deitatls

2278 5681 2447 5750 atque
2473 5679 2532 5734 in
2554 5680 2670 5734 sola
2696 5677 3053 5733 humanitate
3078 5675 3386 5748 suscepisse
3407 5668 3737 5729 inﬁrmitates
3751 5668 3836 5728 P39”

2280 5772 2455 5830 sionis
2495 5775 2553 5829 et
2591 5771 2790 5830 crucis.
2843 5773 3157 5829 Conversus
3208 5770 3397 5841 itaque
3441 5770 3599 5839 atque
3639 5752 3838 5823 ref.er
