3946 6180
135 319 213 373 501
1334 286 1806 350 DECRETALIUM
1844 280 2228 342 COLLECTIO.
3330 281 3433 334 602

61 469 67 473 .
128 423 357 492 susceptae
370 418 495 473 fidei
513 413 923 471 confessionem
941 404 1489 479 cumastipulatione
1510 405 1701 473 protu—
1724 409 1782 484 Α
1801 398 1939 452 dum
1968 396 2134 449 erant
2157 390 2363 462 abyssi,
2395 396 2451 446 et
2480 406 2589 461 ego
2610 388 2737 461 jam
2766 392 3042 458 concepta
3068 402 3228 441 eram
3248 378 3447 456 (Ρηνθου.⁴

127 519 195 583 lit,
224 520 375 586 atque
400 511 466 565 ab
492 508 751 564 omnibus
776 506 889 561 suis
918 502 1203 559 erroribus
1226 501 1501 570 purgatus
1526 510 1700 565 appa-
1724 479 1782 484 ﬂ
1804 507 1923 557 vni,
1955 487 2063 558 24),
2080 510 2106 535 ››
2126 487 2438 539 humanam
2456 483 2771 538 secundum
2790 482 2915 547 hoc,
2943 479 3267 550 «sapientia
3294 480 3433 534 redi-

258 571 477 676 T‘alique
504 620 606 675 pro
638 600 845 656 merito
878 597 1188 670 gaudentes
1232 591 1452 647 Christo
1497 587 1706 660 gratias
1806 581 1992 637 ﬁcavit
2017 579 2121 633 sibi
2148 579 2380 633 domum
2408 576 2584 647 (Prov.
2621 591 2765 643 xx1v,
2801 576 2871 645 3),
2902 596 2929 623 »
2959 572 3213 643 corporis
3241 571 3437 643 utique

129 701 336 773 egimus,
369 665 523 768 quod;
553 695 820 749 eumdem
846 665 975 764 phst
1009 687 1342 761 pravitatem
1370 679 1603 737 haeresis
1634 678 1703 733 ad
1806 675 1894 730 sui
1939 672 2238 743 templum,
2288 670 2348 723 in
2395 685 2506 740 quo
2552 668 2700 721 filius
2744 667 2845 721 Dei
2885 666 3251 732 inhabitaret,
3299 665 3437 718 dum

128 757 478 849 rectitudinem
518 788 645 843 ﬁdei
676 757 865 842 divina
892 757 1073 856 gratia
1102 778 1495 851 promovisset,
1532 788 1705 844 quem
1808 767 2055 823 Verbum
2079 767 2166 819 est
2190 779 2318 818 caro
2347 762 2580 816 factum.
2615 759 2919 830 Prophetia
2945 759 3006 812 in
3032 758 3170 812 Isaia
3198 757 3300 811 sub
3324 774 3440 811 una

131 891 348 957 optamus
374 887 435 937 ut
459 896 801 953 permanens
822 879 881 932 in
899 853 1117 933 Christi
1136 873 1248 927 fide
1278 886 1419 941 pure
1449 884 1513 921 ac
1539 866 1703 920 devo-
1809 860 2120 929 eademque
2158 855 2366 912 Christi
2396 869 2640 925 persona
2660 853 2738 906 sic
2760 853 3107 907 demonstrat
3132 855 3439 920 utramque

129 943 304 1034 tissime
328 943 694 1031 conservetur.
1808 956 2091 1017 naturam,
2138 949 2362 1004 deitatis
2410 946 2723 1001 secundum
2768 945 2908 998 illud
2938 960 2949 997 :
2987 966 3013 993 ‹‹
3041 943 3307 1013 Nunquid
3341 943 3437 1014 qui

181 1072 290 1125 XIII.
316 1068 496 1123 Tertia
525 1066 746 1121 decima
784 1059 1181 1135 prosecutione
1205 1055 1451 1112 breviter
1473 1066 1705 1106 narran-
1806 1047 1944 1100 alios
1973 1059 2172 1116 parere
2200 1042 2369 1110 facio,
2400 1040 2520 1111 ipse
2545 1056 2660 1094 non
2689 1037 2928 1108 pariam,
2962 1036 3097 1090 dicit
3124 1036 3440 1090 Dominus?

129 1164 235 1217 dum
258 1160 565 1232 putavimus
583 1158 656 1212 ad
688 1155 1095 1211 refutationem
1125 1148 1459 1205 eorumdem
1487 1143 1709 1198 hmreti—
1812 1140 1962 1210 (Isai.
2028 1154 2171 1202 var,
2238 1136 2311 1203 9.)
2376 1156 2403 1182 ››
2470 1130 2841 1187 humanitatis
2902 1129 3214 1183 secundum
3274 1129 3439 1183 hoc:

130 1220 287 1310 corum
323 1253 415 1324 qui
457 1253 596 1306 duas
625 1254 858 1304 naturas
879 1245 1085 1303 Christi
1110 1247 1239 1315 post
1266 1241 1539 1295 unionem
1571 1236 1705 1291 deli-
1812 1254 1839 1281 «
1866 1233 2006 1286 Ecce
2034 1230 2194 1300 virgo
2226 1228 2284 1281 in
2314 1231 2480 1282 utero
2507 1223 2789 1295 concipiet
2816 1227 2872 1278 et
2889 1223 3075 1294 pariet
3099 1220 3281 1275 ﬁlium
3307 1221 3437 1289 (Isa.

129 1353 280 1402 rantes
317 1314 688 1409 confundunt,
719 1346 779 1396 et
813 1339 1136 1412 passibilem
1183 1335 1242 1389 in
1288 1350 1353 1389 eo
1401 1330 1711 1386 divinitatis
1812 1341 1906 1393 vn,
1959 1323 2064 1392 14);
2115 1342 2143 1371 ››
2193 1319 2501 1375 divinitatis
2544 1317 2854 1372 secundum
2899 1315 3037 1369 illud
3080 1331 3093 1368 :
3142 1334 3170 1362 ι(
3215 1314 3442 1381 Borate,

129 1438 292 1512 148
331 1407 699 1493 substantiam
740 1407 1021 1489 asserunt.
1054 1432 1265 1487 Contra
1302 1441 1551 1497 quorum
1594 1423 1713 1476 bla-
1812 1417 1934 1471 coeli
1979 1416 2241 1486 desuper,
2288 1417 2344 1468 et
2391 1412 2569 1466 nubes
2617 1410 2816 1481 pluant
2860 1409 3103 1479 justum,
3156 1407 3446 1478 aperiatur

133 1501 369 1604 s-pli-emias
394 1533 617 1601 oportet
641 1545 744 1582 nos
762 1527 822 1580 in
846 1541 958 1580 una
976 1538 1222 1596 persona
1243 1518 1451 1575 Christi
1472 1516 1713 1587 geminae
1812 1515 1964 1565 terra
1990 1512 2047 1562 et
2077 1507 2362 1578 germinet
2386 1505 2754 1570 Salvatorem,
2785 1505 2842 1555 et
2861 1501 3084 1572 justitia
3108 1501 3327 1555 oriatur
3366 1501 3443 1553 si-

133 1594 311 1680 naturze
351 1594 753 1694 proprietatem
788 1594 1102 1683 ostendere,
1135 1614 1567 1685 passionemque
1594 1607 1715 1677 ejus
1812 1602 1933 1657 mul
1962 1602 2084 1671 (Isa.
2116 1617 2237 1666 XLV,
2266 1598 2339 1669 8).
2374 1618 2400 1649 »
2448 1600 2589 1652 Item
2631 1596 2785 1662 alibi,
2830 1594 3200 1649 humanitatis
3245 1610 3444 1649 secun-

128 1719 171 1772 in
197 1718 298 1771 sola
336 1713 706 1770 humanitatis
752 1709 1104 1782 susceptione
1147 1705 1535 1769 manifestare,
1571 1704 1637 1754 ut
1665 1699 1714 1752 si
1735 1773 1782 1782 _
1813 1696 1957 1750 dum
1980 1695 2106 1762 hoc,
2145 1715 2172 1742 «
2202 1691 2471 1746 Parvulus
2520 1695 2683 1743 natus
2732 1693 2817 1742 est
2844 1688 3010 1743 nobis
3040 1689 3170 1758 (Isa.
3203 1703 3278 1756 1x,
3308 1688 3380 1758 6),
3415 1709 3441 1736 ››

128 1815 243 1874 forte
263 1812 423 1884 aliqui
443 1812 747 1866 stultorum
766 1773 936 1879 hujus
955 1804 1247 1867 sementim
1273 1816 1465 1857 errore
1485 1796 1707 1868 decepti
1734 1773 1790 1844 Β
1815 1787 2125 1842 divinitatis
2151 1783 2468 1839 secundum
2496 1782 2656 1849 illud,
2688 1802 2715 1829 ››
2750 1781 2919 1835 Filius
2961 1780 3123 1834 datus
3161 1785 3247 1835 est
3283 1780 3448 1834 nobis

126 1913 246 1973 sunt,
274 1873 398 1960 dum
434 1906 546 1959 ista
594 1873 1219 1974 legerint'resipiscant,
1246 1901 1532 1964 rectaeque
1574 1890 1707 1944 ﬁdei
1807 1882 2020 1964 (Ibid).
2057 1899 2083 1929 ι)
2116 1878 2384 1933 Parvulas
2407 1875 2561 1930 enim
2577 1875 2829 1930 Christus
2854 1873 2922 1928 ad
2955 1875 3227 1943 susceptae
3244 1874 3450 1927 huma-

126 1966 376 2054 veritatem
399 1966 925 2053 ﬁrmitervteneant.
952 1966 1091 2047 N-am
1117 1989 1313 2062 procul
1342 1985 1514 2042 dubio
1544 1983 1709 2038 multi
1806 1973 1995 2027 uitatis
2018 1977 2282 2027 naturam
2307 1969 2577 2040 pertinet,
2601 1968 2737 2039 quia
2771 1968 2947 2022 homo
2973 1969 3058 2020 est
3082 1967 3281 2033 factus,
3300 1966 3449 2020 ﬁlius

127 2097 247 2161 sunt,
271 2092 357 2163 qui
383 2090 701 2146 secundum
725 2086 967 2159 apostoli
995 2058 1193 2140 vocem
1218 2080 1537 2153 prurientes
1564 2075 1710 2130 auri-
1804 2070 1998 2119 autem
2030 2064 2212 2131 datus,
2249 2063 2320 2116 ad
2349 2060 2725 2129 divinitatem,
2755 2060 2889 2131 quia
2931 2058 3032 2112 Dei
3061 2058 3252 2112 Filius.
3286 2060 3355 2112 Et
3387 2062 3454 2112 ut

126 2185 209 2238 bus
232 2202 260 2238 ει
284 2184 507 2239 veritate
542 2182 804 2238 auditum
851 2178 1133 2244 avértunt,
1162 2176 1233 2231 ad
1264 2172 1479 2229 fabulas
1517 2172 1710 2224 autem
1811 2157 2136 2212 ostenderet
2166 2156 2224 2210 in
2262 2159 2505 2224 utraque
2533 2157 2739 2207 natura
2768 2168 2943 2206 unam
2983 2168 3103 2205 esse
3147 2167 3450 2222 personam

126 2282 503 2333 convertuntur.
533 2278 688 2347 Ergo
710 2275 853 2329 sicut
871 2270 1240 2327 immaculata
1264 2267 1422 2335 ﬁdes,
1441 2270 1497 2319 et
1521 2266 1712 2318 sancta
1807 2251 2025 2323 parvuli
2053 2249 2168 2304 uati
2199 2252 2256 2303 et
2282 2248 2381 2302 ﬁlii
2407 2246 2543 2313 dati,
2579 2246 2792 2317 adjecit
2815 2262 2828 2299 :
2858 2267 2886 2295 «
2912 2244 3217 2299 Vocabitur
3243 2261 3453 2300 nomen

127 2372 203 2426 Dei
227 2371 448 2426 Ecclesia
478 2370 666 2437 docet,
702 2367 1043 2422 conﬁtemur
1091 2361 1400 2418 Dominum
1453 2362 1711 2412 nostrum
1809 2345 1932 2415 ejus
1946 2342 2145 2413 magni
2175 2341 2392 2395 consilii
2417 2339 2676 2410 angelus,
2708 2340 2852 2393 Deus
2870 2338 3050 2405 fortis,
3080 2338 3347 2409 princeps
3363 2339 3452 2392 fu-

127 2466 279 2519 Jesum
341 2431 662 2519 Christum,
700 2458 1156 2531 intemporaliter
1220 2471 1287 2509 ex
1356 2454 1546 2507 Patre-
1599 2451 1710 2503 Deo
1811 2438 1925 2531 turi
1950 2435 2143 2490 saeculi
2174 2434 2305 2506 (Isa.
2334 2451 2409 2500 1x,
2436 2435 2508 2503 6).
2541 2454 2568 2481 »
2597 2434 2655 2486 In
2684 2431 2987 2502 Evangelia
3010 2447 3238 2502 quoque
3254 2431 3313 2486 in
3336 2448 3453 2487 uno

130 2564 305 2626 natum,
336 2556 725 2628 temporaliter
751 2571 817 2608 ex
846 2556 1010 2607 utero
1039 2549 1297 2621 gloriosa}
1321 2544 1557 2615 virginis
1594 2544 1707 2595 Ma-
1815 2530 2128 2599 eodemque
2141 2527 2366 2583 Christo
2383 2525 2588 2580 divinae
2602 2530 2818 2579 natura:
2832 2523 3187 2594 signiﬁcatio,
3207 2544 3234 2575 ‹(
3249 2525 3454 2579 Omnia

128 2650 206 2704 riae
231 2617 499 2705 hominem
551 2648 787 2716 editum,
818 2651 875 2701 et
919 2645 990 2700 ob
1034 2617 1142 2697 hoc
1188 2642 1247 2695 in
1287 2656 1397 2694 una
1439 2637 1715 2692 existente
1813 2638 1918 2693 Per
1946 2621 2133 2692 ipsum
2178 2620 2325 2674 faeta
2374 2623 2508 2673 sunt
2552 2618 2720 2687 (Rom-
2763 2634 2801 2684 Ι,
2829 2618 2938 2685 37),
2972 2636 3000 2666 υ
3044 2617 3315 2671 Ῐιιιῐῐιειηω
3348 2634 3452 2671 ua-

129 2759 326 2813 persona
364 2744 498 2798 duas
547 2745 781 2797 naturas
810 2739 1144 2802 habentem,
1179 2732 1406 2788 deitatis
1434 2746 1544 2801 qua
1579 2731 1714 2782 ante
1814 2720 1957 2769 tum
2005 2712 2357 2782 είὲἔηίῧοαῐίο,
2416 2733 2443 2760 ί(
2496 2712 2620 2765 N0n
2677 2710 2804 2764 Veni
2857 2710 3044 2765 facere
3103 2710 3449 2764 voluntatem

127 2802 291 2890 secula
319 2837 566 2907 genitus,
613 2839 670 2888 et
714 2830 1079 2887 humanitatis
1108 2828 1166 2882 'm
1196 2842 1309 2896 qua
1353 2824 1553 2878 diebus
1584 2820 1713 2874 um-
1815 2822 2031 2873 meam,
2077 2806 2173 2860 sed
2226 2807 2576 2860 voluntatem
2625 2804 2749 2873 ejus
2790 2803 2885 2873 qui
2932 2802 3087 2857 misit
3134 2818 3227 2857 me
3274 2803 3456 2857 Patris

129 2929 216 2983 mis
240 2930 411 2984 editus
459 2934 573 2995 est,
620 2927 679 2981 in
724 2927 827 2980 illa
870 2922 1179 2979 secundum
1223 2919 1469 2974 formam
1511 2914 1629 2978 Dei,
1657 2914 1716 2967 in
1819 2902 1995 2971 (Joan-
2040 2918 2117 2966 VI,
2167 2900 2279 2970 38)-
2332 2919 2359 2946 η
2404 2897 2609 2951 Paulus
2652 2912 2879 2968 quoque
2909 2896 3199 2966 apostolus
3239 2895 3298 2949 in
3332 2912 3451 2951 uno

128 3021 212 3075 ista
254 3022 561 3077 secundum
616 3020 865 3074 formam
917 3016 1063 3071 servi
1112 3011 1452 3077 consistens;
1512 3008 1570 3061 in
1624 3006 1720 3059 illa
1822 2995 2140 3065 eodemque
2191 2992 2413 3046 Christo
2470 2994 2735 3044 naturam
2788 2989 3100 3044 divinitatis
3154 2990 3452 3060 exprimit,

128 3114 244 3168 Patri
269 3131 496 3170 manens
526 3112 789 3183 aequalis,
823 3111 881 3164 in
925 3110 1035 3162 ista
1075 3106 1197 3160 sine
1236 3105 1470 3175 peccato
1518 3098 1719 3153 similis
1744 3133 1796 3183 ρ
1825 3104 1957 3142 cum
1983 3087 2118 3142 dicit
2146 3104 2160 3141 :
2196 3106 2223 3135 ‹‹
2251 3084 2672 3154 Primogenitus
2702 3082 2899 3137 omnis.
2914 3084 3192 3136 creaturae
3218 3082 3340 3154 ipse
3372 3087 3475 3153 est.

127 3211 301 3263 nostra:
326 3206 680 3273 conditioni;
714 3205 774 3259 in
804 3202 905 3257 illa
929 3198 1288 3266 inviolabilis,
1315 3196 1375 3250 in
1408 3195 1515 3248 ista
1540 3191 1722 3263 passi-
1744 3176 1800 3208 υ
1824 3187 1954 3236 ante
1981 3195 2197 3246 omnes,
2225 3180 2282 3233 et
2309 3177 2507 3232 omnia
2524 3176 2582 3230 in
2601 3177 2693 3230 illo
2711 3179 2971 3229 constant
2992 3176 3208 3244 (Coloss.
3229 3193 3266 3243 ι,
3293 3179 3398 3245 l7),
3423 3197 3451 3227 ››

130 3297 254 3365 bilis;
284 3302 338 3356 in
359 3301 453 3355 illa
481 3317 560 3356 ex
585 3315 699 3370 qua
725 3296 873 3351 mori
898 3311 1013 3350 non
1038 3292 1243 3364 potuit,
1271 3291 1331 3344 in
1376 3288 1484 3342 ista
1525 3286 1584 3340 in
1612 3301 1726 3356 qua
1825 3276 2202 3332 humanitatis
2228 3275 2477 3330 declarat
2502 3276 2789 3342 naturam,
2819 3289 2951 3327 cum
2983 3272 3136 3338 dicit,
3169 3295 3196 3323 ‹‹
3228 3275 3348 3343 Ipse
3375 3276 3459 3327 est

128 3397 334 3448 mortem
357 3366 627 3465 suscepit:
670 3390 842 3461 Cujus
884 3386 1132 3459 geminae
1180 3386 1397 3438 naturae
1440 3378 1725 3435 distinctio
1826 3376 1999 3441 caput
2046 3368 2297 3440 corporis
2340 3366 2601 3421 Ecclesiae
2651 3367 2865 3428 (Coloss.
2895 3383 2933 3433 ι,
2972 3367 3077 3434 l8),
3113 3387 3141 3414 ››
3190 3370 3247 3419 et
3274 3366 3451 3419 alibi:

130 3486 341 3555 primum
383 3504 449 3542 ex
500 3484 713 3541 litteris
740 3482 901 3554 legis,
935 3479 1144 3535 deinde
1172 3494 1242 3532 ex
1270 3473 1642 3547 propheticis,
1672 3476 1729 3525 et
1831 3486 1858 3514 (ι
1888 3463 1993 3526 Qui
2031 3478 2163 3517 cum
2206 3462 2266 3515 in
2295 3459 2607 3514 forma-Dei
2639 3463 2808 3523 esset,
2848 3474 2965 3512 non
3010 3458 3273 3528 rapinam
3302 3457 3455 3512 arbi-

130 3551 428 3651 evangelicis
455 3583 638 3650 atque
665 3551 988 3649 apostolicis
1018 3569 1335 3644 promenda
1360 3574 1445 3622 est
1471 3565 1725 3637 paganis,
1828 3561 2005 3611 tratus
2051 3560 2135 3610 est
2181 3570 2303 3608 esse
2341 3568 2398 3607 se
2441 3552 2717 3622 aequalem
2767 3552 2899 3617 Deo,
2944 3551 3042 3605 sed
3089 3552 3456 3622 semetipsum

128 3678 180 3726 ut
200 3690 254 3728 ea
276 3691 393 3745 qute
422 3672 737 3729 asserimus
761 3686 880 3724 non
909 3664 1287 3739 argumentis,
1320 3661 1421 3715 sed
1454 3658 1729 3729 exemplis
1828 3648 2135 3706 exinanivit
2178 3648 2424 3701 formam
2471 3645 2613 3699 servi
2650 3643 2934 3714 accipiens
2961 3644 3178 3714 (Philip.
3226 3661 3261 3698 ιι
3280 3687 3294 3712 ,
3323 3646 3398 3713 6).
3427 3664 3453 3694 ››

129 3764 509 3838 Scripturarum
540 3766 857 3819 ﬁrmemus.
890 3762 1006 3816 Lex
1030 3760 1090 3813 in
1120 3774 1235 3812 una
1262 3755 1577 3824 eademque
1606 3766 1730 3821 per-
1828 3744 1935 3797 Per
1965 3743 2074 3796 hoc
2096 3740 2253 3795 enim
2274 3738 2423 3810 quod
2446 3737 2603 3806 dicit,
2628 3737 2725 3808 qui
2743 3753 2875 3791 cum
2894 3737 2953 3790 in
2971 3737 3159 3791 forma
3178 3738 3278 3793 Dei
3292 3743 3458 3805 esset,

129 3873 243 3913 soua
261 3860 569 3915 Salvatoris
596 3856 774 3913 nostri
801 3855 880 3909 sic
911 3853 1264 3909 demonstrat
1292 3851 1597 3916 utramque
1626 3859 1727 3897 na-
1828 3839 2089 3891 naturam
2115 3834 2175 3887 in
2205 3849 2272 3887 eo
2305 3832 2512 3886 divinae
2541 3830 2855 3901 majestatis
2896 3830 3160 3899 ostendit,
3208 3847 3312 3901 per
3350 3831 3459 3885 hoc

129 3954 282 4007 turam
302 3996 314 4020 ,
365 3954 629 4009 divinam
650 3993 664 4018 ,
724 3947 962 4004 Domino
1013 3946 1280 4016 loquente
1332 3940 1401 3995 ad
1458 3940 1683 4008 Moysen
1714 3952 1727 3990 :
1829 3932 2022 3983 autem
2054 3927 2207 3998 quod
2233 3925 2455 3995 adjecit,
2485 3925 2726 3978 formam
2756 3922 2901 3977 servi
2928 3924 3162 3994 accepit,
3193 3927 3461 3978 naturam

132 4066 152 4091 α
176 4016 318 4113 Ecce,
345 4047 561 4118 inquit,
588 4016 750 4098 mitto
776 4041 1049 4112 angelum
1079 4052 1275 4091 meum
1321 4033 1419 4105 qui
1449 4029 1732 4104 praecedat
1830 4020 2204 4076 humanitatis
2224 4018 2525 4091 significat,
2543 4021 2600 4071 et
2620 4017 2827 4071 iterum
2846 4033 2859 4070 :
2879 4016 3059 4071 «Cum
3075 4022 3237 4086 esset,
3252 4017 3459 4089 inquit,

128 4139 190 4203 te,
218 4109 444 4194 observa
489 4109 631 4194 eum
677 4140 734 4190 et
777 4109 910 4189 audi
947 4147 1148 4186 vocem
1189 4129 1312 4199 ejus
1347 4125 1541 4197 (Exod.
1574 4139 1729 4189 xxm,
1833 4116 2009 4182 dives,
2050 4129 2266 4185 pauper
2294 4112 2472 4165 factus
2523 4114 2607 4165 est
2646 4109 2722 4179 (II
2749 4112 2867 4167 Cor.
2910 4126 3026 4177 vni,
3060 4112 3131 4180 9),
3166 4132 3194 4159 η
3226 4115 3289 4166 ut
3313 4111 3462 4165 illius

129 4233 218 4300 20),
246 4254 270 4280 η
296 4234 423 4304 quia
451 4237 547 4287 est
583 4244 797 4285 nomen
824 4241 1020 4281 meum
1048 4225 1106 4279 in
1136 4224 1257 4289 illo,
1286 4222 1621 4281 humanam,
1650 4217 1731 4270 lo-
1832 4208 2027 4280 inopia
2070 4223 2172 4262 nos
2216 4203 2414 4260 divites
2462 4219 2737 4271 essemus;
2784 4203 2882 4256 ubi
2928 4204 3083 4257 enim
3126 4203 3285 4273 dixit,
3330 4220 3461 4258 cum

132 4330 310 4391 quente
356 4326 569 4381 eodem
616 4321 854 4377 Domino
893 4319 966 4373 ad
994 4317 1277 4372 Abraham
1309 4330 1322 4367 :
1363 4333 1391 4362 ‹‹
1428 4313 1484 4365 In
1516 4308 1734 4363 semine
1834 4304 1981 4356 esset
2015 4300 2187 4366 dives,
2223 4298 2428 4352 divinae
2471 4301 2689 4350 naturae
2731 4296 2911 4367 gloria
2958 4296 3246 4367 panditur,
3283 4301 3340 4352 et
3367 4296 3463 4352 ubi

130 4389 209 4469 tuo
234 4418 639 4474 benedicentur
669 4430 871 4469 omnes
900 4416 1100 4483 gentes
1129 4409 1279 4478 (Gen.
1314 4422 1448 4474 xxu,
1481 4405 1587 4472 18),
1622 4422 1649 4451 »
1677 4399 1736 4454 id
1836 4394 2063 4464 adjecit,
2092 4408 2306 4463 pauper
2326 4390 2506 4444 factus
2533 4392 2634 4457 est,
2660 4389 2941 4473 humanas
2969 4389 3315 4444 inﬁrmitatis
3341 4392 3468 4444 sub-

134 4513 219 4579 est,
240 4511 295 4566 in
320 4528 491 4567 carne
513 4507 749 4575 Christi,
778 4482 921 4577 quae,
936 4505 1007 4559 de
1037 4501 1274 4558 Abrahae
1299 4499 1476 4569 stirpe
1504 4498 1733 4550 descen-
1754 4500 1814 4572 D
1831 4486 2002 4557 jectio
2019 4485 2439 4540 demonstratur
2459 4487 2628 4553 atque
2650 4482 2867 4537 servilis
2888 4482 3114 4538 habitus
3134 4483 3461 4553 assumptio.

135 4575 218 4657 dit.
244 4604 551 4676 Prophetia
578 4602 639 4656 in
664 4575 899 4672 psalmis
928 4597 1033 4652 sub
1061 4611 1176 4650 una
1203 4594 1517 4662 eademque
1534 4586 1739 4643 Christi
1838 4583 1979 4636 Item
2022 4578 2082 4632 in
2126 4578 2249 4648 ipso
2290 4576 2453 4630 initio
2494 4575 2786 4646 apostolici
2836 4576 3079 4645 symboli
3112 4577 3341 4646 gemina
3388 4576 3468 4631 sic

133 4710 345 4764 persona
386 4699 465 4753 sic
516 4694 773 4751 ostendit
796 4697 1101 4761 utramque
1143 4691 1432 4752 naturam,
1461 4682 1736 4749 divinam,
1840 4672 2159 4729 ostenditur
2184 4670 2243 4724 in
2270 4686 2386 4723 uno
2431 4668 2744 4738 eodemque
2769 4668 2990 4723 Christo
3022 4673 3239 4723 naturae
3266 4668 3462 4724 distin-

135 4758 419 4844 secundum
469 4787 636 4854 illud,
688 4804 716 4837 ‹‹
748 4801 815 4837 ex
858 4758 1030 4838 utero
1069 4782 1201 4834 ante
1237 4776 1540 4854 luciferum
1568 4768 1740 4842 genui
1840 4765 1970 4831 ctio,
1999 4764 2223 4819 deitatis
2261 4778 2327 4815 ex
2370 4762 2556 4825 Patre,
2604 4759 2744 4814 dum
2788 4758 2959 4815 dicit:
2991 4761 3172 4815 Credo
3197 4762 3257 4816 in
3290 4778 3467 4817 unum

135 4882 179 4932 te
217 4882 374 4950 (Psal.
408 4899 525 4953 cxx,
552 4846 633 4950 3),
662 4902 689 4929 »
735 4879 1066 4940 humanam,
1108 4870 1419 4927 secundum
1464 4846 1593 4931 h‘oc,
1627 4886 1655 4913 ‹‹
1688 4865 1743 4917 et
1843 4861 2018 4913 Deum
2049 4859 2269 4910 Patrem
2295 4854 2767 4923 omnipotentem,
2800 4857 2857 4907 et
2880 4852 2940 4907 in
2964 4854 3251 4909 Christum
3275 4857 3470 4910 Jesum

136 4970 283 5028 homo
309 4980 475 5031 natus
508 4979 596 5030 est
623 4974 681 5027 in
711 4988 798 5038 ea,
842 4976 898 5025 et
939 4969 1062 5039 ipse
1104 4963 1362 5020 fundavit
1403 4976 1531 5015 eam
1571 4956 1740 5028 (Psal.
1843 4952 2045 5007 Filium
2062 4946 2777 5019 ejusunicum,Dominum
2802 4950 3079 5016 nostrum,
3102 4948 3473 5005 humanitatis

136 5080 324 5138 LXXXVI,
356 5074 428 5139 5);
465 5091 495 5118 »
526 5067 803 5133 divinam,
836 5061 1152 5118 secundum
1180 5056 1319 5113 illud
1349 5072 1363 5109 :
1401 5075 1428 5104 α
1462 5048 1746 5106 Eructavit
1778 5066 1785 5071 ε
1844 5062 1915 5101 ex
1945 5049 2145 5110 matre,
2174 5041 2311 5096 dum
2358 5038 2587 5111 adjecit,
2616 5042 2815 5093 natum
2843 5041 2913 5094 de
2943 5040 3153 5111 Spiritu
3179 5047 3374 5098 sancto
3403 5059 3472 5098 ex

136 5174 219 5214 cor
242 5179 427 5218 meum
458 5161 702 5216 verbum
743 5159 960 5213 bonum
1006 5154 1174 5225 (Psal.
1206 5166 1349 5216 XLIV,
1376 5148 1451 5216 2),
1482 5168 1509 5195 »
1538 5145 1739 5198 huma-
1846 5142 2009 5194 utero
2040 5135 2224 5192 Maria!
2250 5132 2504 5204 virginis.
2556 5134 2693 5186 Ecce
2742 5149 2807 5186 ex
2839 5136 3082 5205 utroque
3112 5136 3474 5190 Testamento

136 5268 269 5323 nam,
297 5256 615 5311 secundum
652 5254 763 5308 hoc
790 5268 804 5306 :
840 5271 868 5300 «
898 5248 1191 5321 Speciosus
1232 5244 1417 5297 forma
1460 5254 1580 5310 prae
1619 5236 1746 5290 ﬁliis
1846 5233 1973 5287 duae
2001 5234 2219 5285 naturae
2249 5228 2307 5281 in
2334 5227 2576 5295 Christo,
2608 5225 2916 5281 divinitatis
2944 5244 3076 5296 una,
3103 5228 3473 5283 humanitatis

136 5318 414 5403 hominum
443 5349 611 5419 (Psal.
640 5362 787 5412 xuv,
815 5346 890 5415 8).
920 5318 956 5391 n—
994 5337 1300 5410 Prophetia
1328 5336 1388 5389 in
1433 5328 1747 5387 Proverbiis
1845 5327 2042 5390 altera,
2084 5338 2212 5393 qua:
2255 5319 2485 5391 quidem
2526 5318 2759 5390 gemina
2786 5337 2960 5374 unam
2992 5321 3125 5375 fecit
3147 5337 3475 5391 personam,

136 5438 186 5493 in
205 5458 313 5497 una
334 5444 655 5512 eademque
675 5437 881 5494 Christi
911 5450 1153 5507 persona
1167 5432 1247 5486 sic
1271 5429 1522 5485 declarat
1539 5428 1749 5478 utram-
1849 5418 1977 5490 quia
2007 5432 2153 5470 unus
2174 5414 2442 5484 idemque
2459 5412 2739 5467 mediator
2758 5412 2853 5466 Dei
2881 5418 2938 5467 et
2960 5413 3273 5478 hominum,
3303 5414 3476 5469 homo

136 5548 233 5602 que
257 5541 544 5604 naturam,
567 5534 822 5588 divinam
848 5528 1159 5586 secundum
1184 5523 1347 5591 illud,
1379 5522 1561 5574 «ante
1580 5516 1752 5571 colles
1848 5512 2101 5567 Christus
2123 5510 2303 5563 .Iesus.

139 5629 319 5695 genuit
348 5646 442 5684 me
482 5628 592 5699 (Job
621 5643 711 5695 xv,
740 5626 815 5698 7),
848 5647 875 5675 ››
914 5624 1232 5678 humanam
1269 5614 1582 5671 secundum
1618 5610 1748 5677 hoc,
1919 5605 2045 5658 Jam
2086 5619 2221 5656 vero
2268 5601 2336 5655 de
2383 5598 2646 5671 passione
2674 5598 2929 5668 ejusdem
2962 5597 3263 5652 Salvatoris
3297 5601 3475 5655 nostri

143 5721 458 5777 «Dominus
519 5721 727 5777 creavit
766 5735 860 5774 me
917 5718 977 5772 in
1023 5713 1185 5770 initio
1238 5710 1458 5764 viarum
1520 5718 1753 5759 suarum
1854 5699 1913 5752 et
1940 5696 2167 5752 Domini
2214 5696 2347 5749 Jesu
2391 5692 2599 5749 Christi
2642 5707 2813 5762 quam
2854 5690 2913 5743 in
2959 5690 3072 5744 sola
3102 5690 3474 5761 humanitate,

143 5812 300 5885 (Prov.
332 5832 451 5887 vni,
498 5818 603 5889 22);
638 5834 665 5867 ››
696 5813 944 5869 divinam
993 5805 1309 5864 secundum
1352 5799 1514 5869 illud,
1559 5819 1586 5848 «
1619 5811 1753 5851 nec-
1856 5807 1970 5847 non
1991 5792 2051 5846 in
2081 5789 2294 5871 deitate
2321 5786 2609 5860 sustinuit,
2633 5784 2776 5841 sicut
2802 5782 3060 5859 superius
3090 5784 3231 5860 legis
3262 5790 3319 5844 et
3342 5804 3478 5860 pro.
