3946 6180
523 255 623 313 603
1416 252 1699 311 APPEND.
1741 253 1828 310 AD
1866 255 2024 311 SEC.
2065 253 2154 309 IX.
2184 283 2254 294 --
2290 245 2535 309 ISIDORI
2570 244 2993 309 MERCATORIS
3697 261 3777 316 604

517 365 814 435 phetarum
840 361 1163 428 auctoritas,
1190 361 1626 432 Evangeliorum
1656 379 1879 433 quoque
1907 367 1964 416 et
2005 377 2140 431 apo-
2165 377 2222 450 Α
2244 377 2411 416 carne
2447 360 2807 431 judicantem
2833 359 3107 414 videbunt
3129 358 3158 413 ?
3197 358 3328 414 Ecce
3357 363 3706 431 pronuntiatur
3729 384 3780 422 ex

517 457 790 512 stolorum
815 454 1140 526 praedicatio
1170 454 1490 509 adhibenda
1517 461 1636 510 est:
1662 457 1753 509 lex
1782 456 1850 510 de
1879 456 2141 526 passione
2240 453 2367 523 lege
2413 457 2470 507 et
2519 453 2830 523 prophetis.
2872 453 3042 523 Cujus
3090 452 3317 523 quidem
3357 454 3478 508 ﬁdei
3519 456 3692 511 veritas
3721 465 3783 513 est

517 549 767 619 corporis
792 547 1000 602 Christi
1026 547 1104 601 sic
1130 546 1303 602 dicit:
1343 569 1370 596 ‹‹
1404 549 1639 603 Lavabit
1667 549 1726 602 in
1770 549 1900 602 vino
1939 549 2142 603 stolam
2243 551 2354 600 tam
2410 547 2635 612 efﬁcax,
2689 550 2751 599 ut
2805 562 2935 600 eam
2992 562 3095 600 nec
3145 547 3366 616 tyranni
3413 563 3504 600 sua
3553 551 3784 618 potuerint

516 657 696 710 suam,
726 645 781 694 et
808 640 866 694 in
892 640 1168 711 sanguine
1198 657 1318 694 uvae
1345 641 1580 711 pallium
1609 658 1775 695 suum
1808 641 1954 710 (Gen.
2000 657 2140 707 κως,

517 736 622 804 11).
667 755 694 782 η
721 733 862 798 Quid
895 733 988 787 hic
1023 733 1254 804 pallium
1275 735 1301 788 τ
1333 734 1466 804 quid
1499 735 1654 802 stola,
1686 734 1797 788 nisi
1821 751 1954 788 caro
1981 734 2138 790 Chri-

515 828 587 881 sti
629 827 902 898 passionis
947 826 1223 896 sanguine
1283 826 1591 881 decorata?
1643 827 1764 881 haac
1816 827 1971 880 enim
2026 827 2143 880 sola

514 920 883 975 contumelias
935 919 1114 974 crucis
1157 919 1441 988 sustinuit,
1495 920 1697 975 divinae
1748 937 1882 975 vero
1927 922 2144 974 natura;

517 1013 780 1083 majestas
824 1013 968 1066 nihil
1014 1012 1235 1082 injuriae
1285 1013 1491 1080 sensit;
1521 1014 1797 1084 propheta
1824 1029 2046 1084 quoque
2083 1013 2143 1066 in

515 1106 748 1177 psalmis
775 1106 1099 1176 passionem
1132 1105 1336 1160 Christi
1370 1105 1427 1159 in
1458 1123 1627 1160 carne
1654 1108 1772 1161 sola
1797 1107 1872 1160 sic
1901 1106 2099 1160 asserit
2127 1122 2140 1160 :

519 1220 548 1248 «
581 1199 862 1253 Fuderunt
879 1216 1080 1253 manus
1105 1215 1257 1254 meas
1281 1201 1339 1252 et
1357 1200 1527 1269 pedes
1553 1216 1729 1267 meos,
1753 1200 2145 1253 dinumerave-

519 1297 653 1346 runt
685 1293 876 1346 omnia
903 1309 1025 1346 ossa
1056 1309 1185 1345 mea
1216 1292 1380 1360 (Psal.
1411 1309 1520 1358 XXI,
1559 1293 1665 1362 l7),
1703 1314 1730 1340 υ
1761 1293 1858 1346 ubi
1886 1308 2003 1346 non
2032 1291 2146 1344 dei-

518 1384 670 1451 tatis,
689 1383 790 1438 sed
803 1387 1029 1438 tantum
1043 1383 1297 1454 corporis
1311 1383 1516 1454 injuria
1527 1383 1886 1455 intelligitur.
1900 1385 1979 1438 Ibi
1991 1383 2143 1437 enim

520 1477 908 1531 membrorum
933 1477 1346 1547 signiﬁcatione
1373 1479 1491 1532 sola
1519 1494 1645 1532 caro
1677 1478 1846 1531 clavis
1872 1492 2147 1548 suspensa

520 1571 580 1625 in
613 1569 767 1642 ligno
793 1575 961 1641 atque
992 1569 1195 1624 sufﬁxa
1236 1570 1660 1640 pronuntiatur,
1709 1570 1852 1624 sicut
1883 1573 1941 1624 et
1965 1570 2026 1624 in
2055 1571 2143 1623 Je-

520 1663 702 1718 remia
730 1662 956 1734 legitur,
983 1685 1010 1712 «
1032 1663 1253 1730 Venite,
1284 1663 1580 1717 mittamus
1606 1663 1830 1734 lignum
1851 1664 1909 1716 in
1939 1679 2145 1734 panem

2242 639 2578 693 crudelitate
2624 639 2993 705 confundere,
3039 655 3146 692 nec
3186 639 3559 694 hereticorum
3603 642 3785 697 subdola

2243 731 2647 785 circumventio
2688 731 3050 802 pessundare,
3088 746 3191 786 nec
3236 732 3625 802 hypocritarum
3658 735 3782 789 dimi-

2245 842 2420 879 nuere
2448 825 2622 878 fallax
2643 824 2944 878 simulatio.

2314 920 2685 972 Transeamus
2733 918 2868 971 inde
2923 917 2992 971 ad
3042 918 3366 988 Evangelia,
3413 917 3484 972 ibi
3531 935 3787 989 quaeramus

2242 1011 2530 1066 Christum
2575 1011 2773 1064 Filium
2821 1011 2920 1064 Dei
2948 1011 3008 1064 in
3047 1012 3169 1064 sola
3194 1026 3356 1066 carne
3380 1015 3609 1081 portasse
3629 1013 3784 1068 valitu-

2245 1103 2405 1157 dines
2438 1103 2704 1173 passionis
2731 1109 2784 1157 et
2815 1103 3083 1173 injuriam
3107 1104 3306 1172 crucis,
3333 1104 3584 1175 loquente
3606 1105 3703 1176 ipso
3723 1107 3786 1159 di-

2245 1196 2473 1266 scipulis
2500 1213 2512 1249 :
2547 1220 2573 1244 ‹‹
2603 1198 2743 1250 Ecce
2771 1197 3128 1251 ascendimus
3171 1197 3583 1267 Jerosolymam,
3618 1202 3666 1250 et
3687 1215 3785 1251 con-

2245 1289 2687 1343 summabuntur
2711 1289 2905 1342 omnia
2919 1306 3046 1360 quae
3072 1289 3278 1359 scripta
3297 1293 3424 1342 sunt
3440 1306 3536 1360 per
3549 1290 3788 1360 prophetas

2245 1382 2314 1436 de
2339 1381 2473 1435 Filio
2503 1382 2770 1449 hominis,
2799 1383 3054 1437 tradetur
3080 1383 3234 1437 enim
3263 1381 3533 1453 gentibus,
3562 1385 3611 1435 et
3634 1382 3786 1436 illude-

2246 1480 2339 1529 tur
2365 1480 2421 1529 et
2448 1475 2844 1545 ﬂagellabitur,
2871 1479 2929 1529 et
2963 1480 3325 1546 eonspuetur,
3352 1478 3407 1530 et
3428 1480 3688 1546 postquam
3713 1476 3787 1528 ila-

2248 1568 2596 1637 gellaverint,
2629 1567 2886 1623 occident
2927 1584 3079 1636 eum,
3110 1573 3168 1622 et
3190 1568 3249 1620 in
3287 1567 3375 1622 die
3412 1567 3567 1621 tertia
3593 1571 3791 1637 resurget

2248 1661 2394 1729 (Luc.
2426 1677 2579 1730 vaII,
2608 1664 2696 1726 31,
2731 1663 2840 1731 33),
2870 1682 2899 1710 »
2929 1661 3078 1732 quod
3114 1665 3301 1715 totum
3331 1660 3390 1714 in
3417 1658 3616 1714 Christo
3638 1675 3789 1713 secun-

521 1756 642 1826 ejus
673 1757 796 1822 (Jer.
827 1771 901 1822 XI,
937 1758 1042 1825 19),
1075 1777 1102 1803 »
1137 1755 1191 1810 id
1221 1760 1325 1821 est,
1355 1772 1578 1810 crucem
1622 1757 1680 1810 in
1730 1772 1965 1827 corpore
2002 1755 2140 1825 ejus.
2167 1743 2222 1814 B
2248 1753 2383 1807 dum
2407 1753 2702 1808 hominem
2725 1753 3090 1823 dictum,non
3121 1755 3194 1808 ad
3221 1753 3571 1807 substantiam
3600 1752 3788 1814 deitatis,

518 1850 712 1920 Neque
739 1849 890 1904 enim
924 1847 1184 1903 divinitas
1209 1849 1363 1919 ligno
1390 1849 1659 1920 suspendi
1685 1849 1890 1920 potuit,
1911 1849 2011 1904 sed
2031 1850 2148 1902 sola

519 1941 844 1997 humanitas
882 1941 939 1995 in
989 1958 1154 1996 cruce
1195 1941 1396 1996 sufﬁxa
1443 1943 1729 2012 pependit.
1776 1942 1945 2012 Cujus
1975 1941 2147 1995 etiam

518 2052 648 2090 caro
674 2035 1038 2090 tolerantiam
1064 2035 1264 2089 mortis
1292 2051 1560 2106 perpessa
1577 2036 1653 2089 sic
1674 2035 1993 2091 ostenditur
2012 2035 2144 2088 alibi

519 2128 655 2182 dum
682 2127 929 2181 dicitur:
965 2147 992 2176 (ι
1024 2128 1164 2181 Caro
1208 2143 1336 2182 mea
1375 2127 1689 2198 requiescet
1737 2127 1794 2182 in
1838 2143 1935 2197 spe
1979 2127 2143 2194 (Psal.

519 2237 612 2287 xv,
639 2221 712 2288 9),
741 2239 768 2269 »
795 2219 992 2289 utique
1021 2219 1152 2288 quia
1191 2220 1306 2273 sola
1351 2219 1409 2273 in
1453 2220 1668 2274 Christo
1697 2219 1931 2273 materia
1961 2219 2147 2273 carnis

520 2313 717 2367 mortis
746 2311 1056 2381 fragilitate
1088 2311 1373 2378 defuncta,
1396 2328 1556 2382 spem
1581 2311 2009 2372 resurrectionis
2028 2328 2144 2366 suae

521 2404 905 2476 exspectabat,
949 2409 1006 2459 et
1050 2405 1170 2459 sine
1213 2406 1577 2476 corruptione
1619 2411 1976 2476 recepturam
2004 2406 2142 2460 dum

521 2496 717 2568 adjicit
745 2513 757 2552 :
789 2517 817 2549 (ι
835 2499 947 2552 Nec
969 2497 1128 2552 dabis
1147 2503 1404 2553 sanctum
1423 2504 1586 2553 tuum
1614 2498 1806 2554 videre
1838 2498 2147 2570 corruptio-

519 2606 654 2645 nem
698 2590 840 2661 (Act.
877 2608 934 2654 II,
980 2594 1088 2662 27).
1130 2612 1158 2641 ››
1211 2593 1477 2648 Salomon
1534 2596 1727 2648 autem
1784 2593 1843 2646 in
1901 2592 2145 2647 Canticis

518 2685 868 2739 canticorum
895 2683 1219 2755 passionem
1245 2686 1431 2739 carnis
1458 2685 1660 2741 Christi
1705 2686 1783 2740 sic
1826 2685 2144 2756 praedicans

519 2778 654 2832 dicit
687 2795 700 2831 ε
738 2800 765 2828 ‹‹
794 2778 984 2832 Manus
1009 2794 1154 2831 mea:
1197 2777 1609 2832 distillaverunt
1635 2778 1947 2849 myrrham,
1979 2782 2035 2831 et
2059 2777 2140 2832 di-

521 2870 622 2941 giti
647 2872 764 2924 mei
793 2873 1012 2940 guttam
1040 2870 1214 2939 (Cant.
1243 2887 1297 2938 v,
1331 2873 1402 2939 5),
1437 2893 1466 2920 »
1499 2870 1597 2925 ubi
1622 2871 1939 2941 specialiter
1963 2876 2145 2925 osten-

520 2954 673 3018 ditur
713 2962 772 3017 in
817 2961 1079 3017 manibus
1117 2980 1181 3017 ac
1223 2963 1417 3034 digitis
1456 2965 1630 3018 solam
1666 2980 1896 3018 carnem
1940 2964 2142 3020 Christi

518 3055 752 3110 infixam
802 3054 1012 3125 stipite,
1059 3056 1203 3111 sicut
1243 3057 1300 3110 in
1344 3057 1560 3128 psalmo
1601 3058 1909 3112 centesimo
1952 3062 2143 3112 octavo

521 3147 741 3203 decimo
767 3148 980 3220 legitur
1006 3166 1019 3202 :
1055 3171 1082 3197 ‹‹
1111 3149 1344 3222 Conﬁge
1394 3151 1560 3204 clavis
1590 3151 1809 3205 timoris
1837 3150 1921 3205 tui
1949 3168 2145 3206 carnes

518 3256 678 3296 meas
707 3242 872 3311 (Psal.
921 3258 1105 3311 CLVIII,
1143 3244 1282 3313 120).
1335 3265 1362 3292 »
1417 3243 1587 3298 Isaias
1629 3247 1822 3299 autem
1861 3244 2145 3300 Christum

517 3333 577 3389 in
605 3335 724 3389 sola
738 3335 1095 3390 humanitate
1113 3351 1242 3406 quae
1270 3337 1554 3408 apparuit,
1576 3337 1855 3408 passionis
1877 3338 2145 3408 injuriam

519 3427 826 3500 suscepisse
868 3427 948 3483 ita
986 3428 1246 3500 praedixit
1279 3448 1292 3484 :
1331 3452 1357 3479 «
1390 3431 1596 3499 Homo,
1625 3429 1828 3502 inquit,
1868 3431 1930 3485 in
1975 3433 2146 3502 plaga

520 3525 577 3576 et
601 3522 780 3576 sciens
831 3521 978 3576 ferre
1009 3521 1390 3593 infirmitates,
1423 3540 1552 3578 vere
1582 3524 1885 3594 languores
1919 3529 2146 3580 nostros

518 3614 638 3685 ipse
667 3614 913 3685 portavit
959 3614 1086 3685 (Isa.
1113 3631 1227 3683 LIII,
1266 3615 1339 3688 II);
1382 3635 1408 3667 ι)
1457 3617 1585 3687 quis
1635 3617 1756 3688 ipse
1799 3616 1906 3671 nisi
1950 3617 2146 3689 utique

518 3707 728 3762 homo?
766 3709 908 3762 Nam
935 3708 1072 3780 pati,
1103 3713 1158 3763 et
1182 3709 1427 3764 deficere
1462 3710 1521 3763 in
1547 3709 1644 3763 illo
1673 3714 1877 3764 natura
1903 3710 2002 3764 Dei
2028 3728 2145 3765 non

519 3801 724 3872 potuit,
755 3802 852 3856 sed
880 3803 1060 3857 homo
1086 3802 1330 3874 portavit
1359 3802 1416 3856 in
1454 3819 1521 3857 eo
1554 3804 1878 3874 passionem
1908 3809 1962 3859 et
1989 3821 2144 3858 mor-

518 3901 655 3960 tem,
683 3895 742 3949 in
768 3911 882 3966 quo
917 3899 975 3950 et
1012 3896 1135 3966 ipsa
1173 3912 1326 3951 mors
1353 3896 1526 3952 habet
1555 3897 1961 3952 conditionem.
2007 3899 2146 3952 Nam

517 4004 647 4042 cum
676 4000 808 4043 eum
835 3988 1048 4043 diceret
1071 3988 1265 4044 venire
1294 3989 1362 4044 de
1387 3990 1549 4044 Edon
1581 3991 1770 4044 tinctis
1798 3991 2046 4045 vestibus
2074 3990 2145 4044 de

521 4081 686 4136 Bosra
736 4081 986 4152 adjecit:
1023 4102 1051 4130 «
1085 4081 1272 4146 Quare
1317 4081 1556 4137 rubrum
1613 4087 1696 4137 est
1749 4083 2146 4139 vestimentum

519 4177 702 4239 tuum,
724 4177 781 4228 et
805 4172 1208 4228 indumentum
1233 4179 1398 4229 tuum
1428 4179 1703 4247 tanquam
1733 4176 2070 4231 calcantium
2087 4176 2146 4231 in

517 4265 832 4320 torculari?
873 4267 998 4336 (Isa.
1030 4282 1176 4332 LxIII,
1207 4267 1284 4337 2.)
1318 4288 1342 4316 ››
1384 4268 1526 4331 Quid
1556 4268 1646 4322 hic
1689 4285 1794 4339 per
1836 4268 2143 4324 vestimen-

519 4363 644 4412 tum
675 4374 843 4414 suum
885 4361 1160 4430 tanquam
1209 4360 1546 4414 calcantium
1577 4361 1637 4414 in
1668 4361 1932 4415 torculari
1951 4362 1978 4415 τ
2001 4362 2146 4426 Quid

2165 3103 2220 3178 C

2246 1846 2342 1900 sed
2373 1846 2446 1900 ad
2483 1852 2749 1901 naturam
2780 1848 3030 1918 pertinet
3069 1847 3278 1917 carnis,
3307 1847 3456 1919 quod
3487 1846 3642 1902 etiam
3665 1845 3710 1898 in
3731 1862 3788 1898 se-

2245 1940 2548 2010 quentibus
2567 1941 2818 2007 docetur,
2835 1941 3046 1995 Judaeis
3067 1941 3382 1996 dicentibus
3393 1940 3614 2006 Christo,
3635 1957 3658 1988 ι(
3674 1936 3790 2000 Quod

2245 2032 2472 2102 signum
2519 2033 2767 2088 ostendis
2820 2033 3002 2100 nobis,
3032 2034 3166 2105 quia
3209 2035 3317 2089 hoc
3357 2033 3528 2088 facis?
3577 2034 3716 2099 (Joan.
3748 2045 3788 2096 ιι,

2250 2128 2353 2192 18.)
2385 2143 2414 2175 ι)
2460 2127 2527 2179 Et
2573 2125 2712 2179 dixit
2751 2128 2911 2180 Iesus
2950 2144 2964 2179 :
3013 2147 3041 2175 «
3075 2127 3281 2182 Solvite
3321 2127 3425 2180 hoc
3464 2125 3719 2194 templum,
3753 2126 3792 2174 et

2245 2222 2372 2289 post
2416 2217 2672 2272 triduum
2719 2219 2995 2274 suscitabo
3036 2219 3175 2274 illud
3221 2221 3396 2291 (Joan.
3444 2235 3498 2287 II,
3540 2218 3631 2286 19),
3658 2237 3676 2265 ι
3719 2215 3791 2267 hoc

2245 2316 2435 2365 autem
2465 2311 2602 2365 dixit
2629 2312 2697 2366 de
2727 2313 2942 2383 templo
2985 2313 3236 2384 corporis
3266 2313 3370 2380 sui,
3396 2327 3523 2366 nam
3551 2315 3602 2364 et
3623 2310 3670 2362 in
3701 2324 3788 2378 pas-

2246 2403 2404 2458 sione
2459 2421 2582 2470 sua,
2633 2405 2772 2459 dum
2817 2405 3129 2476 corripiens
3184 2406 3546 2478 proditorem,
3591 2403 3789 2457 diceret:

2247 2499 2458 2563 «Juda,
2506 2499 2694 2552 osculo
2749 2499 2954 2552 Filium
2999 2499 3250 2554 hominis
3287 2498 3494 2554 tradis?
3530 2497 3657 2566 (Luc.
3695 2507 3790 2554 xm,

2243 2591 2353 2660 48.)
2383 2613 2410 2640 ››
2443 2590 2623 2654 Quem
2651 2591 2876 2646 tradere
2902 2592 3256 2662 proditorem
3284 2591 3564 2663 signiﬁcat,
3593 2588 3682 2642 nisi
3715 2587 3791 2640 ho-

2244 2683 2461 2738 minem
2501 2700 2672 2754 quem
2708 2688 2767 2738 et
2795 2685 3392 2756 comprehenderunt?
3430 2685 3544 2738 Non
3582 2680 3790 2735 deitatem

2243 2793 2413 2848 quam
2460 2777 2648 2831 caecati
2701 2778 2938 2848 perﬁdia
2995 2795 3313 2850 agnoscere
3370 2794 3483 2833 non
3534 2775 3790 2848 potuerunt,

2245 2869 2449 2924 Beatus
2475 2873 2665 2924 autem
2697 2871 2984 2941 apostolus
3008 2872 3220 2926 Paulus
3243 2872 3517 2927 Christum
3540 2870 3594 2923 in
3619 2866 3791 2921 homine

2244 2963 2426 3017 solum
2452 2963 2749 3033 pertulisse
2776 2980 3003 3018 crucem
3033 2964 3112 3018 sic
3142 2965 3349 3020 asserit
3377 2981 3389 3020 :
3424 2986 3450 3014 «
3477 2965 3540 3019 Ut
3560 2963 3717 3024 homo,
3737 2959 3792 3011 in-

2246 3056 2386 3126 quit,
2431 3055 2750 3110 humiliavit
2796 3057 3189 3128 semetipsum,
3234 3059 3410 3112 factus
3458 3055 3692 3111 obediens
3724 3067 3788 3103 us-

2244 3165 2354 3222 que
2404 3149 2474 3204 ad
2521 3153 2790 3216 mortem,
2836 3153 3080 3205 mortem
3125 3156 3322 3206 autem
3351 3150 3520 3206 crucis
3553 3149 3730 3216 (Philip.
3750 3157 3789 3206 ιι,

2245 3246 2317 3311 8).
2343 3263 2370 3295 »
2417 3244 2522 3308 Qui
2562 3243 2802 3314 proinde
2835 3243 2976 3298 dixit
3023 3249 3084 3298 ut
3129 3245 3326 3314 homo,
3358 3249 3422 3300 ut
3455 3239 3792 3312 nuncupatione

2247 3336 2493 3391 hominis
2541 3337 2822 3391 distinctio
2875 3343 3100 3392 natura:
3146 3339 3524 3394 insinuaretur
3561 3330 3790 3408 passibilisy

2245 3435 2395 3505 quod
2444 3433 2788 3488 confirmans
2839 3435 2980 3489 alias
3023 3435 3102 3488 ait
3145 3452 3158 3489 :
3212 3457 3240 3485 «
3282 3439 3367 3490 An
3419 3432 3790 3505 experimentum

2245 3527 2498 3598 quaeritis
2524 3527 2645 3596 ejus
2673 3527 2772 3598 qui
2800 3527 2858 3582 in
2887 3544 2979 3582 me
3003 3528 3264 3599 loquitur
3289 3528 3575 3585 Christus?
3610 3525 3690 3596 qui
3709 3537 3788 3576 non

2247 3619 2589 3689 inﬁrmatur,
2621 3621 2718 3675 sed
2749 3624 2947 3692 potens
2973 3625 3059 3676 est
3083 3621 3143 3675 in
3166 3623 3346 3677 vobis.
3385 3623 3519 3676 Nam
3563 3624 3611 3673 et
3642 3616 3679 3670 si
3707 3629 3791 3668 crus

2247 3713 2444 3768 ciﬁxus
2473 3715 2558 3768 est
2594 3730 2660 3768 ex
2707 3713 3055 3782 infirmitate,
3108 3714 3207 3770 sed
3253 3715 3386 3771 vivit
3431 3731 3496 3769 ex
3533 3713 3705 3767 virtute
3724 3703 3790 3762 Dei

2247 3806 2323 3878 (II
2343 3809 2462 3864 Cor.
2497 3823 2612 3874 XIII,
2643 3809 2752 3876 34).
2782 3828 2810 3856 ››
2842 3809 3043 3863 Passus
3069 3811 3155 3862 est
3185 3825 3326 3880 ergo
3355 3807 3592 3864 Christus
3615 3807 3661 3858 et
3679 3815 3789 3855 mor-

2245 3902 2398 3966 tuus,
2429 3900 2524 3954 sed
2563 3917 2632 3955 ex
2665 3903 2855 3955 nostra
2898 3901 3255 3969 inﬁrmitate,
3290 3901 3420 3957 vivit
3440 3904 3614 3955 autem
3639 3898 3791 3965 impar

2245 3996 2420 4051 sibilis
2445 4002 2500 4052 et
2525 3997 2885 4066 immortalis,
2916 3998 3014 4054 sed
3055 4016 3122 4053 ex
3162 4016 3266 4054 sua
3294 3999 3516 4066 virtute,
3543 4011 3653 4068 quae
3677 3994 3791 4045 tanta

2248 4095 2350 4157 est,
2377 4092 2443 4144 ut
2469 4089 2528 4144 in
2550 4107 2607 4145 se
2635 4107 2740 4146 nec
2765 4092 3090 4162 passionem
3113 4092 3369 4164 recipiat,
3385 4108 3482 4147 nec
3505 4094 3710 4146 mortem
3726 4080 3791 4136 ad-

2245 4182 2454 4238 mittat.
2483 4185 2679 4238 Petrus
2706 4201 2936 4256 quoque
2965 4186 3274 4256 apostolus,
3303 4186 3554 4257 princeps
3579 4175 3792 4252 apostolo-

2245 4292 2394 4341 rum,
2426 4276 2630 4332 Christi
2678 4277 3019 4348 supplicium
3063 4279 3140 4333 sic
3184 4279 3454 4350 praedicat
3492 4279 3544 4331 in
3576 4274 3674 4328 solo
3703 4283 3789 4323 cor-

2245 4385 2384 4439 pore
2411 4375 2872 4425 consummatum
2904 4388 2917 4424 :
2959 4392 2984 4419 ‹‹
3011 4371 3116 4435 Qui
3160 4375 3411 4442 peccata,
3441 4367 3622 4441 inquit,
3649 4363 3791 4418 nostra

518 4451 612 4506 hic
654 4468 757 4523 per
791 4451 1188 4507 indumentum
1239 4456 1296 4506 et
1337 4451 1736 4509 vestimentum
1783 4455 2021 4510 rubrum
2057 4463 2479 4542 vo-Dpertulit
2526 4464 2584 4518 in
2629 4479 2867 4535 corpore
2911 4481 3011 4519 suo
3057 4481 3230 4536 super
3270 4466 3505 4537 lignum,
3529 4467 3586 4516 ut
3610 4452 3791 4530 peccatis

516 4545 627 4601 luit
649 4546 965 4614 ostendere,
1015 4543 1122 4601 nisi
1173 4547 1349 4601 solam
1379 4545 1584 4602 Christi
1615 4548 1797 4603 carnis
1823 4549 2146 4620 passionem

519 4639 700 4694 crucis
747 4640 1018 4694 infectam
1072 4655 1272 4694 cruore
1305 4641 1333 4692 τ
1386 4639 1543 4694 Unde
1592 4645 1648 4695 et
1707 4641 1830 4712 ipsa
1887 4643 2145 4714 passione

519 4731 818 4806 chlamyde
849 4730 1107 4789 coccinea
1135 4732 1388 4788 Christus
1414 4732 1688 4803 induitur,
1707 4741 1772 4790 ut
1794 4736 1986 4807 imago
2011 4754 2143 4792 san-

523 4829 710 4901 guinis
761 4830 980 4881 tantum
1034 4827 1090 4880 in
1147 4843 1316 4881 carne
1369 4827 1810 4884 demonstretur.
1877 4831 2146 4885 Jeremias

521 4937 748 4992 quoque
775 4936 980 4991 corpus
997 4936 1163 4975 suum
1183 4919 1451 4975 obtulisse
1479 4921 1768 4976 Christum
1797 4921 1856 4976 in
1885 4923 2147 4994 passione

521 5014 601 5068 sic
631 5015 882 5086 loquitur
915 5031 928 5069 :
966 5033 993 5066 ‹‹
1023 5014 1145 5070 Non
1186 5029 1332 5081 sum,
1361 5013 1572 5085 inquit,
1607 5019 1934 5084 contumax,
1962 5033 2147 5089 neque

521 5108 863 5178 contradico,
911 5124 1114 5180 corpus
1151 5124 1347 5164 meum
1379 5107 1505 5164 dedi
1533 5109 1978 5180 percutientibus
2017 5110 2144 5181 (Isa.

520 5218 571 5270 L,
605 5204 678 5270 6),
707 5225 735 5252 ››
767 5218 884 5258 non
909 5201 1047 5256 dixit
1073 5201 1428 5258 divinitatem
1458 5217 1585 5274 quae
1620 5203 1942 5274 passionem
1969 5203 2149 5259 nescit

518 5296 787 5368 perferre.
851 5297 919 5350 Et
969 5295 1176 5350 iterum
1220 5313 1233 5350 :
1281 5317 1309 5344 «
1347 5291 1515 5350 Posui
1571 5297 1825 5368 scapulas
1877 5313 2029 5352 meas
2075 5297 2147 5352 ad

520 5389 762 5460 ﬂagella,
790 5387 1050 5444 maxillas
1075 5388 1147 5443 ad
1165 5388 1389 5460 palmas
1410 5389 1611 5460 (Ibid),
1639 5409 1666 5442 ››
1691 5389 1844 5460 quod
1878 5395 1934 5444 et
1962 5389 2147 5461 ipsum

521 5489 592 5544 ad
623 5487 806 5543 carnis
835 5487 1192 5558 patientiam,
1222 5505 1336 5542 non
1367 5487 1441 5542 ad
1471 5487 1697 5542 deitatis
1725 5489 1972 5543 refertur
1997 5489 2144 5560 inju-

519 5581 689 5636 riam.
707 5582 776 5637 Et
792 5581 1088 5637 Zacharias
1112 5599 1126 5636 :
1152 5603 1179 5631 «
1201 5580 1507 5648 Videbunt,
1535 5580 1740 5651 inquit,
1757 5581 1814 5634 in
1833 5597 2001 5652 quem
2021 5599 2150 5637 con-

521 5673 774 5728 fixerunt
801 5674 977 5745 (Zach.
1010 5691 1105 5744 xn,
1142 5676 1247 5746 10);
1279 5695 1306 5723 »
1339 5688 1513 5745 quem
1537 5672 1732 5740 alium,
1777 5673 1886 5729 nisi
1918 5669 2145 5731 indubi-

525 5767 713 5819 tenter
754 5767 1047 5822 hominem
1090 5783 1262 5840 quem
1309 5767 1492 5822 Judaei
1531 5767 1955 5837 cruciﬂxerunt,
1999 5774 2056 5826 et
2088 5769 2148 5825 in

2246 4556 2472 4623 mortui,
2493 4555 2731 4625 justitiaa
2770 4557 3103 4626 viveremus,
3136 4560 3300 4630 cujus
3337 4559 3506 4613 livore
3547 4549 3700 4608 sanati
3724 4560 3788 4599 su-

2245 4665 2372 4703 mus
2397 4649 2439 4719 (1
2467 4652 2610 4704 Petr.
2641 4666 2699 4717 II,
2729 4649 2838 4722 24);
2875 4672 2902 4699 ››
2932 4655 2989 4706 et
3013 4651 3182 4723 paulo
3210 4657 3373 4724 post:
3400 4674 3427 4701 «
3448 4648 3642 4707 Christo
3663 4640 3791 4712 igilur

2244 4758 2412 4814 passo
2431 4741 2494 4799 in
2520 4759 2754 4798 carne.»
2780 4745 2926 4816 Ergo
2949 4745 2993 4798 si
3012 4745 3264 4800 Christus
3291 4745 3350 4800 in
3384 4759 3540 4800 carne
3558 4749 3718 4812 passus
3733 4733 3790 4785 est

2248 4852 2364 4890 non
2384 4838 2698 4892 secundum
2716 4835 2915 4906 Deum,
2933 4837 3032 4893 sed
3049 4839 3362 4894 secundum
3377 4836 3646 4893 hominem
3664 4822 3790 4883 cruci-

2245 4929 2410 4985 ﬁxus.
2457 4931 2595 4986 Ecce
2643 4931 2932 5002 perpatuit
2971 4931 3041 4986 de
3067 4933 3201 4987 Filio
3232 4933 3333 4987 Dei
3359 4931 3505 5004 quod
3532 4939 3694 4999 passus
3714 4920 3788 4981 est,

2246 5023 2396 5095 quod
2422 5028 2677 5079 mortuus
2716 5029 2816 5092 est,
2860 5024 3110 5096 corporis
3137 5029 3358 5080 tantum
3385 5025 3562 5090 fuisse,
3590 5032 3683 5074 non
3705 5009 3789 5065 dei-

2246 5116 2392 5172 tatis.
2423 5117 2618 5171 Aliena
2644 5122 2778 5172 sunt
2815 5118 2969 5172 enim
2996 5118 3100 5173 ista
3127 5119 3198 5173 de
3221 5136 3312 5189 eo,
3335 5121 3558 5173 testante
3575 5105 3792 5184 propheta

2247 5210 2316 5265 de
2347 5210 2477 5266 illo:
2515 5232 2543 5260 «
2574 5211 2720 5265 Deus
2767 5211 3146 5284 sempiternus
3176 5213 3447 5267 Dominus
3487 5221 3658 5264 ereans
3690 5198 3792 5254 ﬁne!

2247 5303 2434 5372 terrae,
2480 5320 2597 5358 non
2640 5303 2938 5374 laborabit,
2967 5321 3156 5376 neque
3187 5305 3408 5360 deﬁciet
3433 5306 3544 5372 (Isa.
3572 5314 3645 5363 XL,
3665 5291 3748 5357 28),
3771 5306 3788 5384 ’ξ

2249 5400 2304 5451 et
2328 5396 2386 5450 in
2415 5397 2635 5468 psalmo
2665 5415 2678 5451 :
2715 5419 2744 5447 ‹‹
2769 5393 2847 5452 Tu
2877 5401 3070 5452 autem
3095 5397 3246 5454 idem
3277 5398 3395 5469 ipse
3421 5413 3494 5463 es,
3523 5399 3574 5448 et
3599 5385 3712 5444 anni
3731 5387 3790 5480 tul

2247 5506 2362 5545 non
2393 5490 2659 5546 deﬁcient
2688 5491 2852 5561 (Psal.
2881 5507 2952 5560 c1,
2982 5492 3090 5561 28);
3124 5515 3151 5541 ››
3182 5507 3376 5548 omnes
3405 5488 3544 5544 enim
3589 5484 3639 5536 in
3677 5476 3792 5534 Chri-

2247 5588 2332 5638 sto
2360 5583 2720 5639 infirmitates
2748 5584 3072 5640 humanitas
3099 5587 3215 5640 sola
3239 5582 3491 5656 portavit.
3534 5579 3655 5632 Caro
3677 5566 3789 5624 enim

2247 5676 2450 5731 habuit
2473 5677 2693 5748 vagitus
2722 5678 2968 5745 infantis,
3000 5695 3113 5733 non
3142 5678 3416 5733 divinitas.
3445 5675 3574 5729 Caro
3600 5670 3671 5722 est
3690 5673 3792 5733 ρω-

2247 5770 2335 5825 nis
2363 5771 2638 5836 involuta,
2666 5787 2782 5826 non
2805 5770 3001 5827 deitas.
3023 5773 3163 5828 Caro
3187 5769 3383 5826 habuit
3406 5764 3662 5822 alimenta.
3683 5755 3790 5810 Cm
