3946 6180
522 243 633 302 ,607

1419 238 1700 296 APPEND.
1741 241 1832 296 AD
1870 241 2031 296 SxEC.
2074 238 2160 295 IX.
2194 269 2262 281 —
2291 234 2533 296 ISlDORI
2571 236 2992 296 MERCATORIS
3692 259 3768 311 003

538 349 840 404 humiliora
863 351 1293 418 autemnaturze
1322 347 1589 402 humana:
1611 347 1909 429 attribuas,
1941 364 2066 419 quae
2098 365 2163 401 ex
2184 363 2243 436 Α
2265 348 2464 401 sitione
2480 347 2708 402 Joannis
2734 347 3124 418 evangelista:
3151 348 3277 412 Quis
3299 366 3421 422 ergo
3449 357 3523 408 est
3540 372 3624 426 per
3648 374 3775 429 quem

532 444 693 514 parte
720 441 1067 495 inﬁrmitatis
1095 447 1300 495 nostrae
1329 443 1623 512 assumpta
1654 445 1755 496 est.
1796 444 1937 496 Item
1963 440 2164 512 ipsein

528 538 730 606 quarto
758 534 901 588 libro
931 540 1129 589 contra
1157 535 1499 589 Eunomium
1520 551 1533 588 :
1558 536 1624 588 Et
1654 551 1727 588 ne
1754 534 1956 606 aliquis
1987 535 2166 589 incor-

521 628 777 699 ruptibili
806 632 1027 682 naturze
1066 627 1292 682 deitatis
1324 644 1549 683 crucem
1584 628 1858 698 passionis
1901 629 2160 699 applicet,

524 738 629 794 per
641 720 752 775 alia
761 721 1115 775 manifestius
1127 722 1298 775 talem
1317 720 1876 789 emendaterrorem,
1892 721 2165 775 mediato-

524 814 852 885 remipsnm
876 813 972 868 Dei
990 814 1291 867 hominum
1309 817 1367 868 et
1391 813 1683 867 hominem
1696 817 1753 868 et
1769 815 1955 867 Deum
1972 813 2161 884 ipsum

525 907 848 973 nominans,
888 910 954 961 ut
982 923 1112 961 cum
1142 907 1254 962 duo
1283 907 1352 961 de
1383 924 1498 961 uno
1530 908 1807 975 dicantur,
1840 923 2160 978 congruum

524 999 884 1071 intelligatur
910 1001 1056 1054 circa
1080 1005 1404 1071 utrumque.
1438 1000 1596 1055 Circa
1614 1001 1789 1054 Deum
1819 1004 2014 1054 tamen
2033 1001 2159 1071 qui-

525 1094 656 1148 dem
674 1093 1116 1165 impassibilitas,
1134 1093 1277 1147 circa
1292 1093 1710 1146 humanitatem
1727 1098 1919 1146 autem
1938 1093 2161 1164 dispen-

522 1187 665 1257 satio
704 1187 1000 1257 passionis.
1044 1188 1281 1240 Sanctus
1320 1202 1550 1256 quoque
1592 1186 1827 1239 Basilius
1852 1186 1911 1239 in
1953 1192 2158 1256 quarto

523 1280 669 1334 libro
698 1282 896 1334 contra
936 1279 1258 1333 Eunonium
1288 1279 1370 1331 ita
1408 1278 1602 1351 scribit
1632 1295 1644 1332 2
1676 1278 1821 1341 Quid
1851 1281 1936 1332 est
1965 1279 2155 1333 Domi-

525 1390 634 1427 nus
661 1373 874 1427 creavit
919 1388 1009 1426 me
1046 1378 1103 1425 et
1139 1377 1269 1425 ante
1318 1388 1516 1426 omnes
1560 1371 1730 1425 colles
1769 1371 1969 1442 genuit
2011 1388 2103 1425 me
2132 1372 2158 1426 ?

526 1466 630 1520 Ubi
684 1465 1116 1535 intelligendum
1160 1468 1266 1531 est,
1320 1464 1428 1518 hoc
1482 1464 1638 1534 quod
1690 1464 1891 1534 genuit
1934 1464 2003 1518 de
2062 1465 2158 1519 Dei

527 1558 687 1627 Filio,
748 1558 857 1612 hoc
906 1560 1097 1611 autem
1141 1558 1293 1628 quod
1344 1556 1479 1612 dicit
1515 1556 1724 1611 creavit
1765 1558 1835 1611 de
1880 1573 1947 1611 ea
1973 1562 2154 1627 parte,

525 1668 641 1723 qua
688 1650 746 1704 in
793 1651 980 1705 forma
1007 1649 1155 1704 servi
1195 1654 1298 1720 est,
1334 1654 1395 1704 ut
1448 1655 1745 1721 utramque
1788 1653 2053 1704 naturam
2097 1650 2155 1704 in

2264 442 2444 495 factus
2487 446 2573 494 est
2615 441 2864 495 mundus
2891 440 2918 494 ’ἶ
2962 441 3212 496 Christus
3247 444 3410 514 Jesus,
3454 446 3537 500 sed
3561 448 3610 501 in
3634 450 3774 507 forma

2268 534 2405 602 Dei;
2458 534 2584 605 quis
2628 538 2713 587 est
2758 534 2860 587 sub
2912 534 3108 588 Pontio
3132 535 3303 590 Pilato
3326 538 3627 593 cruciﬁxus?
3667 542 3780 599 idem

2263 626 2382 696 ipse
2410 627 2681 694 Christus,
2736 627 2835 681 sed
2876 626 2935 680 in
2979 628 3165 682 forma
3193 629 3350 683 servi.
3394 631 3571 686 Beatus
3606 650 3779 705 quoque

2264 719 2372 773 Leo
2448 720 2769 791 apostolica
2831 719 2980 773 sedis
3052 722 3280 775 antistes
3337 723 3393 776 in
3454 739 3541 776 sua
3601 726 3784 795 epistola

2264 829 2433 883 quam
2465 813 2687 883 scripsit
2722 812 2793 866 ad
2837 813 3170 868 Flavianum
3204 815 3782 887 ConstantinOpolitanum

2262 907 2590 977 episcopum
2617 906 2695 960 sic
2724 905 2803 960 ait
2829 924 2843 960 :
2877 906 3043 961 Salva
3063 923 3201 978 ergo
3226 908 3539 979 proprietate
3556 910 3785 982 utriusque

2261 1004 2480 1054 naturae
2512 1004 2568 1053 et
2590 999 2650 1052 in
2677 1015 2857 1053 unam
2885 1005 3122 1054 coeunte
3151 1016 3461 1070 personam,
3492 1008 3703 1072 suscepta
3726 1009 3787 1056 est

2260 1109 2291 1145 a
2315 1092 2607 1162 majestate
2639 1091 2946 1161 humilitas,
2972 1109 3005 1145 a
3036 1092 3239 1146 virtute
3274 1092 3566 1163 inﬁrmitas,
3585 1093 3642 1147 ab
3670 1098 3788 1148 teter-

2258 1185 2432 1239 nitate
2474 1184 2816 1254 mortalitas,
2875 1189 2933 1238 et
2976 1185 3051 1239 ad
3100 1185 3477 1239 resolvendum
3525 1186 3789 1240 conditionis

2259 1283 2465 1333 nostrae
2491 1278 2745 1353 debitum
2780 1278 3121 1333 inviolabilis
3164 1283 3357 1332 natura
3397 1284 3475 1332 est
3511 1278 3647 1332 unita
3674 1282 3793 1332 natu-

2258 1387 2337 1426 rae
2374 1371 2650 1443 passibili,
2701 1375 2763 1425 ut
2787 1372 2941 1442 quod
2970 1371 3177 1426 nostris
3218 1371 3467 1426 remediis
3503 1371 3789 1442 congruebat,

2257 1481 2407 1518 unus
2437 1470 2606 1535 atque
2631 1464 2787 1518 idem
2834 1464 3118 1518 mediator
3146 1465 3245 1518 Dei
3282 1469 3337 1517 et
3375 1463 3642 1519 hominum
3661 1463 3794 1516 Chris-

2258 1560 2348 1610 tus
2383 1559 2542 1611 Jesus
2567 1563 2622 1612 et
2654 1557 2805 1611 mori
2842 1562 3033 1627 posset
3057 1574 3123 1611 ex
3142 1572 3277 1626 uno,
3303 1562 3358 1612 et
3384 1557 3520 1611 mori
3541 1572 3639 1610 non
3654 1560 3793 1626 posset

2261 1666 2325 1704 ex
2374 1652 2573 1704 altero.
2636 1653 2697 1704 ln
2752 1650 2975 1720 integra
3032 1666 3169 1721 ergo
3224 1649 3462 1704 hominis
3507 1650 3793 1720 perfectaque

523 1759 639 1798 una
669 1751 915 1815 persona
943 1743 1288 1798 ostenderet.
1334 1743 1568 1798 Sanctus
1607 1743 1845 1814 Cyrillus
1881 1744 1940 1797 in
1978 1736 2236 1814 primaB
2262 1744 2378 1797 veri
2422 1749 2644 1812 natura,
2702 1758 2864 1797 verus
2909 1748 3074 1798 natus
3122 1748 3207 1797 est
3247 1744 3410 1810 Deus,
3453 1745 3588 1795 totus
3630 1740 3793 1804 insuis,

487 1838 595 1914 _ad
625 1837 955 1893 Successum
1002 1837 1236 1907 epistola
1282 1836 1463 1891 dicit:
1521 1838 1668 1907 Ergo
1720 1841 1999 1907 quantum
2030 1836 2156 1907 qui-

524 1932 657 1986 dem
684 1931 759 1985 ad
797 1930 1150 1985 intellectum
1195 1930 1448 2001 pertinet
1487 1936 1544 1984 et
1576 1930 1772 1997 ﬁdem,
1804 1931 2159 1984 tantumdem

524 2024 702 2080 oculis
715 2024 941 2093 animae,
957 2023 1441 2095 quemadmodum
1456 2023 1781 2077 incarnatus
1797 2028 1880 2077 est
1895 2023 2158 2094 unigeni-

520 2122 633 2185 tus,
664 2118 804 2172 duas
821 2121 1054 2171 naturas
1085 2133 1203 2170 esse
1232 2116 1493 2186 dicimus,
1522 2132 1702 2170 unum
1731 2121 1923 2170 autem
1954 2116 2159 2171 Filium

524 2216 581 2265 et
607 2210 895 2265 Christum
927 2208 1231 2263 Dominum
1272 2210 1470 2274 Deum,
1511 2209 1759 2262 Verbum
1801 2209 2159 2264 incarnatum

525 2306 583 2358 et
601 2302 893 2357 hominem
920 2302 1130 2356 factum
1166 2302 1530 2356 conﬁtemur.
1557 2303 1696 2356 Item
1729 2301 1787 2355 in
1814 2302 2061 2356 secunda
2088 2304 2160 2357 ad

525 2396 797 2451 eumdem
829 2396 1165 2450 Successum
1194 2395 1428 2466 epistola
1456 2395 1535 2449 sic
1565 2395 1681 2449 ait:
1714 2395 1850 2449 Cum
1879 2411 2047 2463 unus,
2077 2396 2162 2449 in-

523 2490 665 2562 quit,
711 2490 783 2544 sit
814 2490 963 2544 solus
1007 2488 1177 2543 Filius
1219 2488 1491 2556 Christus,
1546 2488 1701 2543 idem
1744 2489 1861 2559 ipse
1908 2491 2052 2543 Deus
2102 2494 2160 2544 et

522 2584 697 2639 homo
717 2584 861 2657 sicut
875 2583 936 2638 in
955 2575 1167 2637 deitate
1184 2584 1487 2655 perfectus,
1511 2582 1591 2636 ita
1619 2585 1676 2636 et
1698 2582 1757 2636 in
1778 2582 2153 2637 humanitate.

522 2678 643 2732 Non
667 2681 859 2732 autem
884 2677 1070 2747 ipsum
1099 2676 1465 2746 unigenitum
1492 2676 1694 2730 Filium
1717 2677 1812 2729 Dei
1835 2675 2152 2730 secundum

523 2771 677 2842 quod
694 2769 1030 2840 intelligitur
1050 2772 1107 2823 et
1125 2773 1212 2823 est
1234 2771 1394 2835 Deus,
1415 2785 1643 2839 passum
1665 2785 1785 2822 esse
1801 2768 1860 2822 in
1879 2785 1980 2823 sua
1997 2773 2158 2851 natu-

522 2879 607 2932 ra,
653 2862 751 2917 sed
804 2868 1029 2916 terrena
1073 2867 1298 2916 natura.
1344 2861 1583 2931 Oportet
1640 2863 1793 2915 enim
1842 2862 2156 2917 necessario

523 2962 763 3027 utraque
778 2971 1002 3010 servare
1014 2954 1116 3008 uni
1128 2958 1327 3008 etvero
1340 2955 1478 3008 Filio
1485 2959 1565 3022 ,et
1579 2971 1696 3009 non
1708 2956 1828 3025 pati
1842 2956 2154 3010 secundum

524 3048 818 3116 deitatem,
849 3052 905 3103 et
916 3048 1024 3103 dici
1044 3063 1275 3119 passum
1293 3064 1414 3101 esse
1431 3036 1695 3102 eumdem
1713 3047 2026 3102 secundum
2054 3048 2156 3103 hu-

2258 1840 2407 1891 totus
2432 1837 2492 1890 in
2523 1836 2758 1903 nostris;
2785 1840 2845 1889 et
2870 1836 3041 1908 paulo
3065 1842 3218 1907 post:
3241 1837 3344 1904 Qui
3363 1851 3580 1889 manens
3605 1832 3795 1887 informa

2257 1928 2357 1983 Dei
2386 1929 2517 1985 fecit
2542 1929 2856 1997 hominem,
2898 1930 3053 1985 idem
3101 1930 3161 1983 in
3194 1930 3369 1984 forma
3409 1927 3542 1982 servi
3575 1927 3718 1980 factus
3739 1927 3795 1977 est

2260 2024 2453 2091 homo,
2482 2026 2642 2078 tenet
2665 2023 2818 2077 enim
2846 2023 2968 2076 sine
3009 2022 3238 2078 defectu
3278 2021 3650 2093 proprietatem
3681 2032 3796 2071 suam

2262 2121 2497 2187 utraque
2540 2119 2766 2186 natura,
2801 2122 2857 2171 et
2907 2116 3051 2171 sicut
3096 2117 3280 2170 forma
3323 2114 3463 2168 servi
3500 2112 3590 2166 Dei
3615 2112 3796 2165 formam

2256 2225 2376 2264 non
2396 2210 2618 2275 adimit,
2648 2210 2728 2263 ita
2747 2210 2932 2264 forma
2958 2209 3058 2273 Dei
3080 2210 3323 2263 formam
3342 2205 3481 2262 servi
3500 2221 3604 2260 non
3628 2200 3796 2257 minuit.

2259 2304 2399 2357 ltem
2426 2304 2593 2372 paulo
2625 2306 2781 2373 post:
2814 2302 2946 2373 Agit
2972 2300 3127 2355 enim
3141 2306 3383 2372 utraque
3398 2300 3568 2353 forma
3584 2312 3691 2350 cum
3708 2294 3801 2347 alte

2256 2395 2375 2449 rius
2399 2396 2801 2451 communione
2830 2394 2984 2466 quod
3010 2394 3308 2465 proprium
3336 2398 3437 2461 est,
3465 2390 3625 2445 Verbo
3647 2387 3801 2442 scilicet

2255 2491 2527 2559 operante
2572 2490 2727 2560 quod
2771 2488 2932 2543 Verbi
2973 2493 3071 2555 est,
3122 2493 3182 2542 et
3223 2488 3283 2542 in
3328 2501 3490 2541 carne
3531 2482 3800 2552 exsequente
3898 2512 3899 2563 ἐ

2254 2583 2412 2653 quod
2437 2582 2619 2636 carnis
2662 2587 2748 2637 est
2775 2599 2788 2648 ;
2837 2597 3015 2635 unum
3045 2582 3256 2636 horum
3294 2582 3539 2635 coruscat
3562 2572 3800 2635 miraculis,

2258 2676 2412 2730 aliud
2439 2675 2757 2730 succumbit
2789 2675 3032 2745 injuriis,
3067 2680 3123 2729 et
3151 2674 3302 2729 sicut
3326 2672 3559 2728 Verbum
3577 2669 3637 2723 ab
3660 2681 3801 2736 (equa-

2254 2769 2409 2824 litate
2435 2773 2691 2840 paternae
2719 2768 2915 2838 glorias
2954 2785 3068 2823 non
3095 2768 3334 2836 recedit,
3359 2767 3436 2821 ita
3462 2781 3579 2819 caro
3604 2764 3803 2816 naturam
3898 2768 3899 2819 ἢ

2256 2862 2434 2916 nostri
2469 2862 2695 2932 generis
2722 2878 2840 2916 non
2896 2862 3192 2933 relinquit.
3226 2861 3462 2916 Sanctus
3495 2871 3689 2930 quoque
3720 2851 3805 2905 Ful-
3898 2866 3899 2879 π

2255 2955 2481 3025 gentius
2507 2954 2565 3008 in
2594 2955 2739 3009 libro
2768 2972 2939 3026 quem
2967 2955 3036 3010 de
3065 2953 3459 3010 lncarnatione
3490 2946 3690 3005 Domini
3717 2959 3806 2999 nos-
3898 2956 3899 2959 ‘

2255 3050 2329 3102 tri
2355 3051 2484 3103 Jesu
2513 3048 2718 3104 Christi
2759 3049 2985 3119 scripsit
3012 3049 3159 3103 inter
3196 3048 3309 3103 alia
3348 3047 3425 3102 sic
3460 3044 3670 3100 intulit:
3709 3038 3804 3093 Dico
3898 3078 3899 3087 χ

522 3142 1073 3212 manitatem,ipsius
1089 3140 1243 3196 enim
1269 3157 1430 3212 passa
1456 3144 1541 3195 est
1564 3158 1718 3195 caro.
1752 3144 1889 3196 Item
1910 3141 1969 3195 in
1985 3158 2154 3212 expo-
2175 3101 2230 3174 Ο
2252 3143 2445 3213 itaque
2484 3142 2641 3198 vobis
2675 3142 2843 3211 juxta
2876 3149 3205 3197 sanctorum
3242 3145 3467 3214 patrum
3494 3135 3804 3195 traditionem,

523 3234 726 3289 sitione
765 3234 997 3289 Levitici
1036 3234 1184 3289 inter
1234 3234 1385 3288 alia:
1438 3235 1642 3288 Totum
1693 3234 1751 3287 in
1809 3234 1895 3288 his
1941 3234 2151 3289 iterum

520 3329 895 3399 circumspice
924 3328 1236 3383 Salvasoris
1266 3326 1445 3381 nostri
1479 3327 1836 3398 mysterium,
1868 3332 1925 3382 et
1949 3344 2150 3382 emun-

519 3422 804 3478 dationem
832 3439 964 3493 quae
994 3438 1100 3494 per
1126 3424 1384 3476 sanctum
1412 3421 1697 3492 baptisma
1724 3422 1806 3489 ﬁt,
1841 3421 1979 3476 duas
1998 3422 2152 3476 enim

517 3517 761 3571 aviculae
788 3516 934 3570 sumi
944 3516 1198 3587 jubetur,
1227 3515 1380 3569 vivas
1407 3519 1465 3569 et
1488 3516 1753 3586 mundas,
1781 3521 1847 3570 ut
1864 3508 2159 3587 intelligas-

512 3624 619 3682 per
662 3609 912 3665 volatilia
940 3609 1225 3664 caelestem
1255 3609 1551 3664 hominem
1578 3609 1745 3663 simul
1789 3611 1846 3664 et
1885 3611 2064 3664 Deum
2092 3609 2152 3663 in

512 3702 736 3758 duabus
759 3703 998 3771 naturis,
1028 3706 1310 3775 quantum
1348 3703 1593 3773 pertinet
1619 3703 1690 3758 ad
1720 3702 2023 3773 rationem,
2061 3703 2146 3757 di-

514 3797 825 3853 videndum
876 3796 1182 3869 unicuique
1234 3796 1696 3852 convenientem.
1750 3798 1890 3851 Item
1927 3802 2150 3851 sanctus

380 3890 393 3905 ‘
468 3892 473 3897 ”
514 3881 911 3962 Augustinus:
965 3891 1159 3961 Neque
1201 3890 1355 3945 enim
1386 3890 1445 3944 in
1494 3890 1589 3944 illa
1618 3890 1974 3961 susceptione
2004 3891 2146 3945 alte-

512 3997 647 4037 rum
699 3999 899 4039 eorum
941 3983 1002 4038 in
1056 3980 1301 4037 alterum
1348 4000 1681 4038 conversum
1727 3987 1896 4054 atque
1958 3986 2147 4037 muta-

510 4080 634 4131 tum
675 4082 778 4144 est,
826 4093 933 4130 nec
989 4075 1254 4130 divinitas
1302 4077 1512 4147 quippe
1557 4076 1615 4130 in
1659 4081 1976 4131 creaturam
2016 4093 2146 4129 mu-

511 4172 632 4222 tata
675 4173 779 4235 est,
836 4186 944 4223 nec
995 4172 1252 4223 creatura
1287 4170 1348 4223 in
1391 4169 1746 4223 divinitatem
1802 4173 2145 4240 augmenta-

510 4261 592 4315 vit
654 4261 869 4333 aliquid
933 4261 1177 4316 deitatis.
1258 4262 1365 4316 Sed
1428 4261 1576 4316 absit
1660 4265 1723 4315 ut
1771 4267 2145 4334 augmentum

511 4353 754 4425 recipiat
809 4354 1114 4409 ineﬁ'abilis
1173 4359 1230 4408 et
1265 4355 1861 4425 incomprehensibilis
1906 4356 2147 4427 plenitu-

2254 3235 2560 3290 Dominum
2610 3242 2871 3291 nostrum
2933 3238 3125 3291 Jesum
3197 3236 3486 3292 Christum
3543 3233 3595 3286 in
3644 3225 3806 3283 duabus

2254 3330 2469 3384 naturis
2497 3330 2825 3400 inconfusis,
2858 3330 2919 3383 id
2949 3334 3033 3385 est
3068 3329 3385 3385 divinitatis
3410 3333 3467 3384 et
3489 3316 3804 3383 humanitatis,

2254 3437 2426 3478 unam
2469 3439 2775 3494 personam
2820 3423 2935 3478 sive
2979 3424 3363 3479 substantiam
3387 3419 3661 3486 conﬁteri;
3696 3412 3805 3467 idem

2250 3522 2380 3588 post
2417 3517 2570 3572 alia:
2627 3518 2683 3572 Si
2732 3517 2857 3589 quis
2911 3532 3047 3588 ergo
3097 3518 3161 3571 in
3219 3516 3462 3573 Domino
3509 3516 3680 3569 nostra
3718 3507 3809 3561 16811

2250 3611 2492 3681 Christo,
2535 3613 2635 3665 aut
2667 3611 2806 3665 duas
2854 3615 3083 3665 naturas
3118 3614 3222 3666 aut
3260 3627 3440 3665 unam
3468 3603 3704 3671 noluerit,
3727 3599 3806 3652 sive

2253 3703 2590 3759 dubitaverit
2628 3704 2880 3772 credere,
2924 3708 3023 3758 aut
3052 3705 3371 3775 praedicare
3420 3712 3713 3775 personam,
3749 3689 3809 3743 vel

2250 3796 2297 3851 si
2360 3797 2487 3869 quis
2552 3797 2801 3852 noluerit
2856 3798 3111 3853 conﬁteri
3158 3799 3434 3854 eumdem
3478 3798 3643 3851 Deum
3685 3789 3809 3855 atque

2250 3890 2569 3958 hominem,
2639 3890 2699 3945 id
2736 3894 2823 3945 est
2871 3891 3118 3947 Verbum
3169 3892 3534 3947 incarnatum
3581 3887 3643 3942 de
3685 3876 3811 3938 Maria

2248 3983 2467 4055 virgine
2499 4001 2605 4056 pro
2642 3988 2834 4040 nostra
2870 3985 3051 4040 salute
3082 3986 3364 4042 veraciter
3388 3988 3598 4049 natum,
3624 3985 3810 4033 tamentl

2248 4078 2519 4132 catholica
2546 4077 2656 4133 ﬁde
2677 4079 3127 4149 deprehenditur
3150 4096 3218 4135 ac
3248 4079 3658 4136 demonstratur
3685 4069 3812 4125 extre

2247 4186 2407 4241 neus,
2443 4176 2505 4226 ut
2531 4175 2888 4227 sacramento
2922 4173 3344 4244 redemptionis
3370 4173 3625 4228 humanae
3642 4158 3811 4219 resistat

2246 4264 2527 4336 ingratus.
2542 4266 2608 4319 Et
2618 4267 2788 4337 paulo
2798 4271 2953 4336 post:
2978 4266 3227 4322 Verbum
3241 4284 3380 4323 caro
3391 4266 3600 4322 factum
3612 4263 3698 4323 est,
3710 4264 3814 4308 unus

2246 4373 2317 4411 ex
2341 4360 2582 4429 utraque
2608 4361 2666 4411 et
2688 4358 2748 4411 in
2762 4360 3025 4429 utraque,
3039 4357 3101 4412 id
3126 4360 3292 4413 estin
3309 4359 3557 4414 humana
3574 4350 3812 4414 divinaque

514 4448 607 4518 do,
641 4453 836 4504 manet
863 4464 1000 4521 ergo
1026 4452 1269 4520 utraque
1301 4448 1423 4502 Filii
1444 4448 1542 4503 Dei
1561 4452 1763 4503 natura
1792 4456 1849 4505 et
1878 4466 1991 4505 una
2016 4467 2143 4522 per-
2163 4473 2223 4546 D
2242 4453 2448 4505 natura
2474 4467 2705 4522 prorsus
2729 4451 2893 4506 initio
2912 4451 3448 4525 gloriosapersistit,
3466 4448 3642 4506 utsive
3662 4436 3813 4542 divinis

511 4559 672 4599 sona.
733 4544 947 4600 Rursus
1006 4543 1131 4615 ipse
1186 4543 1451 4598 adversus
1497 4543 1844 4598 Maximum:
1901 4545 1954 4600 Si
2007 4561 2142 4616 ergo

511 4637 771 4692 attendas
835 4637 1228 4694 distinctiones
1291 4640 1648 4707 naturarum,
1710 4638 1883 4692 Filius
1929 4639 2032 4693 Dei
2072 4640 2141 4694 de

509 4730 649 4783 coelo
694 4731 1002 4800 descendit,
1066 4731 1238 4786 Filius
1288 4731 1541 4786 hominis
1588 4732 1884 4788 cruciﬁxus
1928 4738 2056 4800 est;
2097 4734 2143 4788 si

510 4823 791 4878 unitatem
827 4841 1103 4896 personae,
1135 4825 1303 4881 Filius
1325 4827 1394 4881 de
1414 4827 1551 4881 coelo
1578 4827 1872 4881 descendit
1897 4830 1956 4881 et
1973 4827 2143 4882 Filius

492 4917 811 5005 \cruciﬁxus
836 4919 935 4988 est,
952 4918 1012 4972 in
1037 4923 1189 4973 terra
1214 4937 1230 4989 ;
1260 4919 1413 4974 idem
1441 4919 1500 4974 in
1525 4920 1888 4992 sequentibus
1920 4938 1933 4975 :
1968 4922 2143 4992 Opor-

509 5011 661 5065 tebat
698 5012 984 5067 Christum
1026 5013 1143 5083 pati
1167 5015 1241 5077 {et
1266 5028 1564 5083 resurgere
1592 5030 1625 5068 a
1650 5015 1887 5069 mortuis
1911 5015 2001 5070 die
2026 5020 2137 5070 ter-

507 5101 608 5171 tia,
641 5104 737 5159 ubi
766 5105 1032 5176 resurgit,
1065 5105 1173 5160 nisi
1194 5105 1252 5160 in
1281 5123 1348 5161 eo
1373 5107 1527 5177 quod
1549 5109 1735 5178 potuit
1762 5107 1965 5162 cadere
1983 5108 2010 5162 ‘?
2044 5108 2142 5163 ubi

508 5198 819 5255 resurrexit
844 5198 955 5253 nisi
983 5198 1043 5253 in
1086 5215 1152 5253 eo
1185 5200 1280 5254 ubi
1307 5205 1566 5255 mortuus
1590 5201 1617 5255 ‘?
1658 5202 1855 5266 Quaere
1892 5205 2139 5257 mortem

506 5291 566 5346 in
619 5292 824 5359 Verbo,
872 5308 1172 5363 nunquam
1221 5308 1343 5347 esse
1384 5294 1599 5364 potuit.
1648 5294 1851 5358 Quaere
1895 5298 2139 5351 mortem

506 5385 566 5440 in
611 5402 799 5452 carne,
833 5386 1005 5456 plane
1048 5385 1125 5440 ibi
1155 5386 1282 5456 fuit,
1314 5392 1369 5440 et
1400 5386 1528 5441 ideo
1564 5386 1641 5440 ibi
1679 5387 1790 5442 fuit
1818 5388 1954 5458 quia
1984 5406 2139 5445 mors

504 5496 641 5535 vera
666 5480 801 5550 fuit;
823 5485 881 5533 et
908 5479 1077 5551 paulo
1100 5485 1260 5551 post:
1294 5480 1441 5545 Quid
1467 5480 1727 5536 miraris?
1750 5485 1913 5538 Certe
1931 5483 2044 5538 vita
2055 5487 2140 5540 est

505 5573 782 5641 Christus,
815 5588 1007 5644 quaere
1034 5578 1323 5629 mortuam
1342 5574 1534 5643 vitam,
1564 5592 1668 5632 nec
1699 5580 1889 5633 anima
1914 5584 2138 5634 mortua

507 5671 610 5736 est,
640 5683 741 5722 nec
768 5662 1018 5723 Verbum
1043 5671 1335 5724 mortuum
1364 5675 1466 5725 est.
1497 5671 1638 5726 Caro
1662 5676 1886 5727 tantum
1915 5678 2140 5729 mortua

510 5762 615 5829 est,
639 5761 854 5832 quare?
882 5768 943 5819 ut
968 5763 1027 5816 in
1055 5779 1124 5817 ea
1150 5778 1304 5818 mors
1328 5771 1664 5823 moreretur.
1700 5767 1855 5823 Idem
1881 5768 1941 5823 in
1972 5785 2138 5841 expo-

2244 4544 2347 4599 tati
2364 4545 2568 4600 Christi
2585 4545 3002 4601 humanitatem
3024 4546 3150 4617 quis
3167 4547 3392 4617 demat,
3410 4546 3523 4601 sive
3542 4527 3816 4597 humanm!ti

2244 4638 2597 4694 divinitatem
2616 4639 2907 4710 detrahat,
2928 4639 3220 4696 Christum
3243 4640 3523 4712 sacrilega
3547 4627 3817 4691 inﬁdelitate

2243 4737 2299 4787 et
2340 4732 2671 4804 blasphema
2708 4733 3104 4804 praedicatione
3168 4734 3467 4790 dissolvat.
3519 4735 3650 4788 Item
3692 4719 3816 4795 ρειωο

2242 4830 2408 4899 post:
2449 4827 2702 4883 Christus
2745 4844 2848 4899 pro
2900 4828 3061 4883 nobis
3101 4845 3278 4885 carne
3325 4833 3415 4884 est
3442 4842 3632 4901 passus
3663 4816 3743 4894 qui
3766 4811 3816 4867 de

2240 4922 2358 4976 Deo
2383 4923 2544 4977 Patre
2571 4925 2735 4976 natus
2763 4921 2916 4977 solus
2943 4927 3028 4977 est
3065 4922 3444 4994 impassibliis
3476 4924 3633 4976 Deus.
3676 4917 3818 4984 Ipsum

2240 5015 2430 5087 itaque
2471 5016 2758 5071 Christum
2795 5016 2998 5071 Filium
3030 5017 3126 5072 Dei
3165 5018 3271 5088 qui
3297 5035 3409 5091 pro
3442 5015 3599 5073 nobis
3625 5012 3819 5067 mortem

2240 5125 2412 5164 carne
2443 5114 2718 5181 gustasse,
2760 5111 2909 5165 salva
2931 5110 3368 5168 immortalitate
3396 5106 3690 5166 divinitatis
3711 5100 3817 5169 ejus,

2239 5203 2514 5259 veraciter
2553 5204 2857 5260 credimus.
2902 5207 3044 5261 Item
3074 5212 3219 5277 post
3263 5207 3417 5262 hoc:
3465 5204 3604 5271 Quia
3634 5214 3731 5257 non
3761 5192 3822 5246 esi

2238 5298 2381 5352 alter
2408 5300 2570 5365 Deus,
2592 5298 2749 5353 alter
2772 5300 2970 5371 homo,
3004 5300 3103 5356 sed
3140 5300 3301 5356 idem
3331 5318 3479 5357 unus
3509 5303 3592 5353 est
3621 5291 3821 5352 Chrisllﬁ

2238 5392 2384 5447 Deus
2429 5397 2485 5447 et
2547 5393 2740 5462 homo,
2785 5394 3041 5465 profecto
3074 5394 3230 5450 idem
3271 5397 3427 5452 Deus
3477 5393 3712 5452 Christus
3751 5380 3822 5454 qui

2238 5492 2293 5542 et
2320 5490 2564 5542 mortem
2589 5504 2755 5543 suam
2775 5503 2942 5544 carne
2970 5488 3237 5578 suscepit,
3253 5494 3316 5544 et
3340 5490 3499 5546 idem
3523 5490 3685 5544 homo
3707 5476 3823 5537 Chr?

2237 5585 2356 5636 stus
2409 5585 2495 5636 est
2544 5582 2641 5654 qui
2689 5588 2931 5640 mortem
2981 5602 3143 5641 suam
3212 5585 3521 5642 divinitate
3563 5580 3824 5645 destruxit,

2235 5674 2392 5730 idem
2421 5676 2634 5749 quippe
2662 5679 2913 5735 Christus
2953 5680 3051 5735 Dei
3090 5679 3243 5735 Flius
3272 5682 3377 5752 qui
3405 5681 3689 5737 divinitate
3712 5668 3826 5732 mori

2234 5786 2350 5827 non
2380 5771 2587 5843 potuit,
2620 5789 2791 5828 carne
2808 5776 3064 5830 mortuus
3082 5778 3181 5843 est,
3203 5791 3390 5850 quam
3414 5777 3701 5833 mortalem
3716 5771 3830 5826 Deus
