3946 6180
151 274 228 328 609
1298 260 1766 320 DECRETALIUM

1803 257 2189 320 COLLECTIO.
3325 264 3430 324 6'10

147 379 417 438 immortalis
464 374 708 448 accepit,
777 381 836 431 et
890 375 1020 431 ideo
1073 375 1328 430 Christus
1373 376 1471 430 Dei
1525 376 1694 432 Filius
1717 374 2026 460 Anomine
2071 375 2318 430 ecclesiae
2357 375 2720 431 Asidonensis
2760 377 3056 448 episcopus
3099 377 3425 450 subscripsi.

147 492 276 531 carne
301 478 523 528 mortuus
541 470 872 536 resurrexit,
903 469 1035 541 quia
1067 469 1557 525 immortalitatem
1580 487 1696 524 sua:
1795 469 2035 524 Cambra
2060 470 2116 523 in
2147 469 2352 524 Christi
2382 470 2612 525 nomine
2639 471 2886 526 ecclesiae
2930 471 3182 526 ltalensis
3208 473 3425 544 episco-

145 568 392 624 divinitatis
419 582 579 620 carne
611 566 868 618 mortuus
887 581 1003 619 non
1025 564 1248 634 amisit;
1277 563 1410 618 hinc
1437 567 1523 622 est
1546 565 1698 636 quod

145 662 277 717 etiam
312 665 423 732 post
465 658 933 714 resurrectionem
963 674 1124 712 suam
1155 657 1302 713 sicut
1345 657 1404 712 in
1436 657 1701 713 cicatrici-

142 757 220 811 bus
252 754 378 808 veris
418 757 470 809 et
514 752 571 807 in
615 768 752 806 vera
795 751 1146 807 comestione
1193 751 1364 822 piscis
1417 757 1474 806 et
1514 751 1700 806 mellis

143 848 419 904 soliditatem
452 846 509 900 in
564 862 622 901 se
667 862 799 902 vere
848 845 1035 901 carnis
1081 845 1331 913 edocuit,
1379 846 1456 899 ita
1499 845 1700 900 clausis

141 942 309 996 foribus
329 939 641 1012 ingrediens
659 956 854 996 veram
882 940 942 994 in
968 956 1027 995 se
1046 940 1316 995 virtutem
1337 939 1699 1011 sempiternae

95 1103 98 1106 ἢ
143 1034 388 1089 divinitatis
429 1033 692 1100 ostendit,
743 1039 806 1089 ut
863 1038 1269 1105 agnosceretur
1318 1039 1374 1088 et
1424 1033 1702 1089 naturalis

141 1129 270 1183 fuisse
306 1127 495 1183 Christi
549 1126 845 1182 morientis
890 1127 1212 1194 inﬁrmitas,
1259 1132 1317 1182 et
1359 1127 1546 1182 eidem
1582 1143 1701 1182 mo-

143 1221 266 1276 rienti
287 1221 534 1275 naturalis
573 1221 758 1276 inesse
803 1221 1072 1292 majestas
1103 1238 1116 1276 :
1147 1221 1270 1276 haec
1297 1221 1531 1293 quidem
1574 1236 1702 1292 quae

139 1319 228 1368 tam
259 1314 436 1368 divinae
479 1313 789 1385 Scriptura;
835 1331 1008 1386 quam
1046 1314 1218 1370 etiam
1245 1318 1568 1368 sanctorum
1599 1315 1697 1368 Pa-

142 1411 254 1462 trum
273 1407 568 1479 eloquentia
599 1407 934 1477 docuerunt,
954 1408 1197 1463 decretis
1225 1407 1433 1462 nostris
1458 1407 1705 1462 breviter

140 1500 298 1556 inserta
319 1501 668 1572 protulimus,
699 1502 1158 1556 demonstrantes
1200 1501 1490 1573 geminam
1518 1501 1704 1555 carnis

142 1596 182 1646 et
214 1594 407 1650 deitatis
451 1599 715 1650 naturam
760 1595 818 1650 in
862 1611 977 1650 una
1025 1595 1256 1650 Domini
1301 1601 1357 1650 et
1402 1593 1706 1650 Salvatoris

138 1689 270 1742 nostri
291 1705 540 1760 persona,
586 1705 813 1760 passum
859 1705 1088 1761 quoque
1128 1689 1395 1744 eumdem
1422 1687 1481 1743 in
1510 1704 1578 1743 ea
1601 1705 1702 1742 na-

138 1785 233 1834 tura
253 1798 362 1852 quae
386 1781 634 1854 corporis
654 1786 758 1850 est,
785 1799 898 1838 non
925 1799 1153 1854 passum
1176 1782 1235 1837 in
1260 1798 1327 1838 ea
1356 1787 1557 1837 natura
1576 1798 1704 1853 quae
1726 1764 1782 1836 B

136 1873 308 1928 deitatis
327 1879 416 1930 est.
450 1877 592 1931 llinc
621 1891 757 1948 ergo
786 1877 1052 1931 concordi
1078 1875 1360 1931 sententia
1387 1874 1707 1930 deﬁnitioni

135 1982 215 2036 pro
225 1970 627 2025 conﬁrmatione
641 1970 726 2025 sui
741 1969 1028 2041 propriam
1043 1969 1518 2040 subscriptionem
1531 1968 1710 2039 subje-

133 2059 285 2114 cimus.
310 2062 543 2118 Isidorus
573 2064 635 2118 in
655 2063 861 2118 Christi
890 2063 1124 2118 nomine
1146 2062 1392 2118 ecclesia
1422 2061 1707 2133 Spalensis

133 2152 368 2226 episcopus
381 2157 708 2228 subscripsi.
726 2157 946 2212 Bisinus
968 2157 1028 2211 in
1050 2156 1257 2213 Christi
1278 2156 1512 2210 nomine
1535 2155 1709 2210 eccle-

130 2246 202 2300 site
211 2247 510 2306 Liberitanaa
522 2250 824 2322 episcopus
835 2251 938 2306 sub
951 2251 1168 2322 scripsi.
1184 2249 1308 2304 Ruﬁ
1315 2267 1420 2304 nus
1431 2249 1488 2304 in
1501 2248 1707 2305 Christi

1798 580 1902 634 pus
1923 563 2244 635 subscripsi.
2281 564 2568 619 Fidentius
2598 565 2657 620 in
2686 565 2892 620 Christi
2921 565 3150 621 nomine
3179 565 3427 621 ecclesiae

1797 657 2100 713 Tuicitanaa
2164 657 2459 728 episcopus
2521 659 2844 730 subscripsi.
2908 659 3306 731 Theodulphus
3369 661 3428 715 in

1797 751 2003 808 Christi
2031 752 2268 806 nomine
2296 751 2547 806 ecclesiae
2575 752 2953 807 Cordubensis
2981 753 3274 825 episcopus
3305 755 3431 809 sub-

1799 845 2017 916 scripsi.
2052 846 2326 900 Honorius
2370 845 2432 899 in
2474 845 2679 901 Christi
2710 845 2942 902 nomine
2979 847 3227 904 ecclesia:
3257 849 3426 904 Mala-

1801 939 2001 994 citante
2029 940 2325 1011 episcopus
2350 939 2673 1012 subscripsi.

1871 1061 2045 1118 Habes
2098 1063 2384 1130 hucusque,
2438 1063 2673 1116 studiose
2725 1062 2885 1116 lector
2936 1063 3174 1132 (auctore
3227 1065 3430 1119 Isidoro

1801 1132 2091 1202 Spalensz),
2123 1149 2276 1202 quem
2313 1133 2556 1186 ordinem
2600 1134 2882 1188 observare
2916 1133 3159 1197 debeant,
3188 1139 3285 1203 qui
3308 1152 3429 1190 con-

1799 1205 2006 1276 cilium,
2028 1205 2293 1258 celebrare
2335 1208 2687 1266 constituunt,
2734 1219 2960 1260 canones
3002 1207 3128 1276 item
3162 1208 3428 1276 apostolo-

1801 1291 1943 1343 rum,
1972 1275 2185 1329 decreta
2210 1291 2416 1346 quoque
2448 1278 2514 1328 30
2550 1279 2882 1346 pontiﬁcum,
2929 1293 2963 1330 a
2997 1275 3256 1331 Clemente
3280 1279 3429 1332 scili-

1802 1351 1880 1400 cet
1911 1361 2077 1415 usque
2113 1346 2189 1400 ad
2227 1345 2570 1409 Silvestrum,
2601 1353 2723 1402 acta
2763 1348 2995 1417 denique
3034 1350 3434 1417 quinquaginta

1802 1417 2029 1472 duorum
2058 1417 2420 1472 conciliorum.

1877 1536 1925 1608 1
1943 1535 2067 1609 50
2085 1539 2352 1591 Hactenus
2374 1537 2593 1603 digestis
2623 1538 2860 1593 conciliis
2883 1543 3191 1592 sanctorum
3209 1541 3436 1594 Patrum

1801 1608 2102 1678 sequuntur
2119 1608 2328 1662 decreta
2342 1609 2633 1678 praesulum
2648 1610 3008 1663 Romanorum
3027 1611 3276 1679 praefatae
3296 1611 3437 1664 sedis

1805 1681 2112 1749 apostolica
2133 1680 2430 1748 praesulum
2460 1681 2773 1741 constituta,
2800 1697 2921 1749 quae
2949 1682 3024 1734 ad
3045 1681 3174 1749 ﬁdei
3192 1683 3436 1750 regulam

1805 1752 1889 1804 vel
1925 1752 2333 1805 ecclesiasticam
2372 1753 2642 1819 pertinent
2687 1751 3036 1821 disciplinam
3073 1754 3132 1804 in
3173 1754 3266 1806 hoc
3301 1753 3438 1807 libro

1806 1823 2057 1889 diligenti
2083 1837 2214 1876 cura
2256 1822 2475 1876 collecta
2506 1827 2650 1882 sunt,
2682 1824 2761 1876 ita
2790 1828 2850 1876 ut
2875 1823 3215 1891 singulorum
3249 1827 3435 1891 ponti-

1804 1897 1965 1962 ﬁcum
2025 1897 2283 1962 quotquot
2336 1893 2549 1946 decreta
2603 1909 2635 1945 a
2699 1894 2848 1947 nobis
2897 1898 3108 1963 reperta
3161 1899 3289 1947 sunt
3340 1895 3438 1948 sub

1806 1964 2230 2033 uniuscujusque
2271 1963 2510 2032 epistola:
2536 1966 2670 2018 serie
2687 1967 2931 2034 prapriis
2963 1965 3136 2018 titulis
3163 1971 3435 2034 prwnota-

1805 2040 1994 2090 rentur
2009 2051 2065 2089 eo
2089 2035 2244 2089 modo
2266 2051 2368 2103 quo
2380 2037 2628 2104 superius
2641 2038 2944 2104 priscorum
2963 2037 3192 2089 Patrum
3213 2051 3440 2090 canones

1807 2113 1985 2161 nostro
2003 2107 2181 2161 studio
2201 2106 2443 2160 ordinati
2466 2111 2611 2166 sunt,
2643 2113 2909 2174 quatenus
2936 2108 3144 2161 lectoris
3167 2106 3442 2162 industria

1804 2179 2026 2245 facilius
2067 2177 2364 2250 intelligere
2396 2179 2585 2247 possit,
2630 2179 2759 2231 dum
2798 2178 3056 2249 capitulis
3084 2180 3322 2250 propriis
3350 2177 3436 2232 di-

1806 2251 2006 2303 stincta
2033 2249 2286 2302 intendit.

142 2375 3433 2408 Μ

213 2508 693 2600 lNClPlUNT
776 2510 1511 2602 DEGERPTIONES
1600 2512 1739 2600 EX

1631 2659 1784 2724 PAP

174 2807 506 2881 Temporibus
553 2813 734 2868 sancti
777 2813 1032 2868 Silvestri
1071 2830 1233 2886 papae
1263 2818 1320 2868 et
1350 2813 1706 2869 Constantini

125 2899 309 2967 piissimi
342 2907 585 2978 Augusti
629 2908 838 2962 factum
886 2911 972 2960 est
1007 2924 1284 2978 magnum
1312 2907 1618 2963 concilium
1645 2908 1704 2962 in

122 2991 301 3050 Nicena
323 2999 622 3070 Bythinian,
638 3005 695 3056 et
708 3001 1181 3072 eongregatisunt
1191 3001 1532 3072 regulariter
1551 3001 1702 3072 ejus-

121 3084 218 3140 dem
255 3090 493 3148 Silvestri
547 3111 711 3165 papae
755 3094 1046 3148 vocatione
1090 3094 1149 3149 in
1191 3094 1440 3167 idipsum
1469 3094 1703 3150 trecenti

121 3177 276 3236 decem
303 3189 356 3238 et
379 3193 506 3243 octo
539 3145 794 3259 epirscopi
815 3187 1084 3242 catholici
1115 3188 1212 3260 qui
1243 3145 1627 3260 e;posuerunt
1645 3189 1706 3242 fi-
1725 3145 1780 3218 Ο

119 3269 221 3328 dem
246 3276 517 3351 integram
549 3281 886 3337 catholicam
916 3281 1362 3350 immaculatam,
1386 3286 1443 3337 et
1463 3283 1702 3338 damna-

117 3374 276 3424 verunt
295 3375 508 3445 Arium,
543 3375 830 3445 Fotinum,
854 3375 1278 3448 Sabelliumque
1310 3380 1481 3448 atque
1512 3394 1706 3448 sequo-

117 3474 185 3513 ces
207 3479 406 3522 eorum.
450 3469 786 3540 Eodemque
826 3472 1087 3541 tempore
1115 3473 1171 3524 et
1197 3486 1295 3526 xm
1325 3470 1703 3525 Kalendarum

112 3552 357 3628 luliarum,
372 3562 463 3618 die
480 3580 601 3636 qua
612 3569 1019 3633 memoratum,
1037 3564 1340 3618 concilium
1354 3580 1630 3636 magnum
1645 3565 1702 3618 in

115 3645 259 3705 Nicea
280 3662 695 3729 congregatum
735 3661 837 3724 est,
871 3657 1145 3712 canonica
1182 3657 1302 3728 jam
1348 3658 1495 3712 facta
1539 3659 1707 3730 papas

112 3743 360 3804 vocatione
379 3750 439 3804 in
458 3750 668 3805 urbem
686 3751 923 3805 Romam
944 3751 1334 3822 congregavit,
1358 3756 1414 3805 et
1432 3752 1550 3823 ipse
1571 3768 1701 3806 cum

114 3838 302 3894 concilio
325 3845 544 3913 praefati
577 3845 938 3901 Constantini
969 3845 1204 3917 Augusti
1232 3845 1502 3901 ducentos
1530 3847 1698 3917 quin-

111 3933 342 4001 quaginta
385 3944 514 3994 octo
567 3938 882 4010 episcopos,
917 3941 974 3993 et
1000 3939 1297 3994 damnavit
1327 3939 1535 3995 iterum
1582 3943 1700 3994 tam

110 4020 338 4083 Calixtum
385 4047 572 4103 quam
613 4031 830 4103 Arium,
878 4037 935 4087 et
980 4032 1248 4087 Fotinum
1292 4037 1462 4105 atque
1507 4033 1696 4089 Sabel-

107 4112 232 4189 lium,
273 4126 324 4178 et
363 4125 671 4181 constituit
713 4130 775 4180 ut
818 4125 1214 4197 presbyterum
1254 4127 1531 4182 Arianum
1558 4127 1696 4182 resi-

109 4207 373 4274 Piscentem
416 4236 540 4274 non
584 4219 915 4290 susciperet,
962 4219 1069 4274 nisi
1111 4221 1410 4292 episcopus
1440 4221 1699 4291 ejusdem

106 4297 188 4356 loci
208 4322 324 4363 eum
344 4313 764 4381 reconciliaret,
796 4315 854 4366 et
883 4317 1242 4368 sacrosancto
1274 4313 1576 4368 chrismate
1597 4330 1701 4384 per

108 4395 388 4472 ePiscopalis
414 4423 632 4462 manus
647 4405 1074 4478 impositionem
1095 4406 1278 4461 sancti
1303 4407 1544 4478 Spiritus
1566 4423 1696 4479 gra-

104 4487 163 4542 tia
177 4509 274 4563 qua
308 4498 375 4553 ab
406 4500 699 4556 haereticis
721 4500 842 4555 dari
865 4517 979 4555 non
1002 4504 1204 4572 potest,
1224 4481 1610 4556 conﬁrmaret.
1634 4504 1697 4556 ln
1717 4522 1776 4594 D

106 4595 192 4650 (Ιιιῖί
231 4594 282 4642 et
327 4608 615 4649 consensu
656 4599 711 4649 et
747 4594 1155 4666 subscriptione
1199 4595 1457 4650 omnium
1499 4596 1700 4650 consti-

103 4677 254 4736 tutum
280 4689 380 4756 est,
409 4691 476 4741 ut
508 4688 705 4742 nullus
730 4689 905 4743 laicus
930 4687 1149 4743 crimen
1168 4689 1371 4744 clerico
1391 4690 1600 4744 audeat
1617 4690 1701 4743 in-

104 4766 236 4841 ferre,
265 4781 318 4831 et
343 4785 407 4835 ut
432 4781 742 4852 presbyter
769 4798 888 4836 non
915 4781 1186 4838 adversus
1205 4783 1554 4854 episcopum,
1583 4801 1697 4838 non

101 4859 328 4925 diaconus
371 4875 653 4930 adversus
694 4876 1110 4948 presbyterum,
1157 4893 1275 4931 non
1325 4877 1698 4933 subdiaconus

100 4955 323 5018 adversus
349 4967 683 5036 diaconum,
716 4986 830 5024 non
857 4971 1152 5042 acolythus
1177 4971 1446 5025 adversus
1469 4971 1696 5026 subdia-

99 5065 411 5126 conum,non
433 5063 718 5118 exorcista
737 5064 1004 5118 adversus
1015 5065 1360 5137 acolythum,
1380 5081 1498 5120 non
1517 5065 1698 5120 lector

99 5143 325 5207 adversus
337 5158 702 5225 exorcistam,
717 5173 835 5213 non
860 5157 1122 5214 ostiarius
1142 5159 1694 5215 adversuslectorem

98 5235 172 5294 det
190 5250 610 5307 accusationem
641 5251 914 5323 aliquam,
941 5256 998 5307 et
1020 5270 1134 5308 non
1163 5253 1528 5310 damnabitur
1555 5269 1696 5325 prae-

98 5333 164 5386 sul
191 5337 287 5393 nisi
315 5341 373 5396 in
399 5346 764 5417 septuaginta
806 5347 1048 5402 duobus.
1076 5348 1268 5419 Neque
1295 5348 1503 5420 praesul
1533 5364 1691 5402 sum-

95 5440 197 5482 mus
221 5449 252 5487 a
281 5452 580 5510 quoquam
598 5439 965 5510 judicabitur,
985 5442 1259 5513 quoniam
1288 5442 1562 5514 scriptum
1587 5447 1690 5498 est.

99 5537 119 5562 α
140 5521 242 5578 Non
258 5533 341 5582 est
355 5531 669 5603 discipulus
685 5551 856 5606 super
869 5535 1209 5606 magistrum
1226 5537 1434 5605 (Matth.
1451 5553 1506 5607 ι,
1529 5537 1638 5607 24),
1663 5558 1691 5588 ››

95 5618 356 5691 Presbyter
377 5629 576 5682 autem
605 5627 904 5684 cardinalis
922 5628 1031 5684 nisi
1052 5629 1426 5702 quadraginta
1445 5635 1696 5702 quatuor

95 5708 299 5770 testibus
322 5733 442 5773 non
477 5719 862 5794 damnabitur,
885 5723 1155 5780 diaconus
1181 5723 1527 5780 eardinarius
1555 5742 1690 5780 con.

89 5805 304 5864 structus
328 5812 490 5868 urbis
516 5814 718 5872 Romae
745 5818 851 5872 nisi
879 5817 935 5873 in
963 5818 1166 5891 viginti
1190 5835 1279 5873 sex
1306 5835 1418 5875 non
1453 5819 1690 5876 damna-

454 5910 738 5979 PATROL.
787 5915 1012 5980 CXXX.

1822 2508 2298 2598 DECRETIS
2381 2508 2729 2599 SANGTI
2816 2511 3332 2601 SILVESTRI

1804 2813 1976 2880 bitur,
2037 2812 2412 2868 subdiaconus
2437 2855 2450 2880 ,
2509 2811 2827 2884 acolythus,
2887 2812 3183 2879 exorcista,
3244 2803 3441 2882 lector,

1805 2907 2068 2962 ostiarius
2095 2907 2224 2974 nisi,
2259 2907 2403 2961 sicut
2431 2907 2708 2978 scriptum
2734 2910 2838 2973 est,
2877 2906 2935 2960 in
2963 2911 3180 2977 septem
3209 2907 3444 2963 testibus

1804 3018 1921 3056 non
1950 3001 2333 3056 damnabitur.
2365 3002 2555 3055 Testes
2583 3005 2772 3055 autem
2817 3006 2872 3055 et
2915 3006 3271 3057 accusatores
3321 3000 3444 3058 sine

1806 3095 1998 3167 aliqua
2040 3095 2154 3150 sint
2198 3094 2433 3150 infamia
2485 3111 2690 3150 uxores
2736 3098 2793 3150 et
2833 3093 2982 3150 filios
3022 3095 3331 3164 habentes,
3388 3097 3444 3150 et

1807 3190 2041 3244 omnino
2089 3188 2376 3243 Christum
2425 3189 2832 3259 praedicantes;
2882 3188 3273 3244 testimonium
3318 3189 3442 3244 laici

1803 3282 2068 3337 adversus
2095 3283 2362 3338 clericum
2392 3298 2562 3336 nemo
2600 3281 2856 3352 recipiat,
2886 3298 3058 3338 nemo
3086 3283 3243 3338 enim
3271 3283 3438 3337 cleri-

1804 3392 1934 3430 cum
1961 3376 2278 3447 quemlibet
2306 3376 2364 3430 in
2393 3375 2619 3447 publico
2647 3377 2965 3431 examinare
2999 3380 3307 3446 prwsumat
3334 3377 3441 3431 nisi

1801 3469 1863 3523 in
1889 3469 2150 3536 ecclesia;
2197 3485 2367 3523 nemo
2415 3469 2569 3523 enim
2616 3468 2853 3522 clericus
2900 3469 2986 3523 vel
3033 3469 3304 3524 diaconus
3343 3475 3443 3524 aut

1803 3563 2115 3634 presbyter,
2152 3565 2387 3634 propter
2415 3562 2732 3633 quamlibet
2771 3578 2999 3617 causam
3043 3562 3219 3618 intret
3247 3563 3307 3618 in
3338 3581 3436 3618 cu-

1803 3657 1966 3726 riam,
1995 3673 2099 3711 nec
2127 3661 2258 3711 ante
2280 3655 2534 3726 judicem
2555 3655 2807 3709 cinctum
2838 3672 3068 3711 causam
3091 3655 3277 3712 dicere
3298 3673 3440 3729 pra:-

1803 3755 2011 3818 sumat,
2042 3750 2311 3821 quoniam
2341 3749 2529 3805 omnis
2557 3749 2716 3804 curia
2747 3767 2780 3803 a
2805 3765 3006 3804 cruore
3029 3749 3237 3805 dicitur
3255 3753 3313 3806 et
3334 3751 3438 3805 im«

1803 3845 2120 3899 molatione
2152 3844 2611 3898 simulacrorum.
2657 3844 2721 3896 Et
2763 3842 2808 3896 si
2839 3843 2967 3915 quis
3001 3843 3238 3899 clericus
3265 3848 3433 3900 accu-'

1801 3955 1930 3992 sans
1955 3937 2228 3992 clericum
2252 3937 2310 3991 in
2332 3937 2546 3991 curiam
2579 3935 2913 4007 introiverit,
2932 3938 3243 3994 anathema
3257 3941 3434 3994 susci-

1802 4033 1940 4103 piat.
1974 4033 2099 4087 Hazc
2141 4032 2294 4086 inter
2319 4036 2525 4086 caetera
2570 4031 2629 4084 in
2679 4030 2946 4101 praedicta
2982 4031 3141 4086 omni
3171 4034 3432 4088 consulta

1800 4126 2089 4181 constituit
2130 4125 2368 4197 synodo,
2415 4130 2481 4178 ut
2528 4124 2865 4179 sacriﬁcium
2894 4125 3084 4180 altaris
3107 4142 3226 4182 non
3251 4126 3312 4182 in
3341 4144 3429 4183 se-

1798 4220 1912 4274 rico
1941 4236 2148 4291 panno,
2181 4225 2279 4274 aut
2322 4219 2498 4273 tincto
2540 4219 2848 4291 quisquam
2881 4219 3169 4275 celebrare
3214 4237 3429 4292 praesu-

1799 4320 1998 4381 meret,
2027 4315 2122 4369 sed
2160 4313 2218 4368 in
2261 4330 2403 4385 puro
2449 4313 2602 4368 lineo
2647 4313 2716 4367 ab
2759 4313 3025 4385 episcopo
3074 4323 3428 4386 consecrato,

1799 4412 2027 4463 terreno
2057 4407 2266 4462 scilicet
2311 4407 2429 4462 lino
2472 4411 2770 4478 procreato
2811 4410 2983 4478 atque
3028 4413 3309 4480 contexto,
3353 4413 3428 4465 si-

1800 4507 1895 4556 cut
1923 4518 2126 4572 corpus
2169 4501 2396 4555 Domini
2445 4500 2624 4554 nostri
2660 4501 2788 4555 Jesu
2834 4501 3039 4555 Christi
3083 4501 3142 4556 in
3190 4503 3429 4560 sindone

1800 4595 2015 4650 munda
2044 4595 2329 4664 sepultum
2348 4594 2472 4648 fuit.
2505 4595 2570 4647 Et
2587 4594 2631 4647 si
2659 4593 2785 4664 quis
2814 4593 3162 4649 desideraret
3178 4596 3238 4651 in
3259 4599 3430 4654 eccle-

1799 4690 1882 4744 sia
1909 4689 2172 4757 militare,
2208 4694 2305 4743 aut
2335 4687 2628 4759 prolicere,
2675 4691 2740 4741 ut
2786 4690 2934 4741 esset
2960 4687 3117 4758 prius
3143 4690 3425 4760 ostiarius,

1799 4783 2002 4839 deinde
2016 4784 2211 4851 lector,
2228 4787 2284 4836 et
2297 4787 2497 4852 postea
2509 4780 2784 4835 exorcista
2796 4785 3166 4853 pertempora
3177 4800 3302 4855 qua;
3315 4787 3429 4858 epi-

1798 4895 1995 4950 scopus
2018 4875 2390 4945 constituerit,
2411 4873 2616 4929 deinde
2632 4874 2922 4945 acolythus
2939 4892 3122 4932 annos
3148 4879 3426 4952 quinque,

1797 4972 2170 5028 subdiaconus
2199 4970 2453 5042 quinque
2482 4969 2667 5038 annis,
2700 4973 2890 5024 custos
2915 4976 3234 5043 martyrum
3263 4976 3426 5031 annis

1798 5067 2075 5139 quinque,
2123 5065 2393 5120 diaconus
2440 5063 2608 5118 annis
2635 5063 2906 5136 quinque,
2939 5065 3234 5139 presbyter
3259 5071 3425 5125 annis

1795 5161 1993 5230 tribus,
2007 5159 2279 5231 probatus
2299 5175 2363 5213 ex
2385 5157 2541 5212 omni
2558 5161 2720 5228 parte
2747 5158 2806 5212 in
2833 5161 3061 5214 tantum
3079 5164 3145 5216 ut
3161 5163 3333 5217 etiam
3353 5165 3424 5219 ab

1794 5255 1884 5310 his
1908 5255 2004 5326 qui
2024 5253 2162 5310 foris
2185 5258 2316 5308 sunt
2344 5251 2736 5307 testimonium
2763 5251 2970 5308 habeat
2986 5253 3227 5321 bonum,
3258 5257 3425 5311 unius

1794 5349 2052 5404 videlicet
2080 5347 2269 5402 uxoris
2313 5346 2495 5401 virum
2543 5361 2668 5417 qum
2711 5349 2904 5402 tamen
2950 5363 2983 5400 a
3025 5347 3312 5404 sacerdote
3352 5354 3424 5406 sit

1793 5443 2107 5510 benedicta,
2143 5445 2201 5496 et
2228 5440 2272 5496 si
2313 5440 2584 5513 probatus
2611 5439 2784 5494 fuerit
2817 5440 3042 5511 dignus,
3075 5444 3133 5494 et
3160 5446 3290 5497 vota
3315 5460 3417 5515 po-

1795 5537 1911 5609 puli
1937 5542 1993 5592 et
2020 5535 2157 5590 cleri
2186 5533 2578 5590 concurrerint
2604 5532 2876 5588 canonice
2904 5532 3184 5604 episcopis
3215 5551 3415 5593 conse-

1793 5634 2001 5698 cretur,
2017 5647 2190 5703 quem
2215 5633 2418 5701 postea
2440 5642 2546 5684 nec
2566 5628 2768 5697 clerus,
2793 5641 2895 5680 nec
2914 5627 3155 5697 populus
3191 5635 3415 5700 pertura

1793 5725 1930 5780 bare
1971 5725 2169 5794 debet;
2202 5723 2338 5795 quia
2373 5722 2620 5793 episcopi
2649 5721 2744 5793 qui
2774 5718 2965 5774 throni
3003 5717 3107 5776 Dei
3151 5732 3422 5782 vocantur

1792 5835 1907 5874 non
1937 5821 2069 5873 sunt
2093 5815 2403 5884 laeerandi,
2427 5816 2494 5871 de
2525 5815 2727 5886 quibus
2746 5813 2826 5867 ait
2843 5812 3045 5874 beatus
3065 5817 3268 5876 Paulus
3286 5824 3431 5892 apo.-

2983 5917 3061 5981 ΞΟ
