3946 6180
511 250 610 331 ου
1394 254 1680 313 APPEND.
1724 256 1813 313 AD
1850 257 2015 313 sine.
2057 258 2069 312 ι

2200 287 2242 297 -
2280 246 2519 315 ISlDORI
2555 246 2983 313 MEBCATORlS
3683 264 3758 323 ne

513 370 719 427 stolus:
738 388 765 419 α
780 368 1080 424 Seniorem
1094 381 1165 421 ne
1183 366 1585 437 increpaveris,
1602 366 1703 421 sed
1721 372 1784 422 ut
1799 373 2023 438 patrem
2039 367 2141 422 ob-
2165 381 2223 454 Α
2244 383 2377 438 ceps
2400 368 2726 423 custodiant
2756 383 2770 421 :
2802 366 2939 438 quia
2968 365 3112 420 nihil
3148 365 3369 436 prodest
3394 367 3579 425 homini
3601 373 3764 445 reliqua

510 479 670 524 sccra
695 462 740 530 (Ι
759 463 892 516 Tim.
917 476 972 527 v,
996 459 1108 531 1),»
1134 459 1380 531 legimus
1397 477 1648 532 namque
1667 460 1789 533 ipso
1808 461 2046 516 Domino
2064 459 2146 515 di-
2246 460 2395 515 bona
2416 477 2585 531 agere
2611 460 2721 515 nisi
2747 476 2911 514 mens
2940 459 3011 513 ab
3049 458 3338 529 iniquitate
3364 468 3627 531 revocetur,
3650 471 3693 520 et
3714 468 3764 521 ab

506 562 675 611 .cente
700 571 858 607 «non
881 570 998 607 esse
1023 552 1364 625 discipulum
1386 571 1557 624 super
1575 554 2143 625 magistrum(Matth.
2245 554 2744 611 obtrectationibus
2793 554 2992 624 lingua
3038 551 3374 607 cohibeatur.
3416 555 3549 609 Unde
3581 556 3645 611 ait
3665 560 3767 612 Pro-

509 666 563 716 Χ,
594 649 702 718 2i),
726 669 753 696 »
790 649 899 702 hoc
928 652 1029 714 est,
1063 664 1181 702 non
1207 646 1313 701 sibi
1348 647 1554 701 debere
1584 664 1933 719 quemquam
1959 648 2028 702 ad
2055 648 2142 701 in-
2246 650 2417 718 pheta
2446 665 2459 702 :
2496 670 2524 697 «
2553 648 2761 702 Cohibe
2791 648 3049 718 linguam
3070 652 3227 700 tuam
3257 662 3289 699 a
3314 646 3467 715 malo,
3495 654 3544 702 et
3561 648 3684 704 labia
3702 656 3770 705 tua

500 742 718 813 juriam
766 742 1059 795 doctorum
1110 740 1397 795 vindicare
1444 741 1784 810 doctrinam,
1816 758 1921 795 nec
1957 741 2147 812 aliqua
2245 758 2317 795 ne
2346 743 2650 811 loquantur
2676 741 2893 806 dolum,
2924 740 3141 794 diverte
3168 757 3201 794 a
3226 739 3385 805 male,
3415 743 3467 794 et
3493 741 3567 795 {ac
3590 741 3769 799 bonum.

508 835 939 899 machinatione
981 834 1211 889 Domini
1241 833 1567 905 discipulos,
1617 835 1671 889 id
1715 840 1817 902 est,
1860 835 2142 905 apostolo-
2247 836 2411 906 (Psal.
2444 852 2634 900 xxxm,
2670 834 2772 899 ii).
2803 857 2831 883 ››
2865 834 3044 888 Nemo
3076 833 3230 887 enim
3268 833 3464 887 bonum
3501 834 3686 903 faciens,
3711 837 3768 889 al-

507 946 638 985 rum
664 943 1012 983 successores
1038 926 1336 982 detrahere
1365 932 1465 982 aut
1496 928 1802 994 infamare,
1852 928 1951 998 qui
1991 929 2142 998 inju-
2245 928 2349 983 teri
2384 927 2548 983 verbo
2573 934 2673 984 aut
2702 928 2850 983 facto
2886 944 3089 981 nocere
3122 926 3259 992 vult,
3309 930 3363 980 et
3402 926 3607 998 reliqua.
3637 929 3713 982 llic
3732 929 3775 983 in

508 1023 596 1077 ria
621 1022 921 1078 doctorum
952 1021 1023 1075 ad
1055 1020 1343 1076 Christum
1374 1021 1629 1093 pertinet
1658 1010 1820 1091 cujus
1845 1023 1962 1075 vice
1990 1022 2143 1092 lega-
2244 1024 2564 1077 memorata
2608 1021 2900 1076 constituit
2928 1020 3189 1075 omnium
3221 1036 3480 1075 consensu
3515 1020 3709 1091 synodo,
3732 1026 3776 1074 ut

509 1102 666 1171 tione
694 1116 1016 1186 funguntur
1046 1131 1060 1180 ;
1107 1115 1350 1185 qualiter
1392 1115 1546 1169 enim
1593 1114 1898 1170 Dominum
1931 1115 2143 1170 contri-
2246 1116 2433 1170 nullus
2459 1115 2756 1187 presbyter
2784 1114 2984 1169 missas
3014 1114 3301 1169 celebrare
3328 1118 3613 1185 praesumat,
3632 1113 3716 1167 nisi
3736 1114 3776 1167 in

511 1214 679 1277 stent,
705 1209 802 1280 qui
833 1209 938 1265 hoc
964 1224 1134 1280 agere
1164 1215 1538 1278 praesumunt,
1566 1209 1858 1287 Dominus.
1876 1209 1934 1263 in
1962 1210 2140 1263 Evau-
2245 1209 2477 1263 sacratis
2501 1210 2572 1263 ab
2602 1210 2871 1280 episcopo
2910 1208 3047 1263 locis
3089 1208 3200 1279 qui,
3231 1207 3314 1262 sui
3355 1208 3602 1279 particeps
3625 1207 3679 1261 de
3698 1223 3775 1261 cs:-

512 1303 657 1375 gelio
684 1306 942 1369 testatur,
976 1302 1057 1356 ait
1082 1301 1235 1356 enim
1264 1301 1383 1372 ipse
1408 1302 1660 1356 Salvator
1688 1318 1702 1358 :
1734 1322 1761 1353 ‹‹
1796 1302 1954 1367 Quod
1977 1318 2141 1373 expe-
2246 1306 2369 1357 tero
2397 1302 2641 1358 voluerit
2681 1320 2802 1357 esse
2839 1302 3161 1357 sacerdotii.
3198 1303 3264 1356 Et
3300 1301 3506 1372 pietatis
3523 1299 3694 1354 affectu
3715 1300 3778 1353 hic

510 1398 628 1452 'diat
673 1396 1070 1452 scandalizanti
1112 1412 1289 1450 unum
1330 1397 1401 1449 de
1439 1396 1654 1467 pusillis
1708 1396 1827 1450 istis
1875 1396 1933 1451 in
1976 1396 2146 1450 maris
2246 1396 2631 1451 sanctissimus
2661 1413 2807 1468 papa
2835 1397 3105 1467 subgesta
3135 1395 3399 1467 synodica
3421 1393 3778 1463 revocavitapo-

509 1491 796 1562 profunda
826 1490 1105 1561 demergi,
1138 1493 1195 1543 et
1237 1490 1447 1544 molam
1490 1489 1795 1543 asinariam
1835 1490 1980 1545 collo
2026 1490 2146 1559 ejus
2245 1491 2439 1545 stolica
2478 1491 2813 1545 auctoritate
2859 1491 3070 1544 multos
3095 1489 3164 1543 ab
3195 1488 3320 1543 aliis
3346 1487 3592 1559 episcopis
3611 1503 3780 1542 excom-

508 1584 780 1656 suspendi
812 1584 1024 1654 (Matth.
1051 1597 1201 1650 xvm,
1226 1584 1298 1653 6).
1334 1604 1362 1631 »
1406 1583 1462 1637 Si
1500 1582 1625 1636 talis
1655 1599 1793 1654 ergo
1836 1599 2004 1655 poena
2034 1585 2142 1638 Do-
2244 1584 2672 1650 municatos,.et
2696 1601 2729 1638 a
2757 1584 3014 1655 tyrannis
3041 1584 3249 1654 ejectos
3277 1582 3344 1637 ad
3380 1580 3779 1647 communionem,

510 1678 651 1732 mini
693 1678 995 1749 discipulos
1042 1676 1560 1731 scandalizantibus
1601 1677 1979 1749 promittitur,
2008 1677 2146 1748 quid
2247 1681 2304 1731 et
2327 1677 2574 1733 restituit
2603 1694 2697 1732 eos
2721 1678 2781 1732 in
2808 1677 3057 1733 ecclesiis
3083 1677 3288 1748 quibus
3308 1676 3520 1732 fuerant
3542 1674 3656 1729 olim
3674 1672 3785 1727 insti-

509 1770 775 1826 int‘uturo
791 1769 1183 1843 eisprovenire
1198 1769 1772 1841 debeatsummopere
1787 1749 2222 1842 pensandumB
2248 1770 2355 1825 tuti
2400 1770 2503 1825 sub
2545 1772 2946 1838 satisfactione,
2992 1774 3163 1842 atque
3212 1774 3471 1841 purgatos
3511 1785 3596 1822 eos
3627 1765 3784 1836 recepit

506 1868 614 1933 est,
646 1882 822 1936 quam
864 1880 979 1920 non
1009 1880 1215 1937 parum
1259 1863 1494 1935 periculi
1526 1864 1634 1918 illis
1664 1881 1899 1920 manere
1931 1863 2144 1936 poterit
2212 1864 2385 1945 kdans
2424 1865 2683 1935 exempla
2726 1865 2929 1919 futuris
2972 1864 3209 1919 eruendi
3251 1862 3551 1918 sacerdotes
3597 1861 3653 1916 de
3691 1875 3782 1930 per-

511 1962 644 2015 ante
691 1958 1018 2025 Dominum,
1066 1957 1167 2030 qui
1210 1950 1331 2012 haec
1366 1958 1685 2014 detrectent
1728 1959 1845 2013 suis
1873 1959 2140 2014 exhibere
2243 1958 2603 2030 sequentium
2662 1959 2942 2014 manibus.
2998 1958 3306 2015 Constituit
3360 1957 3517 2013 etiam
3564 1955 3692 2010 nulla
3720 1969 3782 2006 ra.

508 2052 818 2107 ministris?
847 2051 1011 2115 Quod
1027 2051 1106 2106 ita
1131 2050 1363 2106 demum
1392 2051 1634 2122 probare
1661 2051 1885 2123 poterit,
1904 2052 1951 2106 si
1967 2052 2141 2107 Deum
2240 2052 2397 2110 tione
2414 2052 2857 2108 transmarinum
2879 2053 3168 2108 hominem
3188 2069 3362 2124 penes
3379 2068 3474 2106 nos
3496 2049 3549 2105 in
3566 2048 3786 2104 clericatus

505 2144 752 2200 timeant
794 2144 893 2216 qui
942 2143 1073 2198 talia
1117 2159 1378 2199 exercere
1418 2144 1655 2200 minime
1700 2145 2035 2212 formidant,
2097 2144 2141 2199 si
2243 2145 2423 2217 gradu
2449 2146 2676 2218 suscipi,
2705 2146 2816 2212 nisi
2846 2146 3098 2219 quinque
3128 2146 3509 2219 episcoporum
3534 2142 3787 2211 designatus

508 2238 776 2309 imposito
806 2237 1032 2291 sibimet
1069 2236 1330 2307 improbo
1356 2235 1582 2291 silentio
1607 2254 1640 2291 a
1666 2238 1872 2293 talibus
1894 2256 1951 2293 se
1979 2238 2135 2294 dein—
2242 2239 2315 2293 sit
2339 2239 2755 2310 chirographis.

1157 2533 1733 2631 INCIPIUNT
1823 2536 2349 2628 DECRETA
2441 2538 2793 2630 MARCI
2882 2536 3254 2629 PAPIE.

506 2705 751 2790 Epistola
773 2716 1151 2800 Egyptt'orum
1190 2719 1500 2800 ppntiﬁcum
1544 2716 1906 2800 aanarcum
1937 2731 2147 2800 papam
2246 2715 2505 2771 subnexa
2575 2717 2821 2788 capitula
2887 2716 3269 2788 septuaginta.
3325 2717 3462 2772 Sane
3514 2705 3793 2782 precantibus

572 2787 1129 2882 rz'gjwfﬂglfz‘fﬁtlf
1145 2788 1663 2882 έέῩξῨ-ξξξηξῗηοίιίί
1679 2828 1695 2849 ο
1755 2790 1887 2857 qui“
1942 2787 2147 2841 Ariani
2243 2809 2411 2865 nobis
2437 2787 2727 2882 octoginta
2752 2811 2811 2865 in
2839 2787 3160 2866 memorata
3184 2808 3437 2881 capitula
3475 2806 3680 2861 tractata
3703 2799 3796 2852 sunt

579 2873 760 2914 eorum
784 2873 929 2912 ϐωεηὶ
974 2859 1118 2912 [aria
1144 2858 1517 2913 incenderant.
2243 2858 2408 2865 ἠ’-⁷
2440 2858 2727 2882 ν--νσ--η-
2752 2858 2811 2865 --
2839 2858 3160 2866 -η--ν-ν-τν-
3189 2858 3436 2913 mra-..“
3481 2858 3514 2861 η
3548 2858 3573 2859 η
3672 2893 3679 2903 ι

597 2921 600 2925 ’
928 2874 969 2928 p
1596 2924 1607 2933 '
1748 2898 1757 2917 ’
2244 2904 2480 2974 synodo,
2509 2904 2720 2959 scilicet
2738 2904 3136 2976 quadraginta,
3166 2921 3200 2958 a
3224 2904 3433 2959 Gracis
3459 2900 3631 2954 Graeca
3651 2895 3794 2961 lingua

518 3062 521 3065 ί
578 2994 820 3052 Domino
863 2996 1059 3049 sancto
1100 2998 1158 3048 et
1189 2994 1480 3066 apostolici
1523 2993 1788 3049 culminis
1819 2995 2142 3051 venerando
2244 2995 2416 3065 edita,
2449 3002 2505 3052 et
2529 2997 2912 3070 quadraginta
2935 3015 2969 3051 a
2993 2997 3206 3052 Latinis
3227 2996 3485 3052 similiter
3502 2991 3670 3048 Latina
3689 2984 3797 3040 edita

505 3091 700 3146 Maneo
746 3092 953 3143 sanctze
994 3088 1263 3142 Romanae
1311 3091 1371 3142 et
1406 3087 1736 3159 apostolica:
1773 3087 1940 3155 sedis,
1969 3090 2141 3159 atque
2164 3125 2218 3201 Ο
2244 3089 2476 3161 lingua;
2507 3090 2607 3146 sed
2650 3090 2833 3147 visum
2879 3097 2964 3146 est
3008 3091 3282 3146 trecentis
3311 3090 3504 3145 decem
3527 3091 3577 3139 et
3601 3084 3701 3138 octo
3724 3078 3794 3131 Pa—
3896 3078 3897 3147 ἢ

510 3200 515 3201 ,
570 3181 840 3201 ,-,,,_r,_n_
869 3181 1119 3201 n__1--:_.
1170 3197 1323 3201 --Α-μ
1412 3184 1740 3201 Δ,...--.--..-..
1801 3184 1849 3201 ,ι
1897 3181 2138 3201 unguine
2247 3187 2258 3201 ι
2304 3185 2334 3201 -ι
2472 3184 2481 3194 -
2709 3185 2745 3201 τ·
2789 3191 2798 3201 .
3010 3190 3018 3201 .
3105 3185 3136 3201 ι·-
3185 3184 3195 3195 ο
3241 3185 3274 3201 ο.
3410 3179 3585 3201 κάμιξ-
3627 3168 3797 3201 --.ηςιςη

505 3181 844 3238 universalis
868 3181 1126 3241 Ecclesiae
1169 3197 1352 3253 papae,
1396 3184 1743 3238 Arumasws
1795 3184 1853 3235 et
1896 3168 2218 3237 universi”
2244 3185 2425 3240 tribus
2468 3184 2529 3239 in
2574 3185 2841 3256 praedicto
2871 3190 3062 3240 sancto
3105 3184 3322 3256 Spiritu
3365 3179 3588 3254 repletis
3623 3168 3797 3230 concilio

509 3276 906 3347 Egyptiorum
935 3274 1207 3346 episcopi.
2243 3279 2629 3350 congregatis,
2679 3284 2737 3334 et
2779 3279 3023 3334 maxime
3070 3280 3192 3350 jam
3245 3278 3397 3334 dicto
3444 3267 3731 3331 Alexandro,
3760 3266 3797 3314 et

579 3370 661 3425 Ad
679 3386 776 3425 vos
804 3368 1129 3441 pervenisse
1157 3384 1272 3423 non
1301 3368 1629 3424 dubitamus
1644 3373 1862 3440 quanta
1878 3373 1937 3424 et
1957 3367 2144 3441 qualia
2243 3372 2569 3444 apostolicae
2613 3372 2761 3427 sedis
2815 3372 3173 3444 apocrisariis
3196 3416 3210 3439 ,
3270 3376 3333 3427 ut
3389 3371 3573 3426 decem
3619 3356 3799 3432 capitala

509 3465 580 3519 ab
611 3462 909 3530 haereticis,
924 3466 981 3517 et
995 3462 1243 3518 maxime
1265 3461 1336 3518 ab
1354 3462 1575 3517 Arianis
1594 3462 1849 3534 quotidie
1871 3462 2139 3534 patimur,
2241 3467 2649 3534 adunareutur,
2682 3466 2807 3520 aliis
2841 3470 3013 3537 atque
3059 3465 3336 3538 congruis
3385 3464 3444 3518 in
3480 3460 3606 3515 locis
3643 3456 3797 3509 insere‘

509 3574 678 3630 quam
709 3557 769 3611 in
796 3561 1021 3611 tantum
1039 3556 1110 3613 ab
1127 3556 1208 3613 eis
1228 3572 1667 3629 persequamur,
1688 3559 1751 3611 ut
1771 3555 1943 3611 etiam
1961 3556 2144 3612 vivere
2242 3562 2459 3626 rentur,
2500 3563 2556 3614 et
2584 3558 2654 3614 ad
2696 3559 2941 3614 formam
2991 3559 3297 3631 sexaginta
3339 3552 3709 3626 discipulorum
3742 3539 3801 3595 vel
3896 3598 3897 3603 η

507 3669 612 3708 nos
626 3650 854 3707 tmdeat.
874 3650 1016 3704 Nam
1037 3649 1277 3705 instanti
1300 3653 1558 3722 tempore
1573 3649 1758 3705 subito
1779 3655 1837 3704 et
1857 3650 2141 3722 insperate
2243 3653 2417 3708 totius
2447 3652 2599 3708 orbis
2628 3656 2791 3708 terrae
2812 3653 3166 3725 linguarum,
3190 3651 3491 3723 sexaginta
3510 3643 3639 3703 tanti
3660 3641 3800 3695 etlam

508 3743 1764 3816 innosirruentes,nosquejuxtaprreceptum
1783 3732 2145 3815 Doinini,qui
2244 3746 2573 3802 excellentis
2628 3747 2851 3802 concilii
2901 3747 3105 3802 ﬁerent
3152 3746 3425 3819 capitula,
3477 3756 3593 3814 quin
3633 3742 3804 3791 omnem

509 3839 737 3896 ait:«Si
755 3854 856 3895 vos
876 3837 1161 3909 persecuti
1187 3837 1401 3893 fuerint
1424 3838 1484 3892 in
1513 3853 1692 3893 unam
1720 3836 2025 3905 civitatem,
2050 3837 2142 3892 fu-
2245 3840 2695 3896 Christianorum
2744 3841 3120 3897 informarent
3167 3840 3374 3896 orbem
3413 3843 3468 3893 et
3521 3844 3692 3890 omnes
3730 3819 3803 3877 sub
3896 3840 3897 3851 π

510 3933 622 4005 gite
638 3932 698 3988 in
715 3931 886 3986 aliam
900 3932 1114 4001 (Matth.
1134 3930 1311 4003 x,23),
1329 3950 1356 3982 ι)
1371 3929 1648 4002 fugiendo
1669 3933 1908 4002 prepter
1919 3930 2142 3986 cladem
2244 3933 2574 3991 sacerdotali
2600 3938 2656 3989 et
2679 3934 2995 3990 Christiano
3016 3933 3255 3990 nomine
3276 3932 3565 4005 degentes,
3591 3938 3691 3981 una
3709 3916 3807 3973 ﬁdes

508 4025 725 4100 populi,
754 4024 1108 4080 declinantes
1134 4040 1240 4079 nos
1280 4024 1771 4095 comprehendere
1801 4040 1917 4079 non
1946 4024 2140 4079 value-
2243 4029 2300 4083 et
2329 4043 2444 4083 una
2465 4028 2826 4083 sacerdotalis
2854 4034 3024 4100 atque
3067 4028 3350 4084 clericalis
3389 4023 3603 4096 regeret
3638 4023 3804 4072 norma,

508 4123 665 4188 runt,
691 4117 791 4174 sed
821 4117 1015 4172 omnia
1040 4120 1236 4173 nostra
1263 4116 1590 4189 depopulati
1619 4119 1772 4185 sunt,
1821 4117 1882 4172 in
1916 4120 2144 4173 tantum
2243 4136 2351 4176 nec
2380 4121 2682 4193 quisquam
2711 4139 2744 4176 a
2768 4139 2870 4194 suo
2898 4122 3199 4178 dissideret
3225 4121 3436 4194 capite.
3469 4121 3616 4175 Nunc
3636 4120 3747 4178 ergo
3765 4105 3807 4154 ut

513 4211 668 4268 enim
681 4214 875 4266 nostra
889 4214 1347 4277 vastaverunt,ut
1361 4227 1464 4265 nec
1479 4210 1793 4280 libros,ncc
1811 4210 2146 4266 vestimenta
2242 4214 2581 4286 praedictum
2611 4221 2697 4271 est
2724 4193 2940 4272 inimici
2968 4219 3177 4272 sanctae
3223 4216 3330 4272 Dei
3372 4208 3631 4273 Ecclesia,
3655 4205 3701 4256 et
3720 4210 3805 4251 ma.

512 4303 909 4370 ecclesiastica,
934 4303 1159 4374 aliaque
1187 4307 1544 4370 ornamenta,
1574 4319 1680 4359 nec
1722 4302 1942 4375 reliqua
1981 4308 2142 4360 uten-
2242 4308 2396 4364 xime
2423 4308 2614 4364 Ariani
2645 4327 2679 4364 a
2703 4310 2909 4382 quibus
2940 4310 3195 4382 quotidie
3230 4316 3642 4380 eXpugnamur,
3671 4292 3809 4385 οοθίθῖ

513 4398 638 4455 silia
681 4396 846 4453 nobis
877 4396 1254 4452 dimitterent.
1286 4396 1484 4453 Libros
1527 4413 1658 4451 vero
1698 4401 1923 4453 nostros
1967 4415 2144 4470 usque
2243 4402 2429 4457 rimur
2468 4408 2524 4458 et
2566 4403 2947 4474 opprimimur
2986 4402 3225 4475 praefata
3272 4398 3618 4474 septuaginta
3654 4387 3810 4442 Nicen!

513 4493 587 4549 ad
601 4491 903 4548 minimum
916 4490 1423 4559 incendentes,nec
1436 4490 1554 4546 iota
1568 4507 1750 4546 unum
1764 4492 2228 4571 relinquentesD
2252 4497 2473 4552 concilii
2503 4497 2751 4568 capitula
2795 4513 2923 4568 qua:
2971 4497 3041 4552 de
3079 4497 3323 4569 praefata
3351 4491 3564 4567 synodo
3578 4489 3684 4559 jam
3706 4480 3813 4574 facta

511 4593 749 4660 propter
760 4585 1011 4642 veritatis
1026 4585 1197 4640 tidem
1216 4585 1504 4641 Nicsenam
1519 4586 1822 4658 synodum,
1838 4603 1947 4658 qua
1965 4588 2148 4642 clerus
2238 4590 2476 4661 jubente
2490 4590 2731 4646 Domino
2745 4607 2876 4646 meo
2887 4591 3225 4658 Alexandro,
3244 4591 3478 4646 decreto
3492 4580 3718 4641 omnium
3731 4584 3814 4667 et“:

515 4687 571 4738 et
594 4681 833 4753 populus
856 4678 1243 4747 imbuebatur,
1259 4682 1316 4733 et
1345 4679 1595 4734 maxime
1613 4680 1736 4751 jam
1758 4680 1964 4736 imbuti
1988 4684 2151 4735 erant
2248 4699 2548 4755 scoporpm
2574 4684 2758 4754 attuli,
2789 4702 2916 4757 quae
2944 4685 3117 4740 etiam
3136 4702 3338 4741 coram
3364 4679 3620 4757 omnibus
3641 4667 3814 4728 recita“

513 4774 575 4830 in
599 4774 1002 4831 contumeliam
1024 4775 1296 4841 nostram,
1321 4777 1377 4828 et
1402 4773 1667 4828 omnium
1690 4773 2147 4830 Christianorum
2248 4783 2417 4849 atque
2448 4778 2796 4851 transcripsi,
2819 4784 2952 4833 sunt
2975 4779 3109 4851 igne
3141 4778 3464 4843 combusta,
3482 4754 3715 4845 optamus
3732 4761 3814 4812 uti

513 4868 2144 4938 incenderunt.Quapropterprecamur,Paterbeatissime,
2248 4874 2445 4926 vestrae
2490 4878 2699 4928 sanctis
2748 4872 2897 4927 sedis
2939 4850 3203 4927 Ecclesia!
3245 4869 3583 4927 auctoritate
3625 4872 3729 4933 quie
3759 4850 3818 4904 δεῖ

515 4963 648 5037 quia
678 4979 795 5019 non
824 4960 1146 5017 dubitamus
1170 4961 1320 5032 apud
1351 4977 1447 5015 vos
1474 4962 1732 5033 plenaria
1778 4978 1897 5018 esse
1938 4961 2149 5018 Nicaani
2247 4971 2434 5022 mater
2481 4969 2539 5021 et
2581 4970 2749 5038 caput
2791 4966 3053 5022 omnium
3096 4965 3474 5021 Ecclesiarum
3504 4976 3568 5016 ea
3590 4954 3656 5010 ad
3675 4958 3813 5006 corre-

516 5055 739 5113 concilii
765 5054 1128 5126 exemplaria,
1159 5059 1220 5109 ut
1243 5055 1409 5110 nobis
1436 5055 1531 5110 illa
1559 5072 1685 5127 quas
1725 5059 1937 5112 sancta:
1962 5073 2149 5113 recor—
2248 5059 2503 5131 ptionem
2561 5064 2620 5114 et
2661 5060 3067 5116 recreationem
3123 5059 3385 5115 ﬁdelium
3436 5050 3820 5112 orthodoxowm

518 5151 762 5208 dationis
791 5147 1220 5221 preedecessoris
1262 5148 1432 5204 vestri
1479 5149 1741 5221 Sylvestri
1770 5150 2005 5207 fuerunt
2044 5150 2148 5206 sub
2248 5152 2541 5225 percipere
2580 5170 2686 5224 per
2728 5158 3043 5225 praesentes
3085 5154 3308 5226 legatos
3346 5158 3679 5208 mereamur.
3717 5134 3818 5188 V9"

517 5250 643 5302 tuta
686 5243 925 5300 mittatis
968 5242 1355 5314 stipulatione.
1409 5243 1550 5298 Nam
1594 5245 1820 5315 quando
1862 5244 2148 5316 praedictae
2248 5247 2511 5302 novimus
2532 5247 2877 5319 apostolatus
2909 5248 3081 5304 vestri
3109 5265 3209 5304 cor
3240 5247 3431 5319 gratia
3448 5238 3619 5300 sancti
3637 5227 3822 5306 Spiritus

518 5340 735 5414 synodo
774 5355 904 5395 cum
928 5337 1105 5393 beatae
1126 5336 1419 5392 memoriae
1442 5337 1783 5405 Alexandro,
1811 5338 1987 5409 digno
2008 5338 2143 5405 Deo,
2248 5340 2307 5395 in
2336 5344 2560 5397 tantum
2580 5358 2702 5397 esse
2731 5358 3053 5410 accensum,
3078 5347 3145 5398 ut
3166 5340 3439 5398 omnibus
3467 5327 3724 5409 oppressis
3736 5332 3822 5376 ὕπ’

517 5434 784 5511 pontiﬁce
801 5435 1016 5500 nostro,
1044 5430 1105 5486 id
1125 5436 1227 5498 est,
1246 5430 1641 5487 Alexandrinae
1661 5447 1889 5501 magna:
1907 5431 2148 5488 civitatis
2248 5435 2502 5504 curratis,
2532 5441 2747 5508 quanto
2764 5436 2947 5509 magis
2962 5436 3124 5492 nobis
3147 5436 3265 5509 qui,
3284 5435 3421 5490 licet
3435 5427 3621 5502 exigui
3638 5413 3821 5480 ordinis.

517 5529 799 5602 episcopo,
815 5528 874 5583 in
890 5526 1219 5582 diaconatus
1232 5523 1598 5578 interfuimus
1611 5524 1800 5581 officio
1818 5525 1920 5579 sub
1940 5531 2147 5582 nostrze
2246 5533 2439 5584 tamen
2461 5532 2626 5587 vestri
2639 5548 2835 5587 sumus
2848 5532 3115 5603 vobisque
3132 5530 3463 5587 obedientes
3473 5540 3598 5581 cum
3613 5510 3824 5574 υωηῶιιε

516 5623 863 5697 poenitentia:
875 5618 1198 5675 testimonio
1211 5632 1312 5690 per
1330 5616 1525 5672 beatos
1541 5616 1690 5672 viros
1710 5618 2007 5688 Victorem,
2022 5619 2150 5676 Vin-
2248 5622 2413 5678 nobis
2442 5625 2780 5695 commissis,
2817 5629 2872 5681 et
2898 5642 3115 5693 sumus,
3137 5631 3195 5680 et
3208 5640 3332 5679 esse
3356 5634 3584 5692 semper
3599 5612 3824 5697 volumusf

518 5694 768 5792 centium
797 5714 1175 5787 presbyteros,
1198 5709 1525 5784 apostolicae
1555 5710 1703 5767 sedis
1745 5713 2144 5787 apocrisarios,
2250 5716 2381 5773 ideo
2412 5717 2574 5774 decet
2593 5724 2650 5776 et
2670 5724 2898 5791 oportet
2917 5736 3014 5776 vos
3034 5719 3195 5775 nobis
3211 5718 3336 5773 haec
3358 5731 3487 5788 qua
3510 5694 3827 5798 rogamnsvfl

519 5806 1116 5884 missasuntpraedicto
1130 5821 1291 5880 papas
1308 5804 1593 5876 Sylvestro
1607 5807 2149 5881 cumastipulatione
2247 5810 2353 5866 alia
2399 5828 2526 5884 qum
2566 5814 2884 5869 necessaria
2921 5814 3081 5886 juxta
3124 5810 3466 5886 sapientiam
3509 5818 3675 5880 quam
3708 5791 3831 5851 ’νόῘή⁸
