3946 6180
176 307 258 365 643
1338 294 1812 359 DECRETALIUM
1851 295 2235 358 COLLECTIO.

3373 306 3476 362 614

163 413 379 486 praestitit
405 411 700 465 altissimus
717 426 837 464 esse
849 411 1226 482 cognoveritis
1242 411 1453 482 absque
1474 411 1734 466 tarditate
1758 424 1816 498 Α
1836 410 2119 466 testiﬁcati
2149 415 2282 467 sunt
2305 428 2420 466 non
2463 417 2525 467 ut
2567 428 2670 467 nos
2707 411 2922 484 aliquid
2969 413 3261 467 sinistrum
3289 420 3472 469 vestra

160 513 398 580 praestare,
425 510 483 558 ut
531 508 701 558 tanta:
767 504 1014 559 miseriae
1072 506 1364 576 squalores
1404 521 1437 560 a
1485 504 1738 560 ﬁdelium

159 599 398 656 mentibus
425 598 810 669 detergantur,
843 604 899 652 et
946 599 1109 670 quasi
1139 601 1344 655 vulnus
1395 600 1619 671 corpori
1645 599 1735 652 in-

158 698 303 748 ﬁxum
327 692 469 746 aditu
497 695 664 746 tanta:
689 691 931 746 miseriae
953 692 1241 748 obsecrato
1263 693 1490 748 salutari
1511 699 1738 747 curetur

157 787 388 852 antidoto,
416 790 475 839 ut
511 785 698 839 divino
725 786 856 839 freti
876 786 1189 856 juvamine,
1217 793 1512 858 vestraque
1541 792 1733 841 aucto-

155 882 286 935 ritate
308 885 460 952 atque
486 880 690 933 auxilio
724 880 974 934 roborati
1001 881 1425 935 adversantium
1457 881 1733 952 tergiver-

153 975 359 1028 sationes
399 973 634 1027 evadere
673 973 985 1043 valeamus,
1016 981 1186 1046 atque
1235 975 1534 1029 inconfuso
1574 975 1735 1029 vultu

153 1084 246 1122 non
290 1066 470 1120 fraude
529 1067 864 1138 cujusquam
915 1069 1159 1138 perculsi
1212 1069 1471 1124 assistere
1521 1071 1734 1124 aeterno

148 1160 289 1229 judici
314 1176 645 1226 mereamur,
678 1164 735 1213 et
760 1177 955 1215 vocem
986 1162 1182 1216 audire
1210 1162 1419 1219 Christi
1449 1179 1461 1216 :
1498 1183 1524 1213 (ί
1555 1163 1730 1232 Euge,

153 1270 275 1307 serve
297 1253 432 1307 bone
459 1256 516 1306 et
545 1253 746 1320 ﬁdelis,
780 1256 911 1325 quia
939 1272 1112 1326 super
1139 1273 1319 1326 pauca
1349 1255 1504 1309 fuisti
1532 1255 1730 1322 ﬁdelis,

151 1363 290 1418 supra
309 1347 478 1400 multa
496 1350 550 1400 te
568 1347 909 1402 constituam
931 1365 943 1402 :
964 1349 1115 1403 intra
1137 1349 1192 1402 in
1218 1349 1492 1421 gaudium
1517 1349 1732 1403 Domini

151 1440 216 1493 tui
239 1440 425 1508 (Matth.
454 1456 580 1505 xxv,
611 1443 718 1507 23).
753 1461 778 1488 ››
811 1442 875 1494 Et
904 1442 1240 1513 subscriptio
1275 1460 1289 1496 :
1321 1443 1588 1498 Orantem
1628 1459 1731 1513 pro

149 1533 276 1586 nobis
297 1539 544 1588 sanctum
565 1534 948 1604 apostolatum
969 1541 1226 1591 vestrum
1253 1536 1527 1607 longaevis
1549 1536 1734 1590 Domi-

150 1643 232 1679 nus
255 1631 530 1681 conservet
557 1629 926 1698 temporibus.

148 1752 390 1827 Descriptio
450 1755 631 1827 Marci
665 1769 868 1827 papae,
921 1755 986 1809 de
1046 1757 1292 1810 missione
1367 1756 1733 1827 capitulorum

201 1824 379 1906 Nicaeni
396 1826 615 1906 poncilii
636 1825 946 1880 Athanasio
976 1832 1026 1881 et
1063 1829 1305 1882 omnibus
1353 1824 1730 1898 Egyptiorum

203 1910 449 1966 episcopis.

202 2007 415 2060 Dominis
441 2008 866 2063 venerabilibus
894 2009 1172 2064 fratribus
1192 2013 1505 2066 Arusnasm
1529 2016 1587 2066 et
1609 2011 1733 2066 uni-

145 2099 281 2153 versis
307 2102 694 2172 .Egyptiorum
725 2102 1020 2174 episcopis,
1051 2104 1272 2160 Mancus
1299 2111 1505 2158 sanctas
1533 2105 1732 2159 Roma-

145 2209 213 2246 ne
223 2197 271 2246 et
283 2195 593 2264 apostolicae
609 2195 776 2264 sedis,
797 2197 1127 2251 universalis
1143 2198 1400 2252 Ecclesiae
1413 2198 1726 2270 episcopus.

196 2285 365 2354 Doleo,
436 2289 661 2355 fratres,
741 2293 798 2344 et
870 2290 1112 2344 nimium
1186 2291 1490 2346 contristor
1561 2308 1733 2363 super

140 2379 399 2435 afﬂictione
428 2388 636 2452 vestra,
667 2383 767 2439 sed
811 2384 1018 2455 oppido
1059 2385 1336 2452 consolor,
1368 2385 1518 2455 quod
1562 2391 1729 2440 vento

141 2473 313 2542 agitata
351 2492 463 2530 non
513 2476 653 2531 estis
698 2478 939 2544 arundo,
990 2478 1093 2531 sed
1140 2478 1281 2532 recti
1319 2479 1380 2532 in
1427 2478 1537 2532 ﬁde
1583 2479 1732 2532 inter

139 2581 299 2622 omnes
321 2571 694 2639 procellarum
739 2574 796 2624 et
833 2571 1125 2624 turbinum
1166 2571 1594 2626 colluctationcs
1637 2572 1728 2625 in-

137 2664 374 2716 cessanter
396 2663 746 2734 perduratis.
771 2664 949 2718 Lectis
977 2680 1114 2736 ergo
1141 2665 1511 2720 fraternitatis
1532 2671 1730 2720 vestrae

136 2749 300 2807 litteris
328 2756 586 2827 vigorem
635 2758 966 2812 constantiae
996 2762 1195 2813 vestras
1241 2775 1408 2830 quem
1443 2759 1578 2814 olim
1625 2776 1728 2814 no-

135 2861 369 2915 veramus,
397 2850 748 2920 agnovimus
775 2853 1240 2922 congratulantes
1266 2853 1441 2916 vobis,
1473 2851 1630 2923 quod
1661 2851 1731 2906 ad

134 2941 521 2998 custodiendum
563 2961 797 3015 gregem
827 2945 1176 3016 pastoralem
1206 2962 1398 3000 curam
1428 2945 1732 3016 vigilanter

132 3031 474 3106 insequimini,
508 3054 594 3091 ne
621 3038 761 3109 lupi,
781 3039 878 3109 qui
906 3039 1008 3093 sub
1033 3039 1216 3109 specie
1245 3038 1433 3092 ovium
1459 3038 1732 3093 subintra-

133 3131 256 3194 runt,
270 3129 711 3185 bestialisasvitia
731 3133 1009 3202 supplices
1021 3148 1275 3203 quasque
1294 3132 1732 3204 dilacerent,qui

130 3236 220 3274 non
235 3223 300 3277 ad
323 3225 422 3279 hoc
449 3226 879 3294 subintrarunt,
910 3229 972 3280 ut
997 3226 1188 3298 aliqua
1219 3226 1571 3282 correctione
1603 3243 1732 3297 pro-

137 3314 296 3371 ﬁciant
317 3335 409 3372 seu
436 3324 498 3374 ut
527 3336 601 3375 ea
630 3337 758 3392 quae
787 3325 921 3374 sunt
964 3337 1124 3387 sana,
1159 3324 1546 3392 corrumpant.
1577 3319 1728 3384 Qua-

133 3416 328 3479 prOpter
363 3430 570 3469 moneo
614 3419 672 3468 et
713 3414 910 3468 hortor
959 3414 1323 3469 dilectionem
1371 3417 1638 3481 vestram,
1672 3419 1734 3469 ut

135 3498 309 3558 bonum
333 3508 477 3576 quod
510 3507 827 3578 incaepistis
853 3507 1301 3562 adminiculante
1331 3507 1518 3561 divina
1549 3508 1731 3578 gratia

135 3609 277 3666 usque
317 3598 371 3653 in
412 3600 592 3655 ﬁnem
645 3601 952 3671 perducere
1006 3601 1274 3672 satagatis
1320 3601 1572 3656 veritatis
1597 3617 1730 3656 voce

134 3697 366 3747 monente
394 3712 408 3748 :
441 3718 468 3743 ‹‹
505 3696 714 3749 Beatus
749 3695 846 3766 qui
891 3696 1339 3766 perseveraverit
1374 3711 1552 3766 usque
1584 3695 1640 3749 in
1673 3695 1735 3750 ﬁo

131 3795 237 3836 nem
261 3787 463 3855 (Matth.
513 3805 670 3856 xx1v,
705 3791 817 3859 t3);
852 3810 880 3837 »
928 3789 1080 3844 unde
1125 3790 1277 3843 enim
1325 3789 1488 3843 beata
1537 3805 1730 3860 perse-

133 3879 348 3934 verantia
371 3882 480 3936 nisi
512 3883 587 3936 de
615 3883 824 3936 virtute
865 3883 1196 3954 patientiae?
1223 3883 1366 3937 Nam
1390 3884 1554 3953 juxta
1585 3887 1732 3954 Apo-

130 3971 305 4027 stolum
347 3992 546 4031 omnes
598 3976 697 4047 qui
740 3976 1027 4030 voluerint
1069 3976 1160 4047 pie
1192 3977 1398 4044 vivere,
1429 3977 1486 4030 in
1515 3977 1732 4032 Christo

131 4069 548 4130 persecutionem
576 4070 889 4141 patientur,
913 4087 1040 4142 qua
1061 4071 1252 4124 nonin
1281 4087 1345 4124 eo
1372 4077 1564 4126 tamen
1584 4087 1735 4127 com-

130 4161 340 4223 putanda
367 4168 471 4231 est,
504 4163 662 4236 quod
693 4168 890 4219 contra
918 4164 1293 4218 Christianam
1329 4164 1736 4236 pietatem,aut

128 4247 268 4318 ferro,
283 4261 374 4309 aut
390 4257 628 4328 ignibus
649 4257 856 4328 agitur,
877 4261 976 4312 aut
994 4259 1425 4329 quibuscumque
1447 4258 1734 4329 suppliciis

127 4357 233 4399 Cum
258 4353 720 4419 persecutionum
772 4352 1046 4406 saevitiam
1092 4355 1410 4424 suppleant,
1442 4353 1538 4407 sed
1568 4352 1733 4406 dissi-

131 4439 440 4499 militudines
457 4462 698 4500 morum
720 4451 777 4500 et
793 4446 1166 4500 contumaciae
1186 4445 1659 4513 inobedientium,
1679 4449 1737 4499 et

1838 521 1907 560 ex
1927 511 2090 576 parte
2117 505 2544 574 arbitraremur,
2565 508 2660 562 sed
2687 511 2751 561 ut
2765 523 2868 562 nos
2891 512 2947 562 et
2961 523 3058 562 vos
3081 506 3320 580 illosque
3340 508 3469 563 abs-

1837 617 1946 671 que
1975 601 2090 654 ulla
2115 600 2171 654 in
2198 604 2492 672 posterum
2523 601 2853 656 titubatione
2878 617 3060 656 unum
3090 603 3294 656 sentire
3315 609 3472 674 opta-

1836 710 2050 760 remus,
2105 699 2162 748 et
2210 699 2402 748 sancta
2457 695 2713 750 Romana
2765 695 3014 750 Ecclesia
3061 713 3189 766 qum
3243 713 3471 768 semper

1835 787 2198 842 immaculata
2228 788 2455 854 mansit,
2485 794 2541 842 et
2569 789 2806 843 Domino
2839 790 3205 859 praevidente,
3227 797 3282 844 et
3301 790 3470 844 beato

1835 883 1999 935 Petro
2030 881 2288 952 apostolo
2320 898 2484 952 opem
2514 882 2730 936 ferente
2759 883 2818 936 in
2847 883 3039 937 futuro
3061 884 3331 950 manebit,
3348 884 3470 938 sine

1835 976 1950 1028 ulla
1997 976 2394 1030 haereticorum
2449 977 2821 1031 insultatione
2867 976 3034 1030 ﬁrma
3064 982 3119 1030 et
3158 977 3469 1032 immobilis

1835 1069 1990 1122 omni
2021 1075 2275 1140 tempore
2305 1070 2652 1141 persisteret.
2680 1070 2771 1123 llis
2792 1070 2874 1123 ita
2905 1070 3147 1140 peractis
3169 1071 3472 1141 diligenter

1835 1164 2191 1233 requirentes
2240 1164 2300 1216 in
2349 1168 2544 1218 sancto
2596 1167 2804 1218 nostrae
2851 1169 2907 1217 et
2954 1164 3273 1233 apostolicae
3323 1164 3470 1219 sedis

1836 1256 2044 1310 scrinio
2076 1257 2273 1311 eadem
2301 1274 2427 1328 quae
2471 1261 2677 1311 sanctae
2717 1257 3130 1312 recordationis
3158 1257 3468 1327 prmdeccs-

1835 1350 1946 1404 sori
1975 1366 2106 1405 meo
2153 1351 2422 1406 Silvestre
2473 1357 2606 1406 sunt
2659 1350 2871 1405 directa
2921 1350 3282 1422 septuaginta
3310 1352 3474 1422 (sicut

1835 1444 2208 1514 signiﬁcastis)
2242 1445 2487 1516 capitula
2537 1445 2706 1499 illaesa
2759 1445 3101 1499 invenimus.
3147 1447 3272 1515 Ipsa
3317 1445 3472 1499 enim

1836 1538 1992 1592 vobis
2019 1542 2253 1609 propter
2293 1539 2716 1605 auctoritatem,
2744 1544 2801 1593 et
2830 1537 3308 1608 subscriptionem
3342 1545 3469 1593 tan-

1835 1635 2023 1686 torum
2057 1634 2384 1699 l’atrum,et
2415 1631 2535 1701 ejus
2565 1632 2764 1702 magni
2792 1632 3016 1686 concilii
3047 1632 3286 1686 minime
3314 1633 3464 1686 misi-

1831 1742 1960 1779 mus
1987 1724 2087 1779 sed
2117 1742 2220 1797 per
2249 1725 2447 1779 eadem
2494 1742 2684 1779 coram
2729 1725 3105 1796 apocrisiariis
3133 1727 3332 1780 vestris
3359 1727 3470 1781 alia

1755 1801 2060 1887 Bsimilia,
2111 1819 2380 1874 eumdem
2439 1835 2749 1873 numerum
2808 1818 3124 1889 eademque
3175 1819 3368 1886 verba,
3414 1823 3473 1874 et

1831 1913 2013 1985 ipsam
2047 1913 2527 1984 subscriptionem
2562 1912 2914 1967 continentia
2941 1912 3096 1965 vobis
3135 1912 3465 1980 rescribere,

1831 2013 1888 2061 et
1918 2006 2020 2060 sub
2061 2012 2216 2061 certa
2249 2007 2615 2078 stipulatione
2664 2010 2722 2061 et
2769 2005 3196 2060 conﬁrmatione
3240 2006 3468 2062 mittere

1833 2101 2171 2155 curavimus.
2217 2103 2282 2156 Et
2324 2101 2450 2171 quis
2482 2104 2562 2155 est
2594 2100 2693 2171 qui
2723 2100 2994 2153 fratribus
3043 2099 3158 2153 suis
3198 2099 3335 2154 talia
3364 2116 3464 2154 ne-

1833 2210 1969 2265 gare
1996 2194 2248 2248 audeat?
2277 2195 2418 2248 Nam
2449 2210 2566 2248 non
2613 2193 2959 2264 negligenda
3007 2193 3172 2248 nobis
3216 2194 3338 2248 haec
3367 2210 3468 2264 per

1833 2287 2012 2342 sancti
2039 2287 2278 2358 Spiritus
2308 2287 2547 2358 gratiam
2588 2288 2860 2342 Dominus
2887 2287 3095 2356 docuit,
3141 2287 3241 2341 sed
3283 2288 3466 2343 ﬁdeli-

1831 2386 1919 2436 ter
1947 2381 2262 2436 exercenda
2295 2387 2351 2435 et
2384 2381 2654 2435 fratribus
2699 2381 3089 2435 contradenda
3131 2387 3188 2436 et
3216 2381 3468 2436 docenda

1833 2474 2141 2530 distribuit.
2187 2476 2312 2529 llaec
2353 2475 2745 2545 apostolorum
2787 2475 2908 2529 viva
2953 2474 3204 2542 traditio,
3232 2475 3354 2529 hac
3382 2481 3468 2530 est

1831 2585 1964 2622 vera
1991 2568 2238 2622 charitas
2265 2585 2391 2639 quae
2417 2569 2777 2639 praedicanda
2806 2571 2910 2635 est,
2942 2573 2999 2622 et
3024 2570 3305 2640 praecipue
3338 2569 3464 2623 dili-

1833 2662 2021 2734 genda
2048 2679 2111 2716 ac
2135 2662 2398 2728 fovenda,
2427 2669 2598 2734 atque
2623 2662 2965 2717 ﬁducialiter
2990 2662 3060 2716 ab
3091 2663 3357 2718 omnibus
3385 2669 3467 2717 te-

1831 2756 2042 2823 nenda,
2059 2756 2181 2810 haec
2198 2762 2388 2811 sancta
2403 2760 2458 2811 et
2473 2757 2781 2828 apostolica
2807 2760 2988 2810 mater
3007 2756 3263 2810 omnium
3285 2757 3465 2812 Eccle~

1833 2850 2044 2905 siarum
2073 2851 2280 2905 Christi
2311 2851 2554 2906 Ecclesia
2599 2865 2728 2922 quae
2778 2866 2880 2920 per
2908 2850 3319 2920 omnipotentis
3367 2851 3468 2905 Dei

1834 2946 2079 3016 gratiam
2115 2961 2148 2999 a
2178 2945 2404 3000 tramite
2438 2945 2763 3016 apostolica:
2804 2943 3126 2998 traditionis
3173 2961 3468 3016 nunquam

1833 3055 2046 3093 errasse
2083 3039 2375 3109 probatur,
2409 3055 2510 3093 nec
2540 3038 2944 3093 haereticorum
2988 3038 3334 3093 novitatibus
3363 3039 3466 3093 de-

1834 3132 2125 3204 pravanda
2151 3132 2468 3200 succubuit,
2493 3133 2588 3187 sed
2612 3137 2678 3186 ut
2706 3132 2765 3186 in
2788 3132 3017 3187 exordio
3044 3148 3311 3187 normam
3333 3133 3467 3188 ﬁdei

1835 3227 2162 3282 Christianae
2191 3227 2444 3298 percepit
2471 3227 2541 3280 ab
2565 3226 2892 3281 auctoribus
2923 3225 3037 3280 suis
3081 3228 3469 3298 apostolorum

1830 3320 2035 3375 Christi
2061 3321 2412 3392 principibus
2444 3321 2662 3375 illibata
2686 3321 2976 3375 ﬁnetenus
3018 3325 3232 3389 manet,
3261 3338 3462 3376 secun-

1832 3415 1968 3468 dum
1993 3416 2168 3487 ipsius
2203 3414 2430 3468 Domini
2478 3414 2779 3469 Salvatoris
2809 3414 3061 3468 divinam
3104 3415 3463 3484 pollicitatio-

1832 3525 1988 3576 nem,
2016 3508 2115 3580 qui
2137 3507 2544 3578 discipulorum
2573 3524 2807 3562 suorum
2839 3506 3083 3578 principi
3101 3508 3159 3561 in
3181 3507 3296 3561 suis
3317 3509 3467 3563 fatus

1833 3608 1918 3656 est
1947 3601 2264 3674 Evangeliis
2292 3618 2305 3656 :
2338 3621 2365 3653 α
2396 3601 2613 3669 Simon,
2643 3601 2910 3671 inquiens
2943 3618 2956 3654 :
2986 3601 3125 3655 Ecce
3153 3603 3324 3656 Satan
3365 3619 3462 3656 ex-

1833 3695 2033 3766 petivit
2064 3701 2128 3749 ut
2167 3695 2440 3750 cribraret
2463 3711 2563 3749 vos
2589 3694 2733 3748 sicut
2775 3693 2874 3764 qui
2925 3693 3139 3748 cribrat
3185 3695 3462 3764 triticum,

1835 3804 1943 3860 ego
1969 3793 2163 3844 autem
2193 3805 2295 3860 pro
2315 3793 2370 3844 te
2401 3789 2596 3859 rogavi
2626 3792 2694 3842 ut
2717 3803 2832 3843 non
2864 3786 3082 3842 deﬁciat
3113 3788 3251 3843 ﬁdes
3277 3794 3393 3856 tua,
3409 3793 3468 3844 et

1833 3889 1894 3937 tu
1923 3883 2224 3955 aliquando
2255 3883 2528 3937 conﬁrma
2555 3882 2763 3936 fratres
2791 3884 2920 3935 tuos
2947 3881 3097 3951 (Luc.
3132 3897 3265 3949 χχιι,
3294 3883 3402 3953 3t).
3434 3902 3462 3934 ιο

1831 3977 2166 4033 Consideret
2191 3978 2383 4048 itaque
2411 3982 2596 4031 vestra
2632 3975 2910 4031 excellens
2937 3975 3241 4046 prudentia
3289 3993 3464 4048 quam

1833 4071 2046 4126 bonum
2081 4070 2153 4125 sit
2182 4071 2553 4142 supersistere
2601 4071 2660 4124 in
2707 4069 3123 4141 dispensatione
3150 4069 3310 4126 vobis
3341 4087 3461 4125 cre-

1834 4166 1968 4233 dita,
2009 4171 2066 4220 et
2109 4166 2166 4219 in
2217 4165 2326 4220 lide
2372 4170 2547 4231 recta,
2600 4170 2770 4236 atque
2819 4164 3102 4220 haereticis
3146 4171 3202 4219 et
3243 4164 3468 4221 aemulis

1835 4260 2041 4315 Christi
2071 4276 2416 4331 repugnare,
2450 4262 2506 4314 et
2535 4275 2826 4330 nunquam
2867 4275 2901 4312 a
2944 4258 3198 4313 veritatis
3243 4260 3468 4314 tramite

1837 4353 2136 4420 declinare,
2153 4353 2424 4425 quoniam
2454 4353 2730 4408 Dominus
2747 4356 2804 4408 et
2820 4352 3076 4409 Salvator
3096 4353 3356 4408 omnium
3377 4370 3470 4409 cu-

1828 4448 1923 4519 jus
1949 4449 2057 4502 ﬁde
2086 4449 2301 4519 est,qui
2325 4464 2431 4520 pro
2461 4448 2621 4502 nobis
2649 4448 2794 4502 mori
2814 4464 2930 4503 non
2951 4447 3249 4515 dubitavit,
3267 4452 3324 4502 et
3343 4464 3470 4518 pro-

131 4534 482 4606 malignarum
510 4542 630 4595 tela
656 4540 1008 4612 linguarum,
1032 4540 1344 4612 quibusque
1376 4540 1737 4595 contlictatio-
1755 4548 1814 4621 Ι)
1837 4542 1962 4614 prio
1979 4560 2084 4598 nos
2100 4559 2200 4596 suo
2221 4543 2467 4597 redemit
2499 4542 2774 4613 sanguine
2789 4559 2805 4610 3
2830 4541 2928 4612 qui
2949 4541 3118 4595 ﬁdem
3146 4541 3297 4594 beati
3321 4542 3468 4596 Petri

130 4625 267 4682 nibus
284 4636 617 4689 communia
647 4651 875 4704 semper
897 4634 1156 4688 membra
1180 4635 1498 4705 pulsantur,
1521 4651 1552 4686 a
1579 4635 1736 4688 nulla

131 4721 320 4786 Piorum
396 4729 589 4799 portio
665 4728 1082 4782 conflictatione
1151 4728 1222 4781 sit
1285 4728 1483 4782 libera.
1545 4729 1624 4782 lta
1676 4733 1738 4782 ut

132 4817 356 4881 periculis
420 4839 525 4877 nec
607 4823 722 4877 otio
796 4826 1057 4889 careant,
1123 4839 1225 4876 nec
1299 4822 1528 4889 labore,
1602 4838 1736 4876 nam

129 4905 224 4963 haec
251 4920 303 4967 et
324 4917 520 4970 omnia
563 4916 918 4971 incrementa
959 4915 1340 4986 probabilium
1394 4915 1733 4982 studiorum,

129 5004 246 5057 etin
275 5007 348 5061 eis
380 5026 562 5081 usque
592 5010 647 5063 in
679 5010 854 5064 ﬁnem
906 5011 1329 5080 perseverantia
1365 5013 1535 5081 atque
1569 5009 1736 5064 honre

129 5091 282 5170 151
338 5103 653 5157 voluntatis
704 5103 1051 5158 incrementa
1107 5104 1179 5158 ad
1233 5103 1438 5159 Christi
1491 5102 1737 5175 gratiam

125 5201 326 5262 semper
353 5201 486 5250 sunt
512 5196 834 5263 referenda,
867 5201 933 5250 ut
963 5197 1020 5251 in
1048 5197 1315 5252 omnibus
1352 5213 1480 5268 quae
1511 5197 1738 5267 agimus

128 5279 251 5339 Deus
274 5289 426 5342 omni
453 5289 710 5360 perfecte
741 5290 1012 5345 laudetur
1039 5295 1320 5363 tempore.
1352 5292 1429 5345 De
1467 5289 1735 5362 capitulo.

129 5389 234 5431 rum
251 5395 495 5454 namque
523 5397 792 5438 Verorum
814 5385 1026 5439 Niczeni
1051 5386 1291 5453 concilii,
1309 5385 1513 5458 quibus
1532 5401 1636 5438 nos
1656 5384 1740 5438 in-

127 5470 355 5530 terfuisse
403 5478 616 5532 litteris
665 5483 866 5536 vestrae
911 5479 1280 5535 fraternitatis
1324 5479 1656 5551 signiﬁcatis
1705 5494 1740 5532 a

127 5569 304 5621 nostris
318 5571 415 5641 qui
437 5588 550 5625 una
567 5572 859 5627 vobiscum
879 5573 1262 5628 interfuerunt
1284 5573 1740 5645 diligentioribus

126 5660 503 5730 requisivimus
553 5666 1043 5736 collocutionibus,
1075 5667 1172 5738 qui
1203 5668 1278 5721 ita
1324 5675 1385 5722 ut
1411 5675 1608 5723 vestra:
1652 5675 1738 5723 te-

127 5755 267 5808 Statze
292 5761 423 5813 sunt
450 5759 661 5813 litterae
699 5777 930 5818 omnem
962 5761 1122 5817 nobis
1167 5761 1424 5817 ordinem
1465 5779 1740 5834 exposue-

127 5854 262 5917 runt,
293 5855 349 5905 et
378 5857 628 5908 vestram
673 5856 969 5928 epistolam
1017 5874 1118 5929 per
1146 5857 1338 5916 omnia
1381 5871 1572 5913 veram
1620 5872 1742 5913 esse

1835 4653 1949 4691 non
1973 4636 2324 4690 defecturam
2356 4635 2636 4706 promisit,
2661 4640 2717 4688 et
2741 4635 3082 4689 conﬁrmare
3112 4650 3245 4687 eum
3266 4634 3469 4690 fratres

1837 4746 1968 4784 suos
1997 4729 2297 4783 admonuit
2325 4728 2478 4799 quod
2501 4727 2834 4798 apostolicos
2864 4727 3157 4798 pontiﬁces
3179 4741 3326 4783 mem
3348 4729 3466 4784 exi-

1839 4823 2068 4896 guitatis
2119 4823 2560 4893 praedecessores
2610 4821 2960 4876 conﬁdenter
3003 4820 3202 4876 fecisse
3247 4839 3471 4896 semper

1837 4917 2052 4971 cunctis
2077 4920 2160 4970 est
2186 4915 2498 4986 cognitum,
2517 4931 2764 4986 quorum
2795 4918 2850 4969 et
2881 4913 3157 4986 pusillitas
3176 4932 3327 4984 mea,
3344 4919 3473 4973 licet

1836 5011 2022 5082 impar
2061 5010 2132 5064 sit
2174 5015 2230 5064 et
2277 5009 2524 5076 inﬁrma,
2579 5025 2683 5080 pro
2727 5013 2987 5080 suscepto
3037 5014 3230 5064 tamen
3285 5013 3472 5068 divina

1837 5105 2165 5176 dignatione
2225 5103 2566 5171 ministerio,
2613 5103 2954 5174 pcdissequa
3003 5105 3159 5176 cupit
3212 5106 3467 5163 existere.

1838 5200 1932 5252 νω
1962 5198 2116 5253 enim
2145 5198 2258 5252 erit
2287 5197 2450 5252 nobis
2477 5197 2573 5268 qui
2602 5197 2772 5267 hujus
2801 5198 3101 5253 ministerii
3128 5215 3270 5253 onus
3290 5216 3472 5256 susce-

1838 5299 2001 5364 ptum
2042 5292 2342 5360 habemus,
2374 5291 2417 5346 si
2447 5291 2740 5347 veritatem
2779 5291 3081 5348 Salvatoris
3123 5277 3318 5347 nostri
3339 5295 3471 5349 Jesu

1840 5387 2071 5454 Christi,
2089 5403 2261 5458 quam
2291 5386 2530 5457 apostoli
2562 5385 3030 5457 praedicaverunt,
3052 5385 3362 5456 praedicare
3379 5404 3472 5443 nco

1841 5482 2220 5553 glexerimus;
2249 5495 2334 5534 va:
2374 5479 2477 5534 erit
2527 5479 2690 5534 nobis
2715 5478 2762 5533 si
2791 5479 3016 5533 silentio
3041 5480 3336 5533 veritatem
3365 5497 3468 5554 op-

1841 5575 2216 5646 presserimus
2265 5573 2364 5645 qui
2394 5589 2628 5644 erogare
2674 5571 3071 5626 nummulariis
3091 5571 3384 5642 jubemur,
3414 5575 3470 5630 id

1841 5673 1927 5723 est
1947 5668 2293 5722 Christianos
2334 5668 2574 5739 populos
2612 5664 2867 5720 imbuere
2900 5668 2961 5719 et
2989 5663 3214 5733 docere,
3241 5666 3382 5738 quid
3412 5669 3472 5724 in

1843 5762 2019 5834 ipsius
2038 5761 2244 5817 Christi
2269 5761 2466 5816 futuro
2495 5759 2701 5815 dicturi
2732 5772 2930 5812 sumus
2972 5757 3252 5827 examine,
3281 5762 3322 5816 si
3351 5777 3470 5818 ser-

1843 5857 2026 5910 monis
2057 5855 2180 5927 ejus
2207 5855 2496 5910 veritatem
2524 5849 2932 5908 confundimur
2954 5851 3264 5924 predicare
3280 5855 3309 5912 τ
3333 5857 3478 5939 Quid
