3946 6180
481 260 584 314 bili

1370 237 1654 309 APPEND.
1694 252 1781 308 an
1818 253 1978 309 saec.
2020 240 2083 308 1x

2193 282 2204 292 -
2242 253 2490 309 lSlDOBl
2527 244 2952 317 MERCATORIS
3650 271 3723 323 616

481 367 590 421 erit
614 365 683 419 de
710 363 873 418 nobis
896 379 1026 417 cum
1053 362 1121 416 de
1149 360 1464 416 commissis
1508 360 1674 416 nobis
1706 361 2026 431 animabus,
2054 364 2112 416 et
2132 376 2190 449 Α
2210 362 2370 417 niam
2402 365 2465 415 ut
2489 362 2719 417 habebit
2741 379 2775 416 a
2804 364 2918 417 Deo
2952 361 3127 433 digne
3171 365 3593 422 remunerationis
3622 386 3732 440 pra-

480 460 549 514 de
576 457 759 512 ofﬁcio
788 459 1046 526 suscepto
1090 455 1368 509 rationem
1408 455 1598 525 justus
1632 454 1810 525 judex
1855 453 2110 510 Christus
2209 454 2389 509 mium
2406 454 2854 526 quidiligentius
2876 454 3028 526 quod
3052 454 3126 509 ad
3141 454 3639 516 salutemcommissaa
3654 465 3736 518 sibi

478 553 627 606 Deus
651 553 846 605 noster
875 548 1187 603 districtam
1227 547 1501 619 exegerit.
1538 548 1685 615 Ideo,
1718 548 1943 617 fratres,
1971 549 2105 604 hor-

2208 548 2386 619 plebis
2424 548 2702 620 proﬁciat,
2729 548 2907 603 fuerit
2956 553 3267 615 exsecutus,
3296 549 3368 604 ita
3397 557 3510 606 ante
3544 554 3738 610 tribunal

477 650 564 699 tor
587 643 951 699 dilectionem
976 646 1242 707 vestram,
1271 642 1525 696 obtestor
1550 647 1608 696 et
1636 658 1867 710 moneo,
1888 644 1955 696 ut
1978 658 2107 715 quae
2210 642 2436 696 Domini
2456 642 2525 697 de
2554 644 2712 696 reatu
2738 641 3101 713 negligentiae
3128 658 3187 697 se
3205 658 3316 696 non
3337 645 3519 714 poterit
3533 661 3739 704 excusare

476 738 695 793 debetis
721 742 779 791 et
802 735 1040 808 potestis
1084 735 1456 790 sollicitudine
1484 734 1725 806 vigiletis
1765 736 1834 790 ad
1876 735 2104 791 investi-

475 831 691 903 gandos
722 831 1017 886 haereticos
1049 833 1107 884 et
1133 829 1392 885 inimicos
1435 834 1640 884 sanctae
1679 829 1782 883 Dei
1822 829 2103 896 Ecclesiae,

472 931 529 980 et
553 943 587 980 a
615 924 731 979 suis
759 924 1049 979 mentibus
1080 939 1152 978 ne
1177 922 1354 994 pestis
1397 923 1521 976 haec
1560 922 1728 977 latius
1759 922 2102 995 divulgetur,

472 1018 769 1074 severitate
792 1034 908 1089 qua
938 1016 1171 1089 potestis
1198 1033 1301 1089 pro
1328 1015 1543 1071 viribus
1587 1016 1924 1087 exstirpatis,
1956 1032 2102 1088 quo-

2206 736 2531 806 quicunque
2548 736 2773 806 plebem
2795 753 2957 791 suam
2977 741 3177 791 contra
3202 736 3465 807 sacrilegae
3484 742 3744 809 0101800810-

2204 827 2294 882 1118
2317 832 2581 883 auctores
2613 829 2863 884 noluerit
2899 828 3204 883 custodire.
3254 830 3387 884 Data
3427 847 3485 886 xx
3527 832 3743 887 Kalendas

2203 922 2554 991 Novembris,
2584 923 2903 994 Nepotiane
2948 929 3004 978 et
3048 923 3303 979 Secundo
3331 923 3450 977 viris
3486 924 3746 979 clarissimis

2205 1016 2549 1072 consulibus.

1131 1299 1711 1393 INCIPIUNT
1811 1294 2331 1392 DECRETA
2437 1299 2719 1392 JULII
2826 1298 3199 1395 PAP/E.

544 1494 747 1566 Incipit
787 1496 1044 1550 Romana
1093 1494 1344 1566 synodus
1394 1493 1583 1548 habita
1613 1511 1646 1547 a
1670 1492 1816 1549 Julio
1852 1509 2022 1565 papa,
2053 1498 2108 1548 et
2206 1510 2273 1548 ex
2307 1493 2438 1560 Deo,
2471 1494 2668 1548 lumen
2694 1509 2764 1547 ex
2795 1491 3031 1558 lumine,
3061 1493 3240 1546 Deum
3266 1507 3453 1545 verum
3480 1506 3542 1544 ex
3567 1490 3663 1544 Deo
3683 1507 3754 1542 ve-

471 1590 706 1661 reliquis
734 1588 1065 1643 orthodoxis
1089 1587 1389 1659 episcopis.

2207 1603 2289 1655 ro,
2320 1591 2540 1653 natum,
2573 1603 2687 1641 non
2712 1586 2949 1654 factum,
2982 1584 3505 1640 consubstantialem
3536 1584 3658 1637 Patri
3682 1600 3756 1652 per

546 1684 605 1737 111
645 1682 881 1737 nomine
936 1681 1162 1737 Domini
1206 1682 1302 1736 Dei
1328 1686 1386 1735 et
1412 1681 1716 1737 Salvatoris
1759 1680 1936 1735 nostri
1979 1681 2107 1734 Jesu
2207 1696 2383 1751 quem
2411 1680 2604 1735 omnia
2630 1680 2775 1734 facta
2803 1684 2935 1734 sunt
2963 1695 2975 1733 :
3005 1684 3061 1734 et
3102 1695 3232 1750 quae
3259 1678 3317 1732 in
3345 1678 3494 1743 coelo,
3520 1680 3571 1730 et
3596 1692 3696 1746 qua
3718 1677 3757 1728 in

468 1776 692 1843 Christi,
719 1774 1135 1847 imperantibus
1162 1791 1388 1846 quoque
1413 1774 1743 1829 Constantio
1762 1777 1818 1829 et
1835 1775 2104 1828 Constan-
2123 1764 2179 1836 B
2201 1779 2385 1841 terra;
2416 1773 2513 1844 qui
2541 1760 2776 1845 proptér
2803 1789 2911 1828 nos
2939 1773 3204 1827 homines
3229 1776 3287 1827 et
3310 1774 3524 1842 prepter
3559 1772 3758 1823 nostram

465 1874 524 1925 te
551 1869 840 1939 Augustis,
868 1884 1022 1923 anno
1054 1870 1276 1938 quarto,
1311 1866 1415 1922 sub
1460 1867 1551 1922 die
1593 1883 1685 1923 x1x
1713 1866 2096 1945 Kalendarum

467 1963 816 2031 Octobrium,
840 1962 1151 2016 indictione
1196 1965 1379 2028 sexta,
1410 1960 1756 2033 praesidente
1796 1965 1989 2015 sancto
2033 1976 2096 2014 ac

464 2056 790 2112 beatissimo
815 2056 962 2111 Julio
994 2071 1141 2126 papa
1170 2055 1317 2110 sedis
1341 2055 1665 2126 apostolicae
1692 2054 1847 2109 urbis
1877 2054 2093 2123 Romae,

465 2150 782 2221 praepositis
830 2148 1201 2202 sacrosanctis
1242 2153 1299 2202 et
1323 2147 1747 2202 venerabilibus
1777 2145 2097 2217 Evangeliis

464 2242 522 2297 in
541 2242 785 2297 Ecclesia
803 2240 1032 2296 Domini
1053 2240 1155 2295 Dei
1185 2243 1243 2295 et
1262 2240 1562 2295 Salvatoris
1592 2240 1771 2295 nostri
1788 2241 1815 2295 ,Ι
1820 2256 1920 2294 0811
1933 2238 2094 2296 Chri-

464 2335 555 2403 sti,
585 2352 713 2406 quae
747 2338 983 2389 vocatur
1009 2333 1494 2404 Constantiniana,
1524 2333 1899 2390 residentibus
1922 2333 2097 2388 etiam

463 2428 597 2483 viris
630 2427 1047 2483 venerabilibus
1092 2427 1426 2499 pariterque
1459 2443 1591 2481 cum
1621 2442 1688 2482 eo
1733 2426 2096 2482 audientibus

462 2521 767 2577 Benedicto
838 2520 1189 2592 Aquileiensi
1246 2519 1543 2592 episcopo,
1596 2519 1742 2575 Rufo
1798 2519 2093 2590 Carthagi-

460 2616 625 2671 nensi
667 2616 953 2687 episcopo,
997 2614 1237 2686 Agapito
1289 2613 1626 2669 Ravennatis
1673 2612 1925 2669 ecclesiae
1972 2612 2090 2684 epi-

461 2726 649 2781 scopo,
680 2709 827 2764 Julio
871 2707 1272 2764 Mediolanensi
1323 2707 1614 2780 episcopo,
1657 2707 1902 2762 Luciano
1941 2707 2089 2761 Mau-

460 2802 713 2858 rianensi
737 2806 795 2857 et
839 2802 1074 2873 reliquis
1103 2818 1235 2856 cum
1265 2800 1346 2856 eis
1374 2807 1604 2856 centum
1654 2800 1941 2856 sexdecim
1969 2800 2088 2871 epi-

462 2896 668 2968 8001118,
699 2894 879 2950 Julius
909 2894 1300 2949 sanctissimus
1336 2894 1642 2966 praedictus
1680 2895 1977 2966 episcopus
2001 2910 2095 2948 ur-

2198 1868 2441 1922 salutem
2462 1866 2796 1935 descendit;
2828 1870 2887 1921 et
2909 1866 3239 1921 incarnatus
3264 1869 3367 1931 est,
3386 1870 3442 1919 et
3459 1864 3611 1918 homo
3627 1862 3760 1915 factus

2199 1966 2301 2027 est,
2332 1978 2548 2032 passus.
2585 1962 2651 2015 Et
2676 1958 2986 2015 resurrexit
3030 1959 3209 2014 tertia
3255 1958 3365 2026 die,
3393 1963 3447 2011 et
3471 1954 3686 2010 ascendit
3721 1955 3760 2006 in

2197 2056 2387 2119 caelos,
2418 2060 2475 2108 et
2503 2058 2778 2108 venturus
2819 2058 2904 2108 cst
2944 2052 3207 2123 judicare
3251 2052 3405 2106 vivos
3455 2055 3508 2104 et
3546 2050 3761 2103 mortuos.

2197 2149 2265 2203 Et
2312 2149 2370 2202 111
2436 2148 2715 2219 Spiritum
2786 2151 3069 2213 sanctum,
3133 2145 3389 2201 dicentes
3450 2146 3618 2197 autem
3673 2141 3763 2193 erat

2197 2241 2428 2312 quando
2474 2257 2587 2295 non
2632 2243 2775 2306 erat,
2808 2244 2907 2294 aut
2952 2256 3067 2293 non
3120 2243 3245 2294 erat
3290 2243 3581 2308 antequam
3624 2234 3764 2297 ﬁeret,

2193 2340 2291 2390 aut
2318 2335 2454 2405 quia
2479 2352 2547 2388 ex
2577 2351 2689 2388 non
2736 2333 3109 2389 existentibus
3157 2332 3343 2388 factus
3382 2336 3480 2398 est,
3508 2331 3596 2382 aut
3622 2342 3677 2380 ex
3706 2324 3764 2377 al-

2193 2432 2317 2482 tera
2370 2427 2681 2482 substantia
2737 2428 2821 2482 vel
2897 2427 3141 2482 essentia
3211 2426 3463 2481 dicentes
3521 2438 3655 2488 esse,
3700 2422 3771 2471 aut

2194 2526 2477 2591 creatum;
2553 2525 2652 2575 aut
2723 2519 3153 2575 convertibilem
3231 2518 3433 2574 Filium
3504 2514 3596 2570 Dei
3637 2530 3648 2566 :
3688 2512 3766 2564 hos

2192 2616 2333 2670 tales
2378 2613 2872 2670 anathematizavit
2924 2613 3206 2668 catholica
3260 2618 3321 2668 et
3371 2608 3654 2683 apostolica
3695 2605 3769 2658 Ec-

2193 2708 2382 2776 clesia,
2437 2708 2586 2763 hanc
2634 2708 2807 2763 ﬁdem
2866 2706 3270 2762 venerabiliter
3323 2703 3553 2761 trecenti
3617 2700 3769 2754 decem

2192 2807 2251 2857 et
2279 2805 2403 2856 octo
2431 2804 2786 2873 agnoverunt
2811 2806 2870 2855 et
2906 2800 3430 2855 corroboraverth
3456 2793 3773 2851 consonantes

2192 2898 2249 2949 et
2276 2895 2578 2950 unanimes
2607 2894 2829 2966 scriptis
2860 2894 3339 2965 explanaverunt.
3373 2892 3509 2946 Nam
3549 2885 3773 2943 Dominus

459 2989 548 3044 bis
564 2990 760 3045 Romae
782 2988 959 3043 dixit:
990 2988 1211 3043 Sancta:
1237 2987 1335 3043 Dei
1359 2994 1416 3043 et
1443 2988 1772 3059 apostolicae
1798 2988 2014 3059 synodo
2035 2992 2092 3043 et
2188 2992 2382 3044 noster
2409 2988 2643 3043 mittens
2666 2988 2737 3043 ad
2766 2988 3196 3059 praedicandum
3224 2985 3527 3057 discipulos
3562 2996 3673 3036 suos
3689 2976 3775 3031 ait:

460 3083 559 3138 Dei
585 3082 892 3149 voluntate,
919 3084 977 3136 et
1002 3080 1185 3153 gratia
1214 3081 1459 3136 indivisa
1482 3081 1884 3137 communione
1915 3081 2092 3136 sancti
2119 3133 2167 3153 η
2198 3104 2225 3133 ‹‹
2247 3084 2474 3149 Euntes,
2496 3082 2689 3137 docete
2709 3098 2908 3137 omnes
2930 3087 3151 3152 gentes,
3168 3080 3520 3151 baptizantes
3539 3091 3626 3130 eos
3642 3072 3688 3125 in
3705 3086 3776 3124 no-

460 3175 698 3247 Spiritus
714 3176 773 3230 in
789 3133 893 3231 hac
907 3133 1287 3231 consonanter
1300 3180 1356 3230 et
1369 3174 1716 3230 unanimiter
1731 3179 2093 3247 congregatae
2114 3133 2169 3208 Ο
2194 3176 2350 3231 1111110
2382 3133 2575 3245 Patris,
2595 3179 2655 3231 et
2681 3175 2824 3244 Filii,
2857 3178 2915 3230 et
2930 3133 3183 3246 Epiritus
3202 3133 3388 3229 sancti
3409 3171 3612 3242 (Matth.
3626 3179 3777 3230 xxvul,

460 3270 699 3341 antiqua
736 3270 888 3324 alma
921 3268 1064 3324 urbe
1104 3268 1296 3323 Romae
1340 3268 1414 3323 ad
1462 3268 1951 3323 conﬁrmationem
2001 3285 2091 3323 sa-

460 3379 617 3419 cram
643 3368 698 3418 et
724 3362 1134 3418 correctionem
1160 3362 1290 3418 ﬁdei
1326 3367 1558 3429 nostra},
1574 3367 1630 3416 et
1647 3361 2092 3417 Christianorum

457 3457 839 3513 immaculata
859 3455 1195 3528 disciplinae,
1217 3459 1281 3511 ut
1304 3456 1504 3525 nostis,
1533 3455 1846 3511 beatissimi
1865 3456 2088 3525 fratres,

457 3567 686 3607 necesse
715 3553 800 3605 est
826 3550 1094 3621 cogitare,
1128 3552 1186 3603 et
1225 3554 1604 3605 consonanter
1627 3565 1827 3605 omnes
1850 3566 1955 3604 nos
1988 3549 2089 3604 do-

459 3662 590 3700 cere
633 3643 950 3699 secundum
996 3646 1262 3699 naturam
1309 3643 1408 3699 Dei
1449 3643 1679 3712 summi,
1708 3648 1764 3699 et
1792 3642 1971 3698 Patris
1999 3659 2088 3697 sa-

456 3738 731 3812 pientiam
758 3737 983 3793 Domini
1015 3737 1110 3792 Dei
1138 3743 1193 3793 et
1223 3737 1526 3793 Salvatoris
1570 3737 1745 3792 nostri
1773 3738 1904 3792 Jesu
1930 3737 2087 3792 Chri-

459 3833 529 3888 sti
559 3832 716 3888 omni
764 3830 1111 3888 desideranti
1155 3832 1473 3887 humanam
1514 3829 1875 3903 divinamque
1911 3831 1971 3885 in
2020 3847 2089 3885 eo

459 3932 656 3984 attesta
664 3931 758 3982 nte
770 3925 1030 3984 Veritatis
1048 3941 1182 3981 voce
1196 3929 1485 3993 naturam,
1506 3947 1534 3976 ‹‹
1557 3925 1831 3998 quoniam
1850 3924 1946 3996 qui
1964 3941 2092 3979 con-

456 4020 711 4076 ﬁtebitur
751 4036 846 4075 me
900 4035 1090 4074 coram
1145 4019 1472 4075 hominibus
1525 4019 1842 4074 conﬁtebor
1882 4021 1957 4073 et
1983 4034 2091 4089 ego

458 4130 592 4168 eum
616 4129 812 4168 coram
837 4113 1001 4167 Patre
1026 4128 1154 4167 meo
1181 4111 1279 4182 qui
1310 4112 1369 4166 in
1397 4111 1551 4167 caelis
1588 4115 1693 4167 est.
1736 4111 1842 4175 Qui
1896 4116 2092 4166 autem

457 4206 749 4279 negaverit
774 4220 869 4259 me
898 4210 955 4261 et
977 4205 1153 4260 verba
1179 4221 1326 4272 mea,
1353 4205 1578 4276 negabo
1606 4221 1740 4259 eum
1771 4210 1829 4259 et
1857 4220 1964 4275 ego
1994 4221 2088 4260 co-

458 4315 582 4355 ram
625 4300 789 4353 Patre
833 4314 965 4353 meo
1006 4298 1107 4370 qui
1148 4298 1208 4353 in
1257 4298 1410 4353 000118
1457 4301 1543 4352 est
1583 4298 1801 4369 (Matth.
1834 4316 1888 4368 x,
1920 4297 2028 4369 33).
2060 4318 2087 4351 ››

459 4393 620 4449 Unde
648 4395 890 4464 oportet,
910 4397 972 4448 ut
994 4391 1181 4463 primo
1201 4390 1373 4446 ﬁdem
1399 4394 1785 4446 trecentorum
1816 4392 2017 4447 decem
2036 4399 2092 4448 et

461 4491 589 4544 octo
618 4488 845 4543 Patrum
869 4485 927 4542 in
954 4485 1177 4540 Nictena
1203 4484 1424 4557 synodo
1451 4485 1880 4542 corroboratam
1905 4503 2087 4559 pona-

460 4598 609 4650 mus,
638 4585 694 4636 et
720 4579 1084 4653 postmodum
1133 4595 1264 4651 quae
1311 4579 1631 4634 necessaria
1673 4585 1806 4635 sunt
1845 4580 2092 4637 ﬁdeliter

458 4677 790 4730 tractemus.
831 4674 932 4729 Cui
978 4672 1049 4728 ab
1092 4672 1357 4728 omnibus
1408 4689 1521 4727 una
1565 4689 1699 4727 voce
1750 4690 2093 4745 responsum

460 4772 578 4824 est:
601 4768 684 4823 Ad
703 4768 814 4823 hoc
837 4767 1224 4835 convenimus,
1242 4770 1305 4821 ut
1329 4772 1454 4837 post
1480 4766 1585 4821 hoc
1610 4767 1866 4838 primum
1887 4784 2090 4823 secun-

459 4863 597 4918 dum
649 4862 750 4917 Dei
795 4863 1144 4917 voluntatem
1201 4860 1494 4929 faciamus,
1546 4866 1601 4915 et
1644 4878 1677 4915 a
1720 4861 2094 4918 fundamento

462 4955 669 5013 Christi
681 4956 811 5010 Jesu
837 4953 1194 5025 incipiamus,
1214 4959 1270 5009 et
1282 4954 1471 5009 denuo
1489 4971 1591 5025 pro
1614 4955 1853 5010 fratrum
1869 4973 2096 5028 oppres-

462 5051 621 5107 sione
659 5052 969 5104 tractantes
1008 5047 1359 5117 laboremus;
1391 5047 1525 5119 quia
1576 5048 1713 5103 dum
1738 5049 1819 5103 illi
1850 5051 2095 5121 graviter

459 5142 817 5217 afﬂiguntur,
846 5158 952 5197 nos
982 5141 1283 5213 respirare,
1311 5158 1417 5196 nec
1442 5142 1728 5214 quiescere
1772 5160 2090 5215 possumus,

460 5239 598 5311 quia
630 5237 768 5293 dum
814 5235 1076 5291 membra
1103 5239 1398 5305 vexantur,
1428 5252 1633 5308 corpus
1673 5237 1975 5309 reliquum
2002 5255 2093 5311 pa-

461 5348 607 5400 cem,
635 5335 735 5387 aut
766 5330 1018 5403 quietem
1064 5329 1301 5384 minime
1344 5328 1557 5385 habere
1604 5330 1831 5402 poterit,
1860 5330 1983 5385 11th
2009 5336 2094 5387 est

463 5426 621 5482 enim
652 5425 796 5480 ﬁdes
822 5423 1047 5480 Nicwna
1074 5422 1327 5494 generali
1352 5424 1593 5477 tractata
1620 5423 1857 5494 synodo.

531 5519 831 5574 Credimus
854 5518 915 5573 in
946 5534 1127 5573 unum
1159 5517 1339 5570 Deum
1364 5516 1587 5570 Patrem
1616 5517 2088 5588 omnipotentem,

460 5612 717 5671 omnium
744 5611 1050 5667 visibilium
1097 5608 1578 5682 invisibiliumque
1622 5610 1915 5679 factorem,
1945 5616 2003 5667 et
2031 5612 2091 5669 in

460 5721 642 5760 unum
662 5705 970 5760 Dominum
994 5706 1189 5760 Jesum
1210 5701 1506 5758 Christum
1521 5702 1725 5759 Filium
1746 5704 1865 5772 Dei,
1888 5709 2089 5762 natum

461 5811 525 5857 ex
542 5797 703 5850 Patre
721 5796 1229 5867 unigenitum;<hoc
1250 5802 1337 5852 est
1355 5796 1663 5852 substantia
1692 5798 1888 5868 Patris,
1910 5800 2087 5856 Deum

2196 3270 2301 3341 i9),
2326 3280 2357 3319 ’»
2394 3269 2462 3325 de
2488 3269 2695 3341 quibus
2720 3272 2778 3324 et
2805 3269 3166 3324 afﬁrmamus
3194 3268 3278 3322 ita
3304 3267 3535 3333 habere,
3562 3267 3613 3316 et
3633 3260 3696 3314 ita
3714 3272 3777 3310 sa-

2191 3380 2349 3435 pere,
2378 3364 2479 3418 sed
2505 3363 2676 3419 etiam
2701 3363 2919 3419 dudum
2947 3363 3027 3418 sic
3056 3362 3356 3429 habuisse,
3381 3365 3439 3415 et
3466 3359 3538 3414 ita
3556 3353 3781 3426 sapuisse,

2193 3462 2249 3512 et
2274 3474 2454 3529 usque
2477 3457 2548 3513 ad
2574 3460 2821 3512 mortem
2851 3473 2954 3528 pro
2979 3457 3088 3511 hac
3113 3456 3336 3512 instare
3367 3454 3477 3509 ﬁde
3508 3448 3780 3506 anathem-

2190 3551 2427 3607 tizantes
2459 3568 2688 3607 omnem
2730 3551 2852 3606 sine
2886 3551 3003 3605 Deo
3030 3550 3330 3605 haeresim.
3367 3550 3494 3603 Haec
3532 3542 3699 3601 omnia
3733 3551 3784 3591 ex

2190 3646 2379 3712 corde,
2409 3650 2465 3700 et
2483 3645 2680 3700 anima
2709 3644 2982 3716 sapuisse,
3005 3660 3074 3698 ex
3095 3660 3213 3716 quo
3243 3643 3515 3698 novimus
3534 3632 3784 3700 nosmetip-

2191 3756 2298 3809 sos,
2332 3744 2387 3794 et
2424 3754 2575 3793 nunc
2618 3753 2817 3810 sapere
2861 3741 2919 3793 et
2955 3737 3143 3792 dicere
3192 3753 3398 3792 coram
3448 3727 3784 3802 omnipotente

2191 3834 2308 3888 Deo
2338 3836 2394 3887 et
2420 3833 2662 3888 Domino
2694 3835 2886 3887 nostro
2910 3833 3041 3886 .Iesu
3064 3831 3292 3889 Christo
3320 3847 3455 3886 cum
3481 3825 3691 3882 veritate
3718 3823 3780 3871 te-

2190 3929 2429 3981 stamur.
2460 3926 2554 3981 His
2580 3927 2734 3981 enim
2762 3925 2843 3980 ita
2873 3925 3188 3997 praelibatis
3233 3924 3499 3997 ingenita
3533 3916 3692 3976 Patris
3714 3926 3788 3967 na-

2189 4023 2316 4074 tura
2342 4023 2608 4074 extranea
2636 4024 2739 4089 est,
2756 4019 2856 4074 sed
2882 4018 3327 4089 praedicandum
3354 4022 3442 4072 est
3466 4029 3579 4071 esse
3596 4003 3784 4065 consub-

2189 4112 2510 4167 stantialem
2536 4113 2683 4168 Patri
2715 4112 2936 4179 Filium,
2970 4128 3036 4167 eo
3074 4111 3235 4184 quod
3268 4112 3497 4167 nullam
3541 4100 3785 4176 aequalita-

2188 4210 2304 4261 tem
2333 4205 2405 4259 ad
2433 4210 2720 4261 creaturas
2747 4205 2928 4260 factas
2957 4205 3057 4259 Dei
3111 4204 3290 4259 Filius
3343 4202 3568 4269 habeat,
3598 4195 3681 4251 sed
3707 4188 3787 4245 soli

2189 4299 2341 4354 Patri
2368 4299 2613 4371 genitori
2638 4315 2742 4371 per
2767 4315 2999 4354 omnem
3027 4298 3275 4354 modum
3303 4299 3380 4354 sit
3409 4294 3621 4361 similis,
3637 4293 3685 4345 et
3704 4298 3790 4340 non

2191 4392 2262 4447 sit
2287 4411 2357 4448 ex
2381 4394 2491 4449 alia
2532 4392 2788 4465 qualibet
2831 4392 3145 4448 substantia
3191 4393 3287 4448 vel
3340 4388 3602 4456 essentia,
3633 4381 3715 4437 sed
3741 4391 3791 4431 ex

2190 4487 2369 4542 Patris
2394 4492 2527 4543 ante
2553 4487 2763 4543 omnia.
2811 4486 3108 4559 Siquidem
3152 4486 3449 4559 exquisita
3491 4485 3619 4538 sunt
3659 4472 3795 4544 impia

2194 4586 2250 4636 et
2277 4580 2491 4652 iniqua,
2514 4586 2571 4636 et
2600 4581 2721 4636 sine
2744 4582 2856 4636 Deo
2882 4581 3156 4652 dogmata
3179 4579 3330 4645 Arii,
3357 4584 3416 4635 et
3435 4564 3794 4633 consentienlia

2193 4674 2243 4730 ei
2265 4674 2368 4728 sub
2394 4675 2772 4747 praesentique
2798 4674 3058 4730 omnium
3086 4674 3328 4729 decreto
3355 4667 3796 4743 complacuitana-

2191 4767 2546 4823 thematizari
2588 4769 2827 4841 impiam
2878 4768 2999 4840 ejus
3049 4773 3286 4836 sectam,
3317 4770 3380 4822 et
3430 4765 3622 4837 iniqua
3658 4761 3792 4826 aut“

2194 4860 2312 4916 sine
2349 4864 2462 4917 Deo
2491 4863 2660 4918 verba
2705 4863 2877 4918 simul
2914 4867 2974 4918 et
3014 4861 3255 4917 nomina
3296 4861 3512 4934 quibus
3554 4854 3793 4912 utebatur:

2194 4956 2331 5011 Filio
2356 4956 2460 5012 Dei
2480 4957 2898 5029 blasphemans,
2930 4959 2987 5011 et
3014 4956 3208 5012 dicens
3240 4971 3318 5011 ex
3342 4971 3468 5011 non
3494 4943 3798 5008 exstantibus

2194 5066 2335 5119 esse,
2359 5055 2418 5106 et
2436 5050 2642 5106 iterum
2660 5050 2772 5106 fuit
2789 5049 3097 5123 aliQuando
3128 5050 3374 5122 quando
3402 5065 3521 5104 non
3545 5045 3664 5101 fuit.
3684 5039 3802 5103 Ουο·

2193 5144 2363 5199 1110ᾶο
2388 5144 2541 5199 0111111
2563 5144 2691 5212 fuit,
2726 5149 2825 5200 aut
2852 5143 3141 5215 quomodo
3182 5143 3411 5198 iterum
3447 5132 3715 5197 nonfuit?
3752 5127 3802 5182 Ει

2192 5254 2297 5308 pro
2324 5237 2500 5293 libero
2525 5237 2761 5292 arbitrio
2793 5237 3042 5307 malitiae,
3073 5242 3248 5309 atque
3282 5236 3512 5293 virtutis
3529 5226 3802 5304 capabilem

2189 5331 2396 5387 Filium
2443 5332 2542 5387 Dei
2588 5331 2857 5400 dicentes,
2902 5335 3234 5387 creaturam
3288 5330 3658 5386 nominantes
3698 5330 3803 5373 eum

2189 5428 2359 5497 atque
2382 5426 2680 5482 facturam.
2711 5427 2841 5482 Haec
2868 5441 3007 5498 ergo
3034 5424 3229 5505 omnia
3275 5426 3442 5480 fatua
3481 5426 3540 5478 et
3578 5416 3732 5475 anilia
3760 5415 3805 5505 et

2188 5519 2525 5591 blaspheme
2571 5519 3071 5576 anathematizavit
3099 5502 3374 5575 sanctum
3417 5520 3479 5572 et
3521 5502 3800 5571 universale

2189 5613 2515 5682 concilium,
2548 5617 2606 5669 et
2648 5630 2753 5669 nec
2788 5630 2970 5687 usque
3002 5613 3077 5669 ad
3102 5612 3375 5669 auditum
3418 5610 3619 5684 impiae
3644 5606 3804 5665 sectas:

2187 5711 2356 5780 atque
2405 5708 2627 5765 timoris
2681 5708 2872 5780 hujus,
2915 5714 3014 5763 aut
3077 5707 3447 5763 intellectum
3514 5704 3805 5776 iniquorum

2187 5819 2417 5858 sensum
2438 5802 2885 5858 accommodant.
2919 5805 2995 5859 Ea
3018 5802 3258 5875 quidem
3290 5817 3427 5874 quin
3460 5800 3534 5856 de
3560 5798 3652 5853 illo
3675 5791 3809 5877 gesta
