3946 6180
167 327 246 383 617
1330 321 1802 379 DECRETALIUM
1841 322 2224 379 COLLECTIO.
3360 322 3389 373 6
3405 324 3415 377 Ι
3432 325 3460 376 8

161 437 262 488 sunt
286 429 479 503 qualem
504 428 814 482 terminum
837 429 1160 483 habuerunt
1186 429 1375 484 omnia
1390 431 1516 501 jam
1544 430 1727 486 audis-
1750 442 1805 516 Α
1829 447 1951 486 cem
1977 435 2032 486 et
2053 434 2328 502 sequatur
2349 446 2497 499 eam,
2521 429 2653 502 quia
2666 428 2808 486 oculi
2832 429 3057 486 Domini
3078 445 3246 502 super
3255 427 3459 502 justos,

158 528 224 591 tis,
251 520 526 578 etaudietis
553 537 655 576 nec
688 538 786 576 nos
823 522 970 577 forte
1010 523 1301 578 videamus
1327 524 1446 579 viro
1473 524 1724 598 obloqui,
1831 529 1887 580 et
1917 541 2084 580 aures
2110 524 2233 594 ejus
2261 523 2318 578 in
2349 540 2544 595 preces
2581 540 2798 592 eorum,
2839 525 3024 579 vultus
3047 529 3234 579 autem
3266 524 3461 580 Domi-

158 615 1142 692 propterdelictumsuumimproperia
1159 616 1728 690 dignaportanti.Eos
1830 619 1886 674 ni
1920 635 2090 690 super
2135 617 2406 672 facientes
2454 619 2606 672 mala
2650 618 2708 686 (1
2736 621 2878 673 Petr.
2920 635 2999 684 111,
3034 620 3197 684 842).
3232 639 3260 666 »
3309 618 3456 682 Quid

153 714 273 768 enim
299 709 381 781 qui
407 707 656 764 dividunt
674 726 706 763 ιι
744 711 904 764 Patre
927 711 1239 766 substantia
1261 716 1318 765 et
1340 711 1650 780 divinitate,
1671 716 1728 767 et
1829 713 1988 784 pejus
2008 717 2110 779 est,
2142 711 2366 778 fratres,
2394 727 2565 782 quam
2593 716 2658 765 ut
2689 712 3313 785 sacerdotesDomini1
3331 712 3457 786 52

151 806 378 860 alienatur
402 803 626 857 verbum
669 820 702 856 a
732 805 912 873 Patre,
949 803 1121 858 dividi
1151 805 1220 859 ab
1248 805 1495 859 Ecclesia
1527 807 1723 862 catho-
1829 807 1924 878 qui
1955 807 2024 860 ab
2067 805 2225 861 omni
2258 806 2414 859 mala
2443 805 2925 876 coinquinatione,
2975 809 3032 858 et
3077 823 3108 859 a
3140 823 3455 862 noeumen-

151 901 233 953 lica
254 898 507 963 convenit,
551 901 604 950 et
640 914 760 951 esse
798 898 1009 952 alienos
1045 915 1076 952 a
1122 899 1355 953 nomine
1386 899 1720 956 Christiano.
1825 907 1884 956 to
1918 899 2174 954 omnium
2230 899 2679 955 Christianorum
2723 899 2890 953 alieni
2937 899 3148 953 debent
3193 899 3453 955 existere.

150 995 243 1047 Sint
279 991 432 1061 igitur
479 990 640 1044 nobis
694 995 749 1044 et
796 992 1065 1047 omnibus
1102 994 1433 1061 anathema,
1479 1011 1543 1048 eo
1572 996 1722 1065 quod
1827 998 2040 1066 quanto
2072 992 2252 1063 magis
2277 1010 2309 1047 a
2345 993 2586 1047 fratrum
2620 995 2675 1046 et
2719 991 3107 1064 coepiscorum
3140 1010 3282 1064 quos
3310 994 3453 1049 tueri

149 1085 345 1139 Verbum
374 1083 616 1138 veritatis
645 1085 948 1140 videantur
975 1103 1094 1141 esse
1135 1088 1458 1159 cauponati.
1490 1089 1726 1159 Aposto-
1825 1092 1881 1144 et
1924 1089 2215 1142 sublevare
2260 1087 2468 1141 debent
2512 1086 2582 1140 ab
2626 1085 2864 1154 insidiis,
2915 1089 2970 1140 et
2997 1103 3140 1157 quos
3170 1087 3363 1142 fovere
3400 1093 3458 1142 et

146 1179 280 1232 licum
308 1194 538 1248 namque
571 1182 924 1251 prreceptum
971 1183 1056 1233 est
1086 1197 1098 1234 :
1155 1181 1209 1235 Si
1256 1181 1384 1252 quis
1429 1182 1582 1236 vobis
1627 1200 1724 1236 an-
1825 1182 2060 1252 diligere
2079 1196 2441 1252 summopere
2464 1183 2708 1251 oportet,
2735 1185 3158 1251 persequuntur
3177 1197 3271 1234 eos
3295 1181 3458 1251 ejiceo

142 1271 430 1327 nuntiaverit
482 1276 692 1342 praster
735 1273 884 1344 quod
938 1274 1248 1345 accepistis,
1293 1275 1598 1330 anathema
1631 1276 1717 1330 sit.
1822 1292 1905 1344 re,
1933 1280 1989 1330 et
2007 1275 2408 1330 communione
2440 1274 2648 1344 privari
2674 1273 3010 1328 detractant.
3053 1275 3162 1328 Nec
3193 1275 3454 1329 recorda-

142 1367 212 1419 His
233 1381 347 1436 ergo
364 1365 581 1419 nullum
602 1367 1028 1422 communicare
1052 1367 1386 1423 denuntiato
1409 1387 1421 1424 :
1452 1369 1610 1424 nulla
1638 1374 1724 1424 est
1821 1369 1962 1424 mini
1995 1369 2331 1441 sapientiam
2353 1384 2481 1440 quae
2503 1368 2610 1423 ait:
2635 1389 2662 1416 «
2679 1370 2965 1424 Perversxe
2987 1367 3140 1422 enim
3162 1369 3458 1440 cogitatio-

141 1460 258 1513 enim
282 1459 668 1513 communictio
712 1460 852 1515 lucis
893 1461 964 1514 ad
1011 1462 1319 1529 tenebras;
1375 1463 1476 1516 hos
1526 1464 1720 1535 pellite
1811 1462 3105 1534 .nesseparanthominesaDeo(Prov.xv,26);»
3123 1462 3458 1533 siperversse

141 1552 290 1621 procul
316 1553 378 1606 ab
404 1553 693 1608 omnibus:
724 1555 876 1608 nulla
903 1556 1056 1608 enim
1091 1556 1393 1610 concordia
1419 1556 1622 1612 Christi
1650 1558 1716 1611 ad
1821 1557 2194 1628 cogitationes
2220 1561 2488 1627 separant
2517 1555 2783 1610 homines
2810 1573 2842 1609 a
2862 1557 2998 1625 Deo,
3031 1561 3243 1628 quanto
3271 1558 3460 1627 magis

141 1645 288 1700 Belial.
317 1648 532 1702 Servate
561 1664 677 1713 vos,
701 1648 902 1702 fratres
931 1649 1266 1717 Charissimi,
1289 1654 1350 1704 ut
1371 1667 1560 1722 neque
1583 1652 1715 1705 scri-
1820 1668 1994 1722 opera
2023 1650 2221 1722 iniqua
2246 1651 2273 1705 ?
2303 1650 2451 1714 Quid
2485 1650 2641 1704 enim
2662 1650 2903 1720 nequius
2941 1652 3027 1704 est
3065 1667 3238 1720 quam
3259 1650 3366 1705 illis
3389 1651 3458 1706 de

135 1737 247 1791 batis
275 1739 362 1807 eis,
389 1756 576 1810 neque
616 1757 816 1796 eorum
847 1741 1052 1813 scripta
1096 1739 1433 1814 suscipiatis.
1485 1744 1718 1799 Studete
1755 1815 1776 1817 Α
1820 1745 2024 1817 quibus
2039 1744 2310 1799 Dominus
2332 1744 2438 1798 ait:
2467 1763 2494 1795 «
2519 1743 2626 1806 Qui
2652 1760 2750 1797 vos
2766 1743 3454 1816 tangit,tangitpupillam

137 1831 268 1885 simul
299 1839 348 1886 et
394 1850 521 1901 vos,
574 1835 780 1888 fratres
836 1835 1151 1890 charissimi
1208 1842 1264 1891 et
1321 1838 1716 1903 comministri,
1746 1815 1796 1887 Β
1824 1839 1969 1895 oculi
2001 1838 2116 1892 mei
2140 1838 2314 1905 (Zach.
2345 1855 2404 1905 11,
2437 1837 2510 1908 8),
2537 1858 2564 1887 »
2618 1836 2919 1907 quisquam
2952 1841 3225 1906 avertere,
3259 1856 3453 1910 perse-

135 1929 354 1995 tanquam
409 1927 673 1997 spiritum
738 1932 794 1982 et
852 1934 1163 1999 praesentes
1230 1934 1427 1984 nostro
1482 1931 1719 1985 concilio
1822 1933 1941 2006 qui,
1972 1933 2264 1987 destruere
2291 1932 2546 1986 nitatur?
2571 1931 2806 1985 Probata
2826 1933 3017 1985 autem
3046 1930 3222 1986 virtus
3243 1935 3453 2003 portat,

136 2020 420 2086 consentire,
450 2024 624 2092 atque
656 2021 1071 2093 subscriptione
1099 2027 1282 2077 vestra
1305 2025 1630 2091 decernere,
1661 2030 1722 2080 ut
1820 2025 2098 2098 protegit,
2147 2029 2203 2080 et
2257 2024 2584 2078 consolatur
2646 2039 2946 2094 oppressos
2998 2027 3056 2078 et
3099 2023 3263 2079 docet
3314 2025 3454 2082 insi-

135 2112 188 2164 ab
212 2113 444 2167 omnibus
469 2115 686 2186 ubique
713 2116 1119 2170 comministris
1163 2118 1373 2172 nostris
1416 2135 1721 2172 consonan-
1821 2121 2097 2192 pientem.
2129 2121 2224 2174 Est
2252 2117 2405 2173 enim
2435 2119 2575 2172 Deus
2607 2117 2764 2172 testis
2790 2117 2975 2172 cordis
2999 2117 3272 2189 hominis,
3297 2135 3453 2176 scru-

133 2204 190 2256 tia
211 2221 304 2258 una
328 2211 598 2262 servetur.
619 2208 956 2264 Abdicamus
983 2213 1174 2264 autem
1201 2211 1322 2264 illos
1353 2216 1407 2266 et
1429 2217 1588 2266 extra
1612 2218 1720 2266 ter—
1821 2218 2085 2285 tatorque
2130 2230 2295 2266 verus
2310 2212 2669 2282 singularum
2697 2211 3174 2266 conscientiarum
3201 2255 3212 2280 ,
3259 2217 3314 2268 et
3345 2213 3451 2268 lin-

131 2297 278 2352 minos
314 2300 597 2356 catholica:
644 2302 904 2358 Ecclesiae
963 2305 1162 2374 procul
1210 2305 1564 2375 abjiciamus,
1622 2306 1718 2376 qui
1821 2321 2069 2375 gnarum
2098 2303 2451 2375 singularum
2489 2301 2733 2369 auditor,
2767 2318 2939 2373 quam
2971 2301 3204 2374 spiritus
3231 2303 3456 2358 Domini

130 2405 218 2444 non
255 2391 526 2448 afﬁrmant
585 2396 736 2468 quod
763 2398 910 2451 Deus
952 2402 1035 2451 est
1079 2397 1353 2465 Christus,
1383 2399 1480 2452 sed
1513 2399 1675 2453 aiunt
1703 2417 1715 2453 :
1820 2398 2057 2468 replevit
2080 2397 2277 2451 orbem
2298 2401 2602 2464 terrarum,
2635 2417 2661 2443 ‹‹
2688 2399 2744 2449 ct
2764 2396 2871 2450 hoc
2893 2396 3045 2467 quod
3069 2397 3322 2452 continet
3337 2414 3455 2452 om-

129 2500 258 2538 verus
277 2486 408 2540 Deus
437 2505 556 2543 non
590 2493 692 2555 est,
727 2491 857 2562 quia
881 2490 1054 2544 Filius
1082 2494 1185 2559 est,
1245 2493 1343 2546 sed
1365 2508 1528 2546 verus
1551 2493 1720 2546 Filius
1820 2492 1916 2546 nia
1941 2491 2230 2546 scientiam
2262 2490 2436 2544 habet
2462 2489 2632 2544 vocis.
2668 2511 2695 2539 ››
2738 2491 2806 2545 Et
2838 2489 2978 2543 alias
3006 2489 3156 2544 idem
3185 2491 3306 2561 ipse
3338 2490 3450 2546 ait:

128 2594 215 2631 non
244 2583 333 2646 est,
359 2595 429 2634 ne
461 2582 693 2652 genitus
718 2584 789 2638 sit
819 2585 986 2638 simul
1013 2589 1068 2638 et
1096 2585 1406 2656 ingenitus.
1444 2585 1536 2641 Sic
1566 2586 1718 2640 enim
1822 2586 1966 2638 Deus
1997 2585 2242 2639 charitas
2267 2588 2371 2652 est,
2419 2583 2477 2637 in
2520 2584 2627 2638 hoc
2666 2583 2931 2654 apparuit
2968 2583 3210 2638 charitas
3260 2585 3360 2640 Dei
3396 2585 3456 2640 in

124 2689 167 2725 se
188 2673 472 2747 intelligere
501 2683 705 2733 natum
732 2678 1097 2748 proﬁtentur,
1131 2679 1263 2750 quia
1300 2679 1379 2733 sic
1410 2679 1714 2735 dixerunt:
1822 2677 2005 2748 nobis,
2035 2678 2303 2748 quoniam
2328 2677 2531 2731 Filium
2560 2693 2727 2731 suum
2755 2675 3113 2748 unigenitum
3132 2676 3286 2731 misit
3306 2679 3456 2732 Deus

126 2765 255 2828 Quod
277 2776 462 2826 natum
497 2776 588 2826 est
627 2772 845 2826 factum
885 2777 986 2827 est.
1029 2775 1094 2828 Et
1127 2772 1258 2844 quia
1299 2789 1430 2827 cum
1462 2773 1719 2829 Christus
1821 2771 1879 2825 in
1906 2771 2208 2837 mundum,
2248 2773 2314 2824 ut
2341 2769 2596 2824 vivamus
2622 2786 2726 2840 per
2752 2785 2907 2825 eum.
2939 2771 2999 2824 In
3029 2770 3136 2825 hoc
3161 2775 3246 2825 est
3274 2770 3458 2826 chari-

124 2863 228 2914 ante
256 2865 440 2918 saecula
467 2866 565 2933 sit,
589 2865 868 2920 dederunt
887 2866 936 2920 ei
960 2866 1306 2938 principium
1327 2872 1498 2938 atque
1518 2867 1716 2937 ﬁnem,
1818 2868 1904 2920 tas
1929 2881 2042 2918 non
2065 2863 2715 2935 quasiinosdilexerimus
2730 2864 2928 2930 Deum,
2950 2863 3161 2919 scilicet
3177 2863 3454 2935 quoniam

123 2954 242 3022 quod
263 2958 436 3012 nonin
454 2962 742 3028 tempore,
771 2959 871 3013 sed
889 2960 1058 3014 habet
1079 2964 1211 3014 ante
1229 2961 1451 3016 smcula.
1477 2964 1719 3017 Oremus
1817 2957 1936 3029 ipse
1967 2958 2127 3028 prior
2154 2956 2348 3011 dilexit
2384 2973 2510 3026 nos,
2549 2961 2606 3011 et
2644 2956 2800 3011 misit
2828 2957 3029 3011 Filium
3063 2973 3230 3012 suum
3259 2958 3453 3030 propi-

123 3044 254 3101 simul
279 3054 326 3103 et
350 3068 450 3121 pro
474 3051 649 3107 nobis
676 3053 938 3107 omnibus
965 3057 1022 3108 et
1037 3054 1272 3125 reliquis
1299 3055 1583 3126 Oppressis
1602 3055 1715 3108 fra-
1818 3051 2118 3105 tiationem
2149 3068 2252 3122 pro
2297 3050 2539 3122 peccatis
2578 3050 2805 3105 nostris.
2852 3051 3198 3121 Charissimi,
3231 3052 3278 3106 si
3307 3053 3454 3108 Deus

122 3139 282 3205 tribus,
311 3147 361 3198 et
391 3145 495 3216 ipsi
527 3149 807 3200 eruantur
831 3146 1012 3216 illaesi,
1046 3152 1102 3201 et
1127 3151 1422 3202 serventur
1445 3149 1718 3203 immacu-
1738 3184 1792 3260 Ο
1820 3144 2013 3199 dilexit
2039 3162 2142 3199 nos
2169 3149 2225 3200 et
2253 3161 2354 3199 nos
2375 3144 2633 3199 debimus
2671 3144 2912 3199 invicem
2945 3145 3186 3217 diligere
3219 3163 3231 3212 ;
3275 3146 3452 3202 Deum

122 3232 192 3260 ln‘:
241 3241 292 3260 ..ι
324 3254 435 3260 ---μ
483 3240 510 3260 L
535 3256 630 3260 -__
662 3241 991 3260 _I-A__--___41
1020 3240 1167 3260 Λαυρ
1212 3259 1235 3260 η
1464 3259 1503 3260 ,,
1568 3246 1579 3260 ι
1668 3259 1671 3260 ,
1822 3256 1981 3260 ____-
2036 3239 2173 3260 __:_1:1
2203 3256 2271 3260 --.Α
2290 3255 2451 3260 .___-_.-
2507 3238 2561 3260 σε
2594 3238 2891 3260 J:I:___.-__
2921 3239 3154 3260 :..__:_-__
3213 3241 3350 3260 n‘d,
3394 3242 3435 3260 2,,

121 3232 210 3299 lati,
241 3241 296 3290 ut
318 3254 441 3308 qua:
482 3240 635 3294 bene
662 3241 996 3311 placuerunt
1019 3240 1184 3295 ﬁrma
1210 3246 1588 3312 permaneant
1615 3259 1716 3314 per
1739 3232 1792 3260 υ
1820 3256 1988 3294 nemo
2036 3239 2176 3293 vidit
2203 3255 2476 3309 unquam.
2507 3238 2566 3293 Si
2589 3238 2895 3309 diligamus
2921 3239 3182 3306 invicem,
3213 3241 3362 3294 Deus
3392 3242 3450 3296 in

122 3324 382 3385 Dominum
400 3335 864 3389 nostrumJesum
879 3333 1164 3388 Christum
1181 3336 1491 3390 secundum
1511 3336 1717 3391 bonam
1820 3333 1981 3388 nobis
2011 3336 2224 3399 manet,
2253 3335 2310 3386 et
2340 3332 2588 3386 charitas
2620 3333 2743 3402 ejus
2772 3332 2829 3386 in
2862 3332 3023 3386 nobis
3049 3334 3298 3403 perfecta
3329 3341 3449 3401 est;

119 3419 418 3480 voluntatem
447 3429 622 3494 facta,
642 3426 1126 3493 sicuti,credimus
1145 3429 1242 3483 Dei
1259 3434 1316 3482 et
1333 3430 1582 3484 Patrisin
1597 3430 1718 3501 Spi-
1817 3427 1875 3480 in
1905 3427 2008 3480 hoc
2027 3426 2421 3496 intelligimus,
2440 3424 2713 3496 quoniam
2743 3425 2798 3479 in
2827 3442 2891 3479 eo
2922 3431 3313 3493 manemus,et
3332 3429 3451 3498 ipse

119 3511 206 3566 ritu
226 3519 531 3587 sancto,cui
553 3523 638 3574 est
653 3519 830 3591 gloria
848 3520 906 3574 in
921 3521 1123 3575 smeula
1138 3522 1712 3576 saeculorum.Amen.
1819 3520 1874 3574 in
1904 3520 2082 3586 nobis,
2111 3519 2382 3590 quoniam
2410 3518 2478 3573 de
2506 3519 2711 3590 spiritu
2740 3536 2838 3572 suo
2867 3519 3023 3573 dedit
3049 3520 3230 3586 nobis,
3264 3526 3320 3575 et
3349 3539 3451 3576 nos

115 3605 318 3664 Trinitas
348 3613 846 3668 consubstantialis
891 3616 1106 3668 mterna
1150 3618 1253 3669 est.
1294 3615 1435 3670 Data
1481 3616 1712 3670 Kalend.
1816 3613 2090 3681 vidimus,
2155 3618 2211 3666 et
2259 3612 2668 3679 testificamur,
2746 3613 3022 3683 quoniam
3079 3615 3241 3668 Pater
3297 3615 3453 3670 misit

117 3698 416 3775 Novembris,
457 3706 741 3762 Feliciano
771 3711 827 3762 et
849 3707 1184 3762 Maximiano
1214 3709 1278 3762 ιν
1298 3707 1641 3763 consulibus.
1818 3707 2021 3761 Filium
2047 3723 2216 3760 suum
2241 3706 2584 3762 Salvatorem
2610 3706 2831 3760 mundi.
2873 3707 3134 3778 Quisquis
3161 3709 3449 3763 confessus

119 3825 318 3892 Epistola
354 3834 723 3903 increpatoria
752 3831 887 3887 Julii
902 3848 1087 3903 papa
1129 3833 1204 3888 ad
1248 3833 1546 3888 Orientales
1599 3836 1712 3903 epi-
1814 3800 2003 3903 fuerit?
2058 3799 2338 3903 qT‘OPiam,
2380 3801 2543 3903 nisus
2585 3805 2670 3903 es?
2714 3799 2882 3854 Filius
2932 3801 3065 3903 Dei’.
3094 3803 3241 3856 Deus
3289 3802 3344 3903 in
3379 3820 3446 3857 eo

167 3911 325 3973 gcopos
374 3893 714 3973 pro‘causis
760 3893 1076 3967 Athanasii,
1129 3909 1181 3959 et
1204 3906 1501 3960 excessibus
1526 3893 1716 3959 contra
1817 3900 2027 3963 mallet,
2069 3898 2125 3948 et
2168 3893 2286 3964 ipse
2324 3893 2383 3948 ίη
2417 3894 2573 3963 Deo;
2608 3898 2665 3947 εἴ
2703 3909 2802 3947 n05
2830 3894 3219 3965 εοεηονίωιιδ,
3251 3899 3446 3950 διενθ-

167 3971 438 4028 Ηοπιαηᾰπι
467 3976 786 4031 Ecclesium.
1816 3988 2005 4042 dimus
2041 3987 2301 4042 charitati
2339 4003 2510 4058 quam
2557 3987 2729 4042 habet
2768 3989 2913 4042 Deus
2949 3987 3008 4041 in
3040 3989 3202 4043 nobis
3233 4006 3248 4057 ;
3303 3991 3449 4045 Deus

168 4074 577 4136 Venerabilibus
591 4080 860 4137 fratribus
873 4080 1152 4136 universis
1173 4081 1550 4137 Orientalibus
1567 4083 1710 4154 epis-
1815 4081 2061 4135 charitas
2099 4085 2199 4148 est,
2233 4084 2290 4135 et
2313 4080 2411 4152 qui
2441 4083 2634 4136 manet
2671 4080 2731 4134 in
2776 4079 3076 4150 charitate,
3099 4081 3157 4135 in
3198 4083 3310 4138 Deo
3337 4100 3449 4137 ma-

113 4168 238 4237 copis
262 4173 465 4231 JUst.
1817 4177 1930 4241 net,
1961 4177 2013 4228 et
2033 4177 2178 4229 Deus
2202 4173 2261 4228 in
2293 4190 2384 4229 eo.
2424 4176 2484 4227 In
2525 4174 2635 4229 hoc
2674 4174 2926 4245 perfecta
2953 4178 3038 4229 est
3062 4175 3308 4230 charitas
3337 4195 3448 4232 non

166 4261 414 4322 Decuerat
464 4284 609 4337 vos,
679 4268 922 4336 fratres,
997 4266 1136 4321 alios
1184 4266 1567 4322 ecclesiasticis
1625 4269 1712 4322 in-
1816 4268 2101 4339 quasinos
2129 4267 2491 4323 dilexerimus
2508 4269 2707 4337 Deum,
2733 4267 2830 4322 sed
2857 4269 3132 4339 quoniam
3156 4270 3274 4341 ipse
3295 4271 3452 4342 prior

110 4357 288 4413 struere
316 4361 650 4434 disciplinis,
680 4363 738 4416 et
757 4378 874 4416 non
890 4359 1094 4416 talibus
1119 4377 1359 4431 arguere
1379 4362 1710 4416 machinan-
1815 4363 2009 4417 dilexit
2047 4379 2165 4427 nos,
2208 4361 2340 4432 quia
2383 4362 2524 4416 sicut
2564 4362 2659 4417 ille
2690 4366 2794 4430 est,
2825 4369 2881 4418 et
2911 4379 3012 4417 nos
3037 4381 3230 4418 sumus
3256 4365 3315 4419 in
3345 4367 3450 4421 hoc

113 4445 231 4503 tibus
265 4453 485 4512 dicente
541 4457 765 4511 Joanne
818 4454 1107 4526 Baptista:
1164 4453 1525 4510 «Neminem
1577 4473 1712 4510 con-
1815 4455 2046 4510 mundo.
2097 4455 2290 4509 Timor
2331 4471 2445 4510 non
2491 4459 2577 4509 est
2626 4456 2683 4509 in
2732 4456 3032 4525 charitate,
3075 4459 3173 4512 sed
3198 4458 3452 4528 perfecta

110 4542 315 4615 cntiatis,
349 4565 547 4621 neque
587 4549 930 4604 calumniam
966 4547 1181 4603 faciatis
1215 4548 1361 4618 (Luc.
1408 4565 1492 4619 ιιι,
1537 4551 1640 4618 lli),
1685 4572 1711 4598 n
1734 4557 1792 4629 Ι)
1816 4549 2077 4614 charitas,
2105 4549 2280 4616 foras,
2309 4548 2484 4603 mittit
2503 4549 2790 4618 timorem,
2823 4550 3094 4620 quoniam
3123 4567 3350 4621 poenam
3375 4551 3449 4606 ti-

111 4636 154 4685 εἰ.
189 4640 404 4712 reliqua.
443 4645 523 4698 De
566 4659 678 4715 qua
721 4659 783 4698 re
819 4645 875 4697 et
899 4642 1184 4713 apostolus
1221 4643 1428 4697 Paulus
1479 4659 1580 4698 nos
1633 4644 1714 4697 in-
1814 4641 2138 4710 morhebet;
2156 4641 2454 4712 quiautem
2471 4641 2653 4709 timet,
2675 4659 2791 4696 non
2807 4643 3256 4713 estperfectusin
3271 4645 3452 4700 chari-

108 4728 240 4786 struit
265 4734 456 4790 dicens
485 4754 500 4791 :
561 4759 589 4786 ‹‹
621 4737 860 4805 Fratres,
909 4741 962 4791 et
993 4736 1038 4790 si
1079 4739 1510 4807 praeoccupatus
1542 4736 1716 4791 fuerit
1814 4740 1946 4790 tate.
1983 4735 2090 4789 Nos
2107 4751 2245 4805 ergo
2273 4734 2574 4804 diligamus
2601 4736 2796 4805 Deum,
2833 4736 3103 4806 quoniam
3132 4737 3276 4791 Deus
3296 4740 3453 4810 prior

109 4817 246 4879 homo
277 4827 330 4883 in
359 4830 560 4902 aliquo
589 4830 816 4898 delicto,
861 4847 956 4884 vos
983 4829 1079 4901 qui
1109 4829 1430 4900 spirituales
1461 4831 1594 4885 estis
1625 4830 1710 4884 in-
1817 4829 2011 4884 dilexit
2029 4845 2150 4883 nos.
2185 4828 2243 4883 Si
2263 4827 2387 4898 quis
2413 4828 2636 4896 dixerit,
2661 4829 2928 4900 quoniam
2959 4829 3134 4902 diligo
3165 4831 3368 4901 Deum,
3397 4836 3454 4888 et

107 4917 272 4972 struite
307 4922 644 4994 hujusmodi
694 4923 752 4977 in
792 4923 996 4994 spiritu
1033 4923 1299 4991 lenitatis,
1349 4923 1714 4978 considerans
1814 4922 3114 4990 fratremsuumoderit,mendaxest.Quienim
3133 4942 3250 4980 non
3269 4925 3455 4998 diligit

107 5007 337 5084 teipsum,
363 5032 438 5070 ne
461 5023 522 5071 et
548 5022 612 5072 tu
633 5016 868 5072 tenteris
889 5016 1028 5082 (Gal.
1050 5033 1124 5085 v1,
1159 5016 1224 5086 1),
1256 5037 1284 5065 ››
1318 5021 1373 5071 et
1389 5015 1629 5088 reliqua.
1649 5018 1717 5070 Et
1816 5017 2050 5071 fratrem
2072 5033 2237 5070 suum
2273 5033 2444 5087 quem
2476 5015 2648 5083 videt,
2685 5018 2864 5070 Deum
2909 5034 3083 5088 quem
3124 5035 3240 5073 non
3278 5019 3451 5085 videt,

105 5099 215 5157 alibi
239 5107 431 5163 Petrus
470 5110 760 5181 apostolus
793 5110 912 5165 ait:
976 5131 1004 5158 «
1048 5109 1258 5164 Omnes
1309 5109 1608 5164 unanimes
1654 5110 1713 5164 in
1817 5109 2105 5181 quomodo
2128 5110 2596 5181 potestdiligere'?
2613 5111 2680 5165 Et
2700 5111 2806 5165 hoc
2825 5111 3160 5166 mandatum
3181 5113 3456 5168 habemus

105 5197 326 5256 oratione
347 5203 1001 5275 estote,compatientes,
1023 5203 1391 5258 fraternitatis
1410 5209 1713 5270 amatores,
1816 5221 1848 5257 a
1878 5206 2010 5270 Deo,
2048 5225 2074 5251 ‹‹
2101 5203 2280 5275 utqui
2307 5204 2496 5274 diligit
2529 5205 2730 5272 Deum,
2766 5205 2968 5277 diligat
2997 5206 3232 5261 fratrem
3265 5223 3452 5262 suum.

105 5289 487 5364 misericordes,
521 5297 785 5366 modesti,
823 5297 1086 5364 humiles,
1114 5313 1231 5351 non
1260 5297 1564 5352 reddentes
1591 5313 1712 5350 ma-
1819 5301 1866 5366 (I
1889 5301 2045 5353 Joan.
2069 5313 2146 5366 1v,
2170 5300 2344 5366 9-21).
2373 5318 2399 5349 »
2429 5300 2571 5353 Nam
2599 5299 2792 5370 etipsa
2812 5300 3108 5370 Sapientia
3136 5301 3241 5355 ait:
3263 5323 3290 5349 η
3325 5301 3453 5355 Lin-

106 5379 198 5438 lnm
224 5402 322 5456 pro
348 5392 526 5460 malo,
558 5391 648 5446 vel
671 5390 1041 5446 maledictum
1070 5407 1175 5462 pro
1206 5391 1527 5460 maledicto,
1557 5392 1653 5446 sed
1686 5408 1715 5444 e
1820 5408 1933 5461 gua
1962 5391 2304 5461 sapientium
2327 5396 2494 5445 ornat
2520 5392 2837 5457 scientiam,
2859 5408 2920 5445 os
2945 5392 3236 5448 fatuorum
3259 5395 3459 5449 ebullit

102 5482 352 5536 contrario
393 5485 822 5554 benedicentes,
869 5469 1003 5557 quia
1051 5485 1111 5539 in
1139 5485 1244 5539 hoc
1271 5485 1450 5540 vocati
1477 5485 1627 5552 estis,
1654 5490 1719 5540 ut
1817 5484 2132 5539 stultitiam.
2167 5487 2227 5538 In
2256 5485 2414 5538 omni
2443 5485 2564 5540 loco
2606 5485 2754 5540 oculi
2810 5484 3035 5538 Domini
3057 5488 3456 5556 contemplan-

103 5564 533 5633 benedictionem
596 5579 927 5634 haereditate
987 5578 1337 5650 possideatis.
1402 5579 1510 5644 Qui
1564 5579 1718 5634 enim
1817 5585 1912 5634 tur
1944 5579 2124 5634 bonos
2155 5581 2213 5633 et
2244 5579 2439 5646 malos,
2488 5579 2688 5651 lingua
2734 5577 3026 5649 placabilis
3053 5577 3277 5646 lignum
3309 5580 3457 5647 vitae,

104 5663 205 5717 vult
226 5667 398 5724 vitam
440 5671 682 5742 diligere
731 5677 786 5728 et
827 5673 1018 5728 videre
1063 5673 1182 5727 dies
1223 5672 1422 5738 bonos,
1466 5676 1721 5727 coerceat
1822 5689 1948 5744 quae
1977 5676 2170 5727 autem
2200 5672 2581 5728 immoderata
2615 5676 2717 5741 est,
2751 5673 3010 5726 conteret
3035 5669 3316 5740 spiritum.
3347 5673 3455 5727 Do-

103 5751 332 5828 linguam
359 5779 530 5818 suam
562 5767 780 5832 amalo,
803 5769 860 5821 et
878 5765 1024 5820 labia
1043 5765 1166 5838 ejus
1191 5779 1262 5818 ne
1287 5765 1590 5835 loquantur
1615 5766 1717 5820 do-
1819 5783 1946 5820 mus
1983 5767 2120 5837 justi
2164 5768 2408 5839 plurima
2453 5768 2741 5829 fortitudo,
2787 5769 2844 5819 et
2879 5765 2935 5818 in
2975 5764 3248 5818 fructibus
3293 5765 3457 5837 impii

111 5847 250 5918 lum;
297 5855 548 5914 declinet
573 5875 605 5913 ει
629 5861 778 5916 malo
808 5863 864 5918 et
891 5859 1062 5918 faciat
1080 5859 1314 5928 bonum,
1343 5858 1596 5931 inquirat
1614 5875 1717 5934 pa~
1822 5861 2176 5916 conturbatio
2209 5878 2222 5927 ;
2255 5861 2405 5916 labia
2433 5860 2775 5934 sapientium
2804 5849 3245 5916 disseminabunt
3287 5860 3462 5919 scien-
