3946 6180
476 274 578 329 619

1374 275 1655 329 APPEND.
1697 276 1785 329 AD
1820 275 1982 330 SIEC.
2019 275 2105 329 IX.
2137 300 2210 314 -
2242 273 2483 330 ISIDOBI
2515 270 2942 328 MERCATORIS
3657 288 3730 340 520

471 384 634 449 tiam,
664 397 760 437 cor
788 380 1087 437 stultorum
1120 378 1393 435 dissimile
1433 381 1560 451 erit,
1611 381 1849 439 victimas
1895 383 2106 454 impio-
2130 381 2478 468 Acationes,
2531 381 2886 453 fatribusque
2932 378 3259 447 subvenire,
3313 384 3367 437 et
3411 382 3613 443 invicem
3653 406 3740 447 non

479 493 609 531 rum
654 473 1065 531 abominabiles
1110 478 1277 530 erunt
1315 474 1592 544 Domino,
1655 480 1780 531 vota
1823 476 2110 547 justorum

475 569 793 642 placabilia.
824 568 927 633 Qui
956 569 1213 640 sequitur
1239 569 1541 639 justitiam,
1570 569 1888 639 dirigitura
1918 572 2109 626 Domi-

476 680 572 719 no.
604 663 779 731 (Prov.
810 679 897 729 xv,
933 663 1072 732 2-9).
1117 682 1144 715 »
1172 664 1311 717 Item
1333 662 1466 718 alibi
1498 679 1511 718 :
1556 683 1583 715 (ί
1612 664 1783 719 Labia
1806 665 1944 735 justi
1970 683 2109 720 con-

476 757 729 812 siderant
758 757 977 829 placita,
1012 774 1073 812 os
1095 756 1406 828 impiorum
1433 774 1699 829 perversa
1721 761 1894 829 (Prov.
1919 777 1973 828 x,
1997 759 2108 831 32),

476 850 805 922 simplicitas
825 851 1115 922 justorum
1138 850 1552 921 dirigeteos,et
1579 852 1961 924 supplantatio
1987 870 2113 926 per-

474 960 767 1000 vcrsorum
800 944 1044 1000 vastabit
1078 960 1174 1000 eos
1204 962 1217 1012 ;
1260 945 1483 1015 justitia
1522 949 1811 1002 rectorum
1848 948 2113 1003 liberabit

477 1054 595 1106 eos,
624 1042 681 1094 et
710 1038 769 1094 in
807 1037 1027 1093 insidiis
1062 1038 1174 1093 suis
1212 1038 1514 1109 capientur
1539 1039 1720 1112 iniqui
1750 1059 1767 1111 ;
1808 1042 1995 1113 justus
2042 1044 2111 1098 de

476 1132 742 1204 angustia
757 1131 1109 1199 liberabitur,
1128 1135 1185 1187 et
1202 1133 1460 1188 tradetur
1474 1133 1683 1204 impius
1697 1151 1800 1207 pro
1817 1152 1905 1190 eo.
1925 1137 2107 1192 Simu-

477 1226 620 1281 lator
653 1241 750 1280 ore
781 1225 990 1296 decipit
1025 1226 1271 1282 amicum
1311 1244 1500 1295 suum,
1525 1228 1664 1299 justi
1689 1233 1881 1285 autem
1908 1230 2109 1285 libera-

477 1321 692 1375 buntur
714 1319 966 1388 scientia,
996 1320 1053 1375 in
1079 1320 1244 1376 bonis
1271 1321 1557 1392 justorum
1592 1324 1854 1379 exaltabit
1893 1324 2108 1393 civitas,

480 1421 536 1469 et
550 1415 611 1470 in
632 1413 954 1487 perditione
969 1416 1279 1486 impiorum
1295 1415 1404 1470 erit
1422 1417 1688 1487 laudatio,
1709 1418 2111 1474 benedictione

469 1509 758 1579 justorum
781 1509 1121 1564 exaltabitur
1145 1510 1337 1565 civitas
1358 1511 1536 1580 (Prov.
1560 1527 1631 1578 x1,
1649 1515 1701 1577 3,
1722 1515 1772 1578 5,
1789 1514 1910 1579 6,8,
1934 1517 2041 1579 tl).
2081 1534 2109 1562 »

476 1604 587 1657 Nec
613 1602 1001 1668 consideratis,
1045 1602 1142 1674 qui
1173 1604 1372 1658 fratres
1404 1605 1668 1675 persequi
1700 1621 1818 1659 non
1863 1606 2109 1674 cessatis,

476 1696 662 1767 qualia
696 1697 798 1751 Job
844 1696 1291 1767 patientissimus
1334 1697 1484 1752 inter
1526 1701 1733 1753 cmtera
1759 1715 1990 1754 exorsus
2025 1700 2107 1754 lo-

479 1791 672 1863 quitur
701 1808 713 1845 :
754 1811 780 1841 ‹‹
812 1790 979 1846 Auris
1015 1791 1251 1847 audiens
1276 1791 1641 1847 beatiﬁcabat
1673 1809 1768 1848 me
1811 1797 1884 1848 et-
1919 1767 2189 1849 oculusB

472 1885 668 1941 videns
699 1884 1093 1940 testimonium
1120 1885 1390 1941 reddebat
1410 1885 1571 1953 mihi,
1601 1887 1754 1958 quod
1784 1887 2114 1944 liberassem

476 1995 795 2052 pauperem
820 1979 1259 2047 vociferantem,
1293 1982 1350 2034 et
1379 1980 1660 2051 pupillum
1701 1981 1792 2035 cui
1821 1998 1936 2036 non
1965 1986 2114 2037 esset

475 2074 721 2146 adjutor,
747 2072 1071 2129 benedictio
1099 2072 1336 2144 perituri
1385 2089 1555 2145 super
1588 2091 1681 2128 me
1726 2075 2007 2142 veniebat,
2056 2080 2115 2130 et

473 2185 569 2222 cor
594 2168 779 2222 viduas
804 2167 1130 2222 consolatus
1157 2183 1304 2235 sum,
1344 2167 1567 2237 justitia
1595 2166 1827 2222 indutus
1866 2185 2014 2238 sum,
2057 2173 2114 2224 et

478 2261 673 2317 vestivi
713 2276 807 2315 me
857 2259 1000 2314 sicut
1030 2259 1388 2327 vestimento,
1440 2264 1499 2314 et
1543 2260 1867 2316 diademate
1895 2262 2112 2333 judicio

479 2371 627 2410 meo.
674 2353 880 2409 Oculus
924 2352 1005 2407 fui
1053 2368 1222 2420 caeco,
1278 2355 1336 2407 et
1388 2369 1490 2424 pes
1516 2354 1736 2409 claudo.
1774 2357 1936 2410 Pater
1954 2371 2112 2411 eram

475 2464 820 2521 pauperum,
845 2449 1140 2501 etcausam
1158 2462 1333 2518 quam
1344 2447 1668 2502 nesciebam
1679 2447 2114 2519 diligentissime

474 2541 905 2613 investigabam.
927 2540 1306 2595 Conterebam
1334 2541 1508 2596 molas
1533 2541 1735 2612 iniqui,
1764 2544 1822 2597 et
1846 2542 1915 2597 de
1935 2542 2116 2598 denti-

475 2637 580 2694 bus
612 2636 762 2690 illius
790 2634 1117 2690 auferebam
1156 2634 1405 2704 praedam
1435 2635 1548 2702 (Job
1581 2652 1726 2701 xxvx,
1761 2635 1960 2706 11-17),
1991 2658 2019 2685 ››
2057 2641 2116 2691 et

476 2730 644 2800 paulo
669 2732 827 2799 post:
878 2748 907 2776 «
936 2727 990 2782 Si
1020 2727 1242 2799 negavi,
1271 2728 1474 2799 inquit,
1505 2729 1657 2799 quod
1682 2729 1946 2784 volebant
1972 2746 2112 2801 pau-

474 2822 728 2894 peribus,
762 2824 816 2875 et
854 2821 1046 2876 oculos
1080 2821 1264 2876 viduas
1290 2826 1618 2892 exspectare
1645 2822 1773 2877 feci.
1805 2822 1862 2878 Si
1893 2824 2115 2880 comedi

476 2919 789 2975 buccellam
817 2934 1005 2973 meam
1032 2919 1199 2987 solus,
1248 2923 1306 2972 et
1334 2920 1450 2973 non
1478 2919 1724 2975 comedit
1767 2920 2021 2992 pupillus
2047 2934 2115 2978 ex

479 3030 567 3081 ea,
614 3013 749 3083 quia
789 3011 861 3065 ab
906 3010 1141 3066 infantia
1169 3027 1299 3066 mea
1338 3011 1511 3066 crevit
1541 3028 1766 3068 mecum
1800 3013 2112 3081 miseratio,

479 3112 535 3161 et
562 3106 633 3160 de
661 3110 822 3161 utero
858 3122 1089 3178 egressa
1125 3109 1211 3160 est
1256 3118 1484 3160 mecum
1526 3106 1641 3177 (Job
1668 3123 1812 3175 xxxr,
1845 3110 2050 3178 16-18).
2081 3131 2111 3159 »

476 3200 616 3254 Nam
648 3198 692 3254 si
717 3199 843 3270 quis
869 3215 937 3253 ex
963 3201 1115 3253 recto
1139 3198 1334 3253 omnia
1359 3199 1805 3255 consideraverit
1828 3201 1990 3256 oculo
2022 3218 2115 3258 ne-

476 3309 765 3365 quaquam
801 3291 1069 3347 fratribus
1109 3307 1313 3347 nocere
1379 3292 1479 3347 sed
1512 3293 1751 3349 liberare
1779 3293 2111 3362 festinabit;

475 3386 609 3462 quia
639 3385 781 3441 nihil
807 3384 1055 3441 deterius
1082 3388 1185 3452 est,
1218 3401 1390 3456 quam
1415 3385 1561 3442 cives
1590 3386 1804 3441 civibus
1836 3388 2111 3459 invidere,

479 3485 537 3536 et
584 3480 784 3536 fratres
816 3478 1088 3534 fratribus
1128 3478 1381 3534 insidiari
1410 3484 1510 3535 aut
1537 3480 1850 3537 calumnias
1904 3481 2111 3538 facere.

478 3573 702 3633 Talibus
753 3574 909 3628 enim
962 3572 1241 3644 refragari
1299 3571 1549 3629 volentes
1602 3574 1821 3643 insidiis
1845 3617 1858 3643 ,
1926 3577 2116 3632 Patres

480 3667 657 3723 sancti
673 3667 957 3739 synodum
977 3672 1474 3740 congregaverant
1488 3669 1817 3738 generalem
1834 3668 1892 3724 in
1906 3670 2112 3739 Nicaa,

477 3762 650 3817 vitam
679 3761 963 3833 corrigere
980 3761 1279 3817 hominum
1307 3761 1600 3833 cupientes
1620 3761 1679 3817 in
1699 3763 1944 3819 Ecclesia
1969 3779 2118 3819 com-

478 3856 855 3925 morantinm,
893 3855 1023 3911 licet
1048 3855 1263 3910 dudum
1298 3854 1558 3911 instituta
1577 3862 1907 3914 sanctorum
1937 3858 2117 3912 multa

477 3951 952 4016 Patrum,essent
997 3948 1339 4019 conscripta,
1398 3955 1714 4020 posuerunt
1752 3950 1927 4022 leges,
1979 3967 2115 4022 quas

482 4059 670 4099 sacros
695 4057 940 4105 canones
965 4041 1341 4113 appellamus,
1371 4042 1576 4112 quibus
1602 4044 1776 4098 multa
1808 4059 1913 4114 per
1927 4058 2116 4098 neces~

482 4136 625 4192 saria
653 4136 724 4190 ad
752 4137 959 4189 statum
990 4133 1248 4189 Ecclesiae
1275 4138 1486 4190 sanctas
1507 4135 1625 4202 Dei,
1666 4140 1723 4190 et
1750 4137 2113 4208 supplemen-

481 4236 605 4284 tum
623 4227 1018 4283 columnarum
1046 4227 1187 4297 ejus,
1214 4226 1271 4282 id
1298 4232 1401 4296 est,
1432 4227 1832 4299 episcoporum
1859 4229 1961 4301 qui
1986 4246 2115 4286 eam

482 4320 729 4393 pmpriis
773 4319 1027 4375 humeris
1076 4322 1322 4389 gestant,
1374 4323 1509 4375 sunt
1553 4320 1796 4391 decreta,
1845 4328 1902 4378 et
1944 4340 2111 4379 nocu-

482 4417 679 4470 menta
708 4429 906 4467 eorum
936 4411 1221 4483 prohibita
1251 4428 1264 4467 :
1298 4412 1374 4467 ita
1406 4416 1468 4468 ut
1490 4413 1591 4486 qui
1621 4415 1757 4470 talia
1789 4432 1960 4486 agere
1989 4420 2113 4472 ten-

2134 3149 2191 3225 Ο

2210 475 2486 545 invidere,
2504 474 2607 532 sed
2633 475 2925 546 adjuvare.
2953 472 3176 543 Audite,
3206 473 3439 547 inquam,
3456 478 3559 548 jam
3581 481 3737 537 factam

2213 570 2271 625 in
2299 571 2525 625 Nicena
2556 569 2779 625 civitate
2807 567 3111 640 synodum,
3165 568 3252 623 cui
3286 572 3338 625 et
3375 587 3470 642 ego
3505 571 3605 643 ipse
3639 592 3741 631 con.

2213 665 2464 720 scientia:
2492 680 2639 719 meae
2679 662 2894 717 cultum
2926 662 3196 718 decenter
3233 662 3444 719 exhibui
3479 664 3599 721 nihil
3629 669 3745 725 aliud

2211 760 2403 814 volens
2430 775 2603 831 quam
2627 756 2991 813 concordiam
3020 755 3280 811 omnibus
3307 756 3570 825 fabricare,
3605 763 3650 815 et
3671 778 3748 832 per

2213 853 2429 908 cunctis
2470 867 2711 924 arguere
2740 853 2796 905 et
2822 865 3114 906 removere
3160 849 3300 905 hanc
3328 850 3667 908 insidiantium
3684 854 3746 909 al-

2211 945 2599 1012 tercationem,
2635 961 2779 1017 quas
2824 944 3186 1016 providentes
3223 943 3393 999 sancti
3432 946 3614 1014 Patres,
3645 946 3749 1001 insi-

2212 1040 2356 1106 dias,
2384 1044 2440 1095 ct
2471 1039 2692 1093 illicitas
2722 1038 3120 1093 altercationes
3144 1037 3470 1093 unanimiter
3483 1037 3753 1109 inprtedicta

2211 1134 2440 1190 Nicmna
2476 1135 2802 1187 statuerunt
2830 1131 3065 1203 synodo,
3098 1137 3163 1186 ut
3196 1131 3376 1186 nullus
3402 1131 3656 1202 episcopus
3673 1132 3756 1187 nisi

2212 1227 2271 1282 in
2300 1226 2561 1300 legitima
2589 1225 2804 1298 synodo
2831 1231 2887 1281 et
2914 1242 3017 1280 suo
3048 1228 3301 1296 tempore
3327 1224 3597 1297 apostolica
3616 1229 3756 1279 aucto—

2206 1322 2379 1377 ritate
2409 1325 2736 1387 convocata,
2770 1336 2944 1390 super
2973 1318 3308 1391 quibusdam
3347 1317 3761 1373 criminationibus

2212 1416 2466 1487 pulsatus
2496 1413 2781 1483 audiatur,
2822 1413 2878 1468 id
2923 1417 3025 1481 est,
3058 1412 3360 1484 judicetur,
3398 1412 3479 1466 vel
3501 1412 3759 1477 damnetur,

2213 1509 2309 1565 Sin
2336 1509 2500 1564 aliter
2524 1512 2939 1580 praesumptum
2969 1524 3003 1562 a
3034 1507 3375 1579 quibusdam
3417 1505 3587 1573 fuerit,
3618 1505 3667 1560 in
3690 1521 3762 1559 va-

2214 1619 2353 1658 num
2383 1601 2693 1657 deducatur
2733 1601 2869 1674 quid
2908 1601 3150 1673 egerint,
3195 1617 3299 1655 nec
3327 1598 3657 1655 ecclesiastica
3676 1598 3763 1653 ullo

2211 1694 2384 1751 modo
2411 1695 2847 1767 reputabuntur.
2884 1694 2996 1765 Ipsi
3020 1711 3155 1749 vero
3186 1694 3381 1766 primm
3416 1692 3548 1748 sedis
3572 1691 3766 1747 ecclesia

2212 1788 2705 1844 convocandarum
2736 1788 3090 1859 generalium
3116 1788 3454 1859 synodorum
3460 1787 3581 1858 jura
3596 1784 3766 1855 etjudi-

2213 1882 2298 1938 cia
2335 1883 2736 1955 episcoporum
2774 1881 3053 1954 singulari
3084 1881 3380 1954 privilegio
3409 1877 3700 1951 evangelicis
3726 1880 3769 1931 et

2211 1976 2551 2049 apostolicis,
2576 1981 2744 2047 atque
2763 1975 3049 2031 canonicis
3075 1991 3340 2031 concessa
3374 1976 3498 2030 sunt
3524 1971 3765 2037 institutis;

2213 2070 2352 2143 quia
2379 2085 2605 2141 semper
2645 2069 2891 2140 majores
2933 2086 3118 2125 causas
3163 2069 3235 2123 ad
3264 2069 3451 2124 sedem
3476 2064 3770 2138 apostolicam

2214 2164 2409 2219 multis
2436 2162 2868 2219 auctoritatibus
2891 2162 3099 2219 referri
3114 2164 3413 2234 prmcepta:
3430 2165 3567 2226 sunt,
3585 2174 3670 2213 nec
3686 2156 3770 2210 ullo

2214 2258 2384 2313 modo
2411 2262 2600 2329 potest
2624 2257 2806 2328 major
2845 2274 2881 2312 a
2904 2257 3127 2312 minore
3146 2255 3414 2328 judicari,
3446 2255 3554 2327 ipsa
3578 2264 3774 2321 namque

2213 2351 2481 2407 omnibus
2515 2342 2706 2422 ’major
2737 2353 2795 2405 et
2842 2351 3085 2422 praelata
3127 2356 3218 2406 est
3263 2347 3519 2415 ecclesiis,
3559 2360 3667 2418 quae
3691 2358 3775 2397 non

2214 2445 2576 2501 solummodo
2614 2461 2897 2500 canonum
2941 2448 3273 2500 sanctorum
3310 2445 3532 2499 Patrum
3571 2436 3776 2501 decretis,

2214 2538 2316 2595 sed
2345 2538 2565 2594 Domini
2607 2538 2906 2594 Salvatoris
2937 2539 3116 2595 nostri
3142 2555 3283 2595 voce
3314 2536 3642 2608 singularem
3664 2528 3773 2587 obti-

2214 2633 2342 2688 nuit
2363 2632 2774 2706 principatum.
2823 2654 2852 2682 «
2879 2634 2960 2688 Tu
2998 2650 3077 2701 es,
3105 2633 3316 2706 inquit,
3348 2633 3555 2697 Petrus,
3583 2629 3631 2682 et
3650 2638 3779 2696 super

2214 2726 2362 2783 hanc
2384 2730 2607 2799 petram
2633 2726 2922 2782 mdificabo
2950 2726 3264 2782 Ecclesiam
3294 2740 3497 2792 meam,
3531 2744 3557 2772 η
3592 2723 3643 2776 et
3674 2715 3777 2772 reli-

2214 2837 2346 2893 qua.
2397 2822 2463 2876 Et
2522 2820 2958 2893 «quodcunque
3019 2820 3291 2892 ligaveris
3328 2834 3495 2891 super
3538 2818 3713 2871 terram
3742 2814 3783 2864 et

2214 2912 2464 2981 solveris,
2507 2916 2680 2969 erunt
2716 2913 2894 2985 ligata
2920 2917 2979 2969 et
3022 2914 3209 2969 soluta
3248 2913 3311 2968 in
3347 2911 3483 2968 caelo
3526 2913 3579 2964 et
3601 2907 3783 2963 interra

2215 3008 2436 3079 (Matth.
2459 3023 2579 3076 XVI,
2605 3009 2694 3073 t8,
2719 3007 2828 3078 t9).
2856 3029 2881 3059 ι)
2915 3008 3093 3063 Porro
3117 3008 3337 3063 dudum
3364 3023 3398 3060 a
3416 3002 3606 3061 sanctis
3620 2999 3785 3070 aposto-

2213 3101 2304 3170 lis,
2385 3101 2918 3173 successoribusque
2970 3117 3175 3156 eorum
3236 3101 3298 3157 in
3323 3095 3561 3172 praefatis
3593 3087 3785 3162 antiquis

2217 3194 2510 3251 decretum
2554 3194 2745 3250 fuerat
2795 3195 3037 3263 statutis,
3093 3212 3230 3268 qum
3277 3195 3546 3250 hactenus
3576 3190 3732 3244 sancta
3747 3186 3787 3236 et

2214 3288 2544 3345 universalis
2576 3289 2886 3361 apostolica
2920 3292 3079 3346 tenet
3118 3288 3392 3355 Ecclesia,
3442 3301 3553 3341 non
3580 3281 3786 3355 oportere

2214 3386 2426 3457 praeter
2453 3383 2795 3439 sententiam
2831 3383 3079 3439 Romani
3122 3383 3415 3457 pontiﬁcis
3449 3376 3665 3436 concilia
3679 3371 3786 3427 cele-

2214 3477 2392 3545 brari,
2440 3492 2546 3533 nec
2581 3477 2910 3549 episcopum
2960 3477 3247 3547 damnari,
3302 3474 3564 3550 quoniam
3587 3468 3789 3526 sanctam

2215 3571 2530 3627 Romanam
2550 3570 2853 3627 Ecclesiam
2866 3576 3195 3643 prematum
3216 3571 3481 3628 omnium
3496 3563 3791 3624 ecclesiarum

2216 3682 2337 3721 esse
2382 3664 2710 3720 voluerunt.
2761 3666 2829 3721 Et
2875 3664 3022 3721 sicut
3067 3666 3275 3722 beatus
3321 3667 3517 3721 Petrus
3561 3652 3791 3733 apostolm

2214 3759 2435 3831 primus
2464 3758 2571 3814 fuit
2594 3758 2854 3814 omnium
2883 3760 3301 3832 apostolorum,
3336 3760 3419 3813 ita
3451 3763 3507 3812 et
3525 3756 3634 3810 haec
3659 3746 3795 3805 Eccle-

2216 3852 2297 3908 sia
2311 3870 2413 3909 suo
2442 3851 2679 3908 nomine
2706 3857 3058 3923 consecrata,
3082 3853 3336 3910 Domino
3363 3848 3689 3910 instituente,
3708 3838 3792 3913 ιπί-

2216 3950 2435 4002 matum
2477 3950 2650 4019 caput
2683 3947 2757 4001 sit
2786 3950 3162 4014 casterarum;
3193 3954 3255 4004 et
3295 3948 3369 4003 ad
3405 3961 3531 4003 eam
3578 3937 3712 4013 quasi
3745 3931 3795 3986 δά

2214 4040 2435 4112 apicem
2475 4057 2674 4096 omnes
2718 4040 2966 4113 majores
3018 4042 3277 4098 ecclesia:
3323 4056 3506 4098 causas
3553 4040 3606 4091 et
3632 4025 3796 4107 judicia

2216 4134 2610 4206 episcoporum
2661 4141 2990 4204 recurrant,
3057 4136 3298 4209 ejusque
3336 4137 3502 4208 juxta
3544 4126 3798 4187 terminum

2214 4232 2451 4284 sumant
2477 4230 2837 4297 sententiam,
2860 4246 2968 4286 nec
2987 4235 3143 4286 extra
3184 4232 3521 4287 Romanum
3540 4220 3798 4298 quidquam

2216 4338 2283 4377 ex
2313 4323 2404 4378 his
2431 4323 2641 4380 debere
2665 4323 2897 4380 decerni
2940 4324 3297 4395 pontiﬁcem,
3326 4327 3604 4397 quatenus
3631 4329 3726 4372 non
3743 4310 3800 4363 ili

2215 4420 2496 4488 proterve,
2520 4422 2577 4473 et
2592 4433 2697 4489 pro
2715 4417 2882 4475 libitu
2897 4417 3203 4490 quisquam
3225 4434 3335 4475 suo
3351 4414 3577 4491 proprio
3597 4402 3800 4467 arbitrio,

481 4506 744 4576 taverint,
777 4504 987 4588 anteis
1038 4520 1246 4561 nocere
1296 4508 1788 4579 praesumpserint,
1835 4509 2538 4598 siquidemeuibusque
2614 4510 3101 4582 metropolitanus,
3169 4512 3325 4568 sicut
3398 4524 3568 4583 agere
3619 4499 3802 4598 solebat,

482 4601 669 4656 clerici
698 4600 911 4656 fuerint
934 4617 967 4654 a
994 4599 1226 4672 proprio
1257 4600 1437 4672 gradu
1461 4600 1739 4670 decidant,
1768 4603 1815 4658 si
1835 4620 1969 4659 vero
1998 4621 2118 4660 mo-

480 4695 645 4750 nachi
685 4699 785 4749 aut
822 4694 948 4750 laici
989 4694 1226 4761 fuerint,
1274 4695 1853 4752 anathematizentur.
1905 4699 2118 4763 Quibus

482 4788 685 4843 armati
721 4788 994 4859 exemplis
1033 4793 1298 4859 oportere
1330 4789 1587 4845 arbitrati
1614 4807 1809 4845 sumus
1836 4791 1906 4845 ab
1931 4793 2115 4847 omni-

480 4881 703 4951 potenti
729 4881 840 4936 Deo
880 4880 1158 4955 inspirati,
1196 4885 1262 4936 ut
1311 4882 1459 4937 hanc
1492 4900 1790 4939 accensam
1819 4884 2116 4941 discordias

481 4976 774 5030 flammam
789 4975 1122 5046 extinguere
1153 4976 1457 5047 apostolica
1484 4977 1793 5033 debeamus
1822 4980 2118 5035 auctorita-

480 5076 557 5135 te,
590 5071 786 5123 etnon
831 5068 1140 5124 concedere
1183 5085 1310 5124 eam
1355 5070 1591 5127 ulterius
1634 5073 1854 5128 animas
1892 5072 2115 5145 depasci

481 5164 780 5218 humanas.
806 5163 1166 5234 Quapropter
1204 5179 1318 5218 una
1346 5180 1478 5220 cum
1506 5166 1769 5222 omnibus
1791 5167 2115 5239 apostolicae

478 5256 749 5328 subjectis
775 5256 1082 5324 sancimus,
1113 5274 1187 5312 ne
1216 5258 1519 5331 quisquam
1546 5260 1815 5331 deinceps
1840 5261 2112 5317 Christia-

478 5367 691 5409 norum
717 5350 854 5406 talia
878 5356 1228 5422 perpetrare,
1252 5356 1351 5407 aut
1372 5354 1651 5426 episcopis
1671 5360 1886 5409 temere
1908 5371 2114 5411 nocere

478 5449 809 5516 praesumat,
842 5460 971 5500 cum
1000 5450 1056 5500 et
1081 5445 1282 5501 doctor
1306 5446 1587 5517 gentium,
1627 5447 1877 5518 idipsum
1921 5448 2111 5520 prohi-

468 5538 631 5605 beat,
658 5539 852 5594 dicens
875 5556 888 5594 :
930 5559 958 5591 α
984 5539 1279 5595 Seniorem
1308 5556 1380 5594 ne
1407 5539 1807 5612 increpaveris,
1830 5541 1931 5597 sed
1958 5541 2114 5597 obse-

479 5647 575 5686 cra
616 5636 682 5687 ut
721 5637 944 5703 patrem
974 5633 1019 5704 (1
1061 5636 1197 5689 Tim.
1236 5650 1289 5700 γ,
1334 5634 1381 5704 l)
1421 5654 1450 5682 »
1492 5637 1552 5689 et
1596 5635 1848 5708 reliqua;
1894 5635 2114 5692 bonum

476 5727 562 5777 est
588 5740 834 5796 namque
873 5727 1067 5797 procul
1119 5726 1316 5794 dubio,
1371 5732 1430 5784 et
1475 5729 1739 5785 omnibus
1782 5729 2112 5787 timentibus

472 5815 649 5869 Deum
686 5816 1078 5885 desiderabile,
1106 5821 1368 5876 cohibere
1403 5823 1797 5890 dissensiones,
1843 5828 1900 5881 et
1936 5824 2104 5882 alter»

2215 4604 2384 4659 liceat
2402 4604 2721 4660 inconsulto
2754 4605 3009 4660 Romano
3038 4606 3336 4677 pontifice,
3365 4609 3466 4660 aut
3491 4601 3710 4673 majores
3728 4591 3803 4646 Ec-

2217 4697 2400 4752 clesiae
2420 4714 2614 4752 causas
2641 4696 2968 4765 deturbare,
2991 4704 3090 4755 aut
3118 4700 3428 4773 episcOpos
3447 4698 3715 4755 damnare;
3731 4680 3805 4739 θεά

2216 4792 2510 4847 communi
2551 4795 2761 4847 sanctae
2812 4794 3081 4849 Romanae
3125 4794 3291 4850 Sedis
3323 4789 3575 4865 episcopi
3599 4779 3804 4844 concilio.

2217 4889 2275 4940 et
2296 4885 2559 4940 concordi
2587 4887 2807 4942 actione
2832 4903 3071 4960 quasque
3099 4893 3237 4944 sunt
3258 4888 3476 4945 Christi
3501 4885 3613 4940 zelo
3632 4871 3807 4950 agamla

2217 4978 2536 5051 disponant,
2566 4980 3023 5053 unanimiterque
3052 4960 3208 5038 recte
3240 4982 3521 5050 sentiant;
3548 4982 3603 5033 et
3630 4989 3690 5029 ea
3711 4977 3808 5041 qua

2215 5073 2498 5128 senserint
2537 5090 2655 5129 non
2687 5072 2912 5129 sibimet
2938 5074 3345 5148 discrepando,
3374 5075 3476 5131 sed
3504 5075 3611 5127 Deo
3644 5059 3809 5140 plin!iu

2213 5166 2530 5238 perficiant.
2562 5167 2653 5221 Est
2683 5168 2853 5223 etiam
2878 5168 2939 5223 in
2956 5168 3083 5240 jam
3103 5169 3224 5226 fata
3247 5170 3482 5226 Nicena
3504 5156 3809 5224 concorditer

2214 5263 2491 5315 statutum
2539 5260 2775 5331 synodo,
2828 5266 2894 5317 ut
2941 5266 3306 5319 accusatores
3362 5267 3424 5319 et
3472 5254 3810 5317 accusat-iw“

2214 5369 2356 5425 quas
2396 5353 2582 5409 saeculi
2606 5352 2761 5425 leges
2788 5371 2905 5411 non
2932 5355 3252 5412 admittunt
3292 5374 3329 5412 a
3359 5348 3689 5414 sacerdotali
3707 5344 3807 5401 ἰαῦ·

2213 5445 2364 5501 ditus
2399 5447 2576 5503 averti
2614 5454 2978 5505 nocnmento.
3034 5470 3060 5501 α
3096 5451 3242 5506 Ecce
3292 5451 3510 5524 (inquit
3556 5438 3809 5515 Propheta)

2216 5556 2387 5611 quam
2421 5540 2635 5596 bonum
2682 5548 2739 5597 et
2768 5559 2942 5613 quam
2963 5543 3292 5614 jucundum
3316 5544 3598 5611 habitare,
3627 5539 3811 5596 fratrea.

2211 5633 2271 5689 in
2298 5650 2480 5691 unum
2509 5635 2523 5689 l
2573 5657 2600 5686 η
2633 5637 2796 5703 (Psal.
2826 5653 3025 5709 cxxxn,
3057 5638 3130 5709 1.)
3156 5638 3239 5692 Illi
3268 5655 3409 5694 vero
3446 5653 3564 5693 non
3588 5635 3644 5689 in
3669 5639 3813 5686 unum

2210 5728 2468 5785 habitant
2487 5771 2503 5797 ,
2579 5730 2681 5802 qui
2734 5747 2768 5785 a
2816 5730 3061 5787 fratrum
3118 5748 3177 5788 se
3227 5732 3440 5789 solatio
3492 5723 3814 5788 subtrahunt.

2208 5827 2309 5878 aut
2350 5822 2615 5879 fratribus
2655 5823 2887 5883 insidias
2933 5828 3291 5900 praeparant.
3344 5827 3477 5885 Non
3525 5823 3698 5881 alieno
3718 5829 3812 5877 γοῦν
