  <div class='ocr_page' id='page_1' title='image "/cluster/home/n/w/nwhite01/storage/ocr_20150623/130/hvd.32044054759915/340.png"; bbox 0 0 3946 6180; ppageno 0'>
   <div class='ocr_carea' id='block_1_1' title="bbox 139 300 3438 360">
    <p class='ocr_par' dir='ltr' id='par_1_1' title="bbox 139 300 3438 360">
     <span class='ocr_line' id='line_1_1' title="bbox 139 300 3438 360; baseline 0.001 -2"><span class='ocrx_word' id='word_1_1' title='bbox 139 305 215 359; x_wconf 76' lang='grc'><strong>621</strong></span> <span class='ocrx_word' id='word_1_2' title='bbox 1310 300 1787 358; x_wconf 78' lang='lat' dir='ltr'><strong>DECRETALIUM</strong></span> <span class='ocrx_word' id='word_1_3' title='bbox 1823 300 2207 360; x_wconf 80' lang='lat' dir='ltr'><strong>COLLECTIO.</strong></span> <span class='ocrx_word' id='word_1_4' title='bbox 3336 304 3438 360; x_wconf 70' lang='lat'><strong>6&#39;32</strong></span> 
     </span>
    </p>
   </div>
   <div class='ocr_carea' id='block_1_2' title="bbox 137 406 3433 495">
    <p class='ocr_par' dir='ltr' id='par_1_2' title="bbox 137 406 3433 495">
     <span class='ocr_line' id='line_1_2' title="bbox 137 406 3433 495; baseline 0.001 -28"><span class='ocrx_word' id='word_1_5' title='bbox 137 414 320 479; x_wconf 59' lang='lat' dir='ltr'><strong>fratres,</strong></span> <span class='ocrx_word' id='word_1_6' title='bbox 343 406 629 482; x_wconf 83' lang='lat' dir='ltr'><strong>patiemini</strong></span> <span class='ocrx_word' id='word_1_7' title='bbox 659 413 887 481; x_wconf 87' lang='lat' dir='ltr'><strong>peccato</strong></span> <span class='ocrx_word' id='word_1_8' title='bbox 908 409 1150 479; x_wconf 76' lang='lat' dir='ltr'><strong>gravari,</strong></span> <span class='ocrx_word' id='word_1_9' title='bbox 1166 410 1297 481; x_wconf 84' lang='lat' dir='ltr'><strong>quia</strong></span> <span class='ocrx_word' id='word_1_10' title='bbox 1314 410 1465 483; x_wconf 91' lang='lat' dir='ltr'><strong>qnod</strong></span> <span class='ocrx_word' id='word_1_11' title='bbox 1476 426 1707 467; x_wconf 85' lang='lat' dir='ltr'><strong>necesse</strong></span> <span class='ocrx_word' id='word_1_12' title='bbox 1729 422 1785 495; x_wconf 76' lang='grc' dir='ltr'><strong>Α</strong></span> <span class='ocrx_word' id='word_1_13' title='bbox 1807 413 2171 471; x_wconf 79' lang='lat' dir='ltr'><strong>sacerdotum</strong></span> <span class='ocrx_word' id='word_1_14' title='bbox 2198 412 2424 485; x_wconf 80' lang='lat' dir='ltr'><strong>quibus,</strong></span> <span class='ocrx_word' id='word_1_15' title='bbox 2454 415 2557 470; x_wconf 83' lang='lat' dir='ltr'><strong>etsi</strong></span> <span class='ocrx_word' id='word_1_16' title='bbox 2578 414 2829 487; x_wconf 76' lang='lat' dir='ltr'><strong>dignitas</strong></span> <span class='ocrx_word' id='word_1_17' title='bbox 2848 412 3171 471; x_wconf 86' lang='lat' dir='ltr'><strong>communis</strong></span> <span class='ocrx_word' id='word_1_18' title='bbox 3190 431 3308 472; x_wconf 90' lang='lat' dir='ltr'><strong>non</strong></span> <span class='ocrx_word' id='word_1_19' title='bbox 3330 419 3433 484; x_wconf 85' lang='lat' dir='ltr'><strong>est,</strong></span> 
     </span>
    </p>
   </div>
   <div class='ocr_carea' id='block_1_3' title="bbox 137 502 3437 581">
    <p class='ocr_par' dir='ltr' id='par_1_3' title="bbox 137 502 3437 581">
     <span class='ocr_line' id='line_1_3' title="bbox 137 502 3437 581; baseline 0.002 -21"><span class='ocrx_word' id='word_1_20' title='bbox 137 510 220 574; x_wconf 82' lang='lat' dir='ltr'><strong>est,</strong></span> <span class='ocrx_word' id='word_1_21' title='bbox 259 520 349 560; x_wconf 89' lang='lat' dir='ltr'><strong>nos</strong></span> <span class='ocrx_word' id='word_1_22' title='bbox 388 502 565 558; x_wconf 80' lang='lat' dir='ltr'><strong>dicere</strong></span> <span class='ocrx_word' id='word_1_23' title='bbox 607 518 892 572; x_wconf 86' lang='lat' dir='ltr'><strong>veremur,</strong></span> <span class='ocrx_word' id='word_1_24' title='bbox 936 502 997 557; x_wconf 89' lang='lat' dir='ltr'><strong>id</strong></span> <span class='ocrx_word' id='word_1_25' title='bbox 1040 509 1143 573; x_wconf 90' lang='lat' dir='ltr'><strong>est,</strong></span> <span class='ocrx_word' id='word_1_26' title='bbox 1187 520 1259 559; x_wconf 89' lang='lat' dir='ltr'><strong>ne</strong></span> <span class='ocrx_word' id='word_1_27' title='bbox 1305 504 1468 575; x_wconf 84' lang='lat' dir='ltr'><strong>cujus</strong></span> <span class='ocrx_word' id='word_1_28' title='bbox 1509 505 1710 577; x_wconf 84' lang='lat' dir='ltr'><strong>religio</strong></span> <span class='ocrx_word' id='word_1_29' title='bbox 1812 509 2002 561; x_wconf 89' lang='lat' dir='ltr'><strong>tamen</strong></span> <span class='ocrx_word' id='word_1_30' title='bbox 2025 508 2163 562; x_wconf 91' lang='lat' dir='ltr'><strong>ordo</strong></span> <span class='ocrx_word' id='word_1_31' title='bbox 2186 508 2470 578; x_wconf 76' lang='lat' dir='ltr'><strong>generalis</strong></span> <span class='ocrx_word' id='word_1_32' title='bbox 2491 512 2595 578; x_wconf 88' lang='lat' dir='ltr'><strong>est,</strong></span> <span class='ocrx_word' id='word_1_33' title='bbox 2618 509 2888 581; x_wconf 86' lang='lat' dir='ltr'><strong>quoniam</strong></span> <span class='ocrx_word' id='word_1_34' title='bbox 2910 510 3061 565; x_wconf 89' lang='lat' dir='ltr'><strong>inter</strong></span> <span class='ocrx_word' id='word_1_35' title='bbox 3078 509 3437 565; x_wconf 88' lang='lat' dir='ltr'><strong>beatissimos</strong></span> 
     </span>
    </p>
   </div>
   <div class='ocr_carea' id='block_1_4' title="bbox 137 596 3435 676">
    <p class='ocr_par' dir='ltr' id='par_1_4' title="bbox 137 596 3435 676">
     <span class='ocr_line' id='line_1_4' title="bbox 137 596 3435 676; baseline 0.001 -23"><span class='ocrx_word' id='word_1_36' title='bbox 137 599 417 670; x_wconf 89' lang='lat' dir='ltr'><strong>dissipatur,</strong></span> <span class='ocrx_word' id='word_1_37' title='bbox 444 596 761 667; x_wconf 78' lang='lat' dir='ltr'><strong>indignatio</strong></span> <span class='ocrx_word' id='word_1_38' title='bbox 781 601 1138 669; x_wconf 75' lang='lat' dir='ltr'><strong>provocetur.</strong></span> <span class='ocrx_word' id='word_1_39' title='bbox 1152 599 1273 654; x_wconf 79' lang='lat' dir='ltr'><strong>Prae</strong></span> <span class='ocrx_word' id='word_1_40' title='bbox 1290 600 1464 654; x_wconf 90' lang='lat' dir='ltr'><strong>oculis</strong></span> <span class='ocrx_word' id='word_1_41' title='bbox 1481 599 1706 667; x_wconf 80' lang='lat' dir='ltr'><strong>habete,</strong></span> <span class='ocrx_word' id='word_1_42' title='bbox 1808 602 2095 672; x_wconf 81' lang='lat' dir='ltr'><strong>apostolos</strong></span> <span class='ocrx_word' id='word_1_43' title='bbox 2126 601 2183 655; x_wconf 93' lang='lat' dir='ltr'><strong>in</strong></span> <span class='ocrx_word' id='word_1_44' title='bbox 2217 601 2587 658; x_wconf 86' lang='lat' dir='ltr'>similitudine</span> <span class='ocrx_word' id='word_1_45' title='bbox 2623 602 2854 659; x_wconf 85' lang='lat' dir='ltr'><strong>honoris</strong></span> <span class='ocrx_word' id='word_1_46' title='bbox 2883 604 2989 658; x_wconf 86' lang='lat' dir='ltr'><strong>fuit</strong></span> <span class='ocrx_word' id='word_1_47' title='bbox 3018 603 3286 676; x_wconf 75' lang='lat' dir='ltr'><strong>quaedam</strong></span> <span class='ocrx_word' id='word_1_48' title='bbox 3319 603 3435 660; x_wconf 86' lang='lat' dir='ltr'><strong>dis-</strong></span> 
     </span>
    </p>
   </div>
   <div class='ocr_carea' id='block_1_5' title="bbox 135 690 3433 770">
    <p class='ocr_par' dir='ltr' id='par_1_5' title="bbox 135 690 3433 770">
     <span class='ocr_line' id='line_1_5' title="bbox 135 690 3433 770; baseline 0.002 -23"><span class='ocrx_word' id='word_1_49' title='bbox 135 697 181 747; x_wconf 86' lang='lat' dir='ltr'><strong>et</strong></span> <span class='ocrx_word' id='word_1_50' title='bbox 214 695 314 746; x_wconf 87' lang='lat' dir='ltr'><strong>tota</strong></span> <span class='ocrx_word' id='word_1_51' title='bbox 349 691 545 746; x_wconf 88' lang='lat' dir='ltr'><strong>mentis</strong></span> <span class='ocrx_word' id='word_1_52' title='bbox 586 690 704 746; x_wconf 90' lang='lat' dir='ltr'><strong>acie</strong></span> <span class='ocrx_word' id='word_1_53' title='bbox 745 698 1073 747; x_wconf 80' lang='lat' dir='ltr'><strong>reverenter</strong></span> <span class='ocrx_word' id='word_1_54' title='bbox 1113 691 1343 764; x_wconf 84' lang='lat' dir='ltr'><strong>aspicite</strong></span> <span class='ocrx_word' id='word_1_55' title='bbox 1380 693 1529 748; x_wconf 87' lang='lat' dir='ltr'><strong>beati</strong></span> <span class='ocrx_word' id='word_1_56' title='bbox 1559 693 1711 748; x_wconf 84' lang='lat' dir='ltr'><strong>Petri</strong></span> <span class='ocrx_word' id='word_1_57' title='bbox 1810 696 1986 750; x_wconf 90' lang='lat' dir='ltr'><strong>cretio</strong></span> <span class='ocrx_word' id='word_1_58' title='bbox 2017 696 2327 766; x_wconf 85' lang='lat' dir='ltr'><strong>potestatis,</strong></span> <span class='ocrx_word' id='word_1_59' title='bbox 2359 700 2415 750; x_wconf 91' lang='lat' dir='ltr'><strong>et</strong></span> <span class='ocrx_word' id='word_1_60' title='bbox 2449 712 2578 751; x_wconf 90' lang='lat' dir='ltr'><strong>cum</strong></span> <span class='ocrx_word' id='word_1_61' title='bbox 2609 697 2867 753; x_wconf 90' lang='lat' dir='ltr'><strong>omnium</strong></span> <span class='ocrx_word' id='word_1_62' title='bbox 2903 714 3010 770; x_wconf 89' lang='lat' dir='ltr'><strong>par</strong></span> <span class='ocrx_word' id='word_1_63' title='bbox 3038 702 3186 753; x_wconf 88' lang='lat' dir='ltr'><strong>esset</strong></span> <span class='ocrx_word' id='word_1_64' title='bbox 3211 698 3433 766; x_wconf 89' lang='lat' dir='ltr'><strong>electio,</strong></span> 
     </span>
    </p>
   </div>
   <div class='ocr_carea' id='block_1_6' title="bbox 136 786 3438 865">
    <p class='ocr_par' dir='ltr' id='par_1_6' title="bbox 136 786 3438 865">
     <span class='ocr_line' id='line_1_6' title="bbox 136 786 3438 865; baseline 0.003 -25"><span class='ocrx_word' id='word_1_65' title='bbox 136 786 360 857; x_wconf 83' lang='lat' dir='ltr'><strong>gloriam,</strong></span> <span class='ocrx_word' id='word_1_66' title='bbox 391 789 445 839; x_wconf 89' lang='lat' dir='ltr'><strong>et</strong></span> <span class='ocrx_word' id='word_1_67' title='bbox 474 802 601 841; x_wconf 88' lang='lat' dir='ltr'><strong>cum</strong></span> <span class='ocrx_word' id='word_1_68' title='bbox 628 786 750 857; x_wconf 90' lang='lat' dir='ltr'><strong>ipso</strong></span> <span class='ocrx_word' id='word_1_69' title='bbox 775 802 1110 842; x_wconf 85' lang='lat' dir='ltr'><strong>communes</strong></span> <span class='ocrx_word' id='word_1_70' title='bbox 1135 786 1391 842; x_wconf 91' lang='lat' dir='ltr'><strong>omnium</strong></span> <span class='ocrx_word' id='word_1_71' title='bbox 1420 787 1707 859; x_wconf 84' lang='lat' dir='ltr'><strong>apostolo-</strong></span> <span class='ocrx_word' id='word_1_72' title='bbox 1808 789 1911 844; x_wconf 91' lang='lat' dir='ltr'><strong>uni</strong></span> <span class='ocrx_word' id='word_1_73' title='bbox 1940 793 2132 845; x_wconf 87' lang='lat' dir='ltr'><strong>tamen</strong></span> <span class='ocrx_word' id='word_1_74' title='bbox 2170 789 2370 845; x_wconf 88' lang='lat' dir='ltr'><strong>datum</strong></span> <span class='ocrx_word' id='word_1_75' title='bbox 2410 793 2473 843; x_wconf 91' lang='lat' dir='ltr'><strong>ut</strong></span> <span class='ocrx_word' id='word_1_76' title='bbox 2507 792 2728 845; x_wconf 64' lang='lat' dir='ltr'><strong>caeteris</strong></span> <span class='ocrx_word' id='word_1_77' title='bbox 2765 792 3189 863; x_wconf 65' lang='lat' dir='ltr'><strong>praeemineret.</strong></span> <span class='ocrx_word' id='word_1_78' title='bbox 3221 794 3296 849; x_wconf 92' lang='lat' dir='ltr'><strong>De</strong></span> <span class='ocrx_word' id='word_1_79' title='bbox 3322 809 3438 865; x_wconf 87' lang='lat' dir='ltr'><strong>qua</strong></span> 
     </span>
    </p>
   </div>
   <div class='ocr_carea' id='block_1_7' title="bbox 135 879 3439 957">
    <p class='ocr_par' dir='ltr' id='par_1_7' title="bbox 135 879 3439 957">
     <span class='ocr_line' id='line_1_7' title="bbox 135 879 3439 957; baseline 0.002 -21"><span class='ocrx_word' id='word_1_80' title='bbox 135 896 237 936; x_wconf 85' lang='lat' dir='ltr'><strong>rum</strong></span> <span class='ocrx_word' id='word_1_81' title='bbox 256 896 474 935; x_wconf 86' lang='lat' dir='ltr'><strong>coronas</strong></span> <span class='ocrx_word' id='word_1_82' title='bbox 493 883 828 935; x_wconf 90' lang='lat' dir='ltr'><strong>cunctorum</strong></span> <span class='ocrx_word' id='word_1_83' title='bbox 862 897 989 953; x_wconf 74' lang='lat' dir='ltr'><strong>qua:</strong></span> <span class='ocrx_word' id='word_1_84' title='bbox 1013 886 1329 953; x_wconf 80' lang='lat' dir='ltr'><strong>martyrum</strong></span> <span class='ocrx_word' id='word_1_85' title='bbox 1353 882 1588 953; x_wconf 88' lang='lat' dir='ltr'><strong>palmas,</strong></span> <span class='ocrx_word' id='word_1_86' title='bbox 1612 879 1711 952; x_wconf 85' lang='lat' dir='ltr'><strong>qui</strong></span> <span class='ocrx_word' id='word_1_87' title='bbox 1811 883 1995 938; x_wconf 90' lang='lat' dir='ltr'><strong>forma</strong></span> <span class='ocrx_word' id='word_1_88' title='bbox 2032 884 2430 956; x_wconf 88' lang='lat' dir='ltr'><strong>episcoporum</strong></span> <span class='ocrx_word' id='word_1_89' title='bbox 2467 884 2731 957; x_wconf 67' lang='lat' dir='ltr'><strong>quaedam</strong></span> <span class='ocrx_word' id='word_1_90' title='bbox 2776 889 2902 940; x_wconf 90' lang='lat' dir='ltr'><strong>orta</strong></span> <span class='ocrx_word' id='word_1_91' title='bbox 2927 887 3013 939; x_wconf 89' lang='lat' dir='ltr'><strong>est</strong></span> <span class='ocrx_word' id='word_1_92' title='bbox 3042 885 3351 954; x_wconf 89' lang='lat' dir='ltr'><strong>distinctio,</strong></span> <span class='ocrx_word' id='word_1_93' title='bbox 3380 889 3439 942; x_wconf 89' lang='lat' dir='ltr'><strong>et</strong></span> 
     </span>
    </p>
   </div>
   <div class='ocr_carea' id='block_1_8' title="bbox 135 973 3438 1050">
    <p class='ocr_par' dir='ltr' id='par_1_8' title="bbox 135 973 3438 1050">
     <span class='ocr_line' id='line_1_8' title="bbox 135 973 3438 1050; baseline 0.002 -22"><span class='ocrx_word' id='word_1_94' title='bbox 135 991 215 1046; x_wconf 84' lang='lat' dir='ltr'><strong>pro</strong></span> <span class='ocrx_word' id='word_1_95' title='bbox 233 974 453 1029; x_wconf 86' lang='lat' dir='ltr'><strong>fratrum</strong></span> <span class='ocrx_word' id='word_1_96' title='bbox 479 990 596 1030; x_wconf 88' lang='lat' dir='ltr'><strong>non</strong></span> <span class='ocrx_word' id='word_1_97' title='bbox 623 973 1026 1043; x_wconf 87' lang='lat' dir='ltr'><strong>destructione,</strong></span> <span class='ocrx_word' id='word_1_98' title='bbox 1054 975 1152 1029; x_wconf 90' lang='lat' dir='ltr'><strong>sed</strong></span> <span class='ocrx_word' id='word_1_99' title='bbox 1177 975 1630 1043; x_wconf 81' lang='lat' dir='ltr'><strong>confirmatione,</strong></span> <span class='ocrx_word' id='word_1_100' title='bbox 1655 977 1711 1029; x_wconf 89' lang='lat' dir='ltr'><strong>et</strong></span> <span class='ocrx_word' id='word_1_101' title='bbox 1810 993 2022 1049; x_wconf 85' lang='lat' dir='ltr'><strong>magna</strong></span> <span class='ocrx_word' id='word_1_102' title='bbox 2074 977 2437 1034; x_wconf 88' lang='lat' dir='ltr'><strong>ordinatione</strong></span> <span class='ocrx_word' id='word_1_103' title='bbox 2488 978 2777 1050; x_wconf 87' lang='lat' dir='ltr'><strong>provisum</strong></span> <span class='ocrx_word' id='word_1_104' title='bbox 2826 982 2931 1046; x_wconf 90' lang='lat' dir='ltr'><strong>est,</strong></span> <span class='ocrx_word' id='word_1_105' title='bbox 2977 994 3049 1035; x_wconf 92' lang='lat' dir='ltr'><strong>ne</strong></span> <span class='ocrx_word' id='word_1_106' title='bbox 3091 996 3291 1037; x_wconf 90' lang='lat' dir='ltr'><strong>omnes</strong></span> <span class='ocrx_word' id='word_1_107' title='bbox 3331 979 3438 1035; x_wconf 87' lang='lat' dir='ltr'><strong>sibi</strong></span> 
     </span>
    </p>
   </div>
   <div class='ocr_carea' id='block_1_9' title="bbox 134 1068 3439 1147">
    <p class='ocr_par' dir='ltr' id='par_1_9' title="bbox 134 1068 3439 1147">
     <span class='ocr_line' id='line_1_9' title="bbox 134 1068 3439 1147; baseline 0.002 -25"><span class='ocrx_word' id='word_1_108' title='bbox 134 1068 327 1123; x_wconf 84' lang='lat' dir='ltr'><strong>veritate</strong></span> <span class='ocrx_word' id='word_1_109' title='bbox 354 1069 410 1122; x_wconf 90' lang='lat' dir='ltr'><strong>in</strong></span> <span class='ocrx_word' id='word_1_110' title='bbox 442 1068 662 1123; x_wconf 87' lang='lat' dir='ltr'><strong>Christo</strong></span> <span class='ocrx_word' id='word_1_111' title='bbox 701 1069 846 1140; x_wconf 86' lang='lat' dir='ltr'><strong>passi</strong></span> <span class='ocrx_word' id='word_1_112' title='bbox 885 1074 1034 1124; x_wconf 91' lang='lat' dir='ltr'><strong>sunt.</strong></span> <span class='ocrx_word' id='word_1_113' title='bbox 1067 1070 1176 1123; x_wconf 81' lang='lat' dir='ltr'><strong>Nos</strong></span> <span class='ocrx_word' id='word_1_114' title='bbox 1204 1085 1340 1141; x_wconf 89' lang='lat' dir='ltr'><strong>ergo</strong></span> <span class='ocrx_word' id='word_1_115' title='bbox 1365 1068 1461 1140; x_wconf 87' lang='lat' dir='ltr'><strong>qui</strong></span> <span class='ocrx_word' id='word_1_116' title='bbox 1488 1068 1711 1123; x_wconf 89' lang='lat' dir='ltr'><strong>Domini</strong></span> <span class='ocrx_word' id='word_1_117' title='bbox 1813 1071 2012 1127; x_wconf 86' lang='lat' dir='ltr'><strong>omnia</strong></span> <span class='ocrx_word' id='word_1_118' title='bbox 2036 1071 2409 1139; x_wconf 84' lang='lat' dir='ltr'><strong>vindicarent,</strong></span> <span class='ocrx_word' id='word_1_119' title='bbox 2443 1071 2541 1128; x_wconf 92' lang='lat' dir='ltr'><strong>sed</strong></span> <span class='ocrx_word' id='word_1_120' title='bbox 2569 1074 2755 1128; x_wconf 88' lang='lat' dir='ltr'><strong>essent</strong></span> <span class='ocrx_word' id='word_1_121' title='bbox 2783 1072 2842 1127; x_wconf 91' lang='lat' dir='ltr'><strong>in</strong></span> <span class='ocrx_word' id='word_1_122' title='bbox 2871 1072 3108 1146; x_wconf 82' lang='lat' dir='ltr'><strong>singulis</strong></span> <span class='ocrx_word' id='word_1_123' title='bbox 3133 1072 3439 1147; x_wconf 84' lang='lat' dir='ltr'><strong>provinciis</strong></span> 
     </span>
    </p>
   </div>
   <div class='ocr_carea' id='block_1_10' title="bbox 135 1162 3437 1240">
    <p class='ocr_par' dir='ltr' id='par_1_10' title="bbox 135 1162 3437 1240">
     <span class='ocr_line' id='line_1_10' title="bbox 135 1162 3437 1240; baseline 0.002 -23"><span class='ocrx_word' id='word_1_124' title='bbox 135 1162 349 1233; x_wconf 85' lang='lat' dir='ltr'><strong>discipuli</strong></span> <span class='ocrx_word' id='word_1_125' title='bbox 390 1164 446 1216; x_wconf 90' lang='lat' dir='ltr'><strong>et</strong></span> <span class='ocrx_word' id='word_1_126' title='bbox 495 1162 603 1217; x_wconf 88' lang='lat' dir='ltr'><strong>dici</strong></span> <span class='ocrx_word' id='word_1_127' title='bbox 654 1169 709 1217; x_wconf 88' lang='lat' dir='ltr'><strong>et</strong></span> <span class='ocrx_word' id='word_1_128' title='bbox 751 1179 870 1217; x_wconf 90' lang='lat' dir='ltr'><strong>esse</strong></span> <span class='ocrx_word' id='word_1_129' title='bbox 908 1164 1192 1230; x_wconf 89' lang='lat' dir='ltr'><strong>volumus,</strong></span> <span class='ocrx_word' id='word_1_130' title='bbox 1226 1166 1454 1234; x_wconf 87' lang='lat' dir='ltr'><strong>portare</strong></span> <span class='ocrx_word' id='word_1_131' title='bbox 1482 1179 1711 1218; x_wconf 88' lang='lat' dir='ltr'><strong>crucem</strong></span> <span class='ocrx_word' id='word_1_132' title='bbox 1813 1165 2043 1238; x_wconf 89' lang='lat' dir='ltr'><strong>singuli,</strong></span> <span class='ocrx_word' id='word_1_133' title='bbox 2078 1183 2324 1239; x_wconf 89' lang='lat' dir='ltr'><strong>quorum</strong></span> <span class='ocrx_word' id='word_1_134' title='bbox 2351 1166 2501 1222; x_wconf 90' lang='lat' dir='ltr'><strong>inter</strong></span> <span class='ocrx_word' id='word_1_135' title='bbox 2524 1166 2730 1222; x_wconf 83' lang='lat' dir='ltr'><strong>fratres</strong></span> <span class='ocrx_word' id='word_1_136' title='bbox 2758 1166 3070 1223; x_wconf 85' lang='lat' dir='ltr'><strong>haberetur</strong></span> <span class='ocrx_word' id='word_1_137' title='bbox 3097 1167 3282 1240; x_wconf 88' lang='lat' dir='ltr'><strong>prima</strong></span> <span class='ocrx_word' id='word_1_138' title='bbox 3307 1184 3437 1223; x_wconf 86' lang='lat' dir='ltr'><strong>sen-</strong></span> 
     </span>
    </p>
   </div>
   <div class='ocr_carea' id='block_1_11' title="bbox 134 1255 3440 1333">
    <p class='ocr_par' dir='ltr' id='par_1_11' title="bbox 134 1255 3440 1333">
     <span class='ocr_line' id='line_1_11' title="bbox 134 1255 3440 1333; baseline 0.002 -22"><span class='ocrx_word' id='word_1_139' title='bbox 134 1255 320 1323; x_wconf 87' lang='lat' dir='ltr'><strong>Christi,</strong></span> <span class='ocrx_word' id='word_1_140' title='bbox 365 1260 419 1310; x_wconf 87' lang='lat' dir='ltr'><strong>et</strong></span> <span class='ocrx_word' id='word_1_141' title='bbox 466 1256 715 1328; x_wconf 88' lang='lat' dir='ltr'><strong>compati</strong></span> <span class='ocrx_word' id='word_1_142' title='bbox 764 1256 1037 1312; x_wconf 82' lang='lat' dir='ltr'><strong>fratribus</strong></span> <span class='ocrx_word' id='word_1_143' title='bbox 1077 1257 1369 1323; x_wconf 90' lang='lat' dir='ltr'><strong>debemus,</strong></span> <span class='ocrx_word' id='word_1_144' title='bbox 1419 1273 1535 1312; x_wconf 90' lang='lat' dir='ltr'><strong>non</strong></span> <span class='ocrx_word' id='word_1_145' title='bbox 1576 1273 1708 1328; x_wconf 86' lang='lat' dir='ltr'><strong>per-</strong></span> <span class='ocrx_word' id='word_1_146' title='bbox 1811 1259 2021 1327; x_wconf 88' lang='lat' dir='ltr'><strong>tentia;</strong></span> <span class='ocrx_word' id='word_1_147' title='bbox 2046 1263 2103 1315; x_wconf 90' lang='lat' dir='ltr'><strong>et</strong></span> <span class='ocrx_word' id='word_1_148' title='bbox 2127 1277 2357 1315; x_wconf 85' lang='lat' dir='ltr'><strong>rursum</strong></span> <span class='ocrx_word' id='word_1_149' title='bbox 2385 1260 2619 1333; x_wconf 91' lang='lat' dir='ltr'><strong>quidam</strong></span> <span class='ocrx_word' id='word_1_150' title='bbox 2648 1260 2707 1315; x_wconf 91' lang='lat' dir='ltr'><strong>in</strong></span> <span class='ocrx_word' id='word_1_151' title='bbox 2738 1261 3050 1332; x_wconf 82' lang='lat' dir='ltr'><strong>majoribus</strong></span> <span class='ocrx_word' id='word_1_152' title='bbox 3068 1262 3440 1317; x_wconf 80' lang='lat' dir='ltr'><strong>urbibuscon—</strong></span> 
     </span>
    </p>
   </div>
   <div class='ocr_carea' id='block_1_12' title="bbox 134 1349 3438 1428">
    <p class='ocr_par' dir='ltr' id='par_1_12' title="bbox 134 1349 3438 1428">
     <span class='ocr_line' id='line_1_12' title="bbox 134 1349 3438 1428; baseline 0.002 -25"><span class='ocrx_word' id='word_1_153' title='bbox 134 1350 279 1421; x_wconf 86' lang='lat' dir='ltr'><strong>sequi.</strong></span> <span class='ocrx_word' id='word_1_154' title='bbox 320 1349 635 1405; x_wconf 87' lang='lat' dir='ltr'><strong>Subtrahite</strong></span> <span class='ocrx_word' id='word_1_155' title='bbox 689 1366 965 1423; x_wconf 88' lang='lat' dir='ltr'><strong>rogamus</strong></span> <span class='ocrx_word' id='word_1_156' title='bbox 1013 1354 1170 1406; x_wconf 90' lang='lat' dir='ltr'><strong>actus</strong></span> <span class='ocrx_word' id='word_1_157' title='bbox 1221 1351 1711 1423; x_wconf 86' lang='lat' dir='ltr'><strong>cogitationesque</strong></span> <span class='ocrx_word' id='word_1_158' title='bbox 1813 1354 2012 1424; x_wconf 90' lang='lat' dir='ltr'><strong>stituti,</strong></span> <span class='ocrx_word' id='word_1_159' title='bbox 2042 1354 2479 1410; x_wconf 89' lang='lat' dir='ltr'><strong>sollicitudinem</strong></span> <span class='ocrx_word' id='word_1_160' title='bbox 2527 1355 2648 1426; x_wconf 90' lang='lat' dir='ltr'><strong>ejus</strong></span> <span class='ocrx_word' id='word_1_161' title='bbox 2693 1354 3042 1428; x_wconf 89' lang='lat' dir='ltr'><strong>susciperent</strong></span> <span class='ocrx_word' id='word_1_162' title='bbox 3080 1357 3438 1427; x_wconf 86' lang='lat' dir='ltr'><strong>ampliorem,</strong></span> 
     </span>
    </p>
   </div>
   <div class='ocr_carea' id='block_1_13' title="bbox 135 1444 3441 1521">
    <p class='ocr_par' dir='ltr' id='par_1_13' title="bbox 135 1444 3441 1521">
     <span class='ocr_line' id='line_1_13' title="bbox 135 1444 3441 1521; baseline 0.002 -23"><span class='ocrx_word' id='word_1_163' title='bbox 135 1461 161 1498; x_wconf 85' lang='lat' dir='ltr'><strong>a</strong></span> <span class='ocrx_word' id='word_1_164' title='bbox 198 1444 374 1499; x_wconf 87' lang='lat' dir='ltr'><strong>talibus</strong></span> <span class='ocrx_word' id='word_1_165' title='bbox 414 1445 793 1511; x_wconf 82' lang='lat' dir='ltr'><strong>uucumentis,</strong></span> <span class='ocrx_word' id='word_1_166' title='bbox 826 1445 871 1499; x_wconf 91' lang='lat' dir='ltr'><strong>si</strong></span> <span class='ocrx_word' id='word_1_167' title='bbox 915 1462 1033 1500; x_wconf 89' lang='lat' dir='ltr'><strong>non</strong></span> <span class='ocrx_word' id='word_1_168' title='bbox 1079 1445 1248 1500; x_wconf 83' lang='lat' dir='ltr'><strong>vultis</strong></span> <span class='ocrx_word' id='word_1_169' title='bbox 1291 1444 1471 1517; x_wconf 89' lang='lat' dir='ltr'><strong>ipsam</strong></span> <span class='ocrx_word' id='word_1_170' title='bbox 1510 1445 1570 1500; x_wconf 91' lang='lat' dir='ltr'><strong>in</strong></span> <span class='ocrx_word' id='word_1_171' title='bbox 1615 1462 1712 1499; x_wconf 86' lang='lat' dir='ltr'><strong>vos</strong></span> <span class='ocrx_word' id='word_1_172' title='bbox 1811 1465 1914 1521; x_wconf 91' lang='lat' dir='ltr'><strong>per</strong></span> <span class='ocrx_word' id='word_1_173' title='bbox 1944 1465 2087 1520; x_wconf 92' lang='lat' dir='ltr'><strong>quos</strong></span> <span class='ocrx_word' id='word_1_174' title='bbox 2113 1448 2180 1503; x_wconf 89' lang='lat' dir='ltr'><strong>ad</strong></span> <span class='ocrx_word' id='word_1_175' title='bbox 2208 1465 2386 1504; x_wconf 89' lang='lat' dir='ltr'><strong>unam</strong></span> <span class='ocrx_word' id='word_1_176' title='bbox 2417 1448 2568 1504; x_wconf 87' lang='lat' dir='ltr'><strong>Petri</strong></span> <span class='ocrx_word' id='word_1_177' title='bbox 2596 1448 2792 1503; x_wconf 87' lang='lat' dir='ltr'><strong>sedem</strong></span> <span class='ocrx_word' id='word_1_178' title='bbox 2824 1449 3157 1505; x_wconf 89' lang='lat' dir='ltr'><strong>universalis</strong></span> <span class='ocrx_word' id='word_1_179' title='bbox 3184 1449 3441 1505; x_wconf 62' lang='lat' dir='ltr'><strong>Ecclesia)</strong></span> 
     </span>
    </p>
   </div>
   <div class='ocr_carea' id='block_1_14' title="bbox 134 1538 3439 1615">
    <p class='ocr_par' dir='ltr' id='par_1_14' title="bbox 134 1538 3439 1615">
     <span class='ocr_line' id='line_1_14' title="bbox 134 1538 3439 1615; baseline 0.002 -23"><span class='ocrx_word' id='word_1_180' title='bbox 134 1538 369 1609; x_wconf 85' lang='lat' dir='ltr'><strong>suscipere</strong></span> <span class='ocrx_word' id='word_1_181' title='bbox 400 1539 700 1607; x_wconf 89' lang='lat' dir='ltr'><strong>ultionem,</strong></span> <span class='ocrx_word' id='word_1_182' title='bbox 722 1538 995 1610; x_wconf 88' lang='lat' dir='ltr'><strong>quoniam</strong></span> <span class='ocrx_word' id='word_1_183' title='bbox 1026 1538 1297 1593; x_wconf 87' lang='lat' dir='ltr'><strong>talionem</strong></span> <span class='ocrx_word' id='word_1_184' title='bbox 1322 1542 1596 1608; x_wconf 87' lang='lat' dir='ltr'><strong>meretur,</strong></span> <span class='ocrx_word' id='word_1_185' title='bbox 1614 1538 1712 1611; x_wconf 89' lang='lat' dir='ltr'><strong>qui</strong></span> <span class='ocrx_word' id='word_1_186' title='bbox 1812 1558 1949 1597; x_wconf 91' lang='lat' dir='ltr'><strong>cura</strong></span> <span class='ocrx_word' id='word_1_187' title='bbox 1978 1541 2315 1611; x_wconf 87' lang='lat' dir='ltr'><strong>conflueret,</strong></span> <span class='ocrx_word' id='word_1_188' title='bbox 2348 1548 2404 1597; x_wconf 89' lang='lat' dir='ltr'><strong>et</strong></span> <span class='ocrx_word' id='word_1_189' title='bbox 2434 1543 2573 1597; x_wconf 81' lang='lat' dir='ltr'><strong>nihil</strong></span> <span class='ocrx_word' id='word_1_190' title='bbox 2608 1556 2849 1614; x_wconf 86' lang='lat' dir='ltr'><strong>usquam</strong></span> <span class='ocrx_word' id='word_1_191' title='bbox 2876 1560 2909 1597; x_wconf 90' lang='lat' dir='ltr'><strong>a</strong></span> <span class='ocrx_word' id='word_1_192' title='bbox 2936 1560 3037 1598; x_wconf 90' lang='lat' dir='ltr'><strong>suo</strong></span> <span class='ocrx_word' id='word_1_193' title='bbox 3062 1544 3245 1615; x_wconf 86' lang='lat' dir='ltr'><strong>capite</strong></span> <span class='ocrx_word' id='word_1_194' title='bbox 3274 1542 3439 1598; x_wconf 88' lang='lat' dir='ltr'><strong>dissi-</strong></span> 
     </span>
    </p>
   </div>
   <div class='ocr_carea' id='block_1_15' title="bbox 136 1631 3440 1710">
    <p class='ocr_par' dir='ltr' id='par_1_15' title="bbox 136 1631 3440 1710">
     <span class='ocr_line' id='line_1_15' title="bbox 136 1631 3440 1710; baseline 0.002 -26"><span class='ocrx_word' id='word_1_195' title='bbox 136 1632 258 1686; x_wconf 77' lang='lat' dir='ltr'><strong>fratri</strong></span> <span class='ocrx_word' id='word_1_196' title='bbox 283 1631 494 1687; x_wconf 83' lang='lat' dir='ltr'><strong>foveam</strong></span> <span class='ocrx_word' id='word_1_197' title='bbox 527 1636 833 1704; x_wconf 65' lang='lat' dir='ltr'><strong>prmparat.</strong></span> <span class='ocrx_word' id='word_1_198' title='bbox 867 1634 935 1687; x_wconf 85' lang='lat' dir='ltr'><strong>Et</strong></span> <span class='ocrx_word' id='word_1_199' title='bbox 962 1649 1068 1687; x_wconf 91' lang='lat' dir='ltr'><strong>nos</strong></span> <span class='ocrx_word' id='word_1_200' title='bbox 1096 1632 1293 1687; x_wconf 89' lang='lat' dir='ltr'><strong>scitote</strong></span> <span class='ocrx_word' id='word_1_201' title='bbox 1330 1634 1481 1687; x_wconf 91' lang='lat' dir='ltr'><strong>hunc</strong></span> <span class='ocrx_word' id='word_1_202' title='bbox 1509 1635 1713 1705; x_wconf 80' lang='lat' dir='ltr'><strong>typum</strong></span> <span class='ocrx_word' id='word_1_203' title='bbox 1814 1635 1992 1690; x_wconf 87' lang='lat' dir='ltr'><strong>deret.</strong></span> <span class='ocrx_word' id='word_1_204' title='bbox 2028 1634 2133 1699; x_wconf 88' lang='lat' dir='ltr'><strong>Qui</strong></span> <span class='ocrx_word' id='word_1_205' title='bbox 2162 1651 2300 1705; x_wconf 82' lang='lat' dir='ltr'><strong>ergo</strong></span> <span class='ocrx_word' id='word_1_206' title='bbox 2330 1637 2433 1691; x_wconf 90' lang='lat' dir='ltr'><strong>scit</strong></span> <span class='ocrx_word' id='word_1_207' title='bbox 2458 1651 2518 1692; x_wconf 88' lang='lat' dir='ltr'><strong>se</strong></span> <span class='ocrx_word' id='word_1_208' title='bbox 2551 1636 2891 1708; x_wconf 84' lang='lat' dir='ltr'><strong>quibusdam</strong></span> <span class='ocrx_word' id='word_1_209' title='bbox 2924 1636 3294 1710; x_wconf 55' lang='lat' dir='ltr'><strong>praepositum</strong></span> <span class='ocrx_word' id='word_1_210' title='bbox 3324 1653 3440 1693; x_wconf 89' lang='lat' dir='ltr'><strong>non</strong></span> 
     </span>
    </p>
   </div>
   <div class='ocr_carea' id='block_1_16' title="bbox 132 1726 3442 1803">
    <p class='ocr_par' dir='ltr' id='par_1_16' title="bbox 132 1726 3442 1803">
     <span class='ocr_line' id='line_1_16' title="bbox 132 1726 3442 1803; baseline 0.002 -24"><span class='ocrx_word' id='word_1_211' title='bbox 132 1726 351 1797; x_wconf 89' lang='lat' dir='ltr'><strong>deinceps</strong></span> <span class='ocrx_word' id='word_1_212' title='bbox 372 1744 491 1781; x_wconf 89' lang='lat' dir='ltr'><strong>non</strong></span> <span class='ocrx_word' id='word_1_213' title='bbox 515 1743 634 1782; x_wconf 90' lang='lat' dir='ltr'><strong>esse</strong></span> <span class='ocrx_word' id='word_1_214' title='bbox 661 1743 944 1798; x_wconf 78' lang='lat' dir='ltr'><strong>passuros,</strong></span> <span class='ocrx_word' id='word_1_215' title='bbox 975 1731 1040 1780; x_wconf 91' lang='lat' dir='ltr'><strong>ut</strong></span> <span class='ocrx_word' id='word_1_216' title='bbox 1068 1742 1134 1781; x_wconf 90' lang='lat' dir='ltr'><strong>ea</strong></span> <span class='ocrx_word' id='word_1_217' title='bbox 1159 1743 1288 1798; x_wconf 82' lang='lat' dir='ltr'><strong>quae.</strong></span> <span class='ocrx_word' id='word_1_218' title='bbox 1318 1726 1388 1782; x_wconf 90' lang='lat' dir='ltr'><strong>ad</strong></span> <span class='ocrx_word' id='word_1_219' title='bbox 1418 1727 1565 1782; x_wconf 84' lang='lat' dir='ltr'><strong>hanc</strong></span> <span class='ocrx_word' id='word_1_220' title='bbox 1593 1743 1783 1803; x_wconf 36' lang='lat' dir='ltr'><strong>spe-ﬁ</strong></span> <span class='ocrx_word' id='word_1_221' title='bbox 1814 1727 2069 1784; x_wconf 83' lang='lat' dir='ltr'><strong>modeste</strong></span> <span class='ocrx_word' id='word_1_222' title='bbox 2094 1729 2241 1784; x_wconf 83' lang='lat' dir='ltr'><strong>ferat</strong></span> <span class='ocrx_word' id='word_1_223' title='bbox 2268 1728 2512 1800; x_wconf 84' lang='lat' dir='ltr'><strong>aliquem</strong></span> <span class='ocrx_word' id='word_1_224' title='bbox 2542 1729 2647 1784; x_wconf 89' lang='lat' dir='ltr'><strong>sibi</strong></span> <span class='ocrx_word' id='word_1_225' title='bbox 2683 1745 2801 1785; x_wconf 89' lang='lat' dir='ltr'><strong>esse</strong></span> <span class='ocrx_word' id='word_1_226' title='bbox 2834 1730 3158 1803; x_wconf 70' lang='lat' dir='ltr'><strong>prmlatum,</strong></span> <span class='ocrx_word' id='word_1_227' title='bbox 3191 1732 3285 1786; x_wconf 86' lang='lat' dir='ltr'><strong>sed</strong></span> <span class='ocrx_word' id='word_1_228' title='bbox 3316 1731 3442 1785; x_wconf 88' lang='lat' dir='ltr'><strong>obe-</strong></span> 
     </span>
    </p>
   </div>
   <div class='ocr_carea' id='block_1_17' title="bbox 131 1792 3441 1895">
    <p class='ocr_par' dir='ltr' id='par_1_17' title="bbox 131 1792 3441 1895">
     <span class='ocr_line' id='line_1_17' title="bbox 131 1792 3441 1895; baseline 0.002 -22"><span class='ocrx_word' id='word_1_229' title='bbox 131 1792 310 1874; x_wconf 76' lang='lat' dir='ltr'><strong>cialiter</strong></span> <span class='ocrx_word' id='word_1_230' title='bbox 337 1825 591 1876; x_wconf 87' lang='lat' dir='ltr'><strong>sanctam</strong></span> <span class='ocrx_word' id='word_1_231' title='bbox 630 1792 1141 1892; x_wconf 72' lang='lat' dir='ltr'><strong>pertinentsedem</strong></span> <span class='ocrx_word' id='word_1_232' title='bbox 1177 1792 1327 1874; x_wconf 73' lang='lat' dir='ltr'><strong>sicut</strong></span> <span class='ocrx_word' id='word_1_233' title='bbox 1348 1820 1565 1892; x_wconf 88' lang='lat' dir='ltr'><strong>judicia</strong></span> <span class='ocrx_word' id='word_1_234' title='bbox 1593 1792 1709 1892; x_wconf 77' lang='lat' dir='ltr'><strong>epi-</strong></span> <span class='ocrx_word' id='word_1_235' title='bbox 1732 1792 1790 1866; x_wconf 79' lang='grc' dir='ltr'>Β</span> <span class='ocrx_word' id='word_1_236' title='bbox 1814 1822 2082 1879; x_wconf 83' lang='lat' dir='ltr'><strong>dicntiam</strong></span> <span class='ocrx_word' id='word_1_237' title='bbox 2113 1839 2281 1895; x_wconf 88' lang='lat' dir='ltr'><strong>quam</strong></span> <span class='ocrx_word' id='word_1_238' title='bbox 2321 1792 2512 1893; x_wconf 50' lang='lat' dir='ltr'><strong>erigit,</strong></span> <span class='ocrx_word' id='word_1_239' title='bbox 2554 1823 2729 1878; x_wconf 88' lang='lat' dir='ltr'><strong>etiam</strong></span> <span class='ocrx_word' id='word_1_240' title='bbox 2762 1792 2881 1895; x_wconf 75' lang='lat' dir='ltr'><strong>ipse</strong></span> <span class='ocrx_word' id='word_1_241' title='bbox 2916 1792 3223 1895; x_wconf 77' lang='lat' dir='ltr'><strong>dependat.</strong></span> <span class='ocrx_word' id='word_1_242' title='bbox 3256 1824 3441 1879; x_wconf 86' lang='lat' dir='ltr'><strong>Nolite</strong></span> 
     </span>
    </p>
   </div>
   <div class='ocr_carea' id='block_1_18' title="bbox 129 1907 3439 1990">
    <p class='ocr_par' dir='ltr' id='par_1_18' title="bbox 129 1907 3439 1990">
     <span class='ocr_line' id='line_1_18' title="bbox 129 1907 3439 1990; baseline 0.002 -23"><span class='ocrx_word' id='word_1_243' title='bbox 129 1931 406 1985; x_wconf 79' lang='lat' dir='ltr'><strong>scaporum,</strong></span> <span class='ocrx_word' id='word_1_244' title='bbox 456 1920 518 1970; x_wconf 87' lang='lat' dir='ltr'><strong>et</strong></span> <span class='ocrx_word' id='word_1_245' title='bbox 566 1916 810 1986; x_wconf 86' lang='lat' dir='ltr'><strong>majores</strong></span> <span class='ocrx_word' id='word_1_246' title='bbox 859 1913 1113 1969; x_wconf 79' lang='lat' dir='ltr'><strong>Ecclesia:</strong></span> <span class='ocrx_word' id='word_1_247' title='bbox 1156 1930 1377 1982; x_wconf 87' lang='lat' dir='ltr'><strong>causas,</strong></span> <span class='ocrx_word' id='word_1_248' title='bbox 1425 1917 1491 1969; x_wconf 90' lang='lat' dir='ltr'><strong>ut</strong></span> <span class='ocrx_word' id='word_1_249' title='bbox 1538 1915 1711 1986; x_wconf 89' lang='lat' dir='ltr'><strong>paulo</strong></span> <span class='ocrx_word' id='word_1_250' title='bbox 1816 1915 2213 1990; x_wconf 67' lang='lat' dir='ltr'><strong>153itaque</strong></span> <span class='ocrx_word' id='word_1_251' title='bbox 2234 1917 2667 1983; x_wconf 86' lang='lat' dir='ltr'><strong>errarc,fratres</strong></span> <span class='ocrx_word' id='word_1_252' title='bbox 2694 1918 2808 1972; x_wconf 90' lang='lat' dir='ltr'><strong>mei</strong></span> <span class='ocrx_word' id='word_1_253' title='bbox 2838 1907 3439 1986; x_wconf 76' lang='lat' dir='ltr'><strong>dilectissimi,doctri-</strong></span> 
     </span>
    </p>
   </div>
   <div class='ocr_carea' id='block_1_19' title="bbox 130 2007 3442 2081">
    <p class='ocr_par' dir='ltr' id='par_1_19' title="bbox 130 2007 3442 2081">
     <span class='ocr_line' id='line_1_19' title="bbox 130 2007 3442 2081; baseline 0.001 -19"><span class='ocrx_word' id='word_1_254' title='bbox 130 2008 340 2079; x_wconf 84' lang='lat' dir='ltr'><strong>superius</strong></span> <span class='ocrx_word' id='word_1_255' title='bbox 382 2009 749 2081; x_wconf 68' lang='lat' dir='ltr'><strong>prmlibatum</strong></span> <span class='ocrx_word' id='word_1_256' title='bbox 795 2013 897 2077; x_wconf 90' lang='lat' dir='ltr'><strong>est,</strong></span> <span class='ocrx_word' id='word_1_257' title='bbox 945 2024 1051 2063; x_wconf 93' lang='lat' dir='ltr'><strong>nos</strong></span> <span class='ocrx_word' id='word_1_258' title='bbox 1096 2008 1384 2079; x_wconf 90' lang='lat' dir='ltr'><strong>patiamur</strong></span> <span class='ocrx_word' id='word_1_259' title='bbox 1425 2007 1588 2063; x_wconf 91' lang='lat' dir='ltr'><strong>nobis</strong></span> <span class='ocrx_word' id='word_1_260' title='bbox 1623 2008 1710 2063; x_wconf 81' lang='lat' dir='ltr'><strong>in-</strong></span> <span class='ocrx_word' id='word_1_261' title='bbox 1813 2010 1900 2065; x_wconf 90' lang='lat' dir='ltr'><strong>nis</strong></span> <span class='ocrx_word' id='word_1_262' title='bbox 1947 2010 2117 2064; x_wconf 86' lang='lat' dir='ltr'><strong>variis</strong></span> <span class='ocrx_word' id='word_1_263' title='bbox 2164 2014 2219 2064; x_wconf 89' lang='lat' dir='ltr'><strong>et</strong></span> <span class='ocrx_word' id='word_1_264' title='bbox 2268 2012 2549 2065; x_wconf 78' lang='lat' dir='ltr'><strong>extraneis</strong></span> <span class='ocrx_word' id='word_1_265' title='bbox 2594 2010 2770 2065; x_wconf 90' lang='lat' dir='ltr'><strong>nolite</strong></span> <span class='ocrx_word' id='word_1_266' title='bbox 2819 2010 3041 2078; x_wconf 88' lang='lat' dir='ltr'><strong>abduci,</strong></span> <span class='ocrx_word' id='word_1_267' title='bbox 3085 2016 3142 2066; x_wconf 92' lang='lat' dir='ltr'><strong>et</strong></span> <span class='ocrx_word' id='word_1_268' title='bbox 3187 2010 3442 2065; x_wconf 88' lang='lat' dir='ltr'><strong>instituta</strong></span> 
     </span>
    </p>
   </div>
   <div class='ocr_carea' id='block_1_20' title="bbox 127 2100 3440 2176">
    <p class='ocr_par' dir='ltr' id='par_1_20' title="bbox 127 2100 3440 2176">
     <span class='ocr_line' id='line_1_20' title="bbox 127 2100 3440 2176; baseline 0.001 -21"><span class='ocrx_word' id='word_1_269' title='bbox 127 2103 349 2157; x_wconf 87' lang='lat' dir='ltr'><strong>consultis</strong></span> <span class='ocrx_word' id='word_1_270' title='bbox 372 2101 647 2157; x_wconf 85' lang='lat' dir='ltr'><strong>invadere</strong></span> <span class='ocrx_word' id='word_1_271' title='bbox 667 2101 881 2173; x_wconf 88' lang='lat' dir='ltr'><strong>absque</strong></span> <span class='ocrx_word' id='word_1_272' title='bbox 907 2101 1091 2156; x_wconf 89' lang='lat' dir='ltr'><strong>nostri</strong></span> <span class='ocrx_word' id='word_1_273' title='bbox 1110 2103 1292 2155; x_wconf 88' lang='lat' dir='ltr'><strong>status</strong></span> <span class='ocrx_word' id='word_1_274' title='bbox 1313 2100 1584 2172; x_wconf 88' lang='lat' dir='ltr'><strong>periculo.</strong></span> <span class='ocrx_word' id='word_1_275' title='bbox 1605 2100 1712 2156; x_wconf 90' lang='lat' dir='ltr'><strong>Sed</strong></span> <span class='ocrx_word' id='word_1_276' title='bbox 1814 2104 2199 2175; x_wconf 86' lang='lat' dir='ltr'><strong>apostolorum</strong></span> <span class='ocrx_word' id='word_1_277' title='bbox 2228 2108 2283 2157; x_wconf 88' lang='lat' dir='ltr'><strong>et</strong></span> <span class='ocrx_word' id='word_1_278' title='bbox 2320 2104 2757 2175; x_wconf 88' lang='lat' dir='ltr'><strong>apostolicorum</strong></span> <span class='ocrx_word' id='word_1_279' title='bbox 2797 2104 3048 2159; x_wconf 87' lang='lat' dir='ltr'><strong>virorum</strong></span> <span class='ocrx_word' id='word_1_280' title='bbox 3079 2120 3440 2176; x_wconf 85' lang='lat' dir='ltr'><strong>canonesque</strong></span> 
     </span>
    </p>
   </div>
   <div class='ocr_carea' id='block_1_21' title="bbox 126 2194 3440 2269">
    <p class='ocr_par' dir='ltr' id='par_1_21' title="bbox 126 2194 3440 2269">
     <span class='ocr_line' id='line_1_21' title="bbox 126 2194 3440 2269; baseline 0.001 -19"><span class='ocrx_word' id='word_1_281' title='bbox 126 2196 160 2250; x_wconf 90' lang='lat' dir='ltr'><strong>si</strong></span> <span class='ocrx_word' id='word_1_282' title='bbox 198 2197 305 2269; x_wconf 86' lang='lat' dir='ltr'><strong>quis</strong></span> <span class='ocrx_word' id='word_1_283' title='bbox 343 2196 411 2251; x_wconf 87' lang='lat' dir='ltr'><strong>ab</strong></span> <span class='ocrx_word' id='word_1_284' title='bbox 460 2196 743 2250; x_wconf 89' lang='lat' dir='ltr'><strong>hodierna</strong></span> <span class='ocrx_word' id='word_1_285' title='bbox 786 2195 896 2263; x_wconf 90' lang='lat' dir='ltr'><strong>die,</strong></span> <span class='ocrx_word' id='word_1_286' title='bbox 938 2199 994 2249; x_wconf 90' lang='lat' dir='ltr'><strong>et</strong></span> <span class='ocrx_word' id='word_1_287' title='bbox 1025 2194 1293 2265; x_wconf 80' lang='lat' dir='ltr'><strong>deinceps</strong></span> <span class='ocrx_word' id='word_1_288' title='bbox 1334 2211 1464 2248; x_wconf 87' lang='lat' dir='ltr'><strong>eum</strong></span> <span class='ocrx_word' id='word_1_289' title='bbox 1510 2199 1715 2266; x_wconf 83' lang='lat' dir='ltr'><strong>praeter</strong></span> <span class='ocrx_word' id='word_1_290' title='bbox 1813 2197 2058 2265; x_wconf 85' lang='lat' dir='ltr'><strong>habetis,</strong></span> <span class='ocrx_word' id='word_1_291' title='bbox 2088 2197 2177 2252; x_wconf 88' lang='lat' dir='ltr'><strong>his</strong></span> <span class='ocrx_word' id='word_1_292' title='bbox 2205 2197 2481 2263; x_wconf 88' lang='lat' dir='ltr'><strong>fruimini,</strong></span> <span class='ocrx_word' id='word_1_293' title='bbox 2515 2198 2603 2253; x_wconf 92' lang='lat' dir='ltr'><strong>his</strong></span> <span class='ocrx_word' id='word_1_294' title='bbox 2639 2198 3098 2265; x_wconf 88' lang='lat' dir='ltr'><strong>circumdamini,</strong></span> <span class='ocrx_word' id='word_1_295' title='bbox 3130 2198 3217 2252; x_wconf 83' lang='lat' dir='ltr'><strong>his</strong></span> <span class='ocrx_word' id='word_1_296' title='bbox 3252 2197 3440 2252; x_wconf 84' lang='lat' dir='ltr'><strong>delec-</strong></span> 
     </span>
    </p>
   </div>
   <div class='ocr_carea' id='block_1_22' title="bbox 126 2288 3439 2360">
    <p class='ocr_par' dir='ltr' id='par_1_22' title="bbox 126 2288 3439 2360">
     <span class='ocr_line' id='line_1_22' title="bbox 126 2288 3439 2360; baseline 0.001 -17"><span class='ocrx_word' id='word_1_297' title='bbox 126 2291 259 2360; x_wconf 87' lang='lat' dir='ltr'><strong>hujus</strong></span> <span class='ocrx_word' id='word_1_298' title='bbox 276 2294 474 2346; x_wconf 66' lang='lat' dir='ltr'><strong>sancta:</strong></span> <span class='ocrx_word' id='word_1_299' title='bbox 502 2289 649 2345; x_wconf 88' lang='lat' dir='ltr'><strong>sedis</strong></span> <span class='ocrx_word' id='word_1_300' title='bbox 669 2289 1012 2345; x_wconf 89' lang='lat' dir='ltr'><strong>sententiam</strong></span> <span class='ocrx_word' id='word_1_301' title='bbox 1040 2288 1337 2357; x_wconf 87' lang='lat' dir='ltr'><strong>damnare,</strong></span> <span class='ocrx_word' id='word_1_302' title='bbox 1362 2292 1462 2343; x_wconf 89' lang='lat' dir='ltr'><strong>aut</strong></span> <span class='ocrx_word' id='word_1_303' title='bbox 1480 2289 1713 2360; x_wconf 87' lang='lat' dir='ltr'><strong>propria</strong></span> <span class='ocrx_word' id='word_1_304' title='bbox 1813 2291 2035 2357; x_wconf 86' lang='lat' dir='ltr'><strong>tamiui,</strong></span> <span class='ocrx_word' id='word_1_305' title='bbox 2071 2291 2161 2346; x_wconf 87' lang='lat' dir='ltr'><strong>his</strong></span> <span class='ocrx_word' id='word_1_306' title='bbox 2207 2289 2532 2360; x_wconf 86' lang='lat' dir='ltr'><strong>armamini,</strong></span> <span class='ocrx_word' id='word_1_307' title='bbox 2564 2294 2627 2346; x_wconf 91' lang='lat' dir='ltr'><strong>ut</strong></span> <span class='ocrx_word' id='word_1_308' title='bbox 2666 2291 2796 2346; x_wconf 87' lang='lat' dir='ltr'><strong>freti</strong></span> <span class='ocrx_word' id='word_1_309' title='bbox 2840 2295 3034 2347; x_wconf 87' lang='lat' dir='ltr'><strong>contra</strong></span> <span class='ocrx_word' id='word_1_310' title='bbox 3076 2291 3439 2347; x_wconf 89' lang='lat' dir='ltr'><strong>inimicorum</strong></span> 
     </span>
    </p>
   </div>
   <div class='ocr_carea' id='block_1_23' title="bbox 123 2381 3447 2457">
    <p class='ocr_par' dir='ltr' id='par_1_23' title="bbox 123 2381 3447 2457">
     <span class='ocr_line' id='line_1_23' title="bbox 123 2381 3447 2457; baseline 0.001 -19"><span class='ocrx_word' id='word_1_311' title='bbox 123 2383 297 2454; x_wconf 88' lang='lat' dir='ltr'><strong>pellere</strong></span> <span class='ocrx_word' id='word_1_312' title='bbox 315 2385 441 2440; x_wconf 89' lang='lat' dir='ltr'><strong>sede</strong></span> <span class='ocrx_word' id='word_1_313' title='bbox 462 2384 916 2456; x_wconf 68' lang='lat' dir='ltr'><strong>prwsumpserit,</strong></span> <span class='ocrx_word' id='word_1_314' title='bbox 940 2382 1078 2438; x_wconf 87' lang='lat' dir='ltr'><strong>sciat</strong></span> <span class='ocrx_word' id='word_1_315' title='bbox 1111 2398 1169 2437; x_wconf 93' lang='lat' dir='ltr'><strong>se</strong></span> <span class='ocrx_word' id='word_1_316' title='bbox 1197 2381 1715 2453; x_wconf 88' lang='lat' dir='ltr'><strong>irrecuperabiliter</strong></span> <span class='ocrx_word' id='word_1_317' title='bbox 1807 2385 1997 2456; x_wconf 84' lang='lat' dir='ltr'><strong>jacula</strong></span> <span class='ocrx_word' id='word_1_318' title='bbox 2022 2384 2328 2456; x_wconf 89' lang='lat' dir='ltr'><strong>persistere</strong></span> <span class='ocrx_word' id='word_1_319' title='bbox 2364 2385 2628 2454; x_wconf 83' lang='lat' dir='ltr'><strong>valeatis;</strong></span> <span class='ocrx_word' id='word_1_320' title='bbox 2657 2385 2790 2439; x_wconf 89' lang='lat' dir='ltr'><strong>satis</strong></span> <span class='ocrx_word' id='word_1_321' title='bbox 2831 2386 2985 2440; x_wconf 90' lang='lat' dir='ltr'><strong>enim</strong></span> <span class='ocrx_word' id='word_1_322' title='bbox 3022 2385 3331 2457; x_wconf 90' lang='lat' dir='ltr'><strong>indignum</strong></span> <span class='ocrx_word' id='word_1_323' title='bbox 3362 2389 3447 2441; x_wconf 88' lang='lat' dir='ltr'><strong>est</strong></span> 
     </span>
    </p>
   </div>
   <div class='ocr_carea' id='block_1_24' title="bbox 124 2475 3441 2551">
    <p class='ocr_par' dir='ltr' id='par_1_24' title="bbox 124 2475 3441 2551">
     <span class='ocr_line' id='line_1_24' title="bbox 124 2475 3441 2551; baseline 0.001 -21"><span class='ocrx_word' id='word_1_324' title='bbox 124 2493 217 2531; x_wconf 83' lang='lat' dir='ltr'><strong>esse</strong></span> <span class='ocrx_word' id='word_1_325' title='bbox 234 2478 584 2545; x_wconf 77' lang='lat' dir='ltr'><strong>damnatum,</strong></span> <span class='ocrx_word' id='word_1_326' title='bbox 613 2486 669 2532; x_wconf 88' lang='lat' dir='ltr'><strong>et</strong></span> <span class='ocrx_word' id='word_1_327' title='bbox 693 2476 927 2549; x_wconf 88' lang='lat' dir='ltr'><strong>proprio</strong></span> <span class='ocrx_word' id='word_1_328' title='bbox 948 2492 1137 2531; x_wconf 90' lang='lat' dir='ltr'><strong>carere</strong></span> <span class='ocrx_word' id='word_1_329' title='bbox 1164 2476 1443 2547; x_wconf 91' lang='lat' dir='ltr'><strong>perpetim</strong></span> <span class='ocrx_word' id='word_1_330' title='bbox 1472 2475 1709 2543; x_wconf 88' lang='lat' dir='ltr'><strong>honore,</strong></span> <span class='ocrx_word' id='word_1_331' title='bbox 1815 2495 2156 2550; x_wconf 86' lang='lat' dir='ltr'><strong>quemquam</strong></span> <span class='ocrx_word' id='word_1_332' title='bbox 2183 2479 2270 2533; x_wconf 84' lang='lat' dir='ltr'><strong>vel</strong></span> <span class='ocrx_word' id='word_1_333' title='bbox 2300 2478 2639 2551; x_wconf 85' lang='lat' dir='ltr'><strong>pontificum</strong></span> <span class='ocrx_word' id='word_1_334' title='bbox 2675 2478 2761 2533; x_wconf 83' lang='lat' dir='ltr'><strong>vel</strong></span> <span class='ocrx_word' id='word_1_335' title='bbox 2796 2479 3059 2534; x_wconf 89' lang='lat' dir='ltr'><strong>ordinum</strong></span> <span class='ocrx_word' id='word_1_336' title='bbox 3091 2479 3441 2551; x_wconf 83' lang='lat' dir='ltr'><strong>subsequen-</strong></span> 
     </span>
    </p>
   </div>
   <div class='ocr_carea' id='block_1_25' title="bbox 124 2569 3441 2644">
    <p class='ocr_par' dir='ltr' id='par_1_25' title="bbox 124 2569 3441 2644">
     <span class='ocr_line' id='line_1_25' title="bbox 124 2569 3441 2644; baseline 0.001 -20"><span class='ocrx_word' id='word_1_337' title='bbox 124 2587 291 2644; x_wconf 87' lang='lat' dir='ltr'><strong>eosque</strong></span> <span class='ocrx_word' id='word_1_338' title='bbox 329 2571 423 2644; x_wconf 89' lang='lat' dir='ltr'><strong>qui</strong></span> <span class='ocrx_word' id='word_1_339' title='bbox 464 2570 686 2644; x_wconf 83' lang='lat' dir='ltr'><strong>absque</strong></span> <span class='ocrx_word' id='word_1_340' title='bbox 729 2570 902 2643; x_wconf 88' lang='lat' dir='ltr'><strong>hujus</strong></span> <span class='ocrx_word' id='word_1_341' title='bbox 946 2570 1094 2626; x_wconf 89' lang='lat' dir='ltr'><strong>sedis</strong></span> <span class='ocrx_word' id='word_1_342' title='bbox 1121 2575 1253 2625; x_wconf 88' lang='lat' dir='ltr'><strong>sunt</strong></span> <span class='ocrx_word' id='word_1_343' title='bbox 1290 2569 1455 2642; x_wconf 89' lang='lat' dir='ltr'><strong>ejecti</strong></span> <span class='ocrx_word' id='word_1_344' title='bbox 1486 2576 1710 2625; x_wconf 83' lang='lat' dir='ltr'><strong>sentcn-</strong></span> <span class='ocrx_word' id='word_1_345' title='bbox 1812 2571 1956 2627; x_wconf 85' lang='lat' dir='ltr'><strong>tium</strong></span> <span class='ocrx_word' id='word_1_346' title='bbox 1977 2572 2123 2627; x_wconf 89' lang='lat' dir='ltr'><strong>hanc</strong></span> <span class='ocrx_word' id='word_1_347' title='bbox 2145 2572 2407 2643; x_wconf 85' lang='lat' dir='ltr'><strong>regulam</strong></span> <span class='ocrx_word' id='word_1_348' title='bbox 2432 2573 2680 2629; x_wconf 84' lang='lat' dir='ltr'><strong>refutare</strong></span> <span class='ocrx_word' id='word_1_349' title='bbox 2698 2588 2868 2644; x_wconf 91' lang='lat' dir='ltr'><strong>quam</strong></span> <span class='ocrx_word' id='word_1_350' title='bbox 2888 2571 3037 2627; x_wconf 87' lang='lat' dir='ltr'><strong>beati</strong></span> <span class='ocrx_word' id='word_1_351' title='bbox 3058 2572 3205 2628; x_wconf 90' lang='lat' dir='ltr'><strong>Petri</strong></span> <span class='ocrx_word' id='word_1_352' title='bbox 3225 2572 3441 2640; x_wconf 90' lang='lat' dir='ltr'><strong>sedem,</strong></span> 
     </span>
    </p>
   </div>
   <div class='ocr_carea' id='block_1_26' title="bbox 118 2662 3442 2738">
    <p class='ocr_par' dir='ltr' id='par_1_26' title="bbox 118 2662 3442 2738">
     <span class='ocr_line' id='line_1_26' title="bbox 118 2662 3442 2738; baseline 0 -20"><span class='ocrx_word' id='word_1_353' title='bbox 118 2664 184 2720; x_wconf 87' lang='lat' dir='ltr'><strong>tia</strong></span> <span class='ocrx_word' id='word_1_354' title='bbox 205 2666 283 2720; x_wconf 85' lang='lat' dir='ltr'><strong>vel</strong></span> <span class='ocrx_word' id='word_1_355' title='bbox 306 2665 585 2735; x_wconf 86' lang='lat' dir='ltr'><strong>damnati,</strong></span> <span class='ocrx_word' id='word_1_356' title='bbox 616 2664 787 2737; x_wconf 89' lang='lat' dir='ltr'><strong>hujus</strong></span> <span class='ocrx_word' id='word_1_357' title='bbox 823 2667 1032 2719; x_wconf 73' lang='lat' dir='ltr'><strong>sanctae</strong></span> <span class='ocrx_word' id='word_1_358' title='bbox 1074 2663 1224 2719; x_wconf 90' lang='lat' dir='ltr'><strong>sedis</strong></span> <span class='ocrx_word' id='word_1_359' title='bbox 1248 2662 1580 2719; x_wconf 78' lang='lat' dir='ltr'><strong>auctoritate</strong></span> <span class='ocrx_word' id='word_1_360' title='bbox 1608 2664 1710 2720; x_wconf 91' lang='lat' dir='ltr'><strong>sci-</strong></span> <span class='ocrx_word' id='word_1_361' title='bbox 1814 2670 1871 2721; x_wconf 91' lang='lat' dir='ltr'><strong>et</strong></span> <span class='ocrx_word' id='word_1_362' title='bbox 1910 2666 2067 2738; x_wconf 89' lang='lat' dir='ltr'><strong>sequi</strong></span> <span class='ocrx_word' id='word_1_363' title='bbox 2116 2666 2300 2721; x_wconf 86' lang='lat' dir='ltr'><strong>videat</strong></span> <span class='ocrx_word' id='word_1_364' title='bbox 2338 2671 2395 2721; x_wconf 91' lang='lat' dir='ltr'><strong>et</strong></span> <span class='ocrx_word' id='word_1_365' title='bbox 2438 2666 2656 2720; x_wconf 91' lang='lat' dir='ltr'><strong>docere.</strong></span> <span class='ocrx_word' id='word_1_366' title='bbox 2687 2665 2922 2721; x_wconf 84' lang='lat' dir='ltr'><strong>Multum</strong></span> <span class='ocrx_word' id='word_1_367' title='bbox 2957 2666 3113 2721; x_wconf 91' lang='lat' dir='ltr'><strong>enim</strong></span> <span class='ocrx_word' id='word_1_368' title='bbox 3160 2667 3442 2734; x_wconf 85' lang='lat' dir='ltr'><strong>convenit,</strong></span> 
     </span>
    </p>
   </div>
   <div class='ocr_carea' id='block_1_27' title="bbox 121 2758 3445 2831">
    <p class='ocr_par' dir='ltr' id='par_1_27' title="bbox 121 2758 3445 2831">
     <span class='ocr_line' id='line_1_27' title="bbox 121 2758 3445 2831; baseline 0.001 -19"><span class='ocrx_word' id='word_1_369' title='bbox 121 2760 515 2830; x_wconf 85' lang='lat' dir='ltr'><strong>totepristinam</strong></span> <span class='ocrx_word' id='word_1_370' title='bbox 531 2759 792 2830; x_wconf 88' lang='lat' dir='ltr'><strong>recipere</strong></span> <span class='ocrx_word' id='word_1_371' title='bbox 810 2758 1294 2826; x_wconf 88' lang='lat' dir='ltr'><strong>communionem,</strong></span> <span class='ocrx_word' id='word_1_372' title='bbox 1315 2758 1447 2813; x_wconf 89' lang='lat' dir='ltr'><strong>etin</strong></span> <span class='ocrx_word' id='word_1_373' title='bbox 1470 2759 1715 2831; x_wconf 88' lang='lat' dir='ltr'><strong>pr0priis</strong></span> <span class='ocrx_word' id='word_1_374' title='bbox 1814 2766 1877 2815; x_wconf 89' lang='lat' dir='ltr'><strong>ut</strong></span> <span class='ocrx_word' id='word_1_375' title='bbox 1911 2764 2098 2815; x_wconf 91' lang='lat' dir='ltr'><strong>totum</strong></span> <span class='ocrx_word' id='word_1_376' title='bbox 2144 2776 2351 2831; x_wconf 86' lang='lat' dir='ltr'><strong>corpus</strong></span> <span class='ocrx_word' id='word_1_377' title='bbox 2389 2759 2649 2814; x_wconf 73' lang='lat' dir='ltr'><strong>Ecclesia:</strong></span> <span class='ocrx_word' id='word_1_378' title='bbox 2689 2760 2746 2815; x_wconf 92' lang='lat' dir='ltr'><strong>in</strong></span> <span class='ocrx_word' id='word_1_379' title='bbox 2791 2759 2900 2814; x_wconf 88' lang='lat' dir='ltr'><strong>hac</strong></span> <span class='ocrx_word' id='word_1_380' title='bbox 2931 2759 3159 2815; x_wconf 85' lang='lat' dir='ltr'><strong>sibimet</strong></span> <span class='ocrx_word' id='word_1_381' title='bbox 3186 2760 3445 2816; x_wconf 87' lang='lat' dir='ltr'><strong>observa-</strong></span> 
     </span>
    </p>
   </div>
   <div class='ocr_carea' id='block_1_28' title="bbox 120 2852 3445 2925">
    <p class='ocr_par' dir='ltr' id='par_1_28' title="bbox 120 2852 3445 2925">
     <span class='ocr_line' id='line_1_28' title="bbox 120 2852 3445 2925; baseline 0.001 -19"><span class='ocrx_word' id='word_1_382' title='bbox 120 2853 306 2907; x_wconf 88' lang='lat' dir='ltr'><strong>restitui</strong></span> <span class='ocrx_word' id='word_1_383' title='bbox 325 2853 584 2923; x_wconf 82' lang='lat' dir='ltr'><strong>sedibus;</strong></span> <span class='ocrx_word' id='word_1_384' title='bbox 609 2853 885 2925; x_wconf 90' lang='lat' dir='ltr'><strong>quoniam</strong></span> <span class='ocrx_word' id='word_1_385' title='bbox 907 2857 961 2907; x_wconf 85' lang='lat' dir='ltr'><strong>et</strong></span> <span class='ocrx_word' id='word_1_386' title='bbox 985 2852 1144 2924; x_wconf 90' lang='lat' dir='ltr'><strong>prius</strong></span> <span class='ocrx_word' id='word_1_387' title='bbox 1166 2852 1717 2925; x_wconf 87' lang='lat' dir='ltr'><strong>atempore,scilicet</strong></span> <span class='ocrx_word' id='word_1_388' title='bbox 1814 2854 1970 2909; x_wconf 84' lang='lat' dir='ltr'><strong>tione</strong></span> <span class='ocrx_word' id='word_1_389' title='bbox 2010 2852 2313 2908; x_wconf 87' lang='lat' dir='ltr'><strong>concordet</strong></span> <span class='ocrx_word' id='word_1_390' title='bbox 2352 2868 2480 2925; x_wconf 84' lang='lat' dir='ltr'><strong>quae</strong></span> <span class='ocrx_word' id='word_1_391' title='bbox 2520 2852 2655 2907; x_wconf 85' lang='lat' dir='ltr'><strong>inde</strong></span> <span class='ocrx_word' id='word_1_392' title='bbox 2694 2853 3089 2908; x_wconf 79' lang='lat' dir='ltr'><strong>auctoritatem</strong></span> <span class='ocrx_word' id='word_1_393' title='bbox 3129 2852 3317 2922; x_wconf 84' lang='lat' dir='ltr'><strong>habet,</strong></span> <span class='ocrx_word' id='word_1_394' title='bbox 3346 2853 3445 2909; x_wconf 87' lang='lat' dir='ltr'><strong>ubi</strong></span> 
     </span>
    </p>
   </div>
   <div class='ocr_carea' id='block_1_29' title="bbox 118 2944 3446 3018">
    <p class='ocr_par' dir='ltr' id='par_1_29' title="bbox 118 2944 3446 3018">
     <span class='ocr_line' id='line_1_29' title="bbox 118 2944 3446 3018; baseline 0.001 -19"><span class='ocrx_word' id='word_1_395' title='bbox 118 2948 489 3016; x_wconf 77' lang='lat' dir='ltr'><strong>apostolorum,</strong></span> <span class='ocrx_word' id='word_1_396' title='bbox 520 2947 645 3002; x_wconf 64' lang='lat' dir='ltr'><strong>haec</strong></span> <span class='ocrx_word' id='word_1_397' title='bbox 680 2946 811 3001; x_wconf 91' lang='lat' dir='ltr'><strong>huic</strong></span> <span class='ocrx_word' id='word_1_398' title='bbox 849 2945 970 3000; x_wconf 91' lang='lat' dir='ltr'><strong>sedi</strong></span> <span class='ocrx_word' id='word_1_399' title='bbox 1006 2950 1218 3002; x_wconf 80' lang='lat' dir='ltr'><strong>sanctae</strong></span> <span class='ocrx_word' id='word_1_400' title='bbox 1256 2961 1523 3002; x_wconf 86' lang='lat' dir='ltr'><strong>concessa</strong></span> <span class='ocrx_word' id='word_1_401' title='bbox 1561 2950 1712 3014; x_wconf 86' lang='lat' dir='ltr'><strong>sunt,</strong></span> <span class='ocrx_word' id='word_1_402' title='bbox 1817 2946 2094 3003; x_wconf 87' lang='lat' dir='ltr'><strong>Dominus</strong></span> <span class='ocrx_word' id='word_1_403' title='bbox 2120 2947 2380 3004; x_wconf 72' lang='lat' dir='ltr'><strong>Ecclesiae</strong></span> <span class='ocrx_word' id='word_1_404' title='bbox 2400 2947 2571 3001; x_wconf 89' lang='lat' dir='ltr'><strong>totius</strong></span> <span class='ocrx_word' id='word_1_405' title='bbox 2596 2947 2786 3018; x_wconf 89' lang='lat' dir='ltr'><strong>posuit</strong></span> <span class='ocrx_word' id='word_1_406' title='bbox 2805 2944 3446 3018; x_wconf 88' lang='lat' dir='ltr'><strong>principatum,dicente</strong></span> 
     </span>
    </p>
   </div>
   <div class='ocr_carea' id='block_1_30' title="bbox 122 3039 3443 3112">
    <p class='ocr_par' dir='ltr' id='par_1_30' title="bbox 122 3039 3443 3112">
     <span class='ocr_line' id='line_1_30' title="bbox 122 3039 3443 3112; baseline 0 -20"><span class='ocrx_word' id='word_1_407' title='bbox 122 3043 165 3093; x_wconf 88' lang='lat' dir='ltr'><strong>et</strong></span> <span class='ocrx_word' id='word_1_408' title='bbox 186 3045 362 3111; x_wconf 80' lang='lat' dir='ltr'><strong>postea</strong></span> <span class='ocrx_word' id='word_1_409' title='bbox 384 3040 443 3095; x_wconf 92' lang='lat' dir='ltr'><strong>in</strong></span> <span class='ocrx_word' id='word_1_410' title='bbox 470 3041 793 3096; x_wconf 87' lang='lat' dir='ltr'><strong>memorata</strong></span> <span class='ocrx_word' id='word_1_411' title='bbox 819 3039 1049 3095; x_wconf 77' lang='lat' dir='ltr'><strong>Nicaeus.</strong></span> <span class='ocrx_word' id='word_1_412' title='bbox 1078 3039 1297 3111; x_wconf 80' lang='lat' dir='ltr'><strong>synodo</strong></span> <span class='ocrx_word' id='word_1_413' title='bbox 1325 3044 1566 3112; x_wconf 87' lang='lat' dir='ltr'><strong>prepter</strong></span> <span class='ocrx_word' id='word_1_414' title='bbox 1588 3056 1717 3112; x_wconf 87' lang='lat' dir='ltr'><strong>pra-</strong></span> <span class='ocrx_word' id='word_1_415' title='bbox 1816 3039 2182 3111; x_wconf 78' lang='lat' dir='ltr'><strong>Scripturaza</strong></span> <span class='ocrx_word' id='word_1_416' title='bbox 2199 3039 2467 3096; x_wconf 87' lang='lat' dir='ltr'><strong>Ordinate</strong></span> <span class='ocrx_word' id='word_1_417' title='bbox 2494 3040 2552 3095; x_wconf 92' lang='lat' dir='ltr'><strong>in</strong></span> <span class='ocrx_word' id='word_1_418' title='bbox 2574 3055 2667 3095; x_wconf 89' lang='lat' dir='ltr'><strong>me</strong></span> <span class='ocrx_word' id='word_1_419' title='bbox 2686 3039 3021 3096; x_wconf 88' lang='lat' dir='ltr'><strong>charitatem</strong></span> <span class='ocrx_word' id='word_1_420' title='bbox 3049 3040 3223 3111; x_wconf 83' lang='lat' dir='ltr'><strong>(Cant.</strong></span> <span class='ocrx_word' id='word_1_421' title='bbox 3243 3055 3303 3107; x_wconf 81' lang='grc' dir='ltr'><strong>ιι,</strong></span> <span class='ocrx_word' id='word_1_422' title='bbox 3320 3039 3395 3112; x_wconf 77' lang='grc'><strong>4);</strong></span> <span class='ocrx_word' id='word_1_423' title='bbox 3415 3059 3443 3092; x_wconf 81' lang='grc'><strong>»</strong></span> 
     </span>
    </p>
   </div>
   <div class='ocr_carea' id='block_1_31' title="bbox 119 3132 3447 3239">
    <p class='ocr_par' dir='ltr' id='par_1_31' title="bbox 119 3132 3447 3239">
     <span class='ocr_line' id='line_1_31' title="bbox 119 3132 3447 3239; baseline 0.001 -52"><span class='ocrx_word' id='word_1_424' title='bbox 119 3147 287 3188; x_wconf 83' lang='lat' dir='ltr'><strong>verum</strong></span> <span class='ocrx_word' id='word_1_425' title='bbox 318 3134 622 3189; x_wconf 89' lang='lat' dir='ltr'><strong>hominum</strong></span> <span class='ocrx_word' id='word_1_426' title='bbox 658 3134 1073 3202; x_wconf 87' lang='lat' dir='ltr'><strong>infestationes,</strong></span> <span class='ocrx_word' id='word_1_427' title='bbox 1104 3138 1274 3205; x_wconf 89' lang='lat' dir='ltr'><strong>atque</strong></span> <span class='ocrx_word' id='word_1_428' title='bbox 1314 3133 1715 3189; x_wconf 82' lang='lat' dir='ltr'><strong>haereticorum</strong></span> <span class='ocrx_word' id='word_1_429' title='bbox 1736 3164 1791 3239; x_wconf 65' lang='grc' dir='ltr'><strong>Ο</strong></span> <span class='ocrx_word' id='word_1_430' title='bbox 1817 3138 1873 3189; x_wconf 88' lang='lat' dir='ltr'><strong>et</strong></span> <span class='ocrx_word' id='word_1_431' title='bbox 1904 3135 2038 3190; x_wconf 91' lang='lat' dir='ltr'><strong>item</strong></span> <span class='ocrx_word' id='word_1_432' title='bbox 2070 3150 2084 3189; x_wconf 90' lang='lat'><strong>:</strong></span> <span class='ocrx_word' id='word_1_433' title='bbox 2117 3155 2143 3185; x_wconf 86' lang='grc'>‹‹</span> <span class='ocrx_word' id='word_1_434' title='bbox 2186 3133 2391 3191; x_wconf 89' lang='lat' dir='ltr'><strong>Omnia</strong></span> <span class='ocrx_word' id='word_1_435' title='bbox 2436 3150 2567 3189; x_wconf 92' lang='lat' dir='ltr'><strong>cum</strong></span> <span class='ocrx_word' id='word_1_436' title='bbox 2614 3133 2811 3188; x_wconf 91' lang='lat' dir='ltr'><strong>ordine</strong></span> <span class='ocrx_word' id='word_1_437' title='bbox 2847 3132 3006 3188; x_wconf 79' lang='lat' dir='ltr'><strong>ﬁant.</strong></span> <span class='ocrx_word' id='word_1_438' title='bbox 3048 3154 3076 3184; x_wconf 81' lang='lat'><strong>»</strong></span> <span class='ocrx_word' id='word_1_439' title='bbox 3117 3135 3447 3206; x_wconf 89' lang='lat' dir='ltr'><strong>Iterumque</strong></span> 
     </span>
    </p>
   </div>
   <div class='ocr_carea' id='block_1_32' title="bbox 118 3226 3445 3300">
    <p class='ocr_par' dir='ltr' id='par_1_32' title="bbox 118 3226 3445 3300">
     <span class='ocr_line' id='line_1_32' title="bbox 118 3226 3445 3300; baseline 0.001 -20"><span class='ocrx_word' id='word_1_440' title='bbox 118 3229 505 3296; x_wconf 80' lang='lat' dir='ltr'><strong>persecutiones</strong></span> <span class='ocrx_word' id='word_1_441' title='bbox 523 3234 582 3283; x_wconf 89' lang='lat' dir='ltr'><strong>et</strong></span> <span class='ocrx_word' id='word_1_442' title='bbox 598 3226 990 3283; x_wconf 87' lang='lat' dir='ltr'><strong>insidiantium</strong></span> <span class='ocrx_word' id='word_1_443' title='bbox 1009 3227 1565 3283; x_wconf 89' lang='lat' dir='ltr'><strong>moliminafratrum</strong></span> <span class='ocrx_word' id='word_1_444' title='bbox 1583 3232 1717 3283; x_wconf 88' lang='lat' dir='ltr'><strong>sunt</strong></span> <span class='ocrx_word' id='word_1_445' title='bbox 1744 3226 1791 3239; x_wconf 62' lang='grc' dir='ltr'>ν</span> <span class='ocrx_word' id='word_1_446' title='bbox 1815 3227 2110 3284; x_wconf 86' lang='lat' dir='ltr'><strong>Psalmista</strong></span> <span class='ocrx_word' id='word_1_447' title='bbox 2149 3227 2496 3300; x_wconf 65' lang='lat' dir='ltr'><strong>praedicante</strong></span> <span class='ocrx_word' id='word_1_448' title='bbox 2527 3245 2539 3282; x_wconf 88' lang='lat'><strong>:</strong></span> <span class='ocrx_word' id='word_1_449' title='bbox 2577 3249 2601 3275; x_wconf 88' lang='grc'><strong>‹‹</strong></span> <span class='ocrx_word' id='word_1_450' title='bbox 2631 3226 2986 3284; x_wconf 90' lang='lat' dir='ltr'><strong>Circumdate</strong></span> <span class='ocrx_word' id='word_1_451' title='bbox 3016 3227 3169 3295; x_wconf 90' lang='lat' dir='ltr'><strong>Sion,</strong></span> <span class='ocrx_word' id='word_1_452' title='bbox 3205 3231 3264 3282; x_wconf 91' lang='lat' dir='ltr'><strong>et</strong></span> <span class='ocrx_word' id='word_1_453' title='bbox 3288 3243 3445 3283; x_wconf 87' lang='lat' dir='ltr'><strong>com-</strong></span> 
     </span>
    </p>
   </div>
   <div class='ocr_carea' id='block_1_33' title="bbox 120 3321 3445 3396">
    <p class='ocr_par' dir='ltr' id='par_1_33' title="bbox 120 3321 3445 3396">
     <span class='ocr_line' id='line_1_33' title="bbox 120 3321 3445 3396; baseline 0.002 -23"><span class='ocrx_word' id='word_1_454' title='bbox 120 3321 434 3377; x_wconf 89' lang='lat' dir='ltr'><strong>concorditer</strong></span> <span class='ocrx_word' id='word_1_455' title='bbox 461 3322 538 3376; x_wconf 89' lang='lat' dir='ltr'><strong>ab</strong></span> <span class='ocrx_word' id='word_1_456' title='bbox 572 3321 840 3377; x_wconf 90' lang='lat' dir='ltr'><strong>omnibus</strong></span> <span class='ocrx_word' id='word_1_457' title='bbox 867 3321 1256 3389; x_wconf 88' lang='lat' dir='ltr'><strong>corroborata,</strong></span> <span class='ocrx_word' id='word_1_458' title='bbox 1286 3327 1352 3376; x_wconf 91' lang='lat' dir='ltr'><strong>ut</strong></span> <span class='ocrx_word' id='word_1_459' title='bbox 1382 3322 1565 3394; x_wconf 86' lang='lat' dir='ltr'><strong>magis</strong></span> <span class='ocrx_word' id='word_1_460' title='bbox 1595 3321 1715 3377; x_wconf 88' lang='lat' dir='ltr'><strong>sin-</strong></span> <span class='ocrx_word' id='word_1_461' title='bbox 1814 3324 2126 3396; x_wconf 82' lang='lat' dir='ltr'><strong>plectimini</strong></span> <span class='ocrx_word' id='word_1_462' title='bbox 2172 3340 2320 3390; x_wconf 89' lang='lat' dir='ltr'><strong>eam,</strong></span> <span class='ocrx_word' id='word_1_463' title='bbox 2379 3326 2605 3378; x_wconf 88' lang='lat' dir='ltr'><strong>narrate</strong></span> <span class='ocrx_word' id='word_1_464' title='bbox 2655 3323 2716 3378; x_wconf 90' lang='lat' dir='ltr'><strong>in</strong></span> <span class='ocrx_word' id='word_1_465' title='bbox 2769 3323 3019 3377; x_wconf 86' lang='lat' dir='ltr'><strong>turribus</strong></span> <span class='ocrx_word' id='word_1_466' title='bbox 3067 3324 3208 3394; x_wconf 92' lang='lat' dir='ltr'><strong>ejus.</strong></span> <span class='ocrx_word' id='word_1_467' title='bbox 3245 3324 3445 3379; x_wconf 87' lang='lat' dir='ltr'><strong>Ponite</strong></span> 
     </span>
    </p>
   </div>
   <div class='ocr_carea' id='block_1_34' title="bbox 119 3414 3442 3488">
    <p class='ocr_par' dir='ltr' id='par_1_34' title="bbox 119 3414 3442 3488">
     <span class='ocr_line' id='line_1_34' title="bbox 119 3414 3442 3488; baseline 0.001 -20"><span class='ocrx_word' id='word_1_468' title='bbox 119 3414 214 3484; x_wconf 81' lang='lat' dir='ltr'><strong>guli</strong></span> <span class='ocrx_word' id='word_1_469' title='bbox 234 3415 588 3487; x_wconf 83' lang='lat' dir='ltr'><strong>provideant,</strong></span> <span class='ocrx_word' id='word_1_470' title='bbox 619 3432 691 3470; x_wconf 91' lang='lat' dir='ltr'><strong>ne</strong></span> <span class='ocrx_word' id='word_1_471' title='bbox 722 3414 854 3470; x_wconf 86' lang='lat' dir='ltr'><strong>talia</strong></span> <span class='ocrx_word' id='word_1_472' title='bbox 882 3414 1135 3470; x_wconf 85' lang='lat' dir='ltr'><strong>audeant</strong></span> <span class='ocrx_word' id='word_1_473' title='bbox 1159 3418 1506 3487; x_wconf 74' lang='lat' dir='ltr'><strong>perpetrare,</strong></span> <span class='ocrx_word' id='word_1_474' title='bbox 1538 3420 1596 3471; x_wconf 91' lang='lat' dir='ltr'><strong>et</strong></span> <span class='ocrx_word' id='word_1_475' title='bbox 1622 3432 1713 3471; x_wconf 88' lang='lat' dir='ltr'><strong>ca-</strong></span> <span class='ocrx_word' id='word_1_476' title='bbox 1815 3418 1985 3473; x_wconf 89' lang='lat' dir='ltr'><strong>corda</strong></span> <span class='ocrx_word' id='word_1_477' title='bbox 2014 3424 2200 3473; x_wconf 87' lang='lat' dir='ltr'><strong>vestra</strong></span> <span class='ocrx_word' id='word_1_478' title='bbox 2229 3417 2283 3472; x_wconf 89' lang='lat' dir='ltr'>in</span> <span class='ocrx_word' id='word_1_479' title='bbox 2320 3418 2527 3472; x_wconf 88' lang='lat' dir='ltr'><strong>virtute</strong></span> <span class='ocrx_word' id='word_1_480' title='bbox 2555 3416 2696 3487; x_wconf 88' lang='lat' dir='ltr'><strong>ejus,</strong></span> <span class='ocrx_word' id='word_1_481' title='bbox 2728 3420 2791 3471; x_wconf 91' lang='lat' dir='ltr'><strong>ut</strong></span> <span class='ocrx_word' id='word_1_482' title='bbox 2833 3416 3113 3471; x_wconf 90' lang='lat' dir='ltr'><strong>enarretis</strong></span> <span class='ocrx_word' id='word_1_483' title='bbox 3151 3415 3208 3470; x_wconf 92' lang='lat' dir='ltr'><strong>in</strong></span> <span class='ocrx_word' id='word_1_484' title='bbox 3240 3433 3442 3488; x_wconf 87' lang='lat' dir='ltr'><strong>proge-</strong></span> 
     </span>
    </p>
   </div>
   <div class='ocr_carea' id='block_1_35' title="bbox 117 3508 3446 3583">
    <p class='ocr_par' dir='ltr' id='par_1_35' title="bbox 117 3508 3446 3583">
     <span class='ocr_line' id='line_1_35' title="bbox 117 3508 3446 3583; baseline 0.002 -24"><span class='ocrx_word' id='word_1_485' title='bbox 117 3513 275 3574; x_wconf 73' lang='lat' dir='ltr'><strong>veant,</strong></span> <span class='ocrx_word' id='word_1_486' title='bbox 314 3509 359 3564; x_wconf 90' lang='lat' dir='ltr'>si</span> <span class='ocrx_word' id='word_1_487' title='bbox 398 3525 519 3564; x_wconf 91' lang='lat' dir='ltr'><strong>non</strong></span> <span class='ocrx_word' id='word_1_488' title='bbox 573 3512 810 3581; x_wconf 84' lang='lat' dir='ltr'><strong>prepter</strong></span> <span class='ocrx_word' id='word_1_489' title='bbox 845 3510 1025 3565; x_wconf 87' lang='lat' dir='ltr'><strong>Deum</strong></span> <span class='ocrx_word' id='word_1_490' title='bbox 1065 3513 1124 3564; x_wconf 88' lang='lat' dir='ltr'><strong>et</strong></span> <span class='ocrx_word' id='word_1_491' title='bbox 1160 3524 1420 3564; x_wconf 87' lang='lat' dir='ltr'><strong>amorem</strong></span> <span class='ocrx_word' id='word_1_492' title='bbox 1446 3508 1713 3577; x_wconf 87' lang='lat' dir='ltr'><strong>fratrum,</strong></span> <span class='ocrx_word' id='word_1_493' title='bbox 1814 3512 1906 3566; x_wconf 83' lang='lat' dir='ltr'><strong>nie</strong></span> <span class='ocrx_word' id='word_1_494' title='bbox 1946 3512 2141 3578; x_wconf 87' lang='lat' dir='ltr'><strong>altera,</strong></span> <span class='ocrx_word' id='word_1_495' title='bbox 2173 3510 2445 3583; x_wconf 89' lang='lat' dir='ltr'><strong>quoniam</strong></span> <span class='ocrx_word' id='word_1_496' title='bbox 2492 3510 2584 3564; x_wconf 92' lang='lat' dir='ltr'><strong>hic</strong></span> <span class='ocrx_word' id='word_1_497' title='bbox 2621 3515 2705 3564; x_wconf 90' lang='lat' dir='ltr'><strong>est</strong></span> <span class='ocrx_word' id='word_1_498' title='bbox 2746 3508 2896 3563; x_wconf 89' lang='lat' dir='ltr'><strong>Deus</strong></span> <span class='ocrx_word' id='word_1_499' title='bbox 2934 3509 3208 3563; x_wconf 88' lang='lat' dir='ltr'><strong>Dominus</strong></span> <span class='ocrx_word' id='word_1_500' title='bbox 3251 3514 3446 3565; x_wconf 89' lang='lat' dir='ltr'><strong>noster</strong></span> 
     </span>
    </p>
   </div>
   <div class='ocr_carea' id='block_1_36' title="bbox 116 3602 3440 3676">
    <p class='ocr_par' dir='ltr' id='par_1_36' title="bbox 116 3602 3440 3676">
     <span class='ocr_line' id='line_1_36' title="bbox 116 3602 3440 3676; baseline 0.001 -22"><span class='ocrx_word' id='word_1_501' title='bbox 116 3602 1529 3675; x_wconf 78' lang='lat' dir='ltr'><strong>tamenproPteropprobriumhominum,ruborem</strong></span> <span class='ocrx_word' id='word_1_502' title='bbox 1548 3620 1715 3659; x_wconf 88' lang='lat' dir='ltr'><strong>suum</strong></span> <span class='ocrx_word' id='word_1_503' title='bbox 1814 3605 1873 3660; x_wconf 93' lang='lat' dir='ltr'><strong>in</strong></span> <span class='ocrx_word' id='word_1_504' title='bbox 1903 3610 2203 3671; x_wconf 69' lang='lat' dir='ltr'><strong>aeternum,</strong></span> <span class='ocrx_word' id='word_1_505' title='bbox 2231 3608 2288 3659; x_wconf 91' lang='lat' dir='ltr'><strong>et</strong></span> <span class='ocrx_word' id='word_1_506' title='bbox 2313 3604 2431 3676; x_wconf 89' lang='lat' dir='ltr'><strong>ipse</strong></span> <span class='ocrx_word' id='word_1_507' title='bbox 2460 3609 2623 3674; x_wconf 91' lang='lat' dir='ltr'><strong>reget</strong></span> <span class='ocrx_word' id='word_1_508' title='bbox 2648 3619 2753 3658; x_wconf 91' lang='lat' dir='ltr'><strong>nos</strong></span> <span class='ocrx_word' id='word_1_509' title='bbox 2774 3602 2833 3657; x_wconf 92' lang='lat' dir='ltr'><strong>in</strong></span> <span class='ocrx_word' id='word_1_510' title='bbox 2866 3603 3063 3657; x_wconf 85' lang='lat' dir='ltr'><strong>saecula</strong></span> <span class='ocrx_word' id='word_1_511' title='bbox 3091 3604 3256 3672; x_wconf 85' lang='lat' dir='ltr'><strong>(Psal.</strong></span> <span class='ocrx_word' id='word_1_512' title='bbox 3281 3620 3440 3671; x_wconf 66' lang='lat' dir='ltr'><strong>xavu,</strong></span> 
     </span>
    </p>
   </div>
   <div class='ocr_carea' id='block_1_37' title="bbox 117 3695 3444 3767">
    <p class='ocr_par' dir='ltr' id='par_1_37' title="bbox 117 3695 3444 3767">
     <span class='ocr_line' id='line_1_37' title="bbox 117 3695 3444 3767; baseline 0.001 -19"><span class='ocrx_word' id='word_1_513' title='bbox 117 3699 257 3767; x_wconf 87' lang='lat' dir='ltr'><strong>atque</strong></span> <span class='ocrx_word' id='word_1_514' title='bbox 294 3698 625 3752; x_wconf 87' lang='lat' dir='ltr'><strong>canonicam</strong></span> <span class='ocrx_word' id='word_1_515' title='bbox 668 3696 968 3764; x_wconf 88' lang='lat' dir='ltr'><strong>ultionem,</strong></span> <span class='ocrx_word' id='word_1_516' title='bbox 1010 3698 1208 3751; x_wconf 87' lang='lat' dir='ltr'><strong>saltem</strong></span> <span class='ocrx_word' id='word_1_517' title='bbox 1250 3695 1371 3751; x_wconf 68' lang='lat' dir='ltr'><strong>haec</strong></span> <span class='ocrx_word' id='word_1_518' title='bbox 1410 3695 1620 3752; x_wconf 89' lang='lat' dir='ltr'><strong>timore</strong></span> <span class='ocrx_word' id='word_1_519' title='bbox 1661 3702 1717 3752; x_wconf 86' lang='lat' dir='ltr'><strong>et</strong></span> <span class='ocrx_word' id='word_1_520' title='bbox 1818 3701 2015 3765; x_wconf 72' lang='lat'><strong>13-15).</strong></span> <span class='ocrx_word' id='word_1_521' title='bbox 2039 3715 2066 3747; x_wconf 53' lang='lat' dir='ltr'><strong>is</strong></span> <span class='ocrx_word' id='word_1_522' title='bbox 2096 3697 2280 3753; x_wconf 83' lang='lat' dir='ltr'><strong>Ofﬁcii</strong></span> <span class='ocrx_word' id='word_1_523' title='bbox 2309 3698 2461 3753; x_wconf 89' lang='lat' dir='ltr'><strong>enim</strong></span> <span class='ocrx_word' id='word_1_524' title='bbox 2495 3697 2675 3751; x_wconf 90' lang='lat' dir='ltr'><strong>nostri</strong></span> <span class='ocrx_word' id='word_1_525' title='bbox 2714 3696 3163 3751; x_wconf 83' lang='lat' dir='ltr'><strong>consideratione</strong></span> <span class='ocrx_word' id='word_1_526' title='bbox 3203 3715 3314 3752; x_wconf 89' lang='lat' dir='ltr'><strong>non</strong></span> <span class='ocrx_word' id='word_1_527' title='bbox 3360 3702 3444 3752; x_wconf 89' lang='lat' dir='ltr'><strong>est</strong></span> 
     </span>
    </p>
   </div>
   <div class='ocr_carea' id='block_1_38' title="bbox 116 3789 3443 3863">
    <p class='ocr_par' dir='ltr' id='par_1_38' title="bbox 116 3789 3443 3863">
     <span class='ocr_line' id='line_1_38' title="bbox 116 3789 3443 3863; baseline 0.001 -23"><span class='ocrx_word' id='word_1_528' title='bbox 116 3791 419 3847; x_wconf 88' lang='lat' dir='ltr'><strong>verecundia</strong></span> <span class='ocrx_word' id='word_1_529' title='bbox 446 3807 782 3863; x_wconf 87' lang='lat' dir='ltr'><strong>compressa</strong></span> <span class='ocrx_word' id='word_1_530' title='bbox 818 3790 1045 3845; x_wconf 85' lang='lat' dir='ltr'><strong>silentio</strong></span> <span class='ocrx_word' id='word_1_531' title='bbox 1086 3789 1557 3861; x_wconf 88' lang='lat' dir='ltr'><strong>comprimantur,</strong></span> <span class='ocrx_word' id='word_1_532' title='bbox 1589 3807 1712 3846; x_wconf 88' lang='lat' dir='ltr'><strong>am-</strong></span> <span class='ocrx_word' id='word_1_533' title='bbox 1818 3792 1977 3847; x_wconf 86' lang='lat' dir='ltr'><strong>nobis</strong></span> <span class='ocrx_word' id='word_1_534' title='bbox 2025 3791 2398 3858; x_wconf 88' lang='lat' dir='ltr'><strong>dissimulare,</strong></span> <span class='ocrx_word' id='word_1_535' title='bbox 2440 3806 2555 3844; x_wconf 88' lang='lat' dir='ltr'><strong>non</strong></span> <span class='ocrx_word' id='word_1_536' title='bbox 2598 3793 2682 3844; x_wconf 92' lang='lat' dir='ltr'><strong>est</strong></span> <span class='ocrx_word' id='word_1_537' title='bbox 2732 3792 2917 3844; x_wconf 87' lang='lat' dir='ltr'><strong>tacere</strong></span> <span class='ocrx_word' id='word_1_538' title='bbox 2955 3789 3203 3859; x_wconf 87' lang='lat' dir='ltr'><strong>libertas,</strong></span> <span class='ocrx_word' id='word_1_539' title='bbox 3236 3791 3443 3862; x_wconf 85' lang='lat' dir='ltr'><strong>quibus</strong></span> 
     </span>
    </p>
   </div>
   <div class='ocr_carea' id='block_1_39' title="bbox 117 3882 3440 3956">
    <p class='ocr_par' dir='ltr' id='par_1_39' title="bbox 117 3882 3440 3956">
     <span class='ocr_line' id='line_1_39' title="bbox 117 3882 3440 3956; baseline 0.001 -20"><span class='ocrx_word' id='word_1_540' title='bbox 117 3888 296 3951; x_wconf 87' lang='lat' dir='ltr'><strong>putato,</strong></span> <span class='ocrx_word' id='word_1_541' title='bbox 342 3886 583 3951; x_wconf 85' lang='lat' dir='ltr'><strong>scilicet,</strong></span> <span class='ocrx_word' id='word_1_542' title='bbox 632 3885 802 3939; x_wconf 90' lang='lat' dir='ltr'><strong>totius</strong></span> <span class='ocrx_word' id='word_1_543' title='bbox 844 3884 1232 3956; x_wconf 86' lang='lat' dir='ltr'><strong>usurpationis</strong></span> <span class='ocrx_word' id='word_1_544' title='bbox 1280 3899 1537 3953; x_wconf 82' lang='lat' dir='ltr'><strong>excessu;</strong></span> <span class='ocrx_word' id='word_1_545' title='bbox 1581 3885 1716 3956; x_wconf 84' lang='lat' dir='ltr'><strong>quia</strong></span> <span class='ocrx_word' id='word_1_546' title='bbox 1816 3887 2002 3956; x_wconf 86' lang='lat' dir='ltr'><strong>major</strong></span> <span class='ocrx_word' id='word_1_547' title='bbox 2022 3885 2240 3941; x_wconf 89' lang='lat' dir='ltr'><strong>cunctis</strong></span> <span class='ocrx_word' id='word_1_548' title='bbox 2259 3883 2588 3939; x_wconf 66' lang='lat' dir='ltr'><strong>Christiana:</strong></span> <span class='ocrx_word' id='word_1_549' title='bbox 2614 3882 2908 3955; x_wconf 86' lang='lat' dir='ltr'><strong>religionis</strong></span> <span class='ocrx_word' id='word_1_550' title='bbox 2928 3882 3079 3937; x_wconf 87' lang='lat' dir='ltr'><strong>zelus</strong></span> <span class='ocrx_word' id='word_1_551' title='bbox 3105 3884 3440 3939; x_wconf 87' lang='lat' dir='ltr'><strong>succumbit.</strong></span> 
     </span>
    </p>
   </div>
   <div class='ocr_carea' id='block_1_40' title="bbox 114 3976 3444 4052">
    <p class='ocr_par' dir='ltr' id='par_1_40' title="bbox 114 3976 3444 4052">
     <span class='ocr_line' id='line_1_40' title="bbox 114 3976 3444 4052; baseline 0.001 -23"><span class='ocrx_word' id='word_1_552' title='bbox 114 3977 268 4031; x_wconf 87' lang='lat' dir='ltr'><strong>nullus</strong></span> <span class='ocrx_word' id='word_1_553' title='bbox 295 3979 459 4035; x_wconf 87' lang='lat' dir='ltr'><strong>debet</strong></span> <span class='ocrx_word' id='word_1_554' title='bbox 488 3994 865 4051; x_wconf 65' lang='lat' dir='ltr'><strong>praesumere,</strong></span> <span class='ocrx_word' id='word_1_555' title='bbox 898 3994 1023 4050; x_wconf 66' lang='lat' dir='ltr'><strong>qua:</strong></span> <span class='ocrx_word' id='word_1_556' title='bbox 1046 3979 1149 4033; x_wconf 89' lang='lat' dir='ltr'><strong>sibi</strong></span> <span class='ocrx_word' id='word_1_557' title='bbox 1169 3995 1284 4033; x_wconf 88' lang='lat' dir='ltr'><strong>non</strong></span> <span class='ocrx_word' id='word_1_558' title='bbox 1309 3978 1574 4034; x_wconf 83' lang='lat' dir='ltr'><strong>videntur</strong></span> <span class='ocrx_word' id='word_1_559' title='bbox 1593 3995 1715 4033; x_wconf 87' lang='lat' dir='ltr'><strong>esse</strong></span> <span class='ocrx_word' id='word_1_560' title='bbox 1818 3996 1887 4034; x_wconf 89' lang='lat' dir='ltr'><strong>ne</strong></span> <span class='ocrx_word' id='word_1_561' title='bbox 1915 3996 2023 4052; x_wconf 90' lang='lat' dir='ltr'><strong>per</strong></span> <span class='ocrx_word' id='word_1_562' title='bbox 2050 3977 2514 4047; x_wconf 83' lang='lat' dir='ltr'><strong>taciturnitatem,</strong></span> <span class='ocrx_word' id='word_1_563' title='bbox 2542 3982 2641 4031; x_wconf 86' lang='lat' dir='ltr'><strong>aut</strong></span> <span class='ocrx_word' id='word_1_564' title='bbox 2668 3976 2875 4043; x_wconf 81' lang='lat' dir='ltr'><strong>favere,</strong></span> <span class='ocrx_word' id='word_1_565' title='bbox 2899 3981 2996 4031; x_wconf 91' lang='lat' dir='ltr'><strong>aut</strong></span> <span class='ocrx_word' id='word_1_566' title='bbox 3025 3978 3347 4032; x_wconf 89' lang='lat' dir='ltr'><strong>consentire</strong></span> <span class='ocrx_word' id='word_1_567' title='bbox 3370 3978 3444 4032; x_wconf 82' lang='lat' dir='ltr'><strong>vi-</strong></span> 
     </span>
    </p>
   </div>
   <div class='ocr_carea' id='block_1_41' title="bbox 116 4068 3439 4146">
    <p class='ocr_par' dir='ltr' id='par_1_41' title="bbox 116 4068 3439 4146">
     <span class='ocr_line' id='line_1_41' title="bbox 116 4068 3439 4146; baseline 0.001 -24"><span class='ocrx_word' id='word_1_568' title='bbox 116 4084 372 4143; x_wconf 86' lang='lat' dir='ltr'><strong>concessa;</strong></span> <span class='ocrx_word' id='word_1_569' title='bbox 402 4090 586 4146; x_wconf 86' lang='lat' dir='ltr'><strong>quam</strong></span> <span class='ocrx_word' id='word_1_570' title='bbox 620 4070 846 4143; x_wconf 89' lang='lat' dir='ltr'><strong>culpam</strong></span> <span class='ocrx_word' id='word_1_571' title='bbox 882 4072 1037 4126; x_wconf 88' lang='lat' dir='ltr'><strong>nullo</strong></span> <span class='ocrx_word' id='word_1_572' title='bbox 1069 4071 1242 4127; x_wconf 91' lang='lat' dir='ltr'><strong>modo</strong></span> <span class='ocrx_word' id='word_1_573' title='bbox 1273 4072 1596 4143; x_wconf 88' lang='lat' dir='ltr'><strong>potuissetis</strong></span> <span class='ocrx_word' id='word_1_574' title='bbox 1626 4073 1713 4128; x_wconf 86' lang='lat' dir='ltr'><strong>in-</strong></span> <span class='ocrx_word' id='word_1_575' title='bbox 1816 4073 2052 4129; x_wconf 83' lang='lat' dir='ltr'><strong>deamur</strong></span> <span class='ocrx_word' id='word_1_576' title='bbox 2081 4072 2322 4127; x_wconf 85' lang='lat' dir='ltr'><strong>fratrum</strong></span> <span class='ocrx_word' id='word_1_577' title='bbox 2352 4075 2715 4125; x_wconf 84' lang='lat' dir='ltr'><strong>nocumeuta.</strong></span> <span class='ocrx_word' id='word_1_578' title='bbox 2737 4072 2875 4125; x_wconf 82' lang='lat' dir='ltr'><strong>Data</strong></span> <span class='ocrx_word' id='word_1_579' title='bbox 2905 4068 3140 4126; x_wconf 85' lang='lat' dir='ltr'><strong>Kalend.</strong></span> <span class='ocrx_word' id='word_1_580' title='bbox 3167 4070 3439 4137; x_wconf 81' lang='lat' dir='ltr'><strong>Octobris,</strong></span> 
     </span>
    </p>
   </div>
   <div class='ocr_carea' id='block_1_42' title="bbox 115 4162 3438 4237">
    <p class='ocr_par' dir='ltr' id='par_1_42' title="bbox 115 4162 3438 4237">
     <span class='ocr_line' id='line_1_42' title="bbox 115 4162 3438 4237; baseline 0.001 -21"><span class='ocrx_word' id='word_1_581' title='bbox 115 4163 291 4235; x_wconf 86' lang='lat' dir='ltr'><strong>cidere,</strong></span> <span class='ocrx_word' id='word_1_582' title='bbox 331 4168 375 4221; x_wconf 92' lang='lat' dir='ltr'><strong>si</strong></span> <span class='ocrx_word' id='word_1_583' title='bbox 425 4166 586 4222; x_wconf 89' lang='lat' dir='ltr'><strong>unde</strong></span> <span class='ocrx_word' id='word_1_584' title='bbox 639 4166 1123 4221; x_wconf 87' lang='lat' dir='ltr'><strong>consecrationem</strong></span> <span class='ocrx_word' id='word_1_585' title='bbox 1166 4165 1400 4221; x_wconf 85' lang='lat' dir='ltr'><strong>honoris</strong></span> <span class='ocrx_word' id='word_1_586' title='bbox 1441 4166 1711 4237; x_wconf 88' lang='lat' dir='ltr'><strong>accipitis,</strong></span> <span class='ocrx_word' id='word_1_587' title='bbox 1815 4166 2099 4222; x_wconf 76' lang='lat' dir='ltr'><strong>Feliciano</strong></span> <span class='ocrx_word' id='word_1_588' title='bbox 2128 4170 2185 4221; x_wconf 87' lang='lat' dir='ltr'><strong>et</strong></span> <span class='ocrx_word' id='word_1_589' title='bbox 2210 4164 2555 4220; x_wconf 76' lang='lat' dir='ltr'><strong>Maximiano</strong></span> <span class='ocrx_word' id='word_1_590' title='bbox 2583 4164 2715 4219; x_wconf 87' lang='lat' dir='ltr'><strong>viris</strong></span> <span class='ocrx_word' id='word_1_591' title='bbox 2745 4162 3068 4219; x_wconf 86' lang='lat' dir='ltr'><strong>clarissimis</strong></span> <span class='ocrx_word' id='word_1_592' title='bbox 3094 4162 3438 4219; x_wconf 85' lang='lat' dir='ltr'><strong>consulibus.</strong></span> 
     </span>
    </p>
   </div>
   <div class='ocr_carea' id='block_1_43' title="bbox 113 4255 3440 4364">
    <p class='ocr_par' dir='ltr' id='par_1_43' title="bbox 113 4255 3440 4364">
     <span class='ocr_line' id='line_1_43' title="bbox 113 4255 3440 4364; baseline -0.001 -17"><span class='ocrx_word' id='word_1_593' title='bbox 113 4255 451 4364; x_wconf 25' lang='lat' dir='ltr'><strong>inde-1:39:11,</strong></span> <span class='ocrx_word' id='word_1_594' title='bbox 490 4261 668 4364; x_wconf 49' lang='grc' dir='ltr'><strong>ξοίίοῗ</strong></span> <span class='ocrx_word' id='word_1_595' title='bbox 708 4259 1083 4364; x_wconf 43' lang='lat' dir='ltr'><strong>Observant‘ife</strong></span> <span class='ocrx_word' id='word_1_596' title='bbox 1120 4259 1535 4364; x_wconf 28' lang='lat' dir='ltr'><strong>summ???“</strong></span> <span class='ocrx_word' id='word_1_597' title='bbox 1565 4259 1716 4364; x_wconf 37' lang='lat' dir='ltr'><strong>be?“</strong></span> <span class='ocrx_word' id='word_1_598' title='bbox 1815 4294 2063 4364; x_wconf 78' lang='lat' dir='ltr'><strong>Epistola</strong></span> <span class='ocrx_word' id='word_1_599' title='bbox 2106 4292 2464 4348; x_wconf 66' lang='lat' dir='ltr'><strong>Orientalium</strong></span> <span class='ocrx_word' id='word_1_600' title='bbox 2502 4291 2578 4345; x_wconf 85' lang='lat' dir='ltr'><strong>ad</strong></span> <span class='ocrx_word' id='word_1_601' title='bbox 2612 4291 2821 4346; x_wconf 80' lang='lat' dir='ltr'><strong>Julium</strong></span> <span class='ocrx_word' id='word_1_602' title='bbox 2840 4293 3440 4364; x_wconf 22' lang='lat' dir='ltr'><strong>papam‘causantium,</strong></span> 
     </span>
    </p>
   </div>
   <div class='ocr_carea' id='block_1_44' title="bbox 113 4352 3446 4433">
    <p class='ocr_par' dir='ltr' id='par_1_44' title="bbox 113 4352 3446 4433">
     <span class='ocr_line' id='line_1_44' title="bbox 113 4352 3446 4433; baseline 0.003 -28"><span class='ocrx_word' id='word_1_603' title='bbox 113 4354 314 4420; x_wconf 84' lang='lat' dir='ltr'><strong>apostoli</strong></span> <span class='ocrx_word' id='word_1_604' title='bbox 358 4353 513 4410; x_wconf 84' lang='lat' dir='ltr'><strong>Petri</strong></span> <span class='ocrx_word' id='word_1_605' title='bbox 561 4354 720 4409; x_wconf 89' lang='lat' dir='ltr'><strong>sedes</strong></span> <span class='ocrx_word' id='word_1_606' title='bbox 752 4370 880 4425; x_wconf 74' lang='lat' dir='ltr'><strong>quae</strong></span> <span class='ocrx_word' id='word_1_607' title='bbox 929 4354 1084 4408; x_wconf 90' lang='lat' dir='ltr'><strong>vobis</strong></span> <span class='ocrx_word' id='word_1_608' title='bbox 1126 4352 1493 4408; x_wconf 87' lang='lat' dir='ltr'><strong>sacerdotalis</strong></span> <span class='ocrx_word' id='word_1_609' title='bbox 1532 4357 1718 4408; x_wconf 89' lang='lat' dir='ltr'><strong>mater</strong></span> <span class='ocrx_word' id='word_1_610' title='bbox 1856 4352 2033 4433; x_wconf 61' lang='lat' dir='ltr'><strong>&#39;quorl</strong></span> <span class='ocrx_word' id='word_1_611' title='bbox 2079 4366 2137 4417; x_wconf 73' lang='lat' dir='ltr'><strong>in</strong></span> <span class='ocrx_word' id='word_1_612' title='bbox 2189 4365 2607 4417; x_wconf 80' lang='lat' dir='ltr'><strong>communionem</strong></span> <span class='ocrx_word' id='word_1_613' title='bbox 2666 4352 2937 4432; x_wconf 53' lang='lat' dir='ltr'><strong>receperit</strong></span> <span class='ocrx_word' id='word_1_614' title='bbox 2980 4361 3345 4420; x_wconf 76' lang='lat' dir='ltr'><strong>Athanasium</strong></span> <span class='ocrx_word' id='word_1_615' title='bbox 3395 4367 3446 4419; x_wconf 82' lang='lat' dir='ltr'><strong>et</strong></span> 
     </span>
    </p>
   </div>
   <div class='ocr_carea' id='block_1_45' title="bbox 116 4433 1674 4519">
    <p class='ocr_par' dir='ltr' id='par_1_45' title="bbox 116 4445 1674 4519">
     <span class='ocr_line' id='line_1_45' title="bbox 116 4445 1674 4519; baseline 0.003 -24"><span class='ocrx_word' id='word_1_616' title='bbox 116 4450 182 4498; x_wconf 86' lang='lat' dir='ltr'><strong>est</strong></span> <span class='ocrx_word' id='word_1_617' title='bbox 202 4445 503 4519; x_wconf 83' lang='lat' dir='ltr'><strong>dignitatis,</strong></span> <span class='ocrx_word' id='word_1_618' title='bbox 543 4451 693 4502; x_wconf 86' lang='lat' dir='ltr'><strong>esset</strong></span> <span class='ocrx_word' id='word_1_619' title='bbox 727 4447 1118 4502; x_wconf 74' lang='lat' dir='ltr'><strong>ecclesiasticze</strong></span> <span class='ocrx_word' id='word_1_620' title='bbox 1150 4446 1425 4519; x_wconf 85' lang='lat' dir='ltr'><strong>magistra</strong></span> <span class='ocrx_word' id='word_1_621' title='bbox 1461 4446 1674 4501; x_wconf 73' lang='lat' dir='ltr'><strong>rationi:</strong></span> 
     </span>
    </p>
   </div>
   <div class='ocr_carea' id='block_1_46' title="bbox 1276 4433 2834 4519">
    <p class='ocr_par' dir='ltr' id='par_1_46' title="bbox 1276 4433 2834 4519">
     <span class='ocr_line' id='line_1_46' title="bbox 1276 4433 2834 4519; baseline -0.006 -23"><span class='ocrx_word' id='word_1_622' title='bbox 1276 4446 1425 4515; x_wconf 55' lang='lat' dir='ltr'><strong>nstra</strong></span> <span class='ocrx_word' id='word_1_623' title='bbox 1461 4446 1712 4502; x_wconf 71' lang='lat' dir='ltr'><strong>rationis,</strong></span> <span class='ocrx_word' id='word_1_624' title='bbox 1886 4440 2100 4519; x_wconf 54' lang='lat' dir='ltr'><strong>exteros</strong></span> <span class='ocrx_word' id='word_1_625' title='bbox 2132 4449 2261 4504; x_wconf 84' lang='lat' dir='ltr'><strong>quos</strong></span> <span class='ocrx_word' id='word_1_626' title='bbox 2286 4436 2398 4504; x_wconf 77' lang='lat' dir='ltr'><strong>ipsi</strong></span> <span class='ocrx_word' id='word_1_627' title='bbox 2421 4433 2834 4488; x_wconf 80' lang='lat' dir='ltr'><strong>damnaverant.</strong></span> 
     </span>
    </p>
   </div>
   <div class='ocr_carea' id='block_1_47' title="bbox 112 4537 3441 4613">
    <p class='ocr_par' dir='ltr' id='par_1_47' title="bbox 112 4537 3441 4613">
     <span class='ocr_line' id='line_1_47' title="bbox 112 4537 3441 4613; baseline 0.002 -24"><span class='ocrx_word' id='word_1_628' title='bbox 112 4537 241 4593; x_wconf 81' lang='lat' dir='ltr'><strong>Unde</strong></span> <span class='ocrx_word' id='word_1_629' title='bbox 267 4541 412 4597; x_wconf 91' lang='lat' dir='ltr'><strong>sicut</strong></span> <span class='ocrx_word' id='word_1_630' title='bbox 438 4541 697 4597; x_wconf 88' lang='lat' dir='ltr'><strong>multum</strong></span> <span class='ocrx_word' id='word_1_631' title='bbox 729 4557 835 4596; x_wconf 90' lang='lat' dir='ltr'><strong>nos</strong></span> <span class='ocrx_word' id='word_1_632' title='bbox 874 4558 943 4595; x_wconf 89' lang='lat' dir='ltr'><strong>ea</strong></span> <span class='ocrx_word' id='word_1_633' title='bbox 979 4556 1106 4612; x_wconf 79' lang='lat' dir='ltr'><strong>quae</strong></span> <span class='ocrx_word' id='word_1_634' title='bbox 1131 4539 1299 4595; x_wconf 89' lang='lat' dir='ltr'><strong>nobis</strong></span> <span class='ocrx_word' id='word_1_635' title='bbox 1326 4540 1415 4612; x_wconf 88' lang='lat' dir='ltr'><strong>pie</strong></span> <span class='ocrx_word' id='word_1_636' title='bbox 1450 4544 1714 4612; x_wconf 89' lang='lat' dir='ltr'><strong>recteque</strong></span> <span class='ocrx_word' id='word_1_637' title='bbox 1735 4537 1794 4613; x_wconf 84' lang='lat' dir='ltr'><strong>D</strong></span> <span class='ocrx_word' id='word_1_638' title='bbox 1889 4543 2130 4597; x_wconf 91' lang='lat' dir='ltr'><strong>Domino</strong></span> <span class='ocrx_word' id='word_1_639' title='bbox 2162 4542 2487 4597; x_wconf 86' lang='lat' dir='ltr'><strong>beatissimo</strong></span> <span class='ocrx_word' id='word_1_640' title='bbox 2515 4546 2572 4597; x_wconf 90' lang='lat' dir='ltr'><strong>et</strong></span> <span class='ocrx_word' id='word_1_641' title='bbox 2601 4539 2919 4596; x_wconf 83' lang='lat' dir='ltr'><strong>honorabili</strong></span> <span class='ocrx_word' id='word_1_642' title='bbox 2946 4540 3093 4594; x_wconf 86' lang='lat' dir='ltr'><strong>Patri</strong></span> <span class='ocrx_word' id='word_1_643' title='bbox 3124 4541 3282 4595; x_wconf 64' lang='lat' dir='ltr'><strong>fumo</strong></span> <span class='ocrx_word' id='word_1_644' title='bbox 3307 4556 3441 4612; x_wconf 88' lang='lat' dir='ltr'><strong>apo-</strong></span> 
     </span>
    </p>
   </div>
   <div class='ocr_carea' id='block_1_48' title="bbox 112 4633 3440 4705">
    <p class='ocr_par' dir='ltr' id='par_1_48' title="bbox 112 4633 3440 4705">
     <span class='ocr_line' id='line_1_48' title="bbox 112 4633 3440 4705; baseline 0 -19"><span class='ocrx_word' id='word_1_645' title='bbox 112 4637 219 4687; x_wconf 85' lang='lat' dir='ltr'><strong>sunt</strong></span> <span class='ocrx_word' id='word_1_646' title='bbox 238 4638 355 4691; x_wconf 88' lang='lat' dir='ltr'><strong>acta</strong></span> <span class='ocrx_word' id='word_1_647' title='bbox 381 4634 702 4702; x_wconf 82' lang='lat' dir='ltr'><strong>la-tificant,</strong></span> <span class='ocrx_word' id='word_1_648' title='bbox 731 4633 809 4689; x_wconf 86' lang='lat' dir='ltr'><strong>ita</strong></span> <span class='ocrx_word' id='word_1_649' title='bbox 837 4634 1078 4689; x_wconf 91' lang='lat' dir='ltr'><strong>nimium</strong></span> <span class='ocrx_word' id='word_1_650' title='bbox 1112 4650 1179 4688; x_wconf 89' lang='lat' dir='ltr'><strong>ea</strong></span> <span class='ocrx_word' id='word_1_651' title='bbox 1203 4650 1330 4705; x_wconf 62' lang='lat' dir='ltr'><strong>quae</strong></span> <span class='ocrx_word' id='word_1_652' title='bbox 1361 4638 1492 4689; x_wconf 90' lang='lat' dir='ltr'><strong>sunt</strong></span> <span class='ocrx_word' id='word_1_653' title='bbox 1519 4650 1718 4705; x_wconf 88' lang='lat' dir='ltr'><strong>perpe-</strong></span> <span class='ocrx_word' id='word_1_654' title='bbox 1817 4636 2025 4692; x_wconf 71' lang='lat' dir='ltr'><strong>stolica:</strong></span> <span class='ocrx_word' id='word_1_655' title='bbox 2076 4635 2225 4691; x_wconf 88' lang='lat' dir='ltr'><strong>sedis</strong></span> <span class='ocrx_word' id='word_1_656' title='bbox 2269 4634 2580 4690; x_wconf 87' lang='lat' dir='ltr'><strong>venerabili</strong></span> <span class='ocrx_word' id='word_1_657' title='bbox 2623 4635 2909 4705; x_wconf 84' lang='lat' dir='ltr'><strong>episcOpo,</strong></span> <span class='ocrx_word' id='word_1_658' title='bbox 2952 4634 3232 4702; x_wconf 69' lang='lat' dir='ltr'><strong>Eusemus,</strong></span> <span class='ocrx_word' id='word_1_659' title='bbox 3266 4633 3440 4688; x_wconf 79' lang='lat' dir='ltr'><strong>Tnuo-</strong></span> 
     </span>
    </p>
   </div>
   <div class='ocr_carea' id='block_1_49' title="bbox 109 4725 3440 4800">
    <p class='ocr_par' dir='ltr' id='par_1_49' title="bbox 109 4725 3440 4800">
     <span class='ocr_line' id='line_1_49' title="bbox 109 4725 3440 4800; baseline 0.001 -20"><span class='ocrx_word' id='word_1_660' title='bbox 109 4739 210 4780; x_wconf 82' lang='lat' dir='ltr'><strong>ram</strong></span> <span class='ocrx_word' id='word_1_661' title='bbox 256 4733 408 4799; x_wconf 85' lang='lat' dir='ltr'><strong>gesta</strong></span> <span class='ocrx_word' id='word_1_662' title='bbox 452 4728 822 4794; x_wconf 87' lang='lat' dir='ltr'><strong>contristant,</strong></span> <span class='ocrx_word' id='word_1_663' title='bbox 863 4728 1133 4800; x_wconf 89' lang='lat' dir='ltr'><strong>quoniam</strong></span> <span class='ocrx_word' id='word_1_664' title='bbox 1179 4744 1406 4783; x_wconf 84' lang='lat' dir='ltr'><strong>necesse</strong></span> <span class='ocrx_word' id='word_1_665' title='bbox 1454 4731 1542 4783; x_wconf 92' lang='lat' dir='ltr'><strong>est</strong></span> <span class='ocrx_word' id='word_1_666' title='bbox 1588 4733 1719 4800; x_wconf 86' lang='lat' dir='ltr'><strong>post</strong></span> <span class='ocrx_word' id='word_1_667' title='bbox 1815 4730 2340 4797; x_wconf 72' lang='lat' dir='ltr'><strong>cmus,Tueononcs</strong></span> <span class='ocrx_word' id='word_1_668' title='bbox 2368 4733 2423 4783; x_wconf 89' lang='lat' dir='ltr'><strong>et</strong></span> <span class='ocrx_word' id='word_1_669' title='bbox 2447 4728 2901 4794; x_wconf 59' lang='lat' dir='ltr'><strong>Bsmxracsmna</strong></span> <span class='ocrx_word' id='word_1_670' title='bbox 2919 4743 3048 4781; x_wconf 90' lang='lat' dir='ltr'><strong>cum</strong></span> <span class='ocrx_word' id='word_1_671' title='bbox 3066 4725 3299 4798; x_wconf 87' lang='lat' dir='ltr'><strong>reliquis</strong></span> <span class='ocrx_word' id='word_1_672' title='bbox 3323 4727 3440 4783; x_wconf 85' lang='lat' dir='ltr'><strong>fra-</strong></span> 
     </span>
    </p>
   </div>
   <div class='ocr_carea' id='block_1_50' title="bbox 111 4819 3443 4894">
    <p class='ocr_par' dir='ltr' id='par_1_50' title="bbox 111 4819 3443 4894">
     <span class='ocr_line' id='line_1_50' title="bbox 111 4819 3443 4894; baseline 0.002 -26"><span class='ocrx_word' id='word_1_673' title='bbox 111 4819 388 4877; x_wconf 87' lang='lat' dir='ltr'><strong>multarum</strong></span> <span class='ocrx_word' id='word_1_674' title='bbox 437 4822 646 4877; x_wconf 88' lang='lat' dir='ltr'><strong>talium</strong></span> <span class='ocrx_word' id='word_1_675' title='bbox 692 4820 1082 4894; x_wconf 82' lang='lat' dir='ltr'><strong>experimenta</strong></span> <span class='ocrx_word' id='word_1_676' title='bbox 1131 4836 1431 4876; x_wconf 87' lang='lat' dir='ltr'><strong>causarum</strong></span> <span class='ocrx_word' id='word_1_677' title='bbox 1484 4821 1608 4877; x_wconf 61' lang='grc' dir='ltr'><strong>Ιιωο</strong></span> <span class='ocrx_word' id='word_1_678' title='bbox 1655 4821 1715 4876; x_wconf 82' lang='lat' dir='ltr'><strong>in</strong></span> <span class='ocrx_word' id='word_1_679' title='bbox 1814 4820 2722 4893; x_wconf 87' lang='lat' dir='ltr'><strong>tribus,etcocpiscopisnostrisin</strong></span> <span class='ocrx_word' id='word_1_680' title='bbox 2740 4820 3038 4874; x_wconf 78' lang='lat' dir='ltr'><strong>Antiochia</strong></span> <span class='ocrx_word' id='word_1_681' title='bbox 3059 4821 3443 4892; x_wconf 81' lang='lat' dir='ltr'><strong>congregatis.</strong></span> 
     </span>
    </p>
   </div>
   <div class='ocr_carea' id='block_1_51' title="bbox 112 4913 3443 4988">
    <p class='ocr_par' dir='ltr' id='par_1_51' title="bbox 112 4913 3443 4988">
     <span class='ocr_line' id='line_1_51' title="bbox 112 4913 3443 4988; baseline 0.001 -21"><span class='ocrx_word' id='word_1_682' title='bbox 112 4917 369 4979; x_wconf 84' lang='lat' dir='ltr'><strong>posterum</strong></span> <span class='ocrx_word' id='word_1_683' title='bbox 412 4916 693 4972; x_wconf 89' lang='lat' dir='ltr'><strong>sollicitus</strong></span> <span class='ocrx_word' id='word_1_684' title='bbox 729 4914 995 4987; x_wconf 89' lang='lat' dir='ltr'><strong>prospici,</strong></span> <span class='ocrx_word' id='word_1_685' title='bbox 1035 4916 1094 4970; x_wconf 92' lang='lat' dir='ltr'><strong>et</strong></span> <span class='ocrx_word' id='word_1_686' title='bbox 1130 4915 1460 4988; x_wconf 85' lang='lat' dir='ltr'><strong>diligentius</strong></span> <span class='ocrx_word' id='word_1_687' title='bbox 1498 4931 1713 4986; x_wconf 71' lang='lat' dir='ltr'><strong>praeca-</strong></span> <span class='ocrx_word' id='word_1_688' title='bbox 1887 4917 2038 4971; x_wconf 84' lang='lat' dir='ltr'><strong>Licet</strong></span> <span class='ocrx_word' id='word_1_689' title='bbox 2093 4916 2237 4970; x_wconf 91' lang='lat' dir='ltr'><strong>circa</strong></span> <span class='ocrx_word' id='word_1_690' title='bbox 2301 4930 2499 4969; x_wconf 82' lang='lat' dir='ltr'><strong>omnes</strong></span> <span class='ocrx_word' id='word_1_691' title='bbox 2562 4914 2879 4969; x_wconf 80' lang='lat' dir='ltr'><strong>Romanam</strong></span> <span class='ocrx_word' id='word_1_692' title='bbox 2937 4913 3241 4968; x_wconf 86' lang='lat' dir='ltr'><strong>Ecclesiam</strong></span> <span class='ocrx_word' id='word_1_693' title='bbox 3301 4914 3443 4970; x_wconf 84' lang='lat' dir='ltr'><strong>scia—</strong></span> 
     </span>
    </p>
   </div>
   <div class='ocr_carea' id='block_1_52' title="bbox 110 5006 3449 5080">
    <p class='ocr_par' dir='ltr' id='par_1_52' title="bbox 110 5006 3449 5080">
     <span class='ocr_line' id='line_1_52' title="bbox 110 5006 3449 5080; baseline 0.002 -24"><span class='ocrx_word' id='word_1_694' title='bbox 110 5006 225 5074; x_wconf 87' lang='lat' dir='ltr'><strong>veri,</strong></span> <span class='ocrx_word' id='word_1_695' title='bbox 252 5014 535 5080; x_wconf 86' lang='lat' dir='ltr'><strong>quatenus</strong></span> <span class='ocrx_word' id='word_1_696' title='bbox 567 5026 636 5064; x_wconf 91' lang='lat' dir='ltr'><strong>ea</strong></span> <span class='ocrx_word' id='word_1_697' title='bbox 677 5025 807 5080; x_wconf 84' lang='lat' dir='ltr'><strong>quae</strong></span> <span class='ocrx_word' id='word_1_698' title='bbox 838 5012 972 5063; x_wconf 90' lang='lat' dir='ltr'><strong>sunt</strong></span> <span class='ocrx_word' id='word_1_699' title='bbox 1001 5008 1072 5063; x_wconf 91' lang='lat' dir='ltr'><strong>ab</strong></span> <span class='ocrx_word' id='word_1_700' title='bbox 1100 5008 1367 5080; x_wconf 86' lang='lat' dir='ltr'><strong>apostolis</strong></span> <span class='ocrx_word' id='word_1_701' title='bbox 1398 5024 1716 5079; x_wconf 87' lang='lat' dir='ltr'><strong>eorumque</strong></span> <span class='ocrx_word' id='word_1_702' title='bbox 1820 5027 1948 5064; x_wconf 90' lang='lat' dir='ltr'><strong>mus</strong></span> <span class='ocrx_word' id='word_1_703' title='bbox 2004 5025 2124 5063; x_wconf 93' lang='lat' dir='ltr'><strong>esse</strong></span> <span class='ocrx_word' id='word_1_704' title='bbox 2182 5007 2509 5062; x_wconf 79' lang='lat' dir='ltr'><strong>munificam</strong></span> <span class='ocrx_word' id='word_1_705' title='bbox 2562 5011 2619 5061; x_wconf 85' lang='lat' dir='ltr'><strong>et</strong></span> <span class='ocrx_word' id='word_1_706' title='bbox 2674 5007 3036 5077; x_wconf 81' lang='lat' dir='ltr'><strong>apostolicam</strong></span> <span class='ocrx_word' id='word_1_707' title='bbox 3089 5006 3299 5063; x_wconf 88' lang='lat' dir='ltr'><strong>habere</strong></span> <span class='ocrx_word' id='word_1_708' title='bbox 3355 5024 3449 5062; x_wconf 83' lang='lat' dir='ltr'><strong>cu-</strong></span> 
     </span>
    </p>
   </div>
   <div class='ocr_carea' id='block_1_53' title="bbox 110 5100 3444 5174">
    <p class='ocr_par' dir='ltr' id='par_1_53' title="bbox 110 5100 3444 5174">
     <span class='ocr_line' id='line_1_53' title="bbox 110 5100 3444 5174; baseline 0.001 -22"><span class='ocrx_word' id='word_1_709' title='bbox 110 5105 503 5159; x_wconf 87' lang='lat' dir='ltr'><strong>successoribus</strong></span> <span class='ocrx_word' id='word_1_710' title='bbox 563 5106 794 5169; x_wconf 84' lang='lat' dir='ltr'><strong>statuta,</strong></span> <span class='ocrx_word' id='word_1_711' title='bbox 850 5103 1011 5157; x_wconf 87' lang='lat' dir='ltr'><strong>nulla</strong></span> <span class='ocrx_word' id='word_1_712' title='bbox 1063 5102 1276 5157; x_wconf 85' lang='lat' dir='ltr'><strong>desidia</strong></span> <span class='ocrx_word' id='word_1_713' title='bbox 1326 5102 1714 5174; x_wconf 86' lang='lat' dir='ltr'><strong>negligantur,</strong></span> <span class='ocrx_word' id='word_1_714' title='bbox 1819 5120 1962 5171; x_wconf 90' lang='lat' dir='ltr'><strong>ram,</strong></span> <span class='ocrx_word' id='word_1_715' title='bbox 2002 5107 2059 5157; x_wconf 88' lang='lat' dir='ltr'><strong>et</strong></span> <span class='ocrx_word' id='word_1_716' title='bbox 2106 5118 2330 5173; x_wconf 87' lang='lat' dir='ltr'><strong>semper</strong></span> <span class='ocrx_word' id='word_1_717' title='bbox 2375 5106 2616 5156; x_wconf 83' lang='lat' dir='ltr'><strong>matrem</strong></span> <span class='ocrx_word' id='word_1_718' title='bbox 2667 5100 2906 5155; x_wconf 76' lang='lat' dir='ltr'><strong>existere</strong></span> <span class='ocrx_word' id='word_1_719' title='bbox 2954 5100 3196 5171; x_wconf 83' lang='lat' dir='ltr'><strong>pietatis,</strong></span> <span class='ocrx_word' id='word_1_720' title='bbox 3244 5118 3444 5174; x_wconf 86' lang='lat' dir='ltr'><strong>quam-</strong></span> 
     </span>
    </p>
   </div>
   <div class='ocr_carea' id='block_1_54' title="bbox 111 5192 3447 5269">
    <p class='ocr_par' dir='ltr' id='par_1_54' title="bbox 111 5192 3447 5269">
     <span class='ocr_line' id='line_1_54' title="bbox 111 5192 3447 5269; baseline 0.001 -24"><span class='ocrx_word' id='word_1_721' title='bbox 111 5192 242 5250; x_wconf 88' lang='lat' dir='ltr'><strong>nulla</strong></span> <span class='ocrx_word' id='word_1_722' title='bbox 265 5197 625 5253; x_wconf 87' lang='lat' dir='ltr'><strong>dissensione</strong></span> <span class='ocrx_word' id='word_1_723' title='bbox 657 5198 961 5265; x_wconf 85' lang='lat' dir='ltr'><strong>violentur,</strong></span> <span class='ocrx_word' id='word_1_724' title='bbox 983 5196 1144 5251; x_wconf 89' lang='lat' dir='ltr'><strong>nulla</strong></span> <span class='ocrx_word' id='word_1_725' title='bbox 1164 5196 1584 5252; x_wconf 88' lang='lat' dir='ltr'><strong>concertatione</strong></span> <span class='ocrx_word' id='word_1_726' title='bbox 1603 5201 1719 5251; x_wconf 88' lang='lat' dir='ltr'><strong>tur-</strong></span> <span class='ocrx_word' id='word_1_727' title='bbox 1820 5214 1989 5269; x_wconf 88' lang='lat' dir='ltr'><strong>quam</strong></span> <span class='ocrx_word' id='word_1_728' title='bbox 2046 5197 2116 5251; x_wconf 86' lang='lat' dir='ltr'><strong>ab</strong></span> <span class='ocrx_word' id='word_1_729' title='bbox 2168 5196 2396 5252; x_wconf 89' lang='lat' dir='ltr'><strong>Oriente</strong></span> <span class='ocrx_word' id='word_1_730' title='bbox 2458 5194 2529 5249; x_wconf 89' lang='lat' dir='ltr'><strong>ad</strong></span> <span class='ocrx_word' id='word_1_731' title='bbox 2590 5211 2718 5250; x_wconf 90' lang='lat' dir='ltr'><strong>eam</strong></span> <span class='ocrx_word' id='word_1_732' title='bbox 2773 5194 3171 5266; x_wconf 63' lang='lat' dir='ltr'><strong>praedicatores</strong></span> <span class='ocrx_word' id='word_1_733' title='bbox 3225 5195 3447 5264; x_wconf 88' lang='lat' dir='ltr'><strong>pietatis</strong></span> 
     </span>
    </p>
   </div>
   <div class='ocr_carea' id='block_1_55' title="bbox 109 5283 3445 5361">
    <p class='ocr_par' dir='ltr' id='par_1_55' title="bbox 109 5283 3445 5361">
     <span class='ocr_line' id='line_1_55' title="bbox 109 5283 3445 5361; baseline 0 -21"><span class='ocrx_word' id='word_1_734' title='bbox 109 5283 306 5345; x_wconf 85' lang='lat' dir='ltr'><strong>bentur.</strong></span> <span class='ocrx_word' id='word_1_735' title='bbox 331 5292 481 5346; x_wconf 78' lang='lat' dir='ltr'><strong>Nam</strong></span> <span class='ocrx_word' id='word_1_736' title='bbox 526 5291 669 5346; x_wconf 89' lang='lat' dir='ltr'><strong>sicut</strong></span> <span class='ocrx_word' id='word_1_737' title='bbox 705 5290 766 5345; x_wconf 92' lang='lat' dir='ltr'><strong>in</strong></span> <span class='ocrx_word' id='word_1_738' title='bbox 810 5307 925 5345; x_wconf 89' lang='lat' dir='ltr'><strong>uno</strong></span> <span class='ocrx_word' id='word_1_739' title='bbox 963 5306 1202 5361; x_wconf 88' lang='lat' dir='ltr'><strong>corpore</strong></span> <span class='ocrx_word' id='word_1_740' title='bbox 1247 5291 1428 5345; x_wconf 89' lang='lat' dir='ltr'><strong>multa</strong></span> <span class='ocrx_word' id='word_1_741' title='bbox 1457 5289 1719 5346; x_wconf 88' lang='lat' dir='ltr'><strong>membra</strong></span> <span class='ocrx_word' id='word_1_742' title='bbox 1819 5290 2208 5357; x_wconf 86' lang='lat' dir='ltr'><strong>advenissent,</strong></span> <span class='ocrx_word' id='word_1_743' title='bbox 2283 5295 2474 5344; x_wconf 90' lang='lat' dir='ltr'><strong>tamen</strong></span> <span class='ocrx_word' id='word_1_744' title='bbox 2568 5290 2898 5360; x_wconf 89' lang='lat' dir='ltr'><strong>optaremus</strong></span> <span class='ocrx_word' id='word_1_745' title='bbox 2974 5304 3069 5341; x_wconf 88' lang='lat' dir='ltr'><strong>vos</strong></span> <span class='ocrx_word' id='word_1_746' title='bbox 3148 5286 3445 5341; x_wconf 82' lang='lat' dir='ltr'><strong>nobiscum</strong></span> 
     </span>
    </p>
   </div>
   <div class='ocr_carea' id='block_1_56' title="bbox 110 5376 3446 5454">
    <p class='ocr_par' dir='ltr' id='par_1_56' title="bbox 110 5376 3446 5454">
     <span class='ocr_line' id='line_1_56' title="bbox 110 5376 3446 5454; baseline -0.001 -19"><span class='ocrx_word' id='word_1_747' title='bbox 110 5376 377 5451; x_wconf 78' lang='lat' dir='ltr'><strong>habemus,</strong></span> <span class='ocrx_word' id='word_1_748' title='bbox 400 5384 601 5441; x_wconf 89' lang='lat' dir='ltr'><strong>omnia</strong></span> <span class='ocrx_word' id='word_1_749' title='bbox 616 5389 810 5440; x_wconf 88' lang='lat' dir='ltr'><strong>autem</strong></span> <span class='ocrx_word' id='word_1_750' title='bbox 830 5383 1092 5439; x_wconf 89' lang='lat' dir='ltr'><strong>membra</strong></span> <span class='ocrx_word' id='word_1_751' title='bbox 1108 5400 1224 5439; x_wconf 92' lang='lat' dir='ltr'><strong>non</strong></span> <span class='ocrx_word' id='word_1_752' title='bbox 1241 5383 1508 5438; x_wconf 89' lang='lat' dir='ltr'><strong>eumdem</strong></span> <span class='ocrx_word' id='word_1_753' title='bbox 1529 5389 1719 5439; x_wconf 87' lang='lat' dir='ltr'><strong>actum</strong></span> <span class='ocrx_word' id='word_1_754' title='bbox 1818 5383 2178 5450; x_wconf 87' lang='lat' dir='ltr'><strong>concordare,</strong></span> <span class='ocrx_word' id='word_1_755' title='bbox 2225 5388 2281 5437; x_wconf 92' lang='lat' dir='ltr'><strong>et</strong></span> <span class='ocrx_word' id='word_1_756' title='bbox 2330 5399 2471 5454; x_wconf 82' lang='lat' dir='ltr'><strong>quos</strong></span> <span class='ocrx_word' id='word_1_757' title='bbox 2510 5399 2537 5435; x_wconf 89' lang='lat' dir='ltr'><strong>a</strong></span> <span class='ocrx_word' id='word_1_758' title='bbox 2592 5382 2996 5437; x_wconf 90' lang='lat' dir='ltr'><strong>communione</strong></span> <span class='ocrx_word' id='word_1_759' title='bbox 3050 5378 3446 5450; x_wconf 74' lang='lat' dir='ltr'><strong>suspendium:</strong></span> 
     </span>
    </p>
   </div>
   <div class='ocr_carea' id='block_1_57' title="bbox 109 5470 3447 5549">
    <p class='ocr_par' dir='ltr' id='par_1_57' title="bbox 109 5470 3447 5549">
     <span class='ocr_line' id='line_1_57' title="bbox 109 5470 3447 5549; baseline 0 -25"><span class='ocrx_word' id='word_1_760' title='bbox 109 5470 313 5543; x_wconf 84' lang='lat' dir='ltr'><strong>habent,</strong></span> <span class='ocrx_word' id='word_1_761' title='bbox 351 5478 435 5532; x_wconf 89' lang='lat' dir='ltr'><strong>ita</strong></span> <span class='ocrx_word' id='word_1_762' title='bbox 477 5478 644 5533; x_wconf 89' lang='lat' dir='ltr'><strong>multi</strong></span> <span class='ocrx_word' id='word_1_763' title='bbox 680 5494 864 5533; x_wconf 87' lang='lat' dir='ltr'><strong>unum</strong></span> <span class='ocrx_word' id='word_1_764' title='bbox 904 5493 1108 5549; x_wconf 85' lang='lat' dir='ltr'><strong>corpus</strong></span> <span class='ocrx_word' id='word_1_765' title='bbox 1153 5494 1351 5532; x_wconf 89' lang='lat' dir='ltr'><strong>sumus</strong></span> <span class='ocrx_word' id='word_1_766' title='bbox 1393 5476 1451 5531; x_wconf 91' lang='lat' dir='ltr'>in</span> <span class='ocrx_word' id='word_1_767' title='bbox 1476 5477 1715 5545; x_wconf 86' lang='lat' dir='ltr'><strong>Christo,</strong></span> <span class='ocrx_word' id='word_1_768' title='bbox 1818 5497 1850 5533; x_wconf 86' lang='lat' dir='ltr'><strong>a</strong></span> <span class='ocrx_word' id='word_1_769' title='bbox 1895 5477 2053 5533; x_wconf 87' lang='lat' dir='ltr'><strong>vobis</strong></span> <span class='ocrx_word' id='word_1_770' title='bbox 2096 5494 2217 5531; x_wconf 84' lang='lat' dir='ltr'><strong>esse</strong></span> <span class='ocrx_word' id='word_1_771' title='bbox 2264 5492 2586 5548; x_wconf 89' lang='lat' dir='ltr'><strong>suspensos,</strong></span> <span class='ocrx_word' id='word_1_772' title='bbox 2631 5482 2687 5531; x_wconf 93' lang='lat' dir='ltr'><strong>et</strong></span> <span class='ocrx_word' id='word_1_773' title='bbox 2730 5492 2870 5548; x_wconf 83' lang='lat' dir='ltr'><strong>quos</strong></span> <span class='ocrx_word' id='word_1_774' title='bbox 2904 5475 2961 5527; x_wconf 91' lang='lat' dir='ltr'><strong>in</strong></span> <span class='ocrx_word' id='word_1_775' title='bbox 3001 5472 3199 5528; x_wconf 89' lang='lat' dir='ltr'><strong>ordine</strong></span> <span class='ocrx_word' id='word_1_776' title='bbox 3238 5472 3447 5526; x_wconf 83' lang='lat' dir='ltr'><strong>contir-</strong></span> 
     </span>
    </p>
   </div>
   <div class='ocr_carea' id='block_1_58' title="bbox 110 5564 3443 5643">
    <p class='ocr_par' dir='ltr' id='par_1_58' title="bbox 110 5564 3443 5643">
     <span class='ocr_line' id='line_1_58' title="bbox 110 5564 3443 5643; baseline -0.001 -22"><span class='ocrx_word' id='word_1_777' title='bbox 110 5564 295 5640; x_wconf 87' lang='lat' dir='ltr'><strong>singuli</strong></span> <span class='ocrx_word' id='word_1_778' title='bbox 325 5574 527 5626; x_wconf 90' lang='lat' dir='ltr'><strong>autem</strong></span> <span class='ocrx_word' id='word_1_779' title='bbox 554 5573 696 5626; x_wconf 89' lang='lat' dir='ltr'><strong>alter</strong></span> <span class='ocrx_word' id='word_1_780' title='bbox 724 5570 960 5627; x_wconf 89' lang='lat' dir='ltr'><strong>alterius</strong></span> <span class='ocrx_word' id='word_1_781' title='bbox 998 5571 1288 5636; x_wconf 89' lang='lat' dir='ltr'><strong>membra;</strong></span> <span class='ocrx_word' id='word_1_782' title='bbox 1318 5571 1598 5627; x_wconf 84' lang='lat' dir='ltr'><strong>connexio</strong></span> <span class='ocrx_word' id='word_1_783' title='bbox 1631 5576 1717 5625; x_wconf 88' lang='lat' dir='ltr'><strong>to-</strong></span> <span class='ocrx_word' id='word_1_784' title='bbox 1819 5588 2044 5627; x_wconf 87' lang='lat' dir='ltr'><strong>mamus</strong></span> <span class='ocrx_word' id='word_1_785' title='bbox 2094 5570 2489 5643; x_wconf 82' lang='lat' dir='ltr'><strong>episcOporum</strong></span> <span class='ocrx_word' id='word_1_786' title='bbox 2541 5586 2573 5624; x_wconf 92' lang='lat' dir='ltr'><strong>a</strong></span> <span class='ocrx_word' id='word_1_787' title='bbox 2623 5568 2781 5624; x_wconf 90' lang='lat' dir='ltr'><strong>vobis</strong></span> <span class='ocrx_word' id='word_1_788' title='bbox 2828 5582 2948 5621; x_wconf 88' lang='lat' dir='ltr'><strong>esse</strong></span> <span class='ocrx_word' id='word_1_789' title='bbox 3002 5564 3443 5634; x_wconf 78' lang='lat' dir='ltr'><strong>confirmandos,</strong></span> 
     </span>
    </p>
   </div>
   <div class='ocr_carea' id='block_1_59' title="bbox 108 5652 3444 5736">
    <p class='ocr_par' dir='ltr' id='par_1_59' title="bbox 108 5652 3444 5736">
     <span class='ocr_line' id='line_1_59' title="bbox 108 5652 3444 5736; baseline 0 -24"><span class='ocrx_word' id='word_1_790' title='bbox 108 5658 204 5714; x_wconf 85' lang='lat' dir='ltr'><strong>tius</strong></span> <span class='ocrx_word' id='word_1_791' title='bbox 225 5665 477 5736; x_wconf 89' lang='lat' dir='ltr'><strong>corporis</strong></span> <span class='ocrx_word' id='word_1_792' title='bbox 496 5682 667 5721; x_wconf 88' lang='lat' dir='ltr'><strong>uuam</strong></span> <span class='ocrx_word' id='word_1_793' title='bbox 696 5664 1016 5736; x_wconf 86' lang='lat' dir='ltr'><strong>sanitatem,</strong></span> <span class='ocrx_word' id='word_1_794' title='bbox 1038 5681 1214 5720; x_wconf 88' lang='lat' dir='ltr'><strong>unam</strong></span> <span class='ocrx_word' id='word_1_795' title='bbox 1236 5652 1719 5736; x_wconf 77' lang='lat' dir='ltr'><strong>pulchritudinem</strong></span> <span class='ocrx_word' id='word_1_796' title='bbox 1819 5681 1923 5721; x_wconf 90' lang='lat' dir='ltr'><strong>nec</strong></span> <span class='ocrx_word' id='word_1_797' title='bbox 1950 5681 2054 5719; x_wconf 91' lang='lat' dir='ltr'><strong>nos</strong></span> <span class='ocrx_word' id='word_1_798' title='bbox 2078 5664 2324 5720; x_wconf 88' lang='lat' dir='ltr'><strong>secundo</strong></span> <span class='ocrx_word' id='word_1_799' title='bbox 2361 5664 2485 5719; x_wconf 91' lang='lat' dir='ltr'><strong>loco</strong></span> <span class='ocrx_word' id='word_1_800' title='bbox 2518 5660 2831 5729; x_wconf 87' lang='lat' dir='ltr'><strong>habendos,</strong></span> <span class='ocrx_word' id='word_1_801' title='bbox 2862 5674 2993 5714; x_wconf 88' lang='lat' dir='ltr'><strong>cum</strong></span> <span class='ocrx_word' id='word_1_802' title='bbox 3034 5674 3099 5712; x_wconf 85' lang='lat' dir='ltr'><strong>ex</strong></span> <span class='ocrx_word' id='word_1_803' title='bbox 3138 5658 3226 5712; x_wconf 87' lang='lat' dir='ltr'><strong>his</strong></span> <span class='ocrx_word' id='word_1_804' title='bbox 3265 5659 3444 5730; x_wconf 87' lang='lat' dir='ltr'><strong>parti-</strong></span> 
     </span>
    </p>
   </div>
   <div class='ocr_carea' id='block_1_60' title="bbox 113 5750 3445 5832">
    <p class='ocr_par' dir='ltr' id='par_1_60' title="bbox 113 5750 3445 5832">
     <span class='ocr_line' id='line_1_60' title="bbox 113 5750 3445 5832; baseline -0 -24"><span class='ocrx_word' id='word_1_805' title='bbox 113 5751 247 5825; x_wconf 79' lang='lat' dir='ltr'><strong>lacit,</strong></span> <span class='ocrx_word' id='word_1_806' title='bbox 274 5760 330 5813; x_wconf 91' lang='lat' dir='ltr'><strong>et</strong></span> <span class='ocrx_word' id='word_1_807' title='bbox 353 5759 482 5815; x_wconf 68' lang='lat' dir='ltr'><strong>haec</strong></span> <span class='ocrx_word' id='word_1_808' title='bbox 524 5759 753 5832; x_wconf 89' lang='lat' dir='ltr'><strong>quidem</strong></span> <span class='ocrx_word' id='word_1_809' title='bbox 790 5758 1070 5816; x_wconf 79' lang='lat' dir='ltr'><strong>connexio</strong></span> <span class='ocrx_word' id='word_1_810' title='bbox 1102 5759 1271 5814; x_wconf 89' lang='lat' dir='ltr'><strong>totius</strong></span> <span class='ocrx_word' id='word_1_811' title='bbox 1296 5758 1549 5831; x_wconf 88' lang='lat' dir='ltr'><strong>corporis</strong></span> <span class='ocrx_word' id='word_1_812' title='bbox 1572 5768 1719 5814; x_wconf 83' lang='lat' dir='ltr'><strong>una-</strong></span> <span class='ocrx_word' id='word_1_813' title='bbox 1820 5760 1925 5814; x_wconf 89' lang='lat' dir='ltr'><strong>bus</strong></span> <span class='ocrx_word' id='word_1_814' title='bbox 1967 5759 2039 5812; x_wconf 89' lang='lat' dir='ltr'><strong>ad</strong></span> <span class='ocrx_word' id='word_1_815' title='bbox 2078 5775 2174 5813; x_wconf 89' lang='lat' dir='ltr'><strong>vos</strong></span> <span class='ocrx_word' id='word_1_816' title='bbox 2215 5775 2394 5832; x_wconf 88' lang='lat' dir='ltr'><strong>usque</strong></span> <span class='ocrx_word' id='word_1_817' title='bbox 2436 5756 2883 5827; x_wconf 87' lang='lat' dir='ltr'><strong>dogmatizantes</strong></span> <span class='ocrx_word' id='word_1_818' title='bbox 2911 5750 3144 5825; x_wconf 88' lang='lat' dir='ltr'><strong>apostoli</strong></span> <span class='ocrx_word' id='word_1_819' title='bbox 3172 5766 3445 5824; x_wconf 87' lang='lat' dir='ltr'><strong>pervene-</strong></span> 
     </span>
    </p>
   </div>
   <div class='ocr_carea' id='block_1_61' title="bbox 104 5845 3446 5931">
    <p class='ocr_par' dir='ltr' id='par_1_61' title="bbox 104 5845 3446 5931">
     <span class='ocr_line' id='line_1_61' title="bbox 104 5845 3446 5931; baseline 0 -26"><span class='ocrx_word' id='word_1_820' title='bbox 104 5846 402 5907; x_wconf 81' lang='lat' dir='ltr'><strong>nimitatem</strong></span> <span class='ocrx_word' id='word_1_821' title='bbox 436 5853 820 5927; x_wconf 77' lang='lat' dir='ltr'><strong>requirit,sed</strong></span> <span class='ocrx_word' id='word_1_822' title='bbox 847 5855 1135 5931; x_wconf 61' lang='lat' dir='ltr'><strong>praecipue</strong></span> <span class='ocrx_word' id='word_1_823' title='bbox 1157 5851 1333 5927; x_wconf 84' lang='lat' dir='ltr'><strong>exigit</strong></span> <span class='ocrx_word' id='word_1_824' title='bbox 1357 5852 1720 5911; x_wconf 89' lang='lat' dir='ltr'><strong>concordiam</strong></span> <span class='ocrx_word' id='word_1_825' title='bbox 1824 5853 1956 5909; x_wconf 86' lang='lat' dir='ltr'><strong>rint.</strong></span> <span class='ocrx_word' id='word_1_826' title='bbox 1998 5853 2109 5907; x_wconf 76' lang='lat' dir='ltr'><strong>Nec</strong></span> <span class='ocrx_word' id='word_1_827' title='bbox 2162 5852 2313 5907; x_wconf 86' lang='lat' dir='ltr'><strong>enim</strong></span> <span class='ocrx_word' id='word_1_828' title='bbox 2364 5868 2471 5909; x_wconf 89' lang='lat' dir='ltr'><strong>nos</strong></span> <span class='ocrx_word' id='word_1_829' title='bbox 2525 5849 2721 5905; x_wconf 81' lang='lat' dir='ltr'><strong>vestris</strong></span> <span class='ocrx_word' id='word_1_830' title='bbox 2773 5845 3191 5919; x_wconf 79' lang='lat' dir='ltr'><strong>resultavimus,</strong></span> <span class='ocrx_word' id='word_1_831' title='bbox 3241 5860 3446 5923; x_wconf 76' lang='lat' dir='ltr'><strong>quam-</strong></span> 
     </span>
    </p>
   </div>
  </div>
