3946 6180
512 279 613 331 623

1394 275 1678 330 APPEND.
1719 275 1808 330 AD
1843 276 2005 331 SEC.
2051 275 2134 329 IX.
2167 300 2234 312 -—
2277 273 2523 328 lSlDORl
2564 270 2990 328 MERCATORIS
3695 283 3773 339 6.2!,

508 383 590 437 vis
645 383 750 438 hoc
801 398 969 453 agere
1006 383 1414 453 potuissemus,
1462 383 1689 454 quando
1722 383 2064 438 Novatianus
2109 400 2141 437 a
2164 381 2571 466 Amositatem
2600 381 2799 435 talium
2817 376 3365 435 hominuminﬁrmee
3381 381 3562 438 animai
3579 385 3779 458 etignari

514 479 775 533 Romana
827 476 1020 546 pulsus
1063 478 1148 530 est
1202 475 1476 545 Ecclesia;
1526 476 1795 548 quoniam
1849 477 1948 541 (uti
1986 477 2145 547 juxta

515 571 805 643 vulgarem
879 569 1357 625 consuetudinem
1432 570 1752 641 loquamur)
1823 570 2145 625 inimicitias

513 663 719 736 quierit
772 663 958 718 omnis
1013 664 1111 735 qui
1163 665 1282 718 vult
1335 664 1597 719 recedere
1650 664 1721 718 ab
1771 663 1974 720 amico.
2037 666 2145 719 Nec

517 757 751 816 crimine
809 773 1002 813 carere
1058 760 1260 829 potest,
1312 757 1409 828 qui
1462 757 1693 812 alterius
1744 757 2140 812 excommuni-

515 856 708 907 catum
759 853 969 923 absque
1015 851 1137 922 ejus
1182 851 1413 907 licentia
1449 869 1481 905 a
1526 866 1638 922 quo
1673 868 1704 905 a
1743 852 2146 907 communione

516 950 601 1000 est
654 945 902 1018 privatus
951 945 1006 1000 in
1072 945 1539 1001 communionem
1594 946 1932 1016 susceperit,
1987 963 2148 1001 cano-

518 1041 706 1105 nibus,
748 1039 958 1094 scilicet
995 1038 1348 1109 jubentibus,
1399 1043 1462 1092 ut
1509 1039 2030 1095 excommunicatus
2078 1040 2146 1094 ab

519 1134 642 1189 aliis
684 1150 799 1188 non
841 1132 1151 1203 suscipiant
1178 1132 1494 1187 viventibus
1529 1133 1636 1188 illis
1669 1151 1702 1189 a
1743 1133 1949 1205 quibus
1990 1151 2145 1188 com-

519 1227 793 1282 munione
839 1226 1086 1298 privatus
1123 1243 1245 1281 esse
1296 1226 1666 1297 dignoscitur.
1703 1228 1811 1282 Nec
1857 1229 2042 1282 solum
2089 1228 2148 1282 in

515 1321 604 1378 his
657 1321 820 1376 nobis
887 1321 1303 1376 contumeliam
1356 1320 1661 1391 irrogatis,
1710 1320 1809 1376 sed
1866 1321 2036 1376 etiam
2089 1322 2149 1376 in

521 1416 609 1471 his
653 1415 803 1486 quod
847 1414 1084 1470 concilia
1121 1417 1312 1468 nostra
1354 1413 1655 1469 dissolvitis
1698 1431 1887 1486 neque
1924 1431 1993 1469 ea
2030 1419 2151 1470 rata

519 1508 702 1564 sinitis
756 1525 890 1564 esse.
943 1509 1086 1564 Sunt
1136 1524 1387 1579 namque
1440 1526 1472 1562 a
1518 1508 1680 1562 nobis
1727 1511 1783 1562 et
1827 1508 2074 1563 maxime
2119 1525 2150 1562 a

519 1601 693 1657 totius
770 1601 1013 1656 Orientis
1093 1602 1371 1674 episcopis
1444 1602 1736 1669 damnati,
1811 1602 2152 1657 Athanasius

521 1695 954 1764 Alexandrinus,
1013 1697 1213 1750 Paulus
1271 1696 1955 1768 Constantinopolitanus,
2006 1698 2148 1750 Mar-

520 1791 696 1846 cellus
774 1793 1046 1862 Ancyrae,
1110 1789 1402 1861 Asclepius
1486 1791 1678 1857 Gazae,
1760 1790 2150 1862 Lucianusque

522 1884 900 1956 Adriopolites
943 1901 1046 1956 pro
1095 1884 1264 1938 certis
1307 1882 1660 1951 criminibus,
1700 1883 1906 1955 quibus
1947 1884 2149 1938 adver-

522 1978 650 2033 sarii
696 1983 828 2032 sunt
870 1977 1024 2049 apud
1068 1994 1174 2032 nos
1221 1977 1498 2049 inscripti,
1543 1977 1642 2049 qui
1691 1995 1795 2048 per
1842 1983 2152 2049 praesentes

521 2071 689 2142 hujus
739 2071 993 2142 epistolae
1040 2071 1244 2124 lateres
1291 2070 1484 2124 omnia
1535 2070 1639 2124 sub
1684 2074 1837 2124 certa
1877 2070 2151 2127 relatione

521 2169 719 2220 vestrm
770 2165 1124 2218 innotescere
1170 2181 1286 2218 non
1325 2163 1642 2219 omittimus
1683 2164 1988 2219 sanctitati.
2017 2164 2150 2228 Qui-

519 2259 624 2313 bus
670 2257 876 2329 agnitis
925 2257 968 2310 si
1014 2256 1218 2310 nostris
1263 2257 1482 2328 placitis
1517 2258 1704 2328 magis
1743 2273 1917 2328 quam
1952 2274 2152 2312 eorum

525 2350 1037 2408 machinationibus
1081 2351 1376 2419 assentire,
1425 2354 1481 2405 et
1526 2351 1818 2406 ordinatos
1865 2351 2155 2423 episcopos

525 2447 582 2500 iu
636 2446 1037 2500 damnatorum
1084 2445 1210 2500 loco
1261 2444 1493 2500 ﬁrmare
1534 2445 1767 2516 eligitis,
1815 2461 2018 2516 pacem
2056 2462 2151 2499 vo-

523 2539 760 2606 biscum,
832 2543 889 2593 et
952 2539 1417 2594 communionem
1481 2539 1690 2593 habere
1751 2539 2032 2595 volumus.
2096 2539 2154 2596 Si

524 2649 658 2688 vero
716 2632 880 2687 aliter
933 2632 1182 2704 egeritis,
1231 2621 1287 2687 et
1336 2633 1415 2688 eis
1467 2633 1714 2704 amplius
1760 2649 1935 2704 quam
1992 2632 2154 2688 nobis

526 2726 796 2782 assentire
846 2725 1252 2796 judicaveritis,
1301 2726 1581 2781 contraria
1621 2726 2053 2792 celebrabimus,
2100 2731 2156 2782 et

525 2819 814 2876 vobiscum
861 2819 1128 2891 deinceps
1164 2835 1270 2874 nec
1306 2819 1665 2890 congregari,
1697 2835 1799 2874 nec
1835 2819 1990 2874 vobis
2016 2820 2152 2874 obe-

527 2914 670 2982 dire,
709 2930 814 2968 nec
849 2913 1006 2968 vobis
1045 2912 1355 2985 vestrisque
1383 2913 1567 2968 favere
1597 2912 1884 2980 volumus,
1916 2913 2014 2968 sed
2055 2930 2157 2984 per

527 3025 627 3063 nos
657 3006 933 3079 quidquid
965 3006 1169 3062 melius
1213 3005 1556 3078 elegerimus
1597 3023 1768 3077 agere
1796 3007 2152 3062 conabimur.

526 3103 665 3156 Nam
716 3101 907 3156 nullus
961 3106 1046 3155 est
1093 3101 1154 3155 in
1215 3101 1322 3154 hac
1383 3104 1540 3171 parte
1595 3103 1876 3154 terrarum
1929 3104 2154 3156 aetatem

528 3195 742 3249 habens
779 3195 874 3266 qui
919 3193 1144 3266 ignoret
1193 3194 1598 3265 praedictorum
1647 3193 1939 3248 molimina
1988 3195 2154 3249 sedu-

527 3296 764 3342 ctorum.
798 3289 1038 3359 PrOpter
1064 3304 1158 3342 eos
1185 3288 1336 3342 enim
1370 3287 1550 3341 multa
1576 3290 1708 3342 sunt
1733 3287 1880 3342 mala
1906 3293 2154 3359 peracta,

528 3383 707 3436 multa
732 3380 967 3436 concilia
994 3380 1232 3436 diversis
1273 3386 1330 3435 et
1367 3379 1581 3452 asperis
1623 3380 1976 3452 temporibus
2009 3382 2154 3436 cele-

529 3477 707 3543 brata,
724 3476 917 3530 multae
930 3475 1257 3544 seditiones,
1277 3476 1472 3530 multa:
1485 3474 1962 3545 machinationes,
1981 3476 2161 3530 multa

531 3570 690 3624 nobis
741 3569 1047 3642 opprobria
1099 3569 1272 3635 illata,
1334 3571 1391 3622 et
1441 3568 1552 3623 alia
1605 3569 1784 3623 multa
1840 3586 1964 3640 qua:
2015 3585 2156 3624 enu-

530 3680 748 3718 merare
814 3663 1159 3735 perlongum
1221 3667 1324 3717 est.
1378 3663 1520 3716 Nam
1586 3662 1632 3716 si
1701 3662 1788 3716 his
1843 3663 2159 3720 consentire

529 3757 755 3829 eligitis,
803 3761 936 3812 tunc
986 3757 1164 3828 liquet
1217 3756 1373 3828 quod
1421 3773 1522 3811 nos
1577 3757 1814 3829 perdere
1867 3757 2052 3825 vultis,
2103 3760 2161 3812 et

531 3867 644 3906 non
697 3855 757 3906 ut
807 3855 970 3924 pater
1017 3850 1163 3905 ﬁlios
1205 3850 1417 3906 fovere.
1461 3850 1664 3905 Dicunt
1706 3850 1859 3905 enim
1906 3854 1961 3906 et
2011 3850 2160 3904 afﬁr-

528 3951 688 4001 mant
733 3949 850 4000 tam
895 3945 1044 4000 cives
1092 3945 1349 4014 istorum,
1393 3961 1569 4016 quam
1623 3945 1796 4000 etiam
1844 3945 2161 4000 sacerdotes

531 4056 750 4106 eorum,
811 4040 915 4094 llos
966 4055 1174 4093 vovere
1234 4055 1332 4093 vos
1380 4037 1524 4092 velle
1581 4037 1914 4106 homicidas,
1978 4053 2161 4092 sacro-

531 4150 660 4189 rum
708 4132 1053 4205 templorum
1094 4149 1404 4202 eversores,
1451 4132 1740 4203 virginum
1786 4133 2158 4202 stupratores,

531 4243 823 4282 sacrorum
881 4225 1156 4280 librorum
1215 4226 1555 4293 incensores,
1613 4240 2014 4294 sacrorumque
2067 4241 2160 4278 va-

532 4336 746 4387 sorum,
768 4335 830 4373 ac
858 4323 1194 4374 caeterorum
1225 4334 1518 4372 sacrorum
1539 4316 1993 4372 ministeriorum
2014 4316 2162 4372 frau-

535 4415 779 4482 datores,
811 4411 1128 4467 ofﬁciorum
1175 4413 1542 4482 neglectores,
1572 4410 1988 4483 imperatorum
2033 4411 2158 4466 inti-

2245 475 2439 547 populi
2461 473 2737 544 sacrilega
2757 472 3110 528 dissensione
3124 472 3454 544 dispereant.
3475 477 3641 549 Itaque
3656 496 3776 552 οροτ.

2247 573 2327 625 tet
2351 586 2446 623 vos
2488 566 2761 640 improbis
2787 567 2964 638 probe
2993 565 3273 621 resistere.
3301 568 3619 640 Quapropter
3641 571 3677 626 si
3705 591 3779 628 ne-

2249 662 2533 736 glexeritis
2577 661 2881 717 deturbare
2926 675 3234 732 perversos,
3265 661 3434 732 liquet
3467 663 3598 734 quod
3627 681 3781 723 eorum

2247 757 2563 829 protegatis
2589 771 2864 811 errorem.
2893 755 3006 808 Nec
3033 771 3163 810 vero
3192 758 3344 808 caret
3382 757 3618 826 scrupulo
3647 760 3784 815 socie-

2248 851 2376 906 tatis
2407 850 2644 920 occulte,
2675 849 2773 920 qui
2814 847 3112 903 manifeste
3146 848 3474 903 facinoribus
3512 849 3686 906 desinit
3709 854 3786 908 ob-

2249 945 2418 1000 viare.
2450 945 2621 999 Decet
2665 942 2816 998 enim
2863 959 2960 996 vos
3007 943 3074 996 ad
3127 942 3471 1013 arguendam
3510 947 3789 1014 proterviam

2249 1056 2464 1106 eorum,
2496 1039 2759 1118 linguam
2799 1040 3045 1092 vestram
3090 1052 3374 1103 exacuere,
3404 1040 3458 1090 et
3491 1036 3626 1092 velut
3659 1054 3788 1095 vene-

2249 1150 2413 1188 nosos
2441 1149 2473 1187 a
2494 1132 2649 1187 vobis
2673 1131 2972 1202 repellere,
3003 1147 3075 1184 ne
3099 1146 3296 1184 eorum
3322 1145 3526 1185 veneno
3543 1147 3631 1184 vos
3646 1134 3793 1187 vestri-

2250 1243 2362 1298 que
2386 1226 2442 1280 in
2470 1225 2660 1296 aliquo
2689 1224 3042 1280 sauciemini.
3065 1223 3243 1295 Igitur
3262 1222 3532 1278 sufﬁciunt
3551 1223 3795 1296 nobisque-

2252 1319 2514 1374 rimonize
2527 1322 2724 1374 contra
2744 1334 2840 1373 eos
2859 1318 3078 1386 delatae,
3099 1315 3368 1388 quoniam
3391 1315 3705 1388 derelinquet
3723 1335 3797 1373 nos

2251 1420 2478 1485 tempus
2493 1412 2808 1468 secundum
2824 1411 2974 1483 quod
2985 1411 3063 1466 ait
3078 1410 3370 1483 Apostolus
3386 1426 3398 1465 :
3415 1430 3441 1462 α
3457 1409 3797 1466 Sivoluerimus

2255 1507 2516 1562 omnium
2531 1505 2971 1578 obloquentium
2993 1505 3207 1560 oblatas
3230 1507 3426 1560 contra
3444 1520 3534 1559 eos
3553 1505 3798 1575 producere

2253 1601 2528 1673 querelas,
2563 1599 2811 1654 maxime
2838 1615 2971 1653 cum
3003 1599 3124 1653 haec
3143 1597 3305 1653 nobis
3331 1597 3594 1652 sufﬁciant
3615 1613 3797 1669 quaesu-

2254 1694 2445 1767 perius
2485 1693 2636 1748 dicta
2682 1698 2832 1748 sunt.
2865 1714 2892 1743 ››
2923 1694 3034 1747 Nec
3077 1691 3237 1747 vobis
3274 1706 3496 1746 necesse
3534 1696 3609 1746 est
3643 1691 3798 1746 iterum

2252 1805 2448 1844 eorum
2476 1787 2773 1858 divulgare
2805 1786 2954 1841 mala
2981 1802 3110 1841 cum
3132 1785 3254 1856 ipsa
3278 1801 3384 1858 per
3406 1801 3462 1839 se
3487 1783 3740 1855 prodeant,
3761 1788 3801 1838 et

2252 1883 2500 1938 maxime
2532 1897 2729 1936 omnes
2755 1879 3064 1935 orientales
3093 1882 3271 1934 testes
3295 1894 3460 1949 super
3488 1893 3662 1932 eorum
3685 1877 3802 1932 malis

2253 1977 2512 2044 existant,
2558 1976 2616 2030 in
2663 1991 2757 2030 ore
2807 1991 3005 2028 eorum
3043 1974 3226 2044 (juxta
3269 1971 3420 2044 quod
3463 1971 3699 2042 scriptum
3730 1973 3800 2040 est)

2252 2071 2496 2126 duorum
2552 2071 2636 2124 vel
2687 2068 2862 2124 trium
2915 2067 3144 2122 testium
3193 2066 3365 2122 stabit
3403 2081 3561 2120 omne
3601 2064 3799 2130 verbum,

2253 2169 2464 2237 quanto
2493 2163 2676 2235 magis
2696 2162 2753 2217 in
2785 2161 3152 2217 multitudine
3176 2164 3470 2216 tantorum
3496 2158 3800 2222 sacerdotum,

2254 2264 2312 2314 et
2343 2259 2703 2331 populorum,
2721 2256 3012 2323 abbatum,
3033 2255 3122 2310 vel
3137 2255 3538 2311 monachorum
3563 2253 3617 2307 in
3634 2250 3802 2323 scripto,

2254 2357 2310 2407 et
2333 2353 2456 2406 sine
2486 2351 2694 2422 scripto
2723 2352 2922 2404 contra
2951 2349 3161 2404 horum
3192 2348 3522 2420 pravitatem
3550 2362 3640 2400 nos
3663 2343 3800 2416 quoti-

2255 2446 2345 2501 die
2378 2463 2481 2501 vox
2508 2443 3088 2500 acclamantium.Nos
3108 2458 3242 2498 vero
3266 2442 3362 2497 diu
3382 2444 3725 2512 exspectamus
3739 2453 3806 2492 eos

2255 2557 2359 2612 per
2383 2541 2622 2594 multam
2647 2537 3006 2610 patientiam,
3030 2558 3056 2585 ‹‹
3075 2539 3140 2590 ut
3158 2541 3418 2592 crearent
3440 2551 3584 2602 uvas,
3609 2531 3691 2588 sed
3711 2530 3805 2586 illis

2254 2633 2539 2688 contrario
2562 2633 2819 2688 fecerunt
2834 2631 3122 2686 labruscas
3139 2630 3291 2700 (1εαί.
3306 2647 3362 2698 v,
3375 2631 3446 2701 2).
3464 2630 3591 2683 »νος
3603 2642 3714 2698 ergo
3727 2640 3808 2678 non

2254 2730 2477 2800 oportet
2492 2727 2560 2782 de
2577 2731 2784 2781 caetero
2807 2724 3122 2796 negligere,
3139 2727 3198 2778 et
3211 2724 3439 2780 differre
3454 2723 3598 2790 tales,
3612 2736 3672 2775 ne
3682 2715 3808 2790 (quod

2254 2820 2417 2893 absit)
2461 2819 2791 2875 memoratis
2832 2818 3174 2873 criminibus
3219 2834 3419 2874 eorum
3465 2809 3807 2871 submittamini

2254 2913 2723 2970 irrationabiliter
2740 2929 2833 2968 eos
2855 2913 3146 2985 episcopos
3164 2915 3464 2984 ponentes,
3484 2909 3581 2981 ipsi
3599 2907 3723 2964 enim
3734 2902 3809 2960 nisi

2255 3008 2363 3064 cito
2379 3007 2744 3078 corrigantur
2747 3007 2769 3078 j
2779 3011 2908 3062 uxta
2923 3005 3080 3078 quod
3093 3006 3301 3062 beatus
3311 3004 3594 3078 Apostolus
3607 3002 3813 3075 protesta-

2255 3105 2370 3171 tur,
2387 3122 2414 3152 «
2438 3100 2754 3156 secundum
2789 3099 3060 3156 duritiam
3086 3115 3312 3169 eorum,
3343 3103 3399 3154 et
3422 3092 3811 3168 corimpoiniteas

2257 3195 2637 3251 thesaurizant
2655 3193 2760 3248 sibi
2781 3193 2923 3248 iram
2951 3193 3010 3249 in
3035 3192 3124 3250 die
3149 3193 3275 3264 irai,
3299 3197 3356 3249 et
3379 3186 3704 3248 revelatiouis
3713 3183 3810 3257 justi

2251 3289 2684 3360 judiciiDei,qui
2697 3288 2895 3344 reddet
2911 3287 3223 3360 unicuique
3244 3286 3551 3343 secundum
3570 3297 3715 3356 opera
3729 3278 3812 3349 ejus

2261 3384 2426 3453 (Rom.
2460 3400 2519 3450 ιι,
2535 3385 2586 3450 5,
2602 3382 2710 3452 6),»
2729 3382 2861 3453 quia
2880 3381 3209 3452 corrigendi
3225 3384 3379 3449 sunt,
3399 3397 3468 3436 ne
3484 3395 3578 3452 per
3590 3383 3811 3446 tempora-

2258 3476 2372 3530 lem
2403 3475 2858 3544 delectationem,
2883 3478 2940 3530 et
2964 3491 3070 3547 per
3089 3475 3390 3530 mendacia
3416 3477 3579 3545 atque
3603 3468 3814 3540 ﬁgmenta

2259 3587 2363 3625 sua
2399 3569 2556 3625 vobis
2598 3585 2893 3624 assensum
2938 3568 3354 3640 praebentibus,
3397 3572 3598 3624 aeterna
3634 3559 3816 3635 perdant

2261 3663 2516 3736 praemia,
2541 3662 2637 3735 qui
2666 3679 2766 3734 per
2789 3679 2978 3718 veram
3013 3662 3419 3734 paenitentiam
3447 3655 3691 3729 consequi
3705 3656 3814 3726 pote-

2262 3763 2415 3813 runt.
2430 3759 2539 3813 Nec
2551 3758 2674 3812 haec
2687 3773 2817 3827 qua:
2833 3755 3109 3828 praedicta
3123 3759 3263 3812 sunt
3279 3754 3622 3812 solummodo
3634 3750 3818 3806 Athana-

2261 3851 2343 3907 sio
2371 3855 2426 3906 et
2438 3851 2775 3922 sequacibus
2789 3851 2837 3921 ej
2849 3868 2911 3904 us
2925 3850 3268 3922 irrogamus,
3285 3850 3388 3906 sed
3407 3850 3571 3906 etiam
3586 3843 3715 3918 quod
3728 3853 3817 3896 con-

2261 3949 2351 4000 tra
2379 3945 2638 4015 regulam
2670 3944 2874 4016 egerit,
2903 3961 3078 4016 quam
3123 3961 3230 4000 nos
3280 3945 3703 4006 decreveramus,
3725 3932 3817 4006 quia

2261 4055 2376 4094 non
2404 4038 2628 4093 decreto
2655 4038 2971 4093 communis
2999 4038 3226 4094 concilii
3252 4039 3637 4111 episcoporum
3659 4025 3818 4098 recepit-

2263 4131 2660 4199 sacerdotium,
2684 4131 2781 4186 sed
2800 4132 3027 4187 sibimet
3039 4134 3371 4204 arrogando
3386 4130 3666 4188 Ecclesiam
3678 4121 3819 4180 fuisset

2263 4225 2571 4296 ingressus,
2585 4226 2710 4281 etin
2731 4226 2864 4281 sede
2881 4225 3204 4293 resedisset,
3219 4243 3354 4282 cum
3372 4225 3578 4281 dudum
3591 4219 3816 4276 decretum

2265 4319 2459 4374 fuisset
2494 4319 2717 4374 nullum
2759 4337 2793 4373 a
2831 4319 3096 4390 pauciore
3127 4335 3376 4375 numero
3416 4315 3623 4374 restitui
3647 4310 3817 4369 debere,

2264 4429 2438 4485 quam
2464 4413 2781 4484 depositum
2809 4413 2982 4467 fuisse
3003 4416 3312 4468 constaret.
3335 4411 3542 4468 Deinde
3563 4414 3820 4480 quanquam

532 4507 656 4585 dos,
687 4505 870 4579 gentis
899 4509 956 4561 et
997 4505 1192 4577 patriae
1233 4506 1567 4578 proditores,
1595 4511 1651 4562 et
1675 4506 1826 4560 inter
1849 4506 2244 4584 sacerdotesD
2267 4508 2388 4578 ejus
2417 4507 2660 4562 adventu
2704 4506 2775 4560 sit
2817 4507 2985 4561 turba
3024 4510 3324 4576 generata,
3359 4503 3683 4578 plurimique
3715 4493 3818 4550 θεῶ

528 4601 839 4657 maximam
871 4603 1216 4673 generantes
1244 4599 1602 4668 discordiam,
1633 4616 1699 4654 eo
1727 4599 1883 4671 quod
1913 4599 2158 4655 consub-

531 4695 909 4752 stantialitatis
953 4711 1168 4760 vocem,
1211 4710 1337 4765 quae
1381 4693 1586 4765 scripta
1628 4711 1739 4748 non
1786 4693 2077 4748 invenitur
2102 4693 2160 4748 in

531 4788 666 4844 fidei
693 4789 966 4856 doctrina,
998 4788 1342 4861 posuissent.
1359 4787 1504 4852 Quid
1526 4788 1689 4858 plura
1712 4804 2046 4843 enumerare
2069 4805 2163 4842 ne-

534 4899 680 4957 cesse
723 4883 846 4938 est?
886 4900 1015 4938 cum
1052 4886 1286 4954 propter
1322 4899 1419 4938 eos
1453 4881 1614 4936 nobis
1656 4885 1713 4936 et
1749 4882 1964 4936 cunctis
1993 4882 2164 4952 hujus

530 4975 780 5049 regionis
812 4976 1228 5032 habitatoribus
1258 4975 1565 5031 scientibus
1598 4979 1757 5030 tanta
1782 4976 1963 5030 caedes
1987 4975 2165 5031 homi-

533 5087 670 5124 num
701 5069 771 5124 sit
791 5074 1142 5142 perpetrata,
1175 5073 1238 5125 ut
1260 5069 1503 5141 amplius
1523 5086 1694 5141 quam
1719 5069 1874 5123 mille
1902 5069 2162 5124 homines

534 5164 649 5218 sint
677 5163 990 5235 prostrati?
1014 5163 1243 5220 Talibus
1280 5168 1472 5218 autem
1512 5164 1701 5218 favere
1733 5162 1870 5233 quid
1902 5162 2053 5217 aliud
2079 5165 2164 5217 est

535 5275 706 5330 quam
734 5257 1036 5312 sceleribus
1067 5274 1267 5313 eorum
1292 5256 1653 5313 consentire?
1680 5273 1809 5311 cum
1836 5272 1994 5310 sacra
2022 5255 2164 5311 Scri-

535 5360 701 5424 ptura
742 5351 1054 5423 prohibeat,
1086 5352 1277 5407 dicens
1306 5372 1319 5408 :
1358 5374 1384 5402 ‹‹
1412 5354 1531 5407 Non
1566 5352 1751 5406 solum
1783 5349 1876 5421 qui
1927 5349 2160 5419 faciunt,

533 5445 836 5518 culpabiles
886 5445 1155 5514 existunt,
1188 5447 1287 5501 sed
1324 5446 1494 5502 etiam
1534 5445 1633 5516 qui
1677 5441 2041 5498 consentiunt
2077 5442 2159 5496 fa-

534 5541 811 5596 cientibus
841 5543 1006 5608 (Rom.
1035 5557 1075 5606 ι,
1105 5541 1213 5609 32).
1250 5561 1276 5590 »
1307 5539 1530 5596 Talibus
1569 5538 1723 5592 enim
1759 5553 1854 5591 vos
1892 5536 2160 5592 obsistere

535 5634 667 5690 totis
698 5634 907 5690 viribus
937 5636 1182 5706 oportet,
1217 5650 1288 5689 ne
1321 5632 1689 5688 involvamini
1716 5632 1774 5686 in
1803 5630 2047 5703 peccatis
2072 5647 2163 5686 eo-

530 5745 682 5794 rum,
711 5736 766 5783 et
790 5728 1441 5784 excommunicationem
1484 5743 1680 5782 eorum
1715 5743 1784 5781 ne
1821 5724 2160 5797 suscipiatis.

528 5820 683 5901 Tales
714 5821 866 5876 enim
907 5840 935 5875 a
969 5822 1124 5878 vobis
1162 5824 1350 5894 procul
1394 5822 1639 5894 abjicite,
1673 5837 1744 5877 ne
1777 5824 2005 5893 propter
2029 5820 2154 5880 ani-

2262 4602 2414 4656 tione
2449 4599 2562 4654 sint
2602 4599 2832 4670 mortui,
2869 4605 2924 4655 et
2963 4616 3077 4655 non
3117 4600 3308 4655 solum
3348 4600 3468 4655 haec
3511 4613 3605 4670 per
3640 4605 3762 4655 eum,
3785 4587 3821 4640 εί

2263 4698 2497 4766 propter
2523 4711 2656 4749 eum
2686 4697 2820 4748 sunt
2846 4699 3092 4766 peracta,
3120 4694 3221 4749 sed
3262 4694 3436 4750 etiam
3462 4691 3676 4766 quidam
3697 4683 3820 4752 alam

2265 4788 2412 4842 dicto
2454 4788 2766 4843 Athanasio
2814 4788 2944 4843 caesi
2980 4787 3271 4858 judicibus
3313 4788 3574 4843 dicuntur
3602 4796 3702 4839 esse
3721 4790 3819 4831 con-

2264 4882 2474 4951 traditi,
2504 4881 2627 4936 haec
2656 4887 2712 4937 et
2738 4881 2844 4935 alia
2882 4881 3327 4936 innumerabilia
3365 4885 3495 4936 sunt
3519 4879 3584 4934 ab
3620 4893 3695 4941 eo,
3719 4868 3822 4926 suis-

2264 4992 2374 5048 que
2397 4976 2728 5047 sequacibus
2754 4975 3118 5046 impudenter
3137 4979 3487 5047 perpetrata,
3514 4987 3643 5045 quos
3666 4975 3825 5023 excom-

2265 5069 2584 5124 municatos
2599 5069 2986 5124 communioni
3003 5072 3065 5123 ut
3076 5068 3418 5136 audivimus,
3430 5071 3619 5124 contra
3629 5058 3824 5132 regulam

2264 5163 2323 5218 in
2345 5162 2749 5218 contumeliam
2771 5162 3030 5218 omnium
3054 5162 3420 5218 orientalium
3452 5158 3695 5216 sociastis.
3712 5154 3822 5208 Prm-

2263 5257 2378 5312 fato
2407 5257 2595 5328 itaque
2639 5255 2846 5310 debitae
2888 5255 3240 5312 salutationis
3272 5256 3462 5311 ofﬁcio
3490 5254 3700 5326 propter
3720 5238 3826 5298 beati

2263 5351 2412 5404 Petri
2442 5351 2718 5405 honorem
2752 5349 3011 5422 impenso
3038 5351 3416 5422 postulamus,
3444 5353 3506 5404 ut
3529 5346 3759 5412 deinceps
3776 5331 3825 5387 ad

2264 5449 2478 5499 vestras
2508 5445 2638 5499 hinc
2671 5444 2960 5500 venientes
2989 5461 3175 5512 aures,
3202 5461 3322 5499 non
3361 5447 3479 5498 tam
3510 5440 3656 5495 facile
3677 5429 3826 5490 admit-

2264 5538 2413 5604 tatis,
2437 5555 2621 5609 neque
2647 5556 2679 5591 a
2705 5537 2866 5592 nobis
2890 5537 3414 5593 excommunicatos
3433 5535 3580 5590 ultra
3597 5525 3748 5585 velitis
3762 5535 3826 5575 ex-

2263 5632 2470 5704 cipere,
2495 5649 2568 5687 ne
2595 5649 2880 5687 canonum
2908 5637 3355 5703 transgressores
3385 5621 3740 5685 inveniamini.
3758 5612 3825 5669 Sed

2263 5725 2461 5797 magis,
2495 5727 2649 5780 salva
2674 5727 2923 5781 fraterna
2947 5725 3237 5785 charitate,
3267 5729 3518 5779 erratum
3546 5721 3646 5776 hoc
3682 5715 3734 5768 in
3753 5725 3824 5781 Ρο-

2262 5823 2474 5879 sterum
2515 5819 2748 5878 minime
2788 5819 3103 5894 patiamini,
3144 5825 3200 5878 et
3243 5815 3575 5890 subscriptio
3610 5810 3824 5868 orantem
