3946 6180
134 288 214 338 625
1324 275 1795 338 DECRETALIUM
1833 280 2224 337 COLLECTIO.
3344 288 3445 344 626

130 409 212 464 pro
234 389 378 446 nobis
401 389 775 459 apostolatum
802 392 1048 444 vestrum
1079 389 1353 446 Dominus
1379 407 1498 446 aevo
1522 392 1705 446 custo-
1730 399 1791 474 Α
1812 389 2709 461 git,quemadmoduminnocens
2732 396 2792 447 ut
2808 392 3146 462 absolvatur,
3166 395 3445 466 requirit;

132 487 229 540 diat
252 482 509 552 longiore,
538 481 865 538 beatissime
895 484 1081 539 Pater.
1110 487 1312 541 Amen.
1813 500 1917 540 nec
1942 483 2259 554 suspicione
2291 487 2464 553 caret,
2510 485 2610 557 qui
2654 485 2831 542 alium
2871 487 3168 542 calumniis
3209 488 3449 560 deroget

127 603 414 671 Rescripta":
437 599 574 654 Julii
589 614 752 669 papa
775 604 962 654 contra
987 601 1288 657 Orientales
1323 617 1422 673 pro
1459 602 1708 659 Athana-
1811 577 1950 673 falsa
1977 577 2208 645 dixisse,
2238 595 2369 633 cum
2406 579 2526 673 ipse
2555 579 2625 634 ad
2647 580 2932 651 judicium
2970 585 3034 636 ut
3072 582 3278 654 probet
3316 600 3446 656 quae

688 673 767 725 sio
794 675 846 726 et
879 673 1100 727 ceteris.
1324 671 1338 673 “
1814 671 2006 728 intulit
2035 675 2302 727 evocatus
2335 672 2526 728 venire
2574 673 2874 730 distulerit.
2906 675 3119 732 Vellem
3157 676 3310 732 enim
3349 693 3448 732 vos

182 768 346 823 Inuus
389 767 591 818 sanch
651 764 924 819 Romanae
972 769 1030 820 et
1075 765 1401 836 apostolicae
1451 767 1711 823 Ecclesia
1813 767 1995 839 magis
2019 766 2090 822 ad
2108 767 2230 838 jam
2258 766 2466 822 dictam
2493 768 2830 823 canonicam
2857 770 3164 826 convenire
3193 771 3445 826 vocatio-

130 857 377 932 episcopis,
413 859 660 926 Eusssxo,
686 859 988 926 Tasocmo,
1015 860 1327 927 Tnsonono,
1358 861 1633 918 Bsnmrao
1657 866 1715 918 et
1812 877 1968 930 nem,
1996 865 2061 917 ut
2086 877 2281 916 coram
2310 860 2617 916 universali
2644 861 2882 918 concilio
2915 864 3229 920 redderetis
3269 865 3443 921 ratio-

129 953 309 1008 caeteris
332 951 693 1007 orientalibus
723 953 1022 1024 episcOpis.
1815 972 1968 1025 nem,
1983 971 2084 1010 cur
2101 954 2380 1026 synodum
2399 955 2470 1009 ad
2487 958 2699 1010 statum
2731 956 3119 1025 ecclesiarum,
3136 965 3192 1013 et
3207 958 3448 1015 fratrum

177 1049 515 1102 Decueratvos
528 1046 792 1102 adversus
806 1050 1056 1103 sanctam
1070 1049 1392 1104 Romanam
1409 1049 1713 1105 Ecclesiam
1815 1050 1872 1104 in
1895 1048 2254 1105 Antiochiam
2281 1049 2750 1116 subvertendum,
2779 1053 2838 1104 et
2865 1050 3074 1106 Nicazni
3094 1052 3291 1122 magni
3323 1069 3451 1108 con-

131 1147 174 1198 et
190 1140 527 1214 apostolicam
548 1140 764 1210 limata,
791 1143 849 1197 et
873 1158 986 1196 non
1010 1141 1221 1197 ironice
1242 1142 1421 1214 loqui,
1441 1143 1714 1215 quoniam
1815 1144 1930 1199 cilii
1954 1142 2401 1199 destructionem
2428 1141 2668 1210 fecistis;
2701 1148 2799 1199 aut
2835 1160 2938 1198 cur
2964 1144 3129 1199 nobis
3166 1145 3448 1201 inconsul-

133 1242 175 1290 et
195 1235 294 1306 ipse
311 1234 582 1289 Dominus
609 1239 801 1289 noster
826 1237 988 1290 Jesus
1013 1235 1269 1291 Christus
1295 1253 1424 1291 eam
1452 1237 1717 1293 decenter
1814 1237 1886 1293 tis
1908 1237 2200 1309 episcopos
2232 1237 2290 1292 in
2318 1253 2445 1292 eam
2469 1238 2836 1304 convocastis,
2859 1237 2928 1292 ad
2949 1254 3123 1310 quam
3149 1255 3252 1294 nec
3269 1240 3449 1295 maxi-

132 1330 362 1383 allocutus
375 1327 452 1383 ait
471 1345 484 1382 :
504 1351 530 1376 α
545 1329 622 1382 Tu
643 1345 722 1397 es,
738 1328 944 1401 inquit,
960 1331 1174 1397 Petrus,
1189 1333 1246 1386 et
1261 1347 1432 1402 super
1444 1331 1594 1386 hanc
1610 1349 1712 1403 pe-
1815 1347 1944 1386 mus
1970 1330 2516 1403 Hierosolymitanus
2541 1331 2716 1400 venit,
2749 1348 2854 1386 nec
2875 1336 3070 1387 nostra
3097 1331 3356 1388 interfuit
3379 1333 3455 1388 le-

133 1428 248 1477 tram
268 1421 543 1478 aediﬁcabo
572 1423 876 1478 Ecclesiam
901 1440 1110 1491 meam,
1129 1428 1186 1479 et
1209 1429 1391 1496 portae
1416 1424 1580 1481 inferi
1601 1443 1716 1482 non
1818 1426 1968 1496 gatio
1986 1442 1999 1493 ;
2019 1423 2332 1480 canonibus
2351 1424 2632 1497 quippein
2646 1425 2874 1480 Nicaina
2893 1425 3110 1496 synodo
3119 1426 3453 1497 jubentibus

133 1516 472 1588 praevalebunt
499 1516 770 1572 adversus
797 1519 1024 1584 eam,et
1051 1517 1154 1573 tibi
1173 1517 1320 1573 dabo
1352 1517 1532 1574 claves
1551 1518 1716 1591 regni
1816 1535 1929 1574 non
1977 1518 2182 1575 debere
2223 1522 2434 1592 praeter
2476 1519 2817 1574 sententiam
2875 1519 3114 1574 Romani
3171 1520 3456 1592 pontificis

131 1610 356 1665 caelorum
389 1611 604 1678 (Matth.
637 1627 748 1680 xw,
789 1612 894 1681 18).
933 1631 960 1662 υ
989 1611 1167 1666 Habet
1194 1611 1349 1668 enim
1374 1615 1716 1684 potestatem
1814 1613 1932 1667 ullo
1961 1612 2133 1668 modo
2161 1613 2400 1668 concilio
2425 1612 2719 1678 celebrari,
2760 1629 2866 1668 nec
2896 1613 3190 1686 episcopos
3216 1615 3452 1670 damna-

130 1704 358 1775 singulari
381 1704 682 1776 privilegio
728 1704 835 1759 sibi
875 1721 1196 1760 concessam
1225 1705 1449 1778 aperire
1475 1710 1531 1762 et
1558 1708 1712 1762 clau-
1734 1771 1780 1778 _
1818 1705 1887 1772 ri,
1915 1709 2013 1761 aut
2032 1722 2136 1760 cur
2159 1706 2218 1761 in
2240 1706 2642 1777 praedictorum
2665 1706 2789 1760 loco
2816 1707 3060 1761 fratrum
3080 1707 3222 1763 alios
3245 1708 3458 1764 adulte-

131 1797 236 1852 dere
254 1798 443 1868 januas
479 1798 646 1870 regni
677 1797 916 1854 caelestis
944 1799 1147 1871 quibus
1173 1800 1438 1855 voluerit.
1486 1801 1626 1856 Nam
1670 1771 1792 1856 siB
1818 1817 1910 1854 ros
1941 1800 2206 1871 posuistis
2235 1805 2542 1872 antequam
2567 1816 2744 1871 penes
2772 1817 2894 1866 nos,
2927 1805 3028 1856 aut
3061 1802 3458 1872 apocrisiarios

129 1891 169 1945 ei
194 1891 467 1947 detrahere
501 1909 629 1964 qua!
653 1892 875 1948 Domini
903 1909 1003 1948 ore
1030 1896 1250 1948 sacrata
1273 1897 1446 1965 atque
1475 1894 1718 1966 desuper
1817 1897 2037 1949 nostros
2076 1910 2276 1949 eorum
2323 1910 2491 1948 causa
2537 1893 2806 1949 canonice
2837 1899 2984 1949 esset
3025 1895 3365 1964 examinata,
3399 1896 3460 1950 li-

131 1985 327 2040 exaltata
353 1991 507 2054 sunt,
539 2003 657 2041 non
688 1986 974 2054 renuistis,
1009 2002 1114 2042 nec
1139 1986 1348 2042 mirum
1379 1987 1424 2041 si
1447 1988 1718 2043 fratribus
1818 2003 2065 2059 nemque
2110 1987 2429 2059 perciperet
2471 1991 2710 2043 rectum.
2757 1987 2850 2042 lsti
2897 1987 3051 2042 enim
3093 1988 3191 2059 qui
3236 1989 3308 2042 ad
3335 2005 3454 2044 me-

129 2078 323 2149 injurias
349 2079 609 2152 irrogare
639 2080 880 2136 minime
906 2080 1151 2149 cessatis,
1171 2081 1324 2136 unde
1343 2081 1468 2152 jam
1497 2081 1719 2138 silentio
1821 2080 2013 2154 154
2055 2084 2337 2136 moratam
2369 2082 2712 2153 regulariter
2741 2097 2947 2136 venere
2977 2081 3336 2137 vocationem
3371 2082 3456 2138 vi-

130 2189 221 2227 non
241 2177 503 2245 teguntur
543 2191 671 2246 qum
719 2179 903 2230 vestro
957 2174 1015 2229 in
1068 2174 1306 2230 concilio
1365 2175 1722 2232 turbulenter
1821 2175 2022 2230 dentes
2049 2192 2148 2230 vos
2175 2192 2208 2230 a
2233 2175 2522 2247 praedictis
2566 2175 2903 2231 subtrahere
2946 2175 3249 2230 calumniis
3275 2176 3456 2232 multa

127 2270 263 2338 atque
287 2285 405 2322 cum
443 2272 794 2339 tempestate
837 2268 1065 2323 decreta
1093 2273 1244 2324 sunt.
1287 2270 1540 2342 Apparet
1565 2270 1718 2325 enim
1823 2269 2090 2324 adversus
2133 2286 2230 2324 vos
2271 2269 2663 2341 lacrymabilia
2685 2273 2743 2324 et
2769 2269 3056 2324 doloribus
3100 2271 3270 2341 plena
3309 2271 3456 2324 refe-

127 2361 352 2430 qnoniam
381 2361 732 2418 tumultuosa
757 2361 1269 2434 indisciplinatione
1295 2363 1497 2418 veritas
1525 2368 1611 2419 est
1627 2381 1724 2436 op-
1823 2367 1959 2418 runt
1985 2369 2308 2418 accusantes
2333 2379 2450 2430 vos,
2480 2368 2536 2418 et
2560 2363 2816 2419 dicentes
2846 2365 3024 2418 multa
3053 2379 3112 2419 se
3139 2363 3463 2434 importabi-

129 2471 299 2525 pressa,
332 2455 493 2511 vobis
521 2457 733 2528 quippe
777 2455 1332 2512 inconsiderantibus
1367 2473 1493 2528 quae
1540 2458 1726 2528 placet
1823 2457 1895 2512 lia
1925 2474 1957 2511 a
1981 2457 2137 2512 vobis
2161 2474 2281 2512 esse
2309 2473 2532 2528 passos.
2559 2459 2664 2512 Vos
2693 2473 2830 2528 ergo
2858 2456 3212 2529 refugientes
3242 2458 3458 2525 venire,

132 2548 219 2602 Deo
245 2554 461 2621 propter
479 2550 677 2621 jurgia
696 2566 824 2621 quas
856 2554 1054 2606 contra
1073 2549 1361 2622 proximos
1381 2554 1595 2606 vestros
1620 2551 1722 2605 ha-
1825 2550 2059 2622 illosque
2090 2554 2517 2622 perseverantes
2567 2550 2623 2604 in
2671 2567 2803 2605 vera
2841 2551 3080 2618 ratione,
3110 2551 3338 2622 suisque
3369 2567 3459 2605 ca-

130 2641 265 2708 betis,
309 2649 361 2699 et
399 2647 534 2699 vota
581 2646 763 2699 vestra
811 2642 1158 2700 inevitabilia
1202 2660 1325 2700 esse
1367 2644 1722 2711 contenditis,
1825 2643 2056 2699 lumniis
2095 2644 2490 2713 reclamantes,
2520 2660 2695 2715 super
2723 2643 2928 2716 quibus
2974 2648 3033 2698 et
3068 2644 3463 2716 Egyptiorum

133 2736 210 2790 sed
241 2737 336 2793 erit
363 2755 505 2810 opus
550 2737 755 2794 divinae
794 2737 1184 2810 providentiae,
1212 2741 1498 2809 quatenus
1525 2755 1557 2793 e
1585 2754 1723 2794 con-
1827 2738 2072 2810 episcopi
2122 2737 2324 2793 litteris
2352 2737 2512 2792 nobis
2541 2737 2730 2792 missis
2761 2741 3157 2809 protestantur
3181 2737 3296 2791 suis
3327 2737 3465 2792 falsa

132 2831 274 2886 trario
300 2835 489 2902 aperte
521 2832 876 2904 deprehensa
915 2832 1134 2904 possint
1173 2831 1446 2900 enarrari,
1487 2836 1544 2888 et
1571 2831 1729 2905 qhid-
1829 2848 1950 2886 esse
1981 2831 2080 2904 qui
2105 2834 2303 2887 contra
2331 2830 2701 2886 Athanasium
2729 2848 2970 2902 suosque
3004 2835 3306 2886 sectatores
3340 2847 3462 2885 ma-

132 2923 239 2992 quid
263 2925 369 2980 illic
394 2926 795 2981 convenientes
821 2925 935 2980 sive
969 2925 1222 2998 qualibet
1241 2926 1442 2997 gratia,
1475 2925 1606 2982 odio
1631 2927 1730 2980 aut
1829 2926 2134 2981 chinantur
2154 2927 2356 2981 cuncta
2373 2924 2715 2980 Arianorum
2738 2924 3060 2980 machinata
3077 2923 3464 2997 blasphemiis.

134 3016 512 3075 inimicitiarum
537 3036 732 3075 causas
763 3019 1010 3091 gessistis
1038 3018 1296 3076 funditus
1321 3019 1541 3091 repelli.
1577 3020 1724 3085 Qua-
1828 3019 2055 3075 Talibus
2083 3035 2335 3092 namque
2361 3018 2658 3088 figmentis
2699 3018 2877 3091 liquet
2903 3035 2996 3074 eos
3039 3035 3158 3074 esse
3203 3017 3464 3090 inculpa-

131 3118 327 3182 pmpter
348 3131 474 3169 cum
509 3113 671 3170 omni
698 3113 1057 3170 festinatione
1099 3130 1199 3168 vos
1242 3130 1441 3170 omnes
1468 3113 1540 3169 ad
1560 3113 1730 3184 hujus
1749 3143 1804 3218 Ο
1829 3113 1968 3168 biles
1997 3130 2202 3186 vosque
2243 3112 2575 3183 culpabiles,
2620 3111 2754 3184 quia
2782 3112 2827 3167 si
2853 3112 2922 3167 de
2948 3129 3080 3167 vera
3107 3111 3468 3166 confideretis

134 3209 307 3261 sanctis
332 3209 475 3264 sedis
506 3208 890 3264 reverentiam
909 3208 1034 3264 volo
1056 3224 1418 3275 concurrere,
1449 3211 1728 3280 quatenus
1757 3205 1804 3218 “
1828 3207 2170 3273 innocentia,
2210 3207 2368 3261 nullo
2419 3207 2589 3261 modo
2625 3223 2658 3260 a
2699 3207 2823 3276 jam
2866 3206 3016 3261 dicta
3063 3222 3159 3259 vos
3195 3205 3468 3260 canonica

137 3302 382 3366 gestorum
403 3303 559 3375 apud
581 3319 685 3358 nos
719 3301 1105 3373 integritatem
1120 3318 1226 3374 per
1239 3301 1490 3373 vosipsos
1502 3301 1730 3373 possitis
1828 3301 2241 3356 subtraheretis
2266 3299 2614 3369 evocatione,
2663 3315 2791 3371 quae
2841 3316 2956 3354 non
2988 3299 3177 3354 subito
3207 3299 3305 3353 sed
3337 3314 3465 3370 spa-

134 3395 416 3464 ostendere;
447 3412 587 3452 nam
627 3412 731 3451 nec
758 3395 1018 3452 dubitare
1040 3412 1138 3452 vos
1161 3396 1328 3452 credo
1355 3395 1729 3451 Athanasium
1828 3395 1972 3456 tiose
2016 3394 2348 3449 denuntiata
2379 3397 2484 3462 est,
2538 3393 2636 3448 sed
2681 3392 2836 3448 omni
2885 3392 3158 3447 subducta
3200 3391 3470 3462 apologia

136 3503 276 3541 sacrae
305 3489 440 3561 legis
471 3491 764 3546 doctorem
791 3506 906 3545 non
944 3491 1127 3546 solum
1156 3507 1190 3544 a
1214 3489 1403 3557 nobis,
1433 3489 1530 3544 sed
1557 3489 1732 3544 etiam
1829 3489 2040 3560 absque
2067 3487 2384 3543 tardatione
2412 3487 2624 3554 venire,
2653 3491 2710 3541 et
2741 3501 2934 3540 causas
2965 3485 3204 3539 reddere
3231 3485 3466 3539 festina-

133 3597 158 3632 ἃ
179 3582 377 3639 Nicena
391 3585 611 3657 synodo
626 3601 773 3640 verae
800 3583 931 3640 fidei
956 3585 1235 3640 cultorem
1263 3599 1382 3638 esse
1401 3583 1733 3654 comproba-
1830 3581 1984 3638 retis.
2033 3581 2247 3647 Quibus
2291 3581 2368 3636 ita
2413 3580 2586 3652 gestis
2634 3579 2828 3651 scripsi
2871 3579 3050 3645 vobis,
3097 3582 3155 3633 et
3204 3577 3472 3633 omnibus

134 3679 249 3742 tum,
272 3678 381 3749 qui,
410 3679 681 3735 defuncto
700 3677 1015 3733 Alexandro
1045 3677 1296 3734 mirabili
1327 3693 1463 3732 sene
1492 3675 1589 3748 qui
1613 3675 1731 3731 Arii
1832 3676 1931 3747 qui
1971 3674 2030 3730 in
2077 3674 2440 3731 Antiochiam
2479 3677 2679 3728 contra
2717 3672 3081 3745 apostolicam
3117 3671 3473 3727 canonicam-

135 3775 472 3838 prostraverat
494 3772 910 3844 blasphemias,
944 3776 1071 3844 post
1096 3771 1351 3844 quinque
1382 3787 1608 3826 menses
1636 3769 1729 3827 Ni-
1831 3785 1943 3841 que
1972 3767 2226 3840 regulam
2272 3767 2436 3822 nobis
2467 3767 2803 3822 inconsultis
2843 3763 3079 3820 fueratis
3107 3764 3467 3836 congregati,

135 3864 251 3918 cani
271 3866 1019 3922 conciliiAlexaudrinorum
1034 3865 1294 3922 Ecclesiae
1313 3863 1558 3936 suscepit
1581 3880 1730 3936 pras-
1831 3878 2077 3934 arguens
2106 3877 2202 3916 vos
2226 3861 2480 3933 primum
2520 3860 2592 3915 de
2621 3859 2848 3931 injuriis
2886 3859 3232 3923 litterarum,
3262 3856 3470 3912 deinde

135 3959 364 4027 sulatum,
391 3961 665 4016 adversus
694 3976 867 4032 quem
918 3959 1156 4032 ejusque
1199 3961 1506 4015 sectatores
1549 3958 1736 4014 multa
1835 3973 1936 4012 cur
1963 3956 2339 4010 Athanasium
2377 3970 2618 4026 suosque
2658 3956 3068 4008 consectatores
3106 3952 3178 4006 ad
3219 3954 3471 4006 vestrum

137 4053 390 4110 mendacia
426 4059 707 4123 texentes,
737 4057 794 4110 et
833 4053 1017 4110 nudas
1046 4053 1205 4108 valde
1234 4053 1543 4108 calumnias
1574 4052 1734 4125 quasi
1835 4049 2136 4105 concilium
2171 4047 2601 4112 convocassetis,
2647 4045 2977 4115 canonibus,
3009 4045 3242 4113 scilicet,
3269 4043 3471 4115 preci-

136 4146 1608 4222 verasaccnsationescomponentes,nobismultorum
1621 4162 1736 4200 ma-
1834 4143 2122 4216 pientibus
2147 4143 2292 4198 nihil
2321 4147 2482 4197 extra
2511 4143 2834 4196 Romanum
2856 4139 3084 4195 decerni
3113 4137 3470 4210 pontiﬁcem,

137 4236 290 4294 lorum
313 4258 440 4298 eum
479 4259 732 4309 causam,
782 4245 840 4297 et
886 4245 1056 4312 caput
1099 4256 1222 4296 esse
1258 4239 1646 4311 perhibuistis,
1680 4245 1738 4294 et
1835 4237 1926 4292 cui
1967 4238 2089 4293 haec
2127 4242 2184 4292 et
2209 4237 2432 4308 majora
2457 4235 2821 4291 ecclesiarum
2846 4233 3079 4305 negotia
3106 4238 3222 4288 tam
3251 4232 3322 4286 ab
3350 4231 3474 4302 ipso

137 4347 227 4388 non
248 4335 416 4391 solum
450 4335 607 4408 apud
637 4337 969 4407 Egyptum,
999 4334 1096 4390 sed
1114 4333 1286 4389 etiam
1316 4333 1468 4405 apud
1495 4332 1738 4388 Palassti-
1836 4331 2093 4398 Domino,
2147 4347 2323 4402 quam
2363 4330 2433 4385 ab
2464 4329 2730 4384 omnibus
2772 4327 3169 4383 universorum
3217 4325 3477 4381 concilio-

139 4440 264 4493 nam,
299 4434 350 4484 et
379 4428 711 4487 Phoenicem
757 4428 1081 4499 vicinasque
1127 4430 1328 4500 gentes
1371 4425 1592 4498 scriptis
1637 4442 1735 4480 ve-
1839 4441 1966 4478 rum
1991 4424 2258 4480 fratribus
2288 4423 2518 4496 speciali
2547 4424 2630 4493 (ut
2648 4423 2771 4494 jam
2799 4422 3016 4477 dictum
3043 4420 3144 4490 est)
3176 4417 3476 4491 privilegio

139 4520 241 4574 stris
266 4523 413 4578 illum
440 4522 903 4595 perturbatorem
933 4538 1052 4576 esse
1078 4519 1459 4592 signiﬁcastis.
1500 4521 1623 4584 Qua
1668 4519 1738 4574 de
1757 4516 1816 4590 D
1838 4517 2158 4572 contradita
2181 4523 2331 4572 sunt.
2362 4516 2530 4571 Vobis
2554 4533 2687 4571 vero
2717 4514 3141 4586 refugientibus
3171 4517 3230 4567 et
3252 4511 3324 4566 ad
3347 4527 3478 4565 con-

141 4627 186 4662 re
207 4616 626 4673 ecclesiasticam
654 4619 956 4688 sequentes
985 4615 1266 4686 regulam,
1297 4630 1393 4670 vos
1417 4615 1614 4669 Romae
1644 4629 1736 4668 re-
1837 4610 2033 4666 cilium
2083 4609 2252 4666 toties
2316 4610 2635 4665 convocatis
2699 4608 2898 4663 adesse
2965 4605 3309 4662 nolentibus.
3367 4603 3479 4658 Illis

141 4708 376 4773 gulariter
402 4712 474 4766 ad
495 4710 780 4782 judicium
828 4709 920 4764 die
966 4711 1179 4764 statuta
1206 4725 1321 4766 non
1353 4707 1458 4763 sub
1498 4709 1739 4779 angusto
1838 4720 2065 4776 quoque
2105 4703 2165 4758 in
2212 4719 2314 4758 sua
2357 4701 2784 4769 reclamatione,
2819 4705 2877 4756 et
2908 4700 3061 4771 justa
3107 4697 3328 4754 ratione
3353 4713 3480 4769 per—

141 4802 375 4872 temporis
416 4805 607 4876 spatio
651 4805 734 4872 (ut
778 4803 1062 4858 excusatio
1094 4803 1283 4857 locum
1316 4819 1434 4857 non
1470 4801 1738 4871 inveniat)
1839 4797 2187 4864 sisteutibus,
2221 4801 2522 4866 vestraque
2565 4800 2968 4865 cognoscentes
3017 4791 3279 4859 crimina,
3315 4794 3372 4847 et
3416 4791 3480 4846 il-

139 4890 311 4950 litteris
335 4903 388 4953 et
414 4896 796 4970 apocrisiariis
826 4896 1204 4964 evocavimus,
1235 4893 1430 4966 illique
1451 4894 1742 4950 vocatione
1839 4893 2027 4947 lorum
2051 4891 2266 4962 justam
2290 4889 2683 4945 examinantes
2710 4888 3016 4954 rationem,
3041 4902 3356 4958 omnesque
3381 4901 3476 4940 eos

140 4993 362 5060 suscepta
401 4991 475 5046 ad
523 4990 674 5046 diem
720 4989 1103 5062 praestitutum
1141 5004 1372 5057 venere,
1408 4987 1510 5043 sed
1541 5004 1638 5042 vos
1669 5003 1740 5041 ne
1842 4986 2068 5040 Nicaeuo
2097 4984 2336 5039 concilio
2379 4981 2793 5055 comperientes
2824 4984 2883 5036 et
2912 4980 3118 5036 nostris
3161 4979 3512 5052 apostolicis“

139 5082 306 5136 vestris
347 5084 660 5140 mendaciis
691 5082 1061 5155 caperemini,
1107 5085 1410 5153 vestraque
1457 5080 1744 5136 calumnia
1834 5078 2182 5150 jussionibus
2211 5078 2692 5148 obtemperantes,
2738 5075 2921 5130 visum
2951 5079 3036 5130 est
3063 5074 3226 5130 nobis
3253 5090 3318 5129 ac
3347 5072 3480 5128 uni-

141 5175 474 5247 cnudaretur,
504 5177 698 5233 venire
727 5177 1038 5233 distulistis.
1085 5177 1198 5232 Nec
1241 5175 1330 5231 his
1364 5173 1740 5230 machinatio-
1842 5189 2003 5227 verso
2033 5171 2288 5237 concilio,
2318 5174 2382 5225 ut
2406 5187 2508 5225 nos
2535 5169 2740 5224 divinis
2785 5168 3108 5240 praeceptis,
3153 5171 3211 5223 et
3251 5170 3478 5237 aposto-

143 5267 281 5322 nibus
308 5271 671 5328 solummodo
703 5271 959 5326 contenti
988 5269 1142 5339 estis,
1170 5269 1268 5324 sed
1291 5269 1462 5324 etiam
1488 5267 1744 5323 videntes
1843 5265 1965 5321 licis
1992 5264 2224 5320 monitis
2244 5263 2557 5331 informati,
2575 5262 2676 5334 qui
2695 5279 2800 5334 pro
2829 5263 3088 5317 omnium
3110 5259 3478 5315 ecclesiarum

142 5374 250 5414 oves
274 5366 589 5433 pastoribus
615 5365 892 5420 desolatas
915 5365 1080 5435 lupos
1107 5379 1211 5435 pro
1234 5361 1551 5434 pastoribus
1575 5377 1746 5432 super
1844 5364 1992 5415 statu
2021 5359 2271 5430 impigro
2285 5357 2517 5430 vigilare
2543 5356 2815 5412 debemus
2836 5356 3060 5420 effectu,
3092 5353 3138 5407 si
3165 5351 3479 5423 quidquam

143 5458 514 5526 easposuistis.
547 5459 814 5514 Decuerat
853 5473 990 5530 ergo
1032 5461 1097 5513 ut
1139 5456 1210 5512 ad
1238 5456 1566 5527 regularem
1593 5454 1748 5510 venio
1845 5451 2277 5524 reprehensioni
2326 5467 2568 5522 usquam
2616 5449 2906 5505 invenitur
2957 5444 3268 5502 obnoxium
3310 5440 3480 5497 celeri

143 5547 256 5601 retis
281 5551 760 5621 convocationem,
791 5551 1039 5624 qualiter
1078 5551 1150 5606 de
1195 5550 1284 5606 his
1307 5554 1364 5606 et
1387 5549 1458 5604 de
1485 5548 1608 5603 aliis
1645 5563 1744 5602 ve-
1846 5545 2228 5602 sollicitudine
2276 5545 2346 5599 ab
2398 5543 2740 5615 ignorantiae
2783 5539 3066 5611 inperitia,
3113 5539 3212 5592 aut
3261 5553 3296 5590 a
3335 5550 3482 5606 pras-

143 5640 252 5695 stris
274 5645 810 5718 prmsumptionibus
852 5661 1046 5701 veram
1079 5643 1390 5700 redderetis
1419 5641 1699 5697 rationem
1729 5657 1743 5696 :
1844 5639 2185 5711 sumptionis
2225 5637 2596 5711 usurpatione
2626 5649 2972 5692 revocemus.
3005 5631 3100 5685 His
3127 5629 3319 5684 taliter
3343 5643 3480 5682 con-

144 5735 391 5802 quoniam
418 5743 741 5798 occurreret
784 5739 1008 5806 veritas,
1056 5738 1101 5793 si
1145 5737 1356 5793 falsitas
1383 5736 1743 5807 displiceret;
1849 5733 2106 5790 sideratis
2151 5737 2323 5806 atque
2366 5731 2623 5788 discretis
2655 5732 2927 5798 tauquam
2973 5723 3236 5779 omnium
3281 5737 3480 5777 curam

145 5831 194 5881 ct
217 5831 392 5889 nullus
409 5832 652 5904 dubitat,
669 5833 901 5908 quotita
916 5832 1198 5908 judicium
1227 5846 1435 5888 nocens
1455 5829 1743 5888 subturfu-
1849 5830 2135 5900 gerentes,
2169 5831 2400 5902 propter
2426 5823 2575 5885 sedis
2600 5819 2844 5897 propria:
2871 5817 3206 5892 dignitatem
3223 5816 3484 5890 suscepi-
