3946 6180
512 291 610 345 627

1405 285 1686 341 APPEND.
1727 285 1813 340 AD
1853 285 2011 340 S.EC.
2054 285 2140 339 1X.
2176 313 2243 322 -—-
2281 281 2528 338 lSlDORl
2569 283 2992 338 MERCATORIS
3702 291 3780 345 628

509 413 635 451 mus
667 412 760 450 eos
803 394 862 448 in
908 396 1401 461 communionem,
1444 393 1800 465 singulisque
1843 410 1971 448 cum
2024 393 2140 447 suis
2162 405 2313 476 Avu
2343 409 2472 463 que,
2503 398 2557 446 et
2579 409 2652 461 ix,
2683 408 2747 444 ac
2775 408 2848 459 LI,
2882 407 2973 457 LII,
3007 407 3124 459 Lm,
3155 407 3260 459 Liv,
3296 408 3375 458 Lv,
3406 407 3520 461 Lvn,
3555 409 3678 462 LVIII,
3701 413 3783 462 ιιι,

509 489 845 545 auctoritate
880 488 1050 558 hujus
1082 491 1292 542 sanctae
1321 487 1468 542 sedis
1498 487 1687 554 rebus,
1718 487 1978 558 proprias
2004 487 2138 540 red-

512 583 762 637 didimus
783 581 1069 649 ecclesias,
1089 582 1359 653 quoniam
1381 581 1514 635 huic
1535 585 1744 636 sanctae
1770 581 1887 636 sedi
1912 586 2146 651 propter

509 694 814 748 pravorum
832 677 1137 732 hominum
1156 675 1390 730 insidias
1406 675 1527 747 ipso
1547 676 1787 730 Domino
1817 671 2144 728 instituente

511 775 568 826 et
625 772 832 826 sanctis
887 771 1157 842 apostolis
1204 786 1521 842 eorumque
1579 768 1992 823 successoribus
2042 785 2146 839 per

511 866 737 936 singula
788 865 1026 920 concilia
1084 864 1478 918 roborantibus
1533 864 1640 917 hoc
1691 878 1917 933 semper
1965 862 2143 928 licuit,

511 959 813 1030 licebitque
858 960 1100 1013 Domino
1142 959 1449 1013 auxiliante
1492 957 1550 1011 in
1590 961 1948 1028 perpetuum.
1983 956 2144 1010 Unde

515 1054 610 1124 qui
636 1069 693 1107 se
724 1053 827 1107 scit
855 1053 977 1106 aliis
1003 1070 1124 1107 esse
1159 1052 1552 1123 praepositum,
1587 1067 1706 1105 non
1733 1049 1972 1104 moleste
2001 1049 2148 1103 ferat

511 1149 761 1219 aliquem
820 1147 926 1200 sibi
983 1163 1104 1201 esse
1161 1147 1494 1217 praelatum,
1554 1146 1651 1200 sed
1701 1142 2146 1216 temperantiam

512 1257 683 1314 quam
731 1241 801 1294 ab
850 1241 974 1294 aliis
1022 1240 1263 1312 requirit
1309 1240 1502 1310 gratis,
1556 1245 1611 1293 et
1668 1240 1788 1310 ipse
1838 1237 2143 1307 dependat.

513 1338 874 1406 Quapropter
902 1334 1248 1404 increpando
1281 1333 1434 1387 vobis
1462 1332 1666 1398 scribo,
1697 1332 1828 1404 quia
1851 1348 1968 1386 non
2001 1336 2148 1385 recte

513 1429 792 1484 traetastis
821 1428 972 1483 viros
999 1428 1337 1500 inculpatos,
1371 1430 1426 1480 et
1446 1443 1477 1480 a
1499 1427 1658 1480 nobis
1679 1425 1914 1480 minime
1933 1425 2145 1478 exami-

516 1526 678 1578 natos
724 1523 792 1578 de
844 1523 958 1577 suis
1002 1522 1251 1576 ecclesiis
1294 1521 1692 1575 communione
1733 1520 1980 1590 privatos
2022 1517 2146 1589 pel-

517 1620 714 1684 len‘tes,
741 1621 797 1672 et
824 1615 1210 1671 ecclesiasticae
1242 1615 1550 1685 disciplina:
1576 1613 1845 1685 injuriam
1885 1613 2146 1682 irrogan-

515 1715 618 1780 tes,
649 1711 1140 1780 constitutumque
1168 1708 1378 1763 Nicaeni
1404 1709 1629 1763 concilii
1657 1707 1898 1761 minime
1928 1723 2150 1760 servan-

2247 504 2334 555 LX,
2370 503 2476 552 le,
2508 503 2659 555 LXIII,
2701 502 2842 542 LXVI.

2321 582 2388 634 Ut
2415 597 2617 634 omnes
2647 579 2896 650 episcopi
2926 579 3025 649 qui
3051 579 3109 633 in
3139 579 3462 649 quibusdam
3502 582 3789 652 gravioribus

2245 675 2544 746 pulsantur
2585 675 2670 727 vel
2725 673 3103 727 criminantur
3145 672 3338 740 causis,
3382 675 3577 743 quoties
3612 692 3789 731 necesse

2245 768 2416 822 fuerit
2443 767 2618 822 libere
2645 767 3013 838 apostolicam
3043 767 3330 837 appellent
3367 767 3560 834 sedem,
3585 771 3722 839 atque
3740 771 3790 823 ad

2248 879 2373 915 eam
2401 862 2560 932 quasi
2601 861 2672 915 ad
2712 865 2958 915 matrem
3001 859 3348 929 confugiant,
3389 863 3446 912 ut
3479 859 3542 913 ab
3577 877 3648 926 ea,
3688 863 3794 915 sicut

2247 972 2471 1026 semper
2517 956 2640 1023 fuit,
2699 956 2786 1026 pie
2831 952 3156 1019 fulciantur,
3203 953 3578 1020 defendantur,
3611 958 3657 1008 ct
3686 955 3796 1008 libe-

2246 1053 2465 1104 rentur.
2517 1049 2688 1119 Cujus
2747 1047 3133 1119 dispositionis
3180 1063 3372 1101 omnes
3408 1048 3626 1118 majores
3658 1049 3794 1102 eccle-

2247 1143 2497 1196 siasticas
2524 1159 2718 1196 causas
2743 1148 2796 1195 et
2825 1141 3218 1212 episcoporum
3239 1141 3448 1211 judicia
3473 1142 3678 1211 antiqua
3701 1158 3799 1211 apo.

2248 1236 2522 1290 stolorum
2582 1251 2894 1306 eorumque
2943 1251 3325 1289 successorum
3371 1238 3528 1306 atque
3571 1250 3798 1288 canonum

2249 1330 2554 1384 auctoritas
2583 1329 2908 1384 reservavit.

2321 1423 2605 1488 Quoniam
2646 1424 2950 1494 culpantur
2980 1422 3232 1494 episcopi
3269 1421 3365 1493 qui
3401 1421 3552 1475 aliter
3585 1437 3697 1492 erga
3725 1421 3801 1474 fra-

2247 1523 2363 1572 tres
2389 1517 2634 1588 egerint,
2664 1533 2834 1588 quam
2865 1517 3117 1587 ejusdem
3154 1516 3302 1570 sedis
3322 1531 3475 1586 papae.
3493 1514 3603 1569 ﬁeri
3621 1515 3800 1585 placue-

2248 1613 2341 1666 rit.
2373 1611 2604 1677 Placuit,
2637 1616 2703 1665 ut
2728 1615 3019 1664 accusatus
3050 1611 3136 1664 vel
3161 1609 3447 1680 judicatus
3476 1626 3508 1662 ο.
3547 1609 3799 1678 provincia-

2249 1710 2394 1764 libus
2422 1710 2478 1764 in
2506 1709 2699 1780 aliqua
2739 1724 2903 1762 causa
2933 1708 3230 1778 episcopus
3253 1707 3483 1761 licenter
3522 1707 3742 1776 appellet,
3763 1714 3802 1761 et

515 1779 617 1871 tes,
649 1805 781 1859 talia
811 1803 1232 1875 indisciplinate
1276 1819 1446 1873 agere
1487 1819 1600 1856 non
1638 1800 2007 1856 formidastis.
2056 1800 2146 1853 Id-
2173 1779 2225 1851 Β
2249 1805 2417 1859 adeat
2435 1803 2758 1876 apostolica!
2786 1803 2932 1857 sedis
2948 1802 3304 1872 pontiﬁcem,
3329 1800 3424 1871 qui
3443 1802 3532 1854 aut
3551 1816 3642 1870 per
3655 1805 3803 1866 se,aut

515 1898 662 1952 circo
677 1899 953 1969 quoniam
966 1897 1184 1953 dudum
1199 1896 1390 1951 venire
1403 1896 1585 1950 vocati
1599 1893 2059 1960 renuistis,modo
2075 1893 2146 1947 ad

514 1996 729 2047 certum
759 1993 929 2059 diem,
958 1991 1014 2046 id
1037 1995 1122 2044 est
1141 2007 1211 2045 xv
1231 1989 1464 2044 Kalend.
1494 1989 1790 2054 Novemb.,
1814 2004 1910 2041 vos
1936 1987 2145 2041 iterum

515 2086 852 2157 regulariter
899 2085 1102 2139 litteris
1148 2085 1447 2156 missisque
1487 2099 1810 2149 evocemus,
1851 2086 1916 2135 ut
1959 2097 2148 2135 coram

514 2180 675 2234 vobis
707 2181 1076 2234 ostendamus
1117 2195 1216 2232 nos
1237 2179 1453 2248 justam
1485 2178 1542 2230 in
1569 2193 1662 2231 eos
1691 2175 1990 2248 protulisse
2017 2191 2145 2228 sen-

516 2273 774 2340 tentiam,
809 2279 865 2326 et
895 2273 965 2326 de
1005 2277 1210 2326 castero
1254 2288 1366 2325 non
1399 2271 1531 2324 talia
1571 2288 1690 2325 esse
1729 2285 2014 2340 passuros.
2056 2270 2150 2323 Est

517 2366 733 2421 etenim
785 2366 845 2420 in
888 2365 1136 2436 antiquis
1179 2365 1438 2421 Ecclesiae
1481 2364 1704 2419 statutis
1745 2363 2036 2418 decretum
2087 2367 2150 2416 ut

514 2461 696 2514 aliena
730 2460 826 2530 qui
871 2459 1088 2513 invadit
1134 2475 1249 2513 non
1292 2462 1450 2512 exeat
1497 2457 1830 2528 impunitus,
1880 2457 1977 2509 sed
2016 2473 2146 2509 cum

516 2553 989 2624 multiplicatione
1017 2553 1293 2621 restituat,
1324 2551 1479 2606 unde
1509 2557 1566 2605 et
1593 2551 1653 2604 in
1675 2551 1979 2620 Evangelio
2007 2550 2145 2603 scri-

514 2650 683 2719 ptum
710 2649 794 2700 est
835 2663 847 2700 :
901 2646 1106 2710 «Quod
1132 2645 1177 2699 si
1205 2645 1420 2716 aliquid
1449 2643 1780 2699 defraudavi
1811 2643 1990 2697 reddo
2013 2659 2148 2712 qua-

516 2741 785 2811 druplum
809 2741 956 2810 (Luc.
983 2755 1092 2806 XIX,
1123 2743 1194 2809 8).
1228 2761 1254 2788 »
1277 2741 1339 2794 In
1361 2739 1488 2810 lege
1509 2754 1738 2809 quoque
1766 2742 1994 2791 cautum
2015 2742 2100 2791 est
2129 2753 2142 2789 :

519 2857 547 2884 ‹‹
579 2834 901 2889 Maledictus
945 2833 1130 2889 omnis
1157 2833 1256 2904 qui
1283 2833 1552 2886 transfert
1579 2831 1858 2886 terminos
1901 2829 2148 2901 proximi

517 2927 623 2995 sui,
669 2931 724 2982 et
765 2926 958 2983 dicet:
994 2928 1182 2982 omnis
1224 2927 1486 2998 populus.
1533 2928 1715 2980 Amen
1761 2926 1936 2993 (Deut.
1979 2940 2144 2991 xxvu,

521 3024 626 3092 l7).
661 3043 688 3070 ››
713 3022 900 3086 Quare
924 3021 1101 3076 miror
1120 3038 1220 3075 vos
1241 3025 1356 3074 tam
1380 3020 1619 3074 audaces
1653 3035 1775 3073 esse
1810 3023 1866 3072 et
1897 3025 2013 3072 tam
2037 3017 2144 3072 im-

516 3115 804 3186 pudenter
851 3115 1053 3187 egisse,
1091 3119 1147 3170 et
1193 3115 1471 3168 terminos
1515 3130 1580 3166 ac
1623 3113 1757 3183 jura
1799 3111 1948 3166 beati
2002 3111 2148 3166 Petri

518 3209 906 3280 apostolorum
937 3209 1209 3280 principis
1227 3207 1518 3261 invasisse.
1549 3206 1646 3261 Sui
1679 3206 1832 3259 enim
1864 3207 1944 3274 (ut
1975 3206 2145 3276 paulo

519 3303 776 3373 superius
797 3302 1232 3372 comprobatum
1263 3303 1362 3370 est)
1378 3301 1526 3371 juris
1545 3305 1686 3367 erat,
1710 3305 1773 3354 ut
1791 3299 2004 3370 absque
2026 3299 2146 3369 ejus

517 3399 727 3450 sanctae
756 3394 914 3450 Sedis
951 3395 1288 3449 auctoritate
1314 3394 1499 3447 nullus
1521 3393 1771 3460 deberet,
1794 3399 1892 3447 aut
1915 3392 2148 3447 concilia

515 3489 826 3556 celebrare,
849 3493 945 3543 aut
971 3489 1267 3559 episcopos
1292 3488 1360 3542 ad
1389 3488 1670 3558 synodum
1702 3503 2027 3553 convocare,
2057 3487 2146 3540 vel

517 3583 810 3650 damnare,
845 3599 970 3652 quae
1007 3581 1194 3636 omnia
1239 3599 1334 3635 vos
1377 3586 1660 3635 temerare
1704 3597 1819 3635 non
1855 3580 2143 3634 timuistis.

515 3675 659 3740 Quid
696 3691 833 3747 ergo
883 3682 968 3730 est
1012 3677 1166 3731 aliud
1218 3675 1348 3730 talis
1395 3675 1792 3747 praesumptio,
1841 3674 1950 3728 nisi
1996 3674 2145 3745 quod

517 3770 904 3841 apostolorum
937 3786 1250 3842 eorumque
1287 3786 1675 3824 successorum
1704 3769 1932 3824 decreta
1959 3772 2143 3822 trans-

517 3864 701 3932 gredi,
726 3867 782 3920 et
807 3865 1273 3920 maledictionem
1301 3863 1562 3936 superius
1589 3863 2060 3934 comprehensam
2088 3861 2146 3916 in

516 3959 664 4030 lege,
699 3959 932 4026 scilicet,
963 3965 1186 4013 cautam
1211 3974 1386 4029 quam
1410 3957 1595 4011 omnis
1621 3958 1870 4029 populus
1893 3973 2009 4009 uno
2027 3971 2142 4023 ore,

513 4069 877 4124 consonaque
909 4052 1279 4124 responsione
1305 4067 1408 4122 per
1436 4055 1638 4117 Amen,
1669 4051 1726 4105 id
1755 4054 1841 4104 est
1867 4049 1984 4114 fiat,
2017 4064 2146 4102 con-

515 4145 777 4212 firmavit,
808 4147 1090 4216 suscipere
1119 4162 1232 4198 non
1256 4143 1546 4198 timuistis.
1570 4145 1730 4207 Nam,
1755 4146 1819 4195 ut
1845 4157 1988 4208 reor,
2015 4142 2140 4196 tali-

515 4239 620 4292 bus
646 4239 1168 4308 transgressionum
1215 4237 1483 4290 funiculis
1533 4236 1843 4303 constricti,
1885 4239 2142 4290 nostrum

513 4348 587 4386 ne
609 4335 791 4386 vestra
809 4333 1196 4403 proderentur
1226 4331 1438 4401 flagitia
1465 4346 1703 4384 examen
1728 4329 2068 4396 deelinastis,
2091 4334 2146 4384 et

513 4425 583 4479 ad
613 4425 993 4496 supradictam
1023 4423 1376 4478 vocationem
1416 4423 1610 4477 venire
1650 4421 1966 4477 distulistis.
2000 4423 2143 4478 Sane

2245 1898 2482 1951 vicarios
2528 1913 2655 1950 suos
2681 1897 2802 1967 ejus
2841 1894 3139 1950 retractari
3173 1894 3463 1965 negotium
3487 1897 3742 1964 procuret;
3764 1897 3804 1946 et

2246 1992 2385 2045 dum
2417 1991 2618 2044 iterato
2637 1989 2854 2061 judicio
2881 1989 3138 2060 pontifex
3165 2004 3392 2042 causam
3418 2003 3564 2041 suam
3584 1990 3701 2058 agit,
3719 1987 3804 2039 nul-

2246 2085 2334 2138 lus
2365 2083 2508 2138 alius
2555 2084 2615 2138 in
2659 2083 2783 2154 ejus
2825 2084 2946 2136 loco
2995 2085 3262 2153 ponatur,
3297 2087 3393 2135 aut
3424 2081 3688 2136 ordinetur
3716 2081 3802 2150 epi-

2249 2194 2472 2248 scopus,
2501 2176 2769 2248 quoniam
2801 2191 3130 2248 quanquam
3159 2174 3695 2246 comprovincialibus
3718 2173 3803 2243 epi-

2250 2272 2432 2342 scopis
2478 2270 2744 2336 accusati,
2795 2286 3030 2324 causam
3079 2270 3366 2339 pontiﬁcis
3410 2267 3628 2323 scrutari
3665 2268 3804 2330 liceat,

2248 2382 2362 2420 non
2381 2370 2570 2419 tamen
2591 2364 2829 2420 definire
2852 2365 3173 2420 inconsulto
3201 2365 3460 2418 Romano
3476 2362 3806 2434 pontiﬁceper-

2250 2459 2484 2513 missum
2519 2463 2621 2522 est,
2673 2475 2804 2512 cum
2843 2458 3007 2512 beato
3038 2461 3200 2514 Petro
3241 2459 3496 2530 apostolo
3523 2473 3626 2511 non
3650 2456 3707 2510 ab
3728 2455 3805 2508 alio

2250 2569 2420 2623 quam
2446 2553 2516 2606 ab
2537 2553 2660 2623 ipso
2681 2552 2897 2607 dictum
2923 2552 2993 2606 sit
3019 2553 3260 2607 Domino
3285 2570 3298 2606 :
3320 2573 3348 2603 (ι
3365 2553 3693 2621 Quaecunque
3709 2549 3807 2618 liga-

2249 2647 2394 2700 veris
2455 2662 2624 2716 super
2678 2649 2910 2712 terram,
2953 2651 3120 2701 erunt
3168 2646 3348 2718 ligata
3401 2651 3455 2700 et
3507 2645 3558 2698 in
3603 2642 3741 2709 ccelis,
3771 2645 3810 2693 ct

2248 2756 2604 2811 quascunque
2637 2739 2869 2794 solveris
2891 2756 3060 2810 super
3091 2744 3330 2807 terram,
3352 2744 3515 2794 erunt
3541 2737 3697 2792 soluta
3711 2734 3808 2788 etin

2248 2827 2397 2888 caelis
2419 2833 2634 2902 (Matth.
2665 2849 2776 2902 xv},
2814 2838 2917 2904 l9).
2951 2852 2977 2884 »

2321 2928 2378 2982 Si
2409 2927 2536 2998 quis
2562 2928 2846 2998 putaverit
2875 2944 2935 2982 se
2961 2943 2993 2982 a
3023 2927 3255 2999 preprio
3289 2925 3692 2997 metropolitano
3716 2937 3806 2994 gra-

2249 3021 2366 3076 vari
2400 3021 2553 3092 apud
2585 3021 2895 3092 primatem
2922 3021 3251 3089 dioeceseos,
3271 3025 3374 3076 aut
3399 3037 3565 3092 penes
3588 3018 3810 3073 universa-

2248 3116 2315 3170 lis
2345 3115 2675 3186 apostolicae
2705 3116 2963 3170 Ecclesia:
2985 3132 3190 3187 papam
3216 3115 3523 3186 judieetur.

2319 3212 2684 3265 Accusatores
2710 3213 2767 3264 et
2791 3210 3176 3264 accusationes
3200 3227 3346 3281 quas
3373 3211 3521 3280 leges
3545 3205 3707 3262 saeculi
3726 3217 3808 3257 non

2248 3303 2548 3369 asciscunt,
2581 3307 2639 3359 et
2678 3319 2779 3356 nos
2820 3303 3173 3358 unanimiter
3199 3304 3610 3366 submovemus,
3638 3313 3720 3353 nec
3742 3296 3812 3350 ﬁat

2245 3399 2305 3452 in
2333 3396 2586 3451 districta
2615 3397 2950 3468 probatione
2982 3397 3267 3468 impietas,
3309 3413 3438 3452 cum
3462 3399 3603 3451 recta
3625 3393 3683 3447 sit
3698 3388 3808 3462 judi-

2246 3491 2317 3546 cii
2345 3492 2404 3545 in
2437 3491 2709 3545 electione
2740 3491 3041 3545 sententia.

2317 3585 2513 3639 Nullus
2537 3584 2834 3655 episcopus
2859 3585 3092 3639 alterius
3125 3585 3538 3655 parochianum
3571 3581 3815 3654 praesumat

2247 3679 2511 3745 retinere,
2541 3683 2640 3732 aut
2674 3677 2940 3732 ordinare
2970 3679 3183 3749 absque
3209 3677 3337 3749 ejus
3364 3679 3634 3732 voluntate
3660 3672 3728 3726 vel
3745 3671 3809 3741 ju-

2246 3772 2456 3842 dicare,
2491 3773 2644 3826 salva
2671 3775 2870 3826 tamen
2906 3771 2962 3826 in
2992 3772 3256 3827 omnibus
3288 3772 3584 3844 apostolica
3623 3764 3812 3822 auctori-

2251 3871 2382 3934 tate,
2423 3865 2557 3937 quia
2584 3865 2728 3920 sicut
2758 3866 2923 3920 irrita
2949 3867 3058 3920 erit
3085 3866 3208 3936 ejus
3234 3866 3536 3930 ordinatio,
3581 3864 3646 3917 ita
3680 3865 3723 3915 et
3752 3857 3808 3911 di-

2239 3959 2535 4031 judicatio,
2559 3959 2831 4030 quoniam
2857 3975 3148 4014 censemus
3161 3961 3391 4015 nullum
3413 3960 3628 4014 alterius
3638 3952 3810 4026 judicis,

2244 4053 2354 4108 nisi
2380 4053 2467 4106 sui
2493 4053 2774 4122 septentia
2799 4054 3003 4107 teneri.
3033 4054 3172 4107 Nam
3204 4054 3304 4124 qui
3333 4071 3464 4110 eum
3483 4052 3716 4107 ordinare
3729 4059 3812 4100 non

2245 4146 2430 4218 potuit
2455 4162 2562 4200 nec
2581 4145 2843 4216 judicare
2874 4146 3155 4201 ullatenus
3181 4151 3394 4217 potest.

2316 4241 2370 4297 Si
2413 4240 2538 4312 quis
2586 4255 2722 4310 erga
2767 4239 3097 4311 episcopum
3145 4241 3228 4295 vel
3277 4245 3499 4297 actores
3535 4236 3812 4298 Ecclesiase

2244 4335 2542 4406 proprium
2594 4333 2809 4388 habere
2857 4334 3162 4389 crediderit
3204 4337 3524 4407 negotium,
3566 4349 3664 4388 non
3700 4327 3815 4400 prius

2247 4429 2413 4484 adeat
2433 4428 2673 4498 judices,
2706 4442 2878 4497 quam
2928 4427 2998 4482 ad
3037 4443 3132 4482 eos
3162 4433 3424 4483 recurrat
3451 4424 3708 4484 charitatis
3729 4423 3811 4474 stu-

514 4518 878 4573 manifestum
909 4520 995 4573 est
1023 4533 1190 4571 suum
1236 4533 1334 4572 eos
1373 4516 1632 4572 conﬁteri
1662 4517 1899 4582 crimen,
1929 4517 2025 4588 qui
2054 4523 2139 4570 to-
2163 4524 2221 4595 Ι)
2245 4523 2360 4588 dio,
2417 4526 2477 4576 ut
2525 4520 2794 4575 familiari
2845 4521 3130 4592 colloquio
3174 4523 3513 4577 commoniti
3561 4537 3617 4575 ea
3661 4526 3812 4571 sanare

512 4612 617 4668 ties
647 4612 860 4668 evocati
891 4612 1103 4684 absque
1142 4610 1451 4665 inevitabili
1493 4627 1663 4664 causa
1692 4611 1881 4664 venire
1907 4610 2139 4664 distule-

498 4707 646 4773 rint,
676 4709 733 4761 et
756 4706 1040 4777 purgandi
1066 4721 1124 4759 se
1157 4704 1451 4759 voluntate
1482 4721 1596 4758 non
1638 4707 1894 4758 utuntur.
1927 4705 2067 4758 Nam
2097 4704 2143 4758 si

513 4799 584 4854 de
598 4800 795 4854 vestris
811 4800 973 4854 dictis
993 4798 1375 4865 conﬁderetis,
1391 4803 1447 4854 et
1466 4799 1524 4853 in
1548 4799 1750 4853 faciem
1765 4798 2006 4869 probare
2027 4814 2140 4852 non

511 4894 882 4949 distulissetis.
913 4894 1072 4949 Tales
1099 4893 1458 4948 insidiatores
1479 4893 1740 4964 spiritum
1768 4893 2144 4964 praevidentes

511 4988 692 5042 sancti
724 4990 918 5043 Patres
949 4988 1009 5042 in
1036 4989 1220 5042 Nicaea
1258 4988 1588 5058 congregati
1614 4987 1774 5057 leges
1800 4990 2140 5056 statuerunt,

510 5097 652 5154 quas
683 5099 930 5138 canones
957 5081 1330 5154 appellamus,
1353 5097 1425 5136 ne
1455 5081 1617 5136 facile
1651 5081 1813 5151 probi
1840 5081 1910 5134 ab
1936 5081 2144 5151 impro-

509 5176 597 5230 bis
627 5176 1056 5244 damnarentur,
1106 5194 1172 5232 ex
1219 5176 1422 5248 quibus
1470 5176 1654 5230 nullas
1699 5175 2008 5229 sententias
2056 5173 2143 5228 his

510 5270 685 5326 inseri
709 5271 1106 5342 judicavimus,
1129 5276 1194 5326 ut
1233 5275 1521 5326 tantorum
1551 5271 1782 5324 Patrum
1812 5269 2143 5322 auctoritate

507 5367 707 5421 nostra
733 5365 1102 5422 roboraretur
1132 5365 1389 5437 epistola,
1421 5367 1592 5434 atque
1623 5379 1822 5418 omnes
1847 5361 2143 5416 orientales

509 5459 624 5514 sive
645 5460 996 5532 reliquarum
1027 5459 1279 5531 partium
1307 5457 1553 5528 episcOpi
1585 5457 1705 5510 haec
1736 5455 2055 5522 audientes,
2083 5455 2143 5510 in

508 5557 726 5609 tantam
772 5554 996 5609 foveam
1049 5569 1165 5608 non
1214 5551 1488 5619 incidant,
1539 5566 1610 5604 ne
1653 5549 2144 5604 damnationema

503 5647 768 5702 Patr-ibus
799 5648 1089 5704 decretam
1116 5645 1452 5719 percipiant.
1477 5645 1807 5716 Sequuntur
1833 5643 1988 5698 enim
2018 5644 2143 5700 haec

509 5756 575 5794 ex
602 5742 871 5811 prmdicto
916 5741 1158 5797 concilio
1202 5741 1430 5796 Nicaano
1475 5737 1743 5810 capitula,
1770 5737 1827 5792 id
1859 5743 1959 5806 est,
1991 5755 2140 5807 xvm,

511 5847 622 5902 XIX,
651 5849 763 5902 xu,
805 5851 961 5900 mn,
995 5851 1144 5903 xxw,
1186 5849 1351 5901 xxvu,
1391 5849 1584 5900 xxvm,
1625 5849 1811 5904 χχχιιι,
1858 5849 1964 5904 xu,
1999 5837 2138 5905 etv,

2245 4616 2508 4681 debeant,
2555 4629 2682 4686 qua:
2731 4615 2788 4668 in
2833 4615 3247 4686 querimoniam
3299 4617 3662 4672 deducuntur.
3696 4603 3813 4674 Quod

2242 4710 2290 4764 si
2319 4708 2483 4764 aliter
2508 4708 2712 4780 egerit,
2741 4708 3142 4764 communione
3169 4710 3445 4781 privetur.

2313 4803 2488 4857 Nemo
2546 4801 2882 4873 pontiﬁcum
2937 4802 3201 4875 deinceps
3255 4805 3508 4876 aliquem
3544 4801 3812 4874 episcopum

2243 4896 2357 4951 suis
2389 4896 2768 4968 exspoliatum
2818 4896 3007 4966 rebus,
3039 4903 3136 4952 aut
3160 4914 3193 4951 a
3225 4914 3282 4952 se
3311 4898 3611 4970 depulsum
3638 4903 3812 4948 excom-

2242 4991 2562 5060 municare,
2597 4995 2696 5046 aut
2716 4989 2972 5061 judicare
2999 4996 3329 5062 praesumat,
3360 4992 3493 5063 quia
3519 5005 3625 5045 non
3648 4989 3716 5041 est
3729 4980 3812 5054 pri-

2242 5083 2513 5155 vilegium
2545 5100 2659 5156 quo
2703 5083 2883 5155 possit
2925 5084 3154 5156 spoliari
3187 5085 3306 5155 jam
3352 5085 3612 5140 nudatus.
3640 5077 3815 5134 Parite

2244 5194 2384 5232 nore
2413 5177 2770 5233 decernimus
2796 5194 2912 5233 non
2946 5177 3102 5232 credi
3126 5179 3464 5248 accusatori,
3495 5177 3609 5249 qui,
3633 5171 3816 5229 absente

2244 5271 2592 5342 adversario,
2622 5287 2852 5327 causam
2891 5273 3146 5344 suggerit
3183 5276 3313 5328 ante
3359 5273 3644 5343 utriusque
3682 5260 3817 5337 partis

2244 5365 2674 5434 discussionem,
2725 5382 2829 5420 nec
2877 5368 3234 5422 accusatores
3285 5367 3375 5421 vel
3422 5370 3586 5421 testes
3635 5353 3814 5426 suscipi.

2245 5459 2344 5531 qui
2370 5476 2489 5515 non
2519 5463 2653 5515 sunt
2675 5459 2887 5516 idonei.

2315 5554 2546 5622 Placuit,
2571 5553 2617 5608 si
2646 5557 2937 5609 accusatus
2972 5555 3056 5608 vel
3101 5555 3406 5610 damnatus
3436 5553 3712 5626 episcopus
3743 5557 3814 5613 θῐδ·

2243 5647 2537 5719 pellaverit
2557 5649 2880 5702 Romanum
2901 5647 3235 5719 pontiﬁcem
3260 5648 3314 5704 id
3337 5645 3688 5703 statuendum
3712 5631 3816 5710 quid

2243 5741 2362 5812 ipse
2405 5742 2558 5813 juste
2605 5742 2905 5810 censuerit,
2939 5745 2996 5797 et
3025 5759 3226 5798 omnes
3253 5742 3350 5814 qui
3383 5741 3642 5797 adversus
3663 5736 3817 5791 Patre!

2243 5840 2555 5905 armantur,
2614 5836 2853 5892 infames
2895 5852 3016 5894 esse
3065 5851 3373 5904 censemus,
3417 5848 3595 5907 neque
3635 5843 3717 5883 909
3745 5820 3818 5894 ίῐυί
