3946 6180
151 239 234 294 629
1325 238 1798 295 DECRETALIUM
1836 238 2221 296 COLLECTIO.

3351 249 3453 301 630

149 362 256 400 cum
297 345 524 401 inimicis
568 351 866 402 morantur
915 349 984 402 ad
1032 350 1474 421 accusationem,
1524 353 1611 408 vel
1655 352 1727 408 ad
1748 348 1985 436 Ablicis
2017 350 2316 406 docuerint
2368 352 2524 405 omni
2565 368 2624 405 se
2669 368 2866 406 carere
2915 353 3232 424 suspicione
3281 359 3453 424 atque

147 440 492 495 testimonium
516 440 882 512 recipiendos.

200 537 412 604 Placuit,
461 541 527 591 ut
576 553 799 608 semper
850 538 909 592 in
970 541 1331 596 accusatione
1393 543 1724 600 clericorum

146 632 298 703 primo
323 647 576 701 persona,
609 631 764 698 fides,
795 632 926 700 vita,
958 639 1014 687 et
1052 637 1410 691 conversatio
1461 638 1724 709 blasphe-

144 725 383 780 mantium
425 728 827 795 perscrutatur.
861 727 1000 782 Nam
1029 728 1170 783 ﬁdes
1201 747 1408 784 omnes
1433 736 1589 786 actus
1618 733 1724 788 ho-

146 819 283 874 minis
318 818 634 889 przrcedere
681 820 868 887 debet,
896 821 1032 893 quia
1073 823 1297 889 dubius,
1333 825 1574 881 inﬁdelis
1619 831 1721 894 est,

142 930 222 967 nec
244 912 312 966 eis
337 912 565 967 omnino
609 917 694 968 est
735 915 1082 970 credendum
1132 919 1229 988 qui
1271 919 1526 974 veritatis
1551 921 1725 977 ﬁdem

144 1007 392 1076 ignorant;
420 1023 524 1061 nec
569 1011 734 1062 rectas
785 1011 1231 1066 conversationis
1273 1012 1442 1067 vitam
1487 1014 1720 1086 ducunt,

142 1101 371 1172 quoniam
415 1100 556 1155 tales
595 1105 651 1156 et
696 1103 858 1158 facile
905 1109 961 1159 et
1005 1104 1402 1162 indifferenter
1448 1108 1721 1177 lacerant,

143 1200 185 1248 et
206 1193 555 1248 criminantur
583 1200 733 1250 recte
781 1200 838 1250 et
880 1197 970 1268 pie
996 1197 1265 1254 viventes.
1302 1201 1432 1256 Ideo
1477 1202 1722 1273 suspicio

144 1304 304 1341 eorum
332 1287 678 1342 discutienda
709 1294 795 1343 est
823 1291 1011 1362 primo
1044 1296 1112 1368 et
1153 1293 1510 1364 corrigenda,
1539 1312 1723 1368 neque

144 1381 510 1436 accusatoribus
574 1383 870 1454 suspectis,
919 1388 976 1438 et
1025 1365 1094 1440 de
1139 1386 1499 1444 inimicorum
1548 1390 1721 1445 domo

143 1475 504 1544 prodeuntibus
531 1477 903 1533 credendum.

197 1569 330 1633 Quod
357 1587 464 1625 non
489 1571 616 1626 aliae
639 1574 1092 1644 metropolitanze
1117 1575 1362 1630 ecclesias
1390 1577 1474 1631 vel
1501 1577 1720 1649 prima-

142 1668 205 1717 tes
223 1663 334 1731 sint,
365 1664 466 1718 nisi
498 1664 612 1720 illm
641 1682 767 1738 quae
795 1668 953 1738 prius
991 1669 1266 1739 primates
1308 1676 1486 1739 erant,
1516 1675 1723 1743 etpost

140 1757 306 1812 Christi
331 1758 634 1814 adventum
673 1761 1008 1816 auctoritate
1040 1764 1349 1832 apostolica
1380 1770 1435 1819 et
1459 1766 1718 1835 synodali

141 1851 395 1921 primatum
422 1853 630 1908 habere
660 1859 1015 1910 meruerunt.
1050 1857 1273 1928 Reliqui
1291 1875 1425 1913 vero
1456 1876 1572 1914 non
1603 1861 1718 1930 pri-

141 1949 296 2008 mates,
324 1947 412 1999 sed
437 1949 780 2018 metropoles
812 1953 1105 2019 vocentur,
1127 1967 1441 2022 eorumque
1468 1953 1719 2024 episcopi

138 2055 224 2092 non
250 2039 560 2108 primatum,
594 2042 692 2096 sed
723 2046 822 2096 aut
862 2044 1464 2116 metropolitanorum,
1500 2051 1598 2102 aut
1626 2063 1718 2101 ar-

138 2132 580 2205 chiepiscoporum
611 2137 846 2190 nomine
873 2137 1156 2194 fruantur.

189 2226 399 2282 lufames
418 2245 535 2284 esse
568 2246 867 2285 censemus
900 2247 1099 2286 omnes
1127 2233 1227 2303 qui
1258 2249 1416 2287 suam
1448 2237 1547 2288 aut
1566 2235 1720 2289 Chri-

139 2319 336 2375 stianam
361 2323 807 2394 praevaricantnr
831 2326 1046 2395 legem,
1080 2331 1177 2381 aut
1203 2327 1534 2382 canonicam
1560 2332 1714 2400 post-

138 2419 312 2482 ponunt
333 2419 728 2473 auctoritatem
762 2421 917 2473 salvo
941 2419 998 2474 in
1026 2421 1295 2474 omnibus
1322 2423 1592 2476 Romanas
1623 2425 1719 2478 Ec-

137 2507 279 2562 clesiae
302 2510 607 2581 privilegio,
640 2512 830 2566 nullus
859 2514 1338 2584 metropolitanus
1363 2515 1575 2586 absque
1605 2532 1716 2569 cae-

136 2605 336 2657 terorum
385 2605 649 2660 omnium
699 2607 1264 2677 comprovincialium
1311 2609 1714 2680 episcoporum

137 2695 355 2752 instantia
386 2700 714 2771 aliquorum
756 2701 953 2756 audiat
979 2717 1174 2756 causas
1223 2719 1441 2769 eorum,
1471 2704 1605 2774 quia
1636 2705 1713 2758 ir-

136 2789 228 2844 ritae
250 2797 401 2846 erunt
417 2793 533 2848 imo
566 2798 625 2848 et
649 2811 881 2849 causam
908 2795 967 2849 in
997 2796 1210 2866 synodo
1242 2813 1345 2867 pro
1370 2797 1516 2852 facto
1536 2797 1713 2852 dabit.

188 2885 364 2940 Alienis
415 2888 704 2942 erroribus
752 2889 1047 2956 sociatum,
1090 2891 1174 2943 vel
1226 2907 1257 2943 a
1299 2891 1385 2945 sui
1439 2891 1717 2962 propositi

135 2979 318 3033 tramite
361 2982 749 3049 recedentem,
794 2988 893 3038 aut
939 2983 1112 3038 sacris
1159 2984 1472 3039 canonibus
1513 2985 1716 3039 inobe-

1827 444 2148 513 inimicitia,
2166 447 2224 499 et
2250 445 2808 516 irreprehensibilem
2831 446 3004 502 fidem
3033 452 3205 518 atque
3226 465 3455 503 conver-

1827 539 2102 594 sationem
2133 538 2359 592 ducere.

1898 634 1966 687 Et
1994 632 2476 704 comprovincialis
2517 634 2764 704 synodus
2806 639 3142 690 retractetur
3165 653 3270 708 per
3299 636 3451 691 vica-

1826 726 1937 782 rios
1969 727 2124 782 urbis
2150 728 2346 781 Roma:
2373 726 2641 798 cpiscOpi,
2670 728 2715 782 si
2741 728 2859 799 ipse
2889 729 3219 785 decreverit.

1896 822 2110 876 Placuit
2139 826 2205 877 ut
2234 838 2268 876 a
2294 821 2729 892 quibuscunque
2752 822 3040 892 judicibus
3069 824 3454 880 ecclesiasticis

1824 917 1895 970 ad
1943 916 2086 971 alios
2123 915 2348 986 judices
2395 916 2822 982 ecclesiasticos,
2857 917 2956 971 ubi
3011 921 3095 971 est
3142 919 3451 974 auctoritas

1824 1011 2008 1082 major
2035 1010 2210 1065 fuerit
2233 1015 2620 1081 provocatum,
2646 1010 2933 1066 audientia
2961 1027 3080 1066 non
3105 1015 3370 1083 negetur.
3393 1014 3454 1068 Si

1823 1105 1950 1176 quis
1992 1105 2461 1175 metropolitanns
2509 1104 2830 1176 episcopus,
2862 1104 2973 1158 nisi
3003 1106 3158 1176 quod
3189 1107 3261 1160 ad
3291 1123 3454 1161 suam

1823 1198 2181 1253 solummodo
2207 1199 2500 1269 propriam
2528 1199 2774 1268 pertinet
2801 1198 3152 1269 parochiam,
3174 1199 3295 1254 sine
3321 1216 3451 1254 con-

1823 1292 1945 1346 silio
1968 1297 2025 1347 et
2047 1293 2341 1348 voluntate
2366 1292 2628 1347 omnium
2657 1291 3220 1363 comprovincialium
3249 1292 3457 1364 episco-

1822 1403 2028 1458 porum
2058 1386 2272 1459 aliquid
2315 1402 2490 1457 agere
2529 1386 2826 1441 tentaverit
2853 1386 3061 1457 gradus
3088 1386 3174 1440 sui
3205 1386 3456 1457 periculo

1824 1479 2156 1550 subjacebit,
2203 1486 2260 1536 et
2300 1481 2457 1552 quod
2511 1480 2717 1552 egerit,
2767 1480 2997 1534 irritum
3051 1480 3349 1549 habeatur,
3399 1486 3457 1536 et

1820 1591 2094 1643 vacuum;
2126 1575 2220 1629 sed
2252 1574 2532 1645 quidquid
2563 1575 2633 1629 de
2655 1574 3219 1646 comprovincialium
3248 1575 3458 1646 episco-

1821 1685 2027 1738 porum
2054 1667 2234 1723 causis
2263 1683 2614 1739 suarumque
2640 1668 3008 1723 ecclesiarum
3036 1673 3094 1723 et
3115 1668 3453 1724 clericorum

1823 1765 1994 1833 atque
2026 1762 2383 1816 saecularium
2423 1761 2848 1816 necessitatibus
2895 1778 3087 1831 agere,
3119 1765 3218 1816 aut
3259 1763 3451 1834 dispo-

1824 1872 1958 1910 nere
1985 1871 2209 1910 necesse
2237 1855 2427 1920 fuerit,
2459 1855 2569 1910 hoc
2596 1871 2727 1909 cum
2776 1855 2935 1909 omni
2978 1871 3252 1910 consensu
3295 1873 3451 1910 com-

1818 1949 2251 2021 provincialium
2277 1953 2480 2020 agatur
2509 1949 2860 2020 pontiﬁcum,
2893 1965 3006 2002 non
3032 1949 3222 2019 aliquo
3268 1950 3452 2004 domi-

1818 2043 2066 2098 nationis
2110 2043 2277 2110 fastn,
2309 2043 2404 2097 sed
2451 2042 2774 2097 humillima
2804 2047 2862 2097 et
2892 2042 3162 2097 concordi
3213 2042 3456 2098 admini-

1819 2139 2110 2205 stratione,
2144 2137 2290 2192 sicut
2313 2135 2591 2191 Dominus
2616 2136 2694 2191 ait
2723 2153 2737 2192 :
2763 2155 2792 2188 α
2820 2137 2932 2192 Nec
2962 2135 3092 2191 veni
3115 2135 3451 2205 ministrari,

1818 2233 1918 2288 sed
1962 2231 2286 2286 ministrare
2316 2231 2505 2300 (Marc.
2532 2247 2589 2300 x,
2619 2232 2703 2300 45)
2728 2248 2743 2300 ;
2776 2253 2805 2280 ››
2839 2237 2896 2286 et
2919 2229 3056 2286 alibi
3088 2247 3101 2285 :
3136 2251 3164 2280 ‹‹
3193 2231 3298 2296 Qui
3327 2248 3452 2286 ma-

1809 2327 1905 2396 jor
1928 2330 2013 2382 est
2037 2329 2286 2381 vestrum
2331 2325 2439 2380 erit
2485 2324 2534 2396 1
2553 2324 2675 2398 55
2725 2325 2986 2381 minister
3021 2328 3207 2381 vester
3236 2326 3452 2395 (Matth.

1814 2423 1905 2488 23,
1938 2420 2042 2489 Η),
2074 2441 2100 2469 ››
2131 2422 2190 2474 et
2220 2419 2458 2489 reliqua.
2507 2419 2788 2474 Similiter
2838 2425 2895 2473 et
2937 2418 3044 2490 ipsi
3091 2419 3450 2489 comprovin-

1817 2513 1984 2568 ciales
2023 2512 2274 2583 episcopi
2302 2529 2432 2567 cum
2463 2512 2586 2583 ejus
2617 2511 2870 2579 consilio,
2900 2511 3010 2566 nisi
3056 2515 3339 2583 quantum
3378 2512 3450 2566 ad

1815 2606 2074 2678 prOprias
2099 2605 2344 2677 pertinet
2369 2605 2690 2676 parochias,
2720 2611 2896 2677 agant
2935 2606 3098 2676 juxta
3125 2610 3450 2660 sanctorum

1816 2699 2123 2755 constituta
2161 2701 2416 2766 Patrum,
2451 2703 2512 2754 ut
2534 2715 2651 2754 uno
2680 2715 2800 2758 ore.
2829 2715 2946 2752 uno
2990 2698 3185 2753 animo
3213 2715 3448 2754 concor-

1817 2793 1968 2849 diter
1995 2797 2185 2848 sancta
2211 2793 2563 2864 gloriﬁcetur
2599 2792 2844 2848 Trinitas
2878 2793 2938 2847 in
2973 2794 3198 2848 saecula.

1886 2889 2128 2944 Caveant
2171 2887 2392 2958 judices
2443 2887 2722 2953 Ecclesiae,
2769 2903 2843 2941 ne
2895 2887 3128 2942 absente
3171 2902 3237 2942 eo
3287 2887 3450 2958 cujus

1817 2999 1986 3038 causa
2014 2982 2339 3048 ventilatur,
2365 2982 2711 3037 sententiam
2743 2981 3064 3051 proferant;
3111 2981 3248 3052 quia
3293 2979 3452 3035 irrita

134 3068 339 3126 dientem
401 3076 689 3146 suscipere
736 3092 850 3130 non
911 3093 1231 3147 possumus,
1277 3094 1381 3132 nec
1443 3077 1717 3150 impetere
1737 3103 1793 3179 Ο
1819 3077 1944 3143 erit,
1961 3076 2174 3148 quippe
2201 3081 2258 3131 et
2281 3075 2560 3130 rationem
2593 3092 2698 3146 pro
2730 3075 2950 3129 actione
2983 3074 3224 3130 reddent
3247 3074 3304 3128 in
3327 3091 3455 3145 syn-

134 3169 246 3219 recte
268 3168 546 3223 credentes
579 3170 662 3224 vel
692 3174 1022 3224 sanctorum
1061 3172 1294 3226 Patrum
1322 3171 1714 3226 sanctionibus

136 3255 534 3331 obtemperantes
568 3263 974 3333 permittimus.

186 3352 452 3426 Peregrina
472 3355 694 3427 judicia
725 3358 978 3427 generali
1006 3357 1293 3413 sanctione
1320 3359 1714 3430 prohibemus,

136 3443 234 3512 quia
257 3446 535 3520 indignum
573 3455 655 3504 est
685 3457 745 3505 ut
773 3451 842 3505 ab
872 3451 1076 3506 exteris
1099 3452 1410 3523 judicetur,
1446 3453 1541 3524 qui
1582 3469 1714 3524 pro-

134 3536 350 3596 vinciales
377 3548 430 3598 et
451 3561 484 3598 a
511 3561 578 3598 se
609 3544 818 3600 electos
843 3545 1006 3600 debet
1033 3545 1239 3600 habere
1258 3545 1499 3616 judices.

186 3630 319 3688 Salva
342 3638 659 3708 apostolicae
702 3639 964 3694 Ecclesiae
1004 3639 1342 3694 auctoritate
1369 3639 1560 3694 nullus
1594 3640 1715 3712 epi-

135 3739 293 3796 scopus
311 3735 462 3785 extra
489 3748 659 3786 suam
687 3733 1041 3803 provinciam
1075 3734 1148 3788 ad
1172 3732 1454 3803 judicium
1487 3734 1720 3788 devoce-

136 3820 219 3886 tur,
250 3822 335 3876 sed
377 3831 641 3880 evocatus
685 3827 802 3896 ipse
853 3827 1122 3882 canonice
1175 3827 1232 3881 in
1278 3829 1406 3882 loco
1453 3828 1717 3882 omnibus

136 3925 337 3978 congruo
361 3922 628 3990 tempore
675 3921 926 3989 synodali
955 3921 1027 3974 ab
1060 3921 1327 3976 omnibus
1358 3922 1714 3994 comprovin-

135 4002 318 4062 cialibus
361 4012 646 4085 episcopis
701 4015 987 4082 audiatur,
1021 4015 1117 4086 qui
1165 4016 1507 4070 concordem
1548 4033 1719 4088 super

135 4113 231 4152 eum
275 4107 712 4178 canonicamque
772 4109 1028 4178 proferre
1084 4109 1293 4163 debent
1351 4111 1713 4178 sententiam,

137 4195 356 4258 quoniam
384 4199 426 4254 si
455 4201 569 4255 hoc
603 4202 922 4255 minoribus
967 4207 1084 4256 tam
1131 4202 1294 4256 cleris
1339 4220 1511 4274 quam
1563 4204 1718 4258 laicis

136 4299 406 4346 concessum
448 4300 558 4361 est,
593 4301 802 4366 quanto
842 4297 1028 4367 magis
1074 4296 1143 4351 de
1185 4297 1464 4368 episcopis
1503 4298 1716 4352 servari

137 4385 429 4441 convenitur.
475 4390 619 4442 Nam
677 4390 721 4443 si
773 4389 892 4461 ipse
942 4390 1449 4461 metropolitanum
1495 4397 1594 4446 aut
1627 4391 1717 4462 ju-

1820 3171 1951 3237 odo,
1969 3173 2026 3225 et
2042 3174 2108 3225 nt
2133 3169 2440 3240 proditoris
2467 3168 2772 3237 calumnia,
2788 3185 2892 3223 nec
2913 3185 3110 3223 eorum
3131 3173 3328 3240 postea
3344 3184 3453 3222 vox

1817 3263 2097 3330 audiatur,
2125 3279 2300 3318 nemo
2328 3263 2482 3318 enim
2511 3261 2829 3317 debitorem
2871 3262 3117 3332 amplius
3146 3266 3332 3333 potest
3355 3278 3452 3316 co-

1819 3374 2115 3429 gnoscere,
2148 3373 2321 3428 quam
2359 3356 2451 3410 ille
2480 3355 2578 3427 qui
2615 3356 2883 3426 injuriam
2929 3356 3169 3427 ejusque
3211 3354 3455 3412 sustinet

1815 3451 2132 3523 nequitiam
2143 3491 2156 3505 .

1889 3545 1947 3600 Si
1999 3543 2124 3614 quis
2175 3558 2348 3613 super
2397 3542 2739 3614 quibuslibet
2789 3541 3122 3598 criminibus
3175 3543 3448 3598 clericum

1816 3638 2160 3711 pulsandum
2189 3636 2508 3702 crediderit,
2538 3636 2598 3691 in
2623 3635 2917 3706 provincia
2953 3637 3010 3690 in
3042 3654 3155 3708 qua
3181 3637 3277 3691 ille
3308 3653 3451 3692 con-

1818 3732 1962 3788 sistit
1987 3731 2261 3804 pulsatur,
2295 3746 2426 3786 suas
2452 3736 2712 3785 exerceat
2739 3730 3018 3798 actiones,
3051 3747 3156 3785 nec
3205 3732 3455 3787 aestimet

1819 3844 1972 3895 eum,
1985 3829 2274 3881 accusator
2291 3841 2445 3894 suus,
2462 3823 2616 3892 alibi,
2636 3826 2736 3879 aut
2759 3823 2987 3896 longius
3005 3825 3452 3896 pertrahendum

1816 3922 1884 3976 ad
1911 3919 2226 3992 judicium;
2257 3919 2353 3973 ille
2384 3935 2516 3973 vero
2543 3918 2642 3990 qui
2669 3917 2925 3990 pulsatus
2950 3919 3142 3986 fuerit,
3163 3919 3209 3973 si
3230 3917 3455 3990 judices

1819 4018 2109 4087 suspectos
2141 4013 2425 4080 habuerit,
2458 4012 2622 4067 liceat
2645 4013 2956 4084 appellare.
2990 4012 3262 4067 Primates
3291 4029 3454 4067 accu-

1817 4112 2005 4164 satum
2031 4107 2392 4163 discutientes
2435 4106 2768 4178 episcOpum
2799 4123 2918 4162 non
2949 4111 3081 4162 ante
3113 4106 3452 4162 sententiam

1817 4203 2114 4274 proferant
2141 4199 2528 4256 damnationis
2553 4216 2729 4271 quam
2758 4200 3071 4272 apostolica
3094 4199 3228 4254 freti
3253 4203 3452 4254 aucto-

1818 4297 2004 4364 ritate,
2032 4299 2129 4350 aut
2156 4311 2319 4350 reum
2371 4311 2428 4349 se
2469 4293 2590 4365 ipse
2633 4295 2986 4363 conﬁteatur,
3020 4299 3118 4349 aut
3147 4310 3252 4366 per
3286 4294 3451 4348 inno-

1817 4393 2006 4444 centes
2025 4392 2084 4444 et
2106 4387 2379 4443 canonice
2406 4387 2758 4443 examinatos
2783 4387 3122 4459 regulariter
3138 4390 3305 4442 testes
3322 4403 3456 4442 con-

137 4469 251 4527 diccs
270 4486 544 4551 suspectos
575 4483 855 4551 habuerit,
887 4489 985 4538 aut
1012 4483 1262 4538 infensos
1293 4485 1536 4540 senserit
1562 4486 1715 4556 apud
1734 4479 1793 4550 D
1815 4483 2089 4537 vincatur.
2116 4481 2341 4536 Irritam
2368 4497 2488 4536 esse
2518 4481 2791 4551 injustam
2839 4481 3239 4552 episcoporum
3293 4480 3449 4535 dam-

138 4565 356 4631 pl'imates
382 4575 710 4646 dioeceseos,
744 4582 843 4632 aut
869 4577 1020 4648 apud
1053 4579 1324 4632 Romana?
1353 4579 1504 4633 sedis
1531 4579 1717 4650 ponti-

137 4654 235 4713 lices
255 4663 544 4732 judicetur.

188 4752 379 4814 Nemini
402 4761 469 4817 de
496 4779 555 4816 se
590 4763 850 4818 confesso
880 4765 1033 4819 credi
1081 4769 1274 4837 potest
1303 4783 1475 4838 super
1503 4767 1716 4823 crimen

135 4842 357 4921 alienum,
383 4856 658 4925 quoniam
705 4857 823 4926 ejus
869 4862 1038 4930 atque
1081 4859 1268 4914 omnis
1310 4861 1393 4915 rei
1438 4862 1716 4932 professio

135 4939 404 5004 periculosa
433 4953 536 5017 est,
567 4953 626 5002 et
667 4950 891 5006 admitti
941 4953 1210 5008 adversus
1243 4954 1558 5025 quemlibet
1602 4971 1716 5010 non

135 5028 284 5090 debet.

189 5125 374 5187 Incerta
395 5151 563 5192 nemo
597 5153 847 5208 unquam
875 5141 1206 5209 pontificum
1227 5139 1488 5212 judicare
1508 5157 1716 5212 praesu-

135 5224 240 5285 mat,
263 5227 384 5294 quia
411 5231 668 5301 quamvis
693 5247 829 5286 vera
859 5233 992 5301 sint,
1022 5249 1138 5288 non
1170 5240 1360 5289 tamen
1407 5235 1711 5305 credenda,

135 5308 216 5365 nisi
235 5330 346 5385 qua:
373 5325 676 5378 manifestis
706 5324 931 5380 indiciis
961 5327 1426 5398 comprobantur,
1456 5330 1563 5383 nisi
1585 5345 1713 5400 quin

135 5408 390 5468 manifesto
409 5416 623 5485 judicio
659 5419 1092 5487 convincuntur,
1121 5420 1228 5475 nisi
1260 5437 1389 5493 qum.
1415 5423 1714 5493 judiciario

135 5497 293 5557 Ordine
323 5501 690 5575 publicantur.

187 5591 583 5659 Criminationes
628 5606 911 5678 majorum
952 5611 1091 5662 natu
1137 5622 1240 5678 per
1265 5609 1405 5662 alios
1449 5623 1521 5662 ne
1552 5609 1708 5677 fiant,

135 5679 218 5781 tibi
243 5701 334 5756 per
352 5692 494 5763 ipsos
519 5699 614 5768 qui
641 5700 881 5755 crimina
932 5701 1260 5768 intendunt,
1292 5702 1335 5755 si
1375 5705 1564 5756 tamen
1604 5703 1710 5773 ipsi

136 5771 258 5844 digni
283 5786 332 5837 et
359 5784 867 5861 irreprehensibiles
912 5795 1303 5869 apparuerint,
1334 5798 1392 5850 et
1421 5794 1556 5850 actis
1603 5771 1708 5868 pu-

1818 4578 2127 4643 nationem,
2157 4580 2214 4631 et
2253 4574 2462 4629 idcirco
2490 4592 2523 4628 a
2551 4575 2768 4646 synodo
2813 4575 3251 4644 retractandam,
3281 4575 3364 4629 ita
3388 4580 3454 4629 ut

1818 4669 2103 4742 Oppressis
2127 4669 2198 4724 ab
2229 4669 2495 4723 omnibus
2523 4668 2583 4723 in
2608 4667 2824 4723 cunctis
2844 4667 3211 4724 subveniatur
3237 4667 3450 4735 causis;

1818 4765 2164 4819 detractores
2195 4763 2294 4834 qui
2321 4761 2516 4817 divina
2546 4761 2888 4817 auctoritate
2933 4761 3264 4818 eradicandi
3303 4767 3455 4832 sunt,

1817 4863 1874 4914 et
1897 4860 2149 4912 fautores
2173 4855 2537 4911 inimicorum
2578 4857 2650 4910 ab
2704 4855 3010 4928 episcopali
3050 4855 3453 4912 submovemus

1815 4952 2188 5007 accusatione.
2222 4950 2498 5006 Similiter
2521 4967 2594 5006 ne
2621 4966 2986 5006 summorum
3025 4950 3312 5023 quispiam
3348 4950 3450 5005 mi-

1815 5062 2024 5100 norum
2049 5045 2502 5100 accusationibus
2529 5045 2858 5116 impetatur,
2891 5050 2990 5100 aut
3019 5045 3326 5115 dispereat,
3356 5061 3453 5098 ne-

1816 5156 1928 5211 que
1945 5141 2005 5194 in
2030 5155 2093 5194 re
2115 5139 2284 5194 dubia
2312 5139 2478 5194 detur
2503 5119 2799 5209 sententia,
2817 5155 2924 5193 nec
2941 5140 3121 5194 ullum
3140 5138 3445 5210 judicium,

1816 5233 1922 5288 nisi
1951 5233 2347 5289 ordinabiliter
2376 5233 2636 5288 habitum
2664 5237 2948 5288 teneatur.

1884 5327 2052 5383 Plura
2078 5327 2149 5381 de
2180 5327 2269 5382 his
2306 5326 2437 5382 ideo
2472 5327 2566 5382 hic
2610 5342 2731 5382 non
2775 5325 3083 5381 inserimus
3107 5340 3178 5378 ne
3209 5339 3448 5380 vacuare

1813 5423 2051 5477 vilemve
2082 5420 2414 5492 praedictam
2442 5421 2629 5476 facere
2665 5421 2945 5492 synodum
2969 5418 3316 5483 videremur,
3351 5422 3450 5472 aut

1812 5515 2106 5570 fastidium
2130 5515 2452 5586 legentibus
2483 5514 2960 5584 audientibusquo
2987 5510 3208 5583 prolixa
3234 5510 3449 5567 faceret

1812 5609 2072 5681 epistola.
2105 5609 2160 5664 Si
2185 5610 2312 5682 quis
2339 5612 2534 5664 autem
2564 5607 2634 5664 de
2662 5607 2750 5663 bis
2775 5605 3053 5677 ampliora
3073 5609 3244 5676 atque
3271 5604 3449 5659 abun-

1812 5703 2072 5758 dantiam
2103 5703 2245 5759 scire
2273 5704 2534 5771 voluerit,
2563 5703 2621 5758 in
2661 5717 2820 5756 sacro
2857 5704 3062 5754 nostrae
3090 5698 3238 5754 sedis
3267 5699 3443 5754 eccle-

1811 5796 1905 5853 sius
1935 5797 2160 5866 scrinio,
2191 5801 2249 5853 et
2275 5815 2343 5852 ea
2372 5813 2500 5869 quae
2531 5795 2902 5870 praediximus
2930 5792 3186 5849 invenire
3213 5793 3440 5868 poterit.
