3946 6180
531 273 623 329 631

1425 276 1704 331 ΛΡΡΕΝΙ).
1748 279 1835 332 AD
1871 279 2032 332 SA'IC.
2079 277 2162 330 IX.
2187 306 2254 315 —
2293 275 2537 332 lSlDORl
2579 275 3000 332 MERCATORIS
3695 289 3771 344 ἣᾍῖ

528 384 736 438 Verum
769 398 860 438 me
887 383 1094 437 dixisse
1120 383 1276 438 testis
1301 389 1386 440 est
1414 385 1696 456 divinitas,
1731 386 1800 442 de
1832 387 2154 459 receptione
2177 397 2236 469 Α
2255 401 2362 440 nec
2388 388 2760 441 exerceantur
2786 385 2998 458 absque
3027 385 3395 443 damnatione.
3415 391 3523 445 Non
3539 407 3649 463 ergo
3664 404 3775 452 recte

526 493 659 530 vero
691 476 838 530 sedis
865 481 922 531 et
948 477 1247 532 sacerdotii
1276 481 1449 549 atque
1493 480 1742 550 honoris,
1772 498 1901 552 quae
1944 481 2158 537 dixistis

525 570 897 625 Athanasium
921 571 1132 642 absque
1172 573 1393 627 concilii
1442 573 1668 628 decreto
1712 575 2014 646 suscipere,
2045 593 2156 631 non

526 664 598 718 ita
634 664 957 720 invenimus
988 665 1132 720 sicut
1176 667 1502 722 calumniati
1553 668 1705 738 estis,
1736 670 1833 724 sed
1885 686 2156 742 quorum-

528 757 660 813 dam
717 758 1113 830 episcoporum
1168 762 1402 817 consilio
1451 767 1619 834 atque
1667 763 1895 820 decreto
1945 765 2161 837 recepit

528 869 696 907 suum
725 855 878 924 quod
903 854 1114 925 injuste
1140 855 1474 928 perdiderat
1497 858 1900 928 sacerdotium,
1921 876 1986 914 ac
2012 877 2160 915 rese-

531 946 613 1000 dit
643 947 699 1001 in
725 948 875 1002 sede.
914 947 1075 1012 Quod
1107 950 1260 1004 enim
1295 950 1615 1020 scripsistis,
1634 968 1752 1007 non
1781 970 1913 1007 eum
1941 970 2104 1024 posse
2126 972 2159 1008 a

527 1041 792 1111 pauciore
819 1059 1062 1098 numero
1106 1043 1504 1116 episcoporum
1535 1045 1756 1100 restitui
1792 1063 1961 1118 quam
1991 1049 2161 1119 depo-

528 1135 668 1189 situs
695 1135 899 1203 fuerat,
929 1153 1041 1191 non
1070 1137 1148 1192 ita
1176 1142 1278 1206 est,
1311 1155 1416 1192 nec
1444 1140 1565 1194 haec
1594 1141 1789 1210 regula
1817 1142 2156 1197 orthodoxo-

526 1245 657 1283 rum
684 1235 892 1284 sanctas
919 1231 1177 1286 Ecclesiae
1209 1237 1294 1287 est
1331 1233 1743 1305 episcoporum,
1777 1235 1877 1290 sed
1919 1236 2157 1292 Ariano-

531 1339 658 1378 rum
685 1325 987 1392 sociorum,
1015 1325 1279 1381 videlicet
1307 1328 1556 1384 virorum
1585 1328 1706 1384 haec
1737 1329 2062 1385 adinventio
2085 1332 2160 1386 ad

529 1417 913 1487 perditionem
962 1421 1407 1476 orthodoxorum
1457 1421 1854 1495 episcOporum
1902 1429 2161 1480 contexta

529 1514 634 1564 est.
666 1512 805 1566 Nam
830 1517 893 1567 ut
924 1514 1084 1568 nobis
1116 1532 1149 1569 a
1174 1516 1466 1570 veracibus
1494 1520 1579 1570 est
1607 1518 1850 1572 testibus
1892 1519 2156 1587 relatum,

529 1606 758 1674 quando
785 1607 1096 1662 Antiochiae
1123 1626 1227 1680 pro
1258 1610 1627 1666 damnatione
1658 1611 1788 1667 ﬁdei
1818 1612 1888 1666 de
1923 1613 2161 1668 consub-

530 1699 892 1755 stantialitate
921 1702 1146 1772 prolata
1173 1703 1355 1757 fuistis
1386 1705 1716 1776 congregati
1751 1706 1880 1760 odio
1905 1706 2162 1777 prmdicti

2259 479 2452 550 egistis
2479 481 2635 552 quod
2664 481 2966 552 praedictos
2996 481 3200 536 fratres
3244 482 3536 539 calumniati
3575 489 3698 557 estis,
3723 492 3779 545 di-

2259 579 2421 630 cente
2463 574 2705 630 Domino
2737 591 2749 628 ε
2781 597 2808 623 ‹‹
2846 575 2966 628 Non
3019 574 3190 630 facies
3236 576 3545 633 calumniam
3581 582 3779 651 proximo

2257 675 2376 735 tuo,
2404 686 2508 724 nec
2535 669 2589 723 vi
2613 669 2903 739 Opprimes
2930 684 3061 723 eum
3089 669 3232 738 (Luc.
3260 686 3364 738 xix,
3389 670 3481 741 13).
3508 691 3532 722 11
3561 673 3650 728 Nec
3672 684 3780 730 recte

2259 763 2452 833 egistis
2480 763 2632 834 quod
2662 763 2824 817 nobis
2850 762 3180 818 inconsultis
3210 764 3487 818 concilium
3515 766 3780 836 celebrastis,

2259 873 2465 929 eosque
2494 857 2566 911 ad
2594 856 2900 911 concilium
2933 857 3172 911 vocastis
3205 861 3260 911 ct
3293 858 3537 912 damnare
3575 876 3782 930 praesum-

2261 951 2446 1021 psistis
2462 967 2641 1005 canon
2651 950 2774 1004 ibus
2788 951 2870 1021 (ut
2891 951 3244 1020 praemissum
3267 952 3359 1018 est)
3371 951 3786 1021 jubentibus,nihil

2259 1062 2326 1101 ex
2343 1045 2430 1099 his
2458 1044 2672 1114 absque
2703 1045 2875 1114 hujus
2899 1049 3106 1098 sancta:
3134 1045 3277 1098 sedis
3306 1045 3601 1100 auctoritate
3617 1047 3788 1101 ﬁeride-

2259 1139 2414 1193 bere.
2448 1139 2565 1192 Non
2595 1141 2745 1192 recte
2775 1138 2970 1207 egistis
2995 1138 3149 1209 quod
3195 1138 3514 1208 regulariter
3540 1155 3569 1192 a
3593 1140 3720 1194 nobis
3741 1142 3789 1195 ad

2260 1232 2559 1287 concilium
2595 1232 2774 1285 vocati
2805 1231 2998 1286 venire
3026 1231 3331 1285 distulistis.
3363 1233 3473 1285 Non
3505 1237 3633 1286 recte
3655 1233 3790 1302 egistis

2258 1325 2408 1397 quod
2445 1330 2639 1379 contra
2677 1341 2774 1378 eos
2819 1324 3095 1379 rationem
3139 1324 3394 1391 reddere,
3423 1327 3486 1378 ut‘
3504 1329 3661 1379 vestra
3697 1343 3792 1396 erga

2260 1436 2355 1475 eos
2381 1423 2477 1473 aut
2501 1419 2842 1488 probaretur
2866 1423 3019 1473 recta
3043 1418 3337 1486 sententia,
3356 1421 3446 1472 aut
3461 1417 3792 1489 improbaretur

2261 1530 2377 1567 non
2401 1512 2652 1578 venistis,
2688 1527 2790 1566 nec
2816 1511 3147 1566 rationalem
3195 1510 3491 1566 mandastis
3527 1527 3728 1577 causam,
3753 1519 3792 1566 ut

2259 1606 2415 1678 quod
2442 1606 2562 1660 haec
2593 1605 2880 1659 renuistis.

2335 1699 2424 1754 His
2455 1715 2594 1770 ergo
2633 1698 2898 1753 omnibus
2945 1699 3262 1769 perpensis,
3289 1699 3620 1753 manifestum
3645 1702 3710 1753 est
3730 1715 3794 1751 vos

533 1768 984 1850 Athanasiibanc
1009 1798 1267 1868 regulam
1287 1768 1758 1870 protulistiquuae
1784 1768 1967 1854 nullas
1989 1800 2162 1856 habet
2183 1768 2238 1839 Β
2264 1810 2390 1848 P605
2440 1768 2696 1860 existere.
2729 1796 2787 1848 et
2831 1768 2962 1846 ίυοδῗ
2997 1793 3328 1848 innocentes
3365 1807 3648 1858 remanere,
3669 1796 3794 1846 9W”

529 1887 696 1954 vires,
729 1903 832 1944 nec
877 1889 1088 1945 habere
1139 1893 1368 1963 poterit,
1399 1893 1672 1964 quoniam
1717 1910 1822 1948 nec
1866 1895 1936 1948 ab
1971 1895 2162 1950 ortho-

529 1980 686 2035 doxis
725 1983 1000 2054 episcopis
1041 1985 1150 2040 hoc
1195 1986 1495 2042 concilium
1544 1992 1733 2042 actum
1777 1991 1879 2057 est,
1906 2005 2013 2044 nec
2059 1990 2162 2043 Ro-

531 2090 719 2129 mana
760 2077 1026 2132 Ecclesiae
1067 2079 1277 2150 legatio
1317 2081 1578 2135 interfuit
1619 2082 1932 2136 canonibus
1965 2082 2163 2154 praeci-

527 2169 818 2238 pientibus
841 2171 962 2225 sine
987 2172 1108 2241 ejus
1133 2173 1466 2228 auctoritate
1507 2174 1745 2229 concilia
1771 2175 1890 2229 ﬁeri
1928 2176 2158 2245 debere,

530 2278 636 2316 nec
678 2263 857 2318 ullum
897 2270 1087 2319 ratum
1133 2272 1234 2335 est,
1266 2273 1365 2321 aut
1412 2267 1518 2322 erit
1559 2285 1811 2339 unquam
1858 2269 2161 2324 concilium

530 2355 684 2425 quod
715 2373 833 2411 non
864 2357 1068 2413 fultum
1099 2359 1270 2414 fuerit
1299 2360 1420 2430 ejus
1448 2361 1801 2416 auctoritate.

599 2449 780 2519 Igitur
806 2450 875 2506 de
901 2451 1036 2522 fuga
1066 2470 1238 2524 super
1261 2471 1371 2526 qua
1395 2455 1771 2510 Athanasium
1802 2457 2163 2526 reprehendi-

531 2542 601 2595 tis
629 2559 745 2598 non
775 2544 923 2599 bene
964 2545 1153 2616 agitis,
1187 2564 1316 2602 cum
1350 2548 1472 2620 ipse
1516 2549 1784 2604 Dominus
1829 2551 2161 2605 mandatum

529 2635 636 2690 hoc
674 2637 839 2692 nobis
883 2639 1042 2694 dedit
1075 2658 1087 2695 :
1118 2663 1144 2690 «
1175 2642 1317 2696 Cum
1370 2644 1649 2712 persecuti
1701 2661 1799 2698 vos
1845 2644 2060 2700 fuerint
2102 2645 2162 2700 in

528 2745 644 2785 una
705 2731 945 2800 civitate,
990 2734 1171 2803 fugite
1225 2734 1283 2788 in
1337 2735 1505 2790 aliam
1549 2735 1763 2807 (Matth.
1795 2755 1849 2806 x,
1889 2737 1997 2807 23),
2034 2757 2061 2790 ι)
2108 2742 2164 2793 et

529 2823 648 2893 ipse
677 2825 953 2880 Dominus
979 2843 1080 2897 per
1106 2829 1479 2899 semetipsum
1511 2832 1837 2902 exemplum
1875 2831 2039 2886 nobis
2064 2832 2160 2886 de-

529 2923 876 2985 monstrans,
897 2921 1171 2991 «quando
1191 2922 1458 2977 Pharisaei
1476 2925 1779 2979 consilium
1800 2924 2164 2980 feceruntad-

525 3026 721 3064 versus
747 3027 902 3079 eum,
934 3017 996 3068 ut
1025 3029 1156 3069 eum
1184 3016 1521 3071 occiderent.
1556 3017 1744 3073 Sciens
1784 3021 1976 3074 autem
2005 3020 2164 3074 Jesus

529 3103 787 3159 discessit
815 3105 948 3160 inde
979 3106 1194 3177 (Matth.
1226 3125 1321 3176 xn,
1359 3111 1442 3176 tt,
1477 3115 1596 3181 {5);
1629 3134 1655 3160 ››
1687 3117 1743 3167 et
1785 3112 1917 3166 alibi
1952 3130 1965 3167 :
1999 3134 2025 3162 ‹‹
2052 3115 2159 3167 Tu-
2183 3137 2238 3211 Ο

527 3197 720 3252 lerunt
740 3199 955 3270 lapides
979 3200 1161 3255 Judaei
1181 3206 1246 3256 ut
1259 3203 1591 3272 jacerentin
1615 3221 1769 3260 eum.
1787 3208 1945 3260 Jesus
1969 3212 2161 3261 autem

526 3291 822 3346 abscondit
867 3310 946 3359 se,
981 3299 1036 3348 et
1077 3296 1253 3350 exivit
1281 3296 1350 3350 de
1384 3297 1598 3368 templo
1632 3300 1802 3367 (Joan.
1841 3317 1959 3367 vui,
1992 3302 2099 3368 59),
2133 3322 2159 3348 n

526 3388 582 3438 et
606 3386 931 3441 «transiens
953 3405 1056 3458 per
1075 3390 1329 3444 medium
1349 3407 1570 3456 eorum,
1587 3392 1726 3447 abiit
1743 3393 1888 3464 (Luc.
1909 3411 1983 3462 Iv,
2002 3396 2108 3463 30),
2131 3415 2160 3442 »

527 3483 584 3533 et
608 3478 689 3534 ita
717 3480 990 3548 discessit,
1024 3499 1158 3536 nam
1188 3486 1244 3538 et
1271 3484 1530 3554 discipuli
1565 3490 1801 3557 propter
1828 3492 2043 3542 metum
2071 3490 2163 3543 Ju-

526 3571 785 3627 daaorum
815 3581 1191 3643 recesserunt,
1211 3578 1458 3632 celantes
1486 3579 1847 3651 semetipsos,
1875 3587 1930 3636 et
1958 3583 2162 3636 Paulus

526 3665 584 3719 in
619 3667 894 3721 Damasco
923 3685 955 3722 a
987 3670 1241 3742 principe
1275 3673 1460 3740 gentis
1486 3673 1780 3743 quaesitus,
1812 3674 1882 3729 de
1911 3691 2077 3729 muro
2104 3675 2162 3731 in

524 3765 714 3830 sporta
744 3760 1036 3833 depositus
1063 3768 1164 3830 est,
1198 3768 1255 3820 et
1285 3781 1490 3820 manus
1518 3767 1826 3838 quaerentis
1863 3767 2083 3839 effugit,
2108 3772 2163 3824 et

523 3853 619 3908 alii
651 3871 826 3926 quam
873 3856 1102 3927 plurimi
1130 3863 1185 3914 et
1223 3857 1674 3915 innumerabiles
1719 3861 1916 3927 sancti,
1948 3866 2069 3916 tam
2102 3863 2161 3916 in

524 3949 709 4004 Veteri
737 3951 1099 4005 Testamento
1129 3969 1301 4023 quam
1335 3953 1392 4007 in
1425 3955 1576 4008 Novo
1619 3955 1833 4024 fugisse
1866 3955 2158 4026 leguntur.

527 4042 581 4096 Si
610 4059 747 4114 ergo
779 4044 974 4114 fugam
1002 4045 1402 4116 improperatis
1450 4047 1816 4118 fugientibus,
1847 4048 2161 4103 erubescite

523 4135 716 4205 potius
745 4137 1030 4208 persequi,
1062 4142 1120 4192 et
1149 4139 1418 4210 quiescite
1444 4140 1719 4208 insidiari,
1753 4141 2162 4212 quiescentque

520 4229 790 4283 continuo
821 4229 1122 4300 fugientes.
1171 4233 1311 4286 Nam
1361 4234 1476 4288 sive
1530 4234 1822 4304 perimatis
1861 4250 1976 4298 eos,
2006 4251 2162 4290 mors

523 4337 751 4391 semper
776 4328 972 4378 contre
1008 4341 1104 4379 vos
1132 4326 1427 4394 exclamat,
1461 4326 1574 4380 sive
1620 4343 1814 4382 rursus
1852 4327 2044 4382 exsilia
2076 4346 2164 4384 su-

525 4415 871 4485 perponatis,
903 4416 1113 4489 ubique
1143 4417 1202 4473 in
1225 4435 1326 4472 vos
1355 4419 1490 4474 mali
1516 4419 1848 4475 memoriam
1876 4421 2161 4476 destinare

2261 1892 2411 1942 recte
2440 1885 2978 1953 excommunicatos,
3004 1885 3243 1957 illosque
3258 1886 3403 1956 juste
3426 1885 3645 1941 liberari.
3662 1884 3796 1939 Noluit

2262 1980 2453 2051 itaque
2490 1979 2763 2034 Dominus
2793 1985 2907 2034 tam
2937 1979 3137 2034 leviter
3175 1996 3304 2034 suos
3332 1978 3538 2034 tractari
3578 1977 3795 2032 ministros

2263 2073 2406 2128 sicut
2433 2073 2632 2139 facitis,
2661 2076 2758 2127 aut
2785 2090 2819 2127 a
2845 2073 3003 2127 vobis
3030 2073 3312 2143 damnari,
3340 2074 3435 2128 sed
3465 2073 3611 2142 (sicut
3633 2087 3794 2127 memo-

2263 2173 2449 2222 ratum
2474 2169 2573 2236 est)
2601 2170 2698 2220 aut
2738 2167 2808 2220 ab
2836 2166 2938 2221 hac
2979 2166 3112 2221 sede
3147 2167 3241 2221 cui
3285 2166 3552 2222 commissi
3590 2170 3712 2230 sunt,
3733 2168 3798 2217 aut

2262 2279 2365 2316 suo
2392 2260 2668 2316 reservari
2687 2259 2936 2331 judicio;
2967 2260 3045 2315 ait
3070 2260 3224 2316 enim
3255 2277 3268 2315 :
3298 2283 3325 2309 ‹‹
3352 2261 3453 2325 Qui
3471 2277 3559 2314 vos
3582 2257 3798 2313 contrista-

2264 2356 2366 2424 bit,
2415 2372 2507 2410 me
2556 2353 2946 2422 contristabit;
3006 2354 3103 2426 qui
3159 2355 3359 2409 fecerit.
3399 2353 3638 2424 injuriam
3671 2349 3798 2412 vobis,

2264 2448 2506 2520 recipiet
2533 2448 2593 2502 id
2623 2449 2773 2519 quod
2812 2447 3007 2518 inique
3053 2448 3230 2518 gessit
3260 2449 3468 2519 (Coloss.
3507 2463 3578 2516 111,
3605 2448 3733 2515 15).»
3758 2445 3800 2496 Et

2263 2545 2480 2615 qnanta
2509 2558 2677 2613 pmna
2704 2545 2986 2613 exspectet
3011 2559 3105 2597 eos
3132 2543 3232 2613 qui
3263 2541 3477 2596 Domini
3506 2537 3802 2594 scandalizant

2263 2635 2589 2708 discipulos;
2621 2635 2990 2707 Evangelium
3018 2636 3370 2691 sufficienter
3406 2633 3628 2706 exponit,
3653 2631 3725 2684 ubi
3755 2629 3800 2683 de

2262 2729 2772 2784 scandalizantibus
2823 2729 3130 2800 discipulos
3185 2729 3456 2801 loquitur.
3498 2729 3621 2782 Nam
3647 2721 3802 2796 quoda

2263 2824 2418 2878 vobis
2461 2839 2574 2878 non
2623 2823 2736 2878 sint
2777 2823 3114 2890 damnandi,
3159 2823 3258 2878 sed
3305 2829 3402 2878 aut
3436 2822 3500 2876 ab
3539 2821 3632 2875 hac
3665 2822 3803 2872 sancta

2265 2919 2347 2987 (ut
2401 2917 2702 2988 praefatum
2753 2920 2854 2987 est)
2890 2917 3044 2983 sede,
3089 2922 3188 2972 aut
3233 2917 3339 2972 sibi
3393 2912 3695 2977 reservandi,
3722 2910 3804 2980 ipse

2264 3010 2560 3066 manifeste
2589 3010 2688 3065 dat
2711 3011 3040 3082 exemplum
3069 3011 3296 3082 quando
3321 3012 3596 3082 peccantes
3623 3003 3806 3060 sacerdo-

2263 3109 2369 3173 tes,
2397 3120 2640 3176 quorum
2667 3104 2855 3160 locum
2895 3105 3066 3160 modo
3095 3105 3155 3158 in
3199 3109 3392 3160 sancta
3418 3101 3638 3158 Ecclesia
3665 3097 3805 3153 tenent

2266 3198 2530 3269 episcopi,
2561 3215 2676 3252 non
2718 3215 2826 3270 per
2855 3199 3051 3265 alium,
3082 3198 3179 3253 sed
3227 3215 3333 3269 per
3360 3197 3687 3267 semetipsum
3717 3205 3806 3243 verr

2265 3293 2464 3346 dentes
2489 3297 2545 3346 et
2569 3297 2828 3348 ementes
2855 3292 3024 3362 ejecit
3051 3292 3121 3347 de
3143 3293 3380 3363 templo,
3403 3295 3456 3345 et
3476 3303 3675 3345 mensas
3693 3297 3807 3338 num-

2264 3385 2641 3440 mulariorum
2685 3385 2918 3457 proprio
2964 3385 3172 3440 evertit
3219 3385 3464 3457 ﬂagello,
3513 3388 3563 3438 et
3598 3379 3731 3451 ejecit
3763 3375 3806 3428 de

2264 3479 2497 3550 templo.
2527 3481 2590 3534 Et
2618 3480 2737 3550 ipse
2771 3479 2902 3534 alibi
2943 3479 3023 3533 ait
3051 3495 3064 3533 :
3099 3499 3125 3530 «
3157 3480 3304 3534 Deus
3330 3479 3480 3534 stetit
3505 3477 3558 3532 iu
3585 3484 3807 3546 synagoga

2263 3573 2521 3640 deorum,
2543 3572 2601 3626 in
2632 3573 2822 3628 medio
2852 3579 3046 3628 autem
3074 3573 3210 3628 deos
3237 3574 3486 3629 decernit
3515 3571 3656 3640 (Psal.
3676 3580 3806 3628 um.

2265 3672 2335 3735 ί),
2362 3689 2389 3716 ››
2420 3669 2476 3721 et
2504 3666 2727 3738 reliqua
2757 3667 2890 3721 talia
2917 3671 2973 3722 et
3002 3666 3090 3722 his
3121 3666 3358 3736 similia;
3383 3673 3437 3721 et
3454 3665 3574 3720 alibi
3592 3663 3714 3718 idem
3729 3659 3810 3729 ipse

2263 3759 2388 3815 ait:
2427 3780 2454 3807 «
2494 3759 2676 3814 Nolite
2723 3759 2999 3830 judicare,
3030 3767 3091 3814 ut
3143 3776 3259 3815 non
3300 3757 3645 3831 judicemini;
3689 3751 3810 3807 nolite

2263 3854 2660 3920 condemnare,
2689 3856 2755 3908 ut
2779 3870 2895 3908 non
2945 3854 3416 3910 condemnemini
3447 3856 3578 3921 (Luc.
3605 3866 3668 3917 γι,
3691 3848 3769 3910 37).
3792 3865 3807 3886 ’³

2261 3947 2320 4002 in
2335 3963 2448 4018 quo
2473 3947 2629 4001 enim
2644 3947 2864 4018 judicio
2883 3947 3298 4018 judicaveritis,
3311 3942 3700 4019 judicabimini;
3718 3952 3813 4009 qua-

2261 4045 2495 4111 propter
2533 4057 2648 4095 non
2694 4045 2812 4095 tam
2854 4045 3070 4096 temere
3111 4042 3194 4110 (ut
3239 4059 3339 4097 vos
3385 4039 3568 4106 facitis)
3603 4031 3811 4109 quispiam

2263 4150 2421 4188 suam
2434 4139 2746 4204 praesumat
2759 4150 3020 4190 evomere
3035 4133 3522 4206 iniquitatem,sed
3533 4129 3813 4203 judicantem

2262 4231 2465 4282 cuncta
2483 4232 2710 4299 oportet
2728 4228 2946 4296 rimari,
2961 4233 3017 4283 et
3037 4229 3300 4284 ordinem
3323 4245 3510 4284 rerum
3529 4215 3815 4298 plenainqlli~

2263 4321 2466 4376 sitione
2496 4321 2917 4390 discutere,nec
2947 4323 3017 4377 de
3044 4322 3155 4377 illis
3175 4340 3305 4394 quae
3337 4324 3388 4378 ei
3419 4313 3816 4376 inconcessasunt

2263 4417 2377 4470 ullo
2396 4415 2566 4470 modo
2585 4415 2868 4486 judicium
2896 4433 3266 4487 praesumere,
3284 4411 3653 4485 interrogandi
3671 4425 3720 4463 ac
3732 4419 3818 4478 pre

523 4508 838 4576 noscimini,
873 4513 931 4565 et
968 4511 1052 4566 illi
1096 4512 1364 4583 patiendo
1399 4513 1504 4568 sibi
1535 4513 1859 4585 proﬁciunt.
1900 4515 2062 4570 Unde
2109 4508 2242 4581 etD
2264 4509 2516 4581 ponendi
2546 4509 2969 4581 adjiciendique
3004 4511 3284 4581 Patientia
3318 4509 3589 4582 PPOhibila
3611 4504 3671 4558 ab
3691 4501 3818 4565 θ⁰ν¹¹ί

527 4601 794 4657 Dominus
819 4602 900 4657 ait
933 4621 946 4658 :
981 4627 1006 4650 ‹‹
1036 4605 1216 4661 Nolite
1246 4606 1448 4661 timere
1489 4623 1584 4661 eos
1622 4607 1722 4678 qui
1757 4607 2022 4663 occidunt
2046 4625 2164 4664 cor-

527 4710 650 4764 pus,
669 4696 919 4752 animam
941 4700 1135 4754 autem
1167 4715 1280 4753 non
1309 4705 1545 4770 possunt
1569 4700 1843 4768 occidere,
1865 4701 1964 4756 sed
1979 4701 2166 4773 potius

527 4803 661 4842 eum
691 4788 892 4844 timete
922 4791 1019 4860 qui
1047 4796 1229 4862 potest
1255 4792 1506 4848 animam
1535 4798 1591 4848 et
1617 4809 1823 4865 corpus
1848 4795 2086 4866 perdere
2105 4795 2164 4850 in

528 4880 853 4950 gehennam
880 4884 1093 4949 (Matth.
1131 4901 1183 4953 χ,
1205 4886 1318 4956 28).
1339 4908 1368 4936 ››
1396 4886 1596 4941 Multos
1618 4887 1774 4941 enim
1793 4887 2168 4958 cognovimus

528 4974 791 5044 pessimis
839 4978 1360 5034 machinationibus
1417 4979 1625 5051 injuste
1675 4981 1980 5052 depositos.
2039 4981 2166 5037 Ideo

527 5083 888 5140 summopere
932 5087 1026 5126 me
1053 5071 1141 5127 cui
1172 5072 1291 5128 vice
1318 5073 1703 5144 apostolorum
1734 5073 2008 5145 principis
2035 5075 2164 5130 uni-

523 5161 755 5217 versalis
799 5163 1057 5219 Ecclesiae
1099 5155 1258 5220 cura'
1283 5167 1587 5222 commissa
1619 5171 1720 5233 est,
1752 5168 2166 5238 providendum

527 5257 631 5322 est,
659 5255 966 5312 auxiliante
1018 5257 1138 5330 ipso
1183 5276 1408 5314 summo
1451 5261 1740 5331 Apostolo,
1787 5277 1858 5316 ne
1903 5261 2168 5332 deinceps

527 5349 665 5404 talia
696 5351 855 5417 fiant,
885 5352 1159 5423 quoniam
1189 5353 1317 5409 ideo
1364 5354 1484 5409 haac
1523 5359 1729 5409 sanctae
1774 5354 1890 5410 sedi
1930 5355 2168 5426 praefata

527 5443 835 5516 privilegia
865 5446 1189 5517 specialiter
1213 5451 1346 5502 sunt
1375 5463 1661 5515 concessa,
1690 5453 1809 5502 tam
1838 5447 1907 5502 de
1937 5464 2169 5517 congre-

528 5537 736 5608 gandis
776 5539 1046 5611 conciliis,
1075 5546 1132 5596 et
1166 5540 1401 5612 judiciis
1445 5559 1509 5596 ac
1555 5541 2011 5596 restitutionibus
2053 5542 2169 5613 epi-

527 5647 826 5701 scoporum
840 5649 1014 5704 quam
1027 5637 1085 5688 et
1096 5635 1166 5690 de
1179 5633 1447 5706 negotiis,
1464 5635 1604 5689 utab
1619 5651 1684 5690 ea
1698 5651 1900 5689 omnes
1915 5635 2168 5707 oppressi

533 5724 830 5794 auxilium,
861 5730 918 5781 et
945 5727 1152 5798 injuste
1184 5728 1437 5784 damnati
1464 5729 1886 5784 restitutionem
1915 5733 2164 5800 sumant,

537 5819 594 5870 et
611 5816 738 5872 talia
762 5819 834 5873 ab
858 5819 1130 5890 improbis
1159 5838 1228 5877 ne
1257 5827 1676 5894 prmsumantur
1703 5822 1913 5898 absque
1934 5824 2166 5891 ultione,

2266 4603 2344 4657 ibi
2372 4603 2519 4656 actio
2547 4602 2800 4673 partium
2831 4603 3074 4658 limitata
3098 4604 3170 4659 sit
3197 4604 3460 4676 pleniter.
3491 4604 3606 4656 Ha‘c
3629 4596 3753 4670 prius
3770 4590 3816 4644 li-

2265 4695 2582 4768 tigantibus
2623 4711 2727 4752 sua
2751 4697 2886 4751 velit
2925 4697 3205 4752 sententia
3250 4697 3493 4764 obviare,
3522 4693 3618 4749 nisi
3649 4684 3820 4762 quando

2266 4789 2343 4844 ibi
2370 4789 2609 4860 peractis
2642 4789 2909 4845 omnibus
2928 4791 3048 4861 jam
3075 4791 3216 4845 nihil
3247 4791 3490 4863 amplius
3515 4777 3817 4844 babuerintin

2267 4883 2579 4954 quaestione
2607 4884 2761 4954 quod
2788 4889 3131 4955 proponant,
3161 4901 3265 4940 nec
3295 4889 3516 4956 oportet
3541 4884 3819 4952 quemquam

2261 4976 2504 5048 judicari
2545 4980 2645 5030 aut
2700 4976 2961 5032 damnari
3011 4981 3326 5049 antequam
3375 4993 3506 5032 suos
3544 4972 3823 5029 accusatores

2267 5073 2580 5142 praesentes
2633 5071 2862 5137 habeat,
2914 5071 3214 5143 locumque
3262 5069 3594 5128 defendendi
3645 5059 3823 5130 accipiat

2267 5164 2578 5236 spatiosum
2599 5163 2673 5218 ad
2689 5163 2972 5220 abluenda
2987 5166 3251 5222 crimina.
3269 5165 3533 5222 Similiter
3553 5163 3608 5216 in
3625 5160 3727 5231 jam
3742 5152 3823 5206 fata

2267 5258 2481 5330 synodo
2527 5260 2803 5314 statutum
2852 5262 2954 5325 est,
2989 5265 3050 5314 ut
3093 5261 3238 5315 ultra
3273 5258 3570 5331 provinciae
3609 5247 3823 5307 terminos

2267 5352 2567 5408 accusandi
2596 5351 2886 5407 licentiam
2923 5369 3036 5407 non
3063 5353 3485 5424 progrediatur,
3509 5348 3606 5405 nisi
3634 5344 3696 5400 ad
3721 5341 3823 5436 haut

2267 5447 2634 5517 apostolicam
2660 5445 2858 5501 sedem
2882 5453 3269 5517 provocatum,
3288 5447 3361 5502 ad
3381 5460 3550 5516 quam
3573 5452 3742 5497 omnes
3755 5445 3823 5502 qm

2267 5540 2548 5596 voluerint
2562 5540 2740 5596 libere
2755 5544 2811 5596 et
2831 5539 3041 5610 absque
3056 5541 3170 5595 ullo
3184 5539 3590 5611 impedimento
3608 5550 3638 5588 a
3656 5527 3826 5601 quibus-

2268 5635 2399 5690 dam
2421 5635 2644 5705 agendo
2670 5633 2957 5690 confluere
2980 5634 3211 5690 debent.
3241 5632 3510 5689 Similiter
3527 5630 3581 5684 in
3599 5628 3706 5697 jam
3725 5632 3826 5690 pra?-

2267 5727 2378 5783 ﬁxa
2403 5729 2614 5799 synodo
2647 5732 2733 5784 est
2760 5729 3075 5794 decretum,
3107 5745 3178 5783 ne
3201 5726 3462 5797 suspecti,
3493 5727 3585 5778 aut
3619 5715 3825 5773 infames,

2273 5827 2373 5879 aut
2422 5821 2732 5891 criminosi,
2773 5827 2871 5878 aut
2914 5821 3160 5892 gravosi,
3187 5820 3272 5878 vel
3316 5815 3736 5877 calumniatom,
3764 5799 3826 5856 "Cl
