3946 6180
110 296 186 355 033
1272 280 1743 347 DECRETALIUM
1782 278 2170 346 COLLECTIO.
2969 323 2993 341 ο
3302 294 3407 353 634

103 408 274 469 afﬁnes,
304 405 392 456 aut
410 400 679 469 scelerati,
711 404 808 454 aut
836 397 1003 454 facile
1034 399 1326 472 litigantes
1355 400 1666 472 suscipian-
1691 412 1750 486 Α
1774 421 1800 447 ‹‹
1834 401 1955 454 Non
1984 416 2096 470 quo
2118 400 2290 454 modo
2316 401 2471 455 videt
2501 399 2671 456 homo
2700 397 2852 457 videt
2872 403 3041 472 Deus,
3073 402 3208 475 quia
3229 404 3402 461 homo

106 504 177 552 tur
197 499 527 559 accusatores,
575 493 673 547 sed
719 494 857 548 tales
893 494 992 565 qui
1019 495 1175 549 omni
1205 499 1438 549 careant
1483 494 1668 565 suspi-
1772 494 1921 548 videt
1955 494 2013 547 in
2052 493 2214 561 facie,
2256 495 2400 548 Deus
2436 499 2629 549 autem
2680 496 2738 550 in
2766 498 2938 551 corde
2967 497 3133 551 videt.
3167 519 3195 546 »
3239 500 3305 552 Et
3343 500 3403 554 in

103 593 257 652 cione;
299 587 418 659 quia
461 587 754 641 columnas
799 604 928 642 suas
971 589 1248 643 Dominus
1275 587 1489 644 fimiter
1519 591 1669 642 stare
1774 587 2244 658 Paralipomenon
2276 603 2288 641 :
2359 611 2384 636 ‹‹
2427 588 2630 642 Omnia
2655 590 2823 644 corda
2850 594 3130 646 scrutatur
3156 591 3320 660 Deus,
3349 597 3406 647 et

103 684 255 744 voluit,
295 698 383 735 nec
415 697 445 733 a
497 680 838 750 quibusdam
887 681 1115 752 agitari.
1163 682 1434 737 Similiter
1477 681 1673 735 statuit
1771 696 2000 734 omnem
2036 679 2436 750 cogitationem
2476 683 2630 735 novit
2672 684 2717 750 (I
2750 684 2874 737 Par.
2923 701 3108 750 xxvm,
3143 687 3214 754 9).
3249 705 3276 736 »
3337 687 3406 740 Et

102 776 290 849 praefata
307 774 560 845 synodus,
589 777 648 828 ut
672 775 894 829 nullum
915 776 1201 830 sententia
1217 793 1330 830 non
1349 792 1497 830 asuo
1520 775 1672 845 judi-
1771 774 1902 828 alibi
1932 775 2206 845 scriptum
2235 780 2319 828 est
2348 773 2362 828 ':
2394 796 2421 823 »
2461 776 2580 828 Non
2624 779 2808 845 potest
2844 777 3096 832 humano
3131 778 3400 833 condem-

103 888 148 924 ce
163 870 286 922 dicta
307 868 662 938 constringat,
685 868 908 938 judices
946 875 1136 925 autem
1166 869 1261 923 alii
1291 886 1411 924 esse
1439 885 1554 924 non
1580 869 1671 923 de-
1772 869 1896 921 nari
1926 869 2188 924 examine
2227 884 2399 939 quem
2429 868 2573 922 Deus
2619 885 2720 922 suo
2763 870 3067 926 reservavit
3094 871 3341 941 judicio;
3375 894 3403 923 ι

100 965 364 1032 bentquam
384 961 654 1032 quosipse
681 962 1108 1034 quiimpeditur
1127 963 1382 1034 elegerit,
1413 968 1511 1018 aut
1530 979 1671 1034 quos
1773 961 1894 1016 haec
1923 962 2115 1016 omnia
2144 977 2508 1032 summOpere
2536 963 2916 1031 prazcavenda
2935 970 3085 1030 sunt,
3118 981 3221 1020 nec
3239 982 3402 1020 accu-

102 1073 177 1110 suo
193 1073 302 1110 cum
321 1055 724 1126 consensu.th
741 1060 931 1110 sancta
947 1057 1127 1125 sedes,
1149 1063 1248 1112 aut
1263 1057 1383 1128 ejus
1398 1056 1672 1129 primates
1773 1056 1910 1109 satio
1929 1056 2323 1126 episcoporum
2345 1054 2509 1109 facile
2524 1058 2610 1108 est
2632 1055 2974 1126 recipienda,
2990 1056 3210 1112 dicente
3224 1059 3408 1113 Domi-

101 1151 372 1204 auctoritate
404 1149 573 1218 hujus
599 1152 806 1204 sanctae
832 1150 982 1204 sedis
1014 1150 1400 1221 delegaverint
1429 1167 1443 1218 ;
1485 1166 1554 1204 ex
1582 1150 1670 1204 his
1770 1165 1880 1203 no:
1919 1170 1944 1199 «
1979 1151 2100 1203 Non
2134 1149 2402 1220 suscipias
2430 1165 2625 1202 vocem
2643 1150 2942 1216 mendacii;
2973 1169 3000 1200 ι)
3033 1155 3089 1204 et
3106 1153 3406 1221 Apostolus

102 1243 220 1296 enim
241 1247 290 1296 et
309 1242 422 1296 aliis
443 1259 571 1314 quae
599 1245 717 1297 tam
747 1245 808 1297 in
839 1244 945 1298 hac
974 1249 1165 1299 sancta
1177 1244 1309 1300 sede
1328 1260 1502 1315 quam
1518 1246 1575 1299 et
1599 1243 1669 1298 ab
1771 1241 1956 1314 inquit
1981 1243 2253 1297 adversus
2273 1242 2672 1313 presbyterum
2692 1243 3128 1314 inscriptionem
3151 1261 3263 1299 non
3285 1263 3403 1300 sus-

99 1337 308 1407 apostolis
378 1352 693 1408 eorumque
759 1337 1174 1392 successoribus
1235 1343 1368 1392 sunt
1434 1341 1666 1406 statuta,
1771 1337 2093 1408 cipiendam
2131 1336 2343 1408 absque
2391 1336 2610 1390 duobus
2644 1337 2728 1390 vel
2772 1337 2951 1391 tribus
2995 1337 3216 1393 idoneis
3244 1341 3406 1394 testi-

102 1430 207 1483 nihil
227 1429 456 1500 praefatis
475 1430 754 1500 episcopis
775 1431 1145 1497 concessistis,
1177 1431 1276 1485 sed
1295 1432 1411 1484 vim
1435 1431 1513 1485 eis
1533 1431 1670 1486 infe-
1770 1430 1896 1485 bus.
1927 1431 1981 1486 Si
2011 1431 2133 1484 haec
2164 1431 2234 1484 de
2262 1429 2604 1501 presbyteris
2631 1431 2718 1484 vel
2749 1431 2968 1485 caeteris
2995 1432 3255 1486 ﬁdelibus
3277 1437 3410 1486 sunt

101 1529 258 1587 rentes,
283 1523 593 1595 injusteque
623 1525 706 1592 (ut
731 1524 988 1595 superius
1012 1528 1530 1579 commemoratum
1564 1525 1667 1592 est)
1769 1524 2156 1596 praecavenda,
2187 1528 2399 1594 quanto
2428 1524 2610 1594 magis
2637 1524 2709 1578 de
2744 1525 3041 1595 episcopis.
3069 1525 3283 1590 Quibus
3307 1543 3404 1580 co-

100 1633 167 1669 eos
207 1617 523 1670 damnantes
563 1617 783 1688 aliquos
839 1618 1096 1672 absentes
1137 1618 1461 1688 expulistis,
1516 1617 1667 1688 quod
1771 1618 1944 1688 gnitis
1966 1619 2152 1688 magis
2167 1634 2261 1672 vos
2278 1617 2557 1672 dominari
2575 1619 2715 1672 velle
2730 1619 3093 1673 manifestum
3111 1625 3215 1688 est,
3233 1637 3406 1690 quam

99 1710 213 1763 omni
233 1709 545 1766 Christiana:
570 1711 838 1782 religioni
885 1715 970 1765 est
1001 1711 1318 1778 inimicum,
1367 1712 1425 1766 in
1463 1711 1723 1784 quibus;
1769 1712 2062 1765 consulere
2105 1711 2395 1776 fratribus,
2440 1715 2540 1765 aut
2577 1714 2894 1766 sustentare
2915 1729 3028 1779 eos,
3061 1714 3195 1784 quia
3222 1714 3410 1769 honor

99 1808 284 1874 apparet
332 1804 483 1874 quod
536 1821 642 1859 nec
669 1805 909 1859 Domino
944 1821 1046 1859 sua
1076 1805 1354 1859 servantis
1383 1805 1536 1876 jura,
1567 1821 1670 1859 nec
1689 1781 1746 1854 B
1769 1805 1929 1860 inﬂat
1959 1805 2029 1858 ad
2057 1805 2403 1875 superbiam,
2459 1807 2515 1858 et
2541 1805 2690 1875 quod
2721 1806 3023 1874 praevisum
3052 1810 3137 1860 est
3165 1807 3239 1860 ad
3271 1825 3407 1862 con-

95 1897 195 1950 huic
227 1904 414 1952 sanctas
461 1899 635 1952 matri
680 1904 737 1953 et
765 1898 1087 1970 apostolica:
1119 1899 1402 1965 Ecclesiae,
1431 1915 1560 1969 quae
1587 1899 1672 1969 (ut
1771 1899 2040 1966 cordiam,
2091 1899 2275 1952 tendit
2310 1898 2383 1952 ad
2433 1915 2658 1952 noxam.
2717 1899 2989 1953 Decuerat
3021 1916 3273 1971 namque
3312 1917 3408 1956 vos

95 1991 430 2062 praescriptum
455 1994 560 2051 est)
590 2008 688 2047 eos
716 2009 815 2045 suo
837 1992 1074 2062 judicio,
1122 1996 1221 2046 aut
1259 1993 1389 2046 huic
1418 1992 1536 2046 sedi
1570 2008 1668 2045 vo-
1763 1993 1926 2064 juxta
1968 1992 2228 2062 prwfatas
2277 1992 2526 2062 regulas,
2568 1992 2612 2045 si
2662 1992 2873 2063 aliquid
2921 1991 3170 2063 egissent
3209 1997 3408 2048 contra

92 2081 170 2136 luit
193 2086 454 2152 reservari,
491 2103 563 2139 ne
597 2102 630 2139 a
670 2090 784 2139 tam
813 2086 1018 2156 pravis,
1061 2085 1206 2140 sicut
1243 2086 1394 2152 estis,
1423 2085 1672 2140 homini-
1770 2102 1936 2140 suum
1966 2085 2226 2140 ordinem
2257 2086 2528 2140 mandare
2570 2085 2755 2151 nobis,
2797 2091 2854 2141 et
2885 2090 3212 2156 exspectare
3254 2087 3407 2159 quod

93 2174 170 2227 bus
184 2176 684 2233 damnarenturaut
701 2179 1073 2249 ejicerentur;
1106 2179 1166 2233 in
1188 2179 1275 2234 his
1292 2179 1557 2234 omnibus
1573 2195 1670 2235 vos
1770 2180 1838 2234 ad
1869 2182 2055 2234 vestra
2093 2179 2346 2234 consulta
2383 2179 2845 2249 rescriberemus,
2893 2180 2952 2233 in
2985 2185 3207 2235 tantum
3255 2186 3320 2236 ut
3362 2180 3408 2235 si

92 2270 242 2323 stultos
263 2276 314 2325 et
343 2272 802 2342 praevaricatores
837 2273 1270 2343 Evangeliorum
1297 2279 1353 2328 et
1383 2289 1672 2328 canonum
1772 2273 1946 2328 etiam
1979 2272 2297 2344 quidquam
2323 2288 2492 2343 grave
2520 2273 3061 2344 intolerandumque
3090 2274 3406 2330 committe-

93 2377 182 2414 esse
207 2364 326 2417 nulli
355 2382 495 2420 sane
523 2365 866 2436 sapientium
898 2369 983 2420 est
1010 2366 1427 2422 absconditum.
1456 2383 1558 2422 nec
1584 2366 1672 2420 his
1771 2373 1917 2434 rent,
1949 2370 2147 2421 nostra
2168 2366 2569 2437 praetolaretur
2585 2383 2846 2433 censura,
2875 2371 2933 2421 et
2961 2368 3103 2422 nihil
3131 2368 3287 2438 prius
3313 2373 3412 2422 aut

91 2458 289 2510 contenti
325 2458 376 2511 in
417 2463 612 2512 vestra
659 2459 793 2513 estis
827 2459 1313 2530 praevaricatione,
1356 2461 1456 2514 sed
1498 2461 1672 2514 etiam
1771 2460 1926 2514 aliud
1974 2460 2373 2528 discerneritis,
2420 2461 2570 2531 quad
2621 2461 2777 2530 quod
2833 2460 2996 2514 nobis
3047 2461 3268 2532 placere
3315 2478 3406 2516 co-

89 2549 203 2616 quod
233 2552 370 2620 prius
413 2553 684 2622 expulsos
718 2569 815 2608 eos
853 2559 912 2608 et
953 2554 1434 2625 suis'exspoliatos
1477 2555 1668 2622 rebus,
1773 2554 2126 2624 gnovissetis,
2170 2553 2246 2608 ita
2276 2559 2339 2608 ut
2376 2570 2408 2606 a
2452 2554 2664 2623 regulis
2703 2554 3035 2624 prmstitutis
3079 2555 3268 2621 nulla,
3311 2561 3412 2610 aut

90 2643 212 2710 quasi
235 2646 453 2700 vocastis
481 2650 649 2716 atque
677 2647 980 2716 damnatis,
1011 2665 1141 2702 cum
1175 2648 1360 2702 nullus
1393 2647 1669 2718 regulari-
1773 2647 2122 2719 negligentia
2159 2652 2256 2700 aut
2304 2647 2752 2718 prmsumptione
2807 2647 3145 2703 recederetis
3175 2666 3192 2717 ;
3233 2654 3412 2704 cesset

89 2739 154 2786 ter
172 2742 254 2790 aut
274 2739 448 2793 vocari
479 2745 582 2794 aut
597 2741 839 2810 judicari
860 2741 1057 2812 possit,
1087 2745 1393 2814 antequam
1423 2742 1674 2812 sitregu-
1773 2741 2102 2812 hujusmodi
2150 2757 2343 2811 pressa
2392 2746 2583 2794 nostra
2630 2742 2967 2796 auctoritate
3015 2743 3408 2814 praesumptio,

91 2827 241 2883 lariter
282 2833 592 2900 restitutus,
639 2839 697 2888 et
741 2852 840 2888 sua
883 2836 1040 2889 omni
1071 2834 1123 2890 ei
1151 2835 1374 2907 legibus
1399 2834 1510 2890 sint
1534 2835 1673 2889 inte-
1774 2836 2022 2889 vitentur
2039 2834 2366 2905 hujusmodi
2392 2840 2752 2904 nocumenta,
2777 2835 2911 2906 quia
2933 2851 3298 2907 nequaquam
3325 2839 3407 2890 ta-

92 2923 288 2988 gerrime
318 2927 624 2981 reformata
657 2945 672 2995 ;
713 2934 794 2983 est
828 2945 1078 3000 namque
1103 2929 1163 2984 in
1190 2945 1339 2999 sape
1358 2930 1479 2999 jam
1522 2929 1673 2984 dicta
1773 2929 1848 2983 lia
1862 2928 2306 2999 patienterferre
2326 2945 2624 3000 possumus
2639 2929 3120 2996 machinamenta,
3138 2929 3408 3000 quoniam

90 3023 237 3070 sancta
260 3020 468 3090 synodo
499 3021 575 3075 ab
605 3022 875 3076 omnibus
910 3023 1256 3077 unanimiter
1277 3023 1590 3090 decretum,
1618 3029 1674 3078 et
1774 3023 2039 3078 convenit
2065 3039 2168 3077 nos
2191 3028 2556 3093 paternarum
2582 3023 2942 3078 sanctionum
2965 3021 3269 3094 diligentes
3289 3040 3410 3079 esse

90 3112 338 3178 apostolica
366 3115 706 3170 auctoritate
745 3116 1090 3187 roboratum,
1125 3122 1188 3170 ut
1222 3118 1267 3171 si
1297 3117 1421 3188 quis
1451 3118 1666 3188 episco-
1694 3153 1744 3188 ρ
1774 3117 2052 3185 custodes,
2106 3116 2310 3171 merito
2365 3132 2615 3187 namque
2666 3133 2768 3170 nos
2820 3133 3046 3171 causam
3087 3117 3335 3188 respicit,
3368 3115 3416 3171 si

90 3217 247 3270 porum
269 3208 376 3261 suis
397 3208 579 3262 fuerit
597 3209 766 3263 rebus
796 3211 1132 3281 exspoliatus
1153 3217 1208 3265 et
1233 3211 1293 3265 in
1313 3211 1670 3266 accusatione
1697 3208 1748 3228 ν
1772 3212 1993 3266 silentio
2017 3211 2307 3265 faveamus
2323 3211 2522 3279 errori,
2554 3213 2640 3264 est
2655 3211 2891 3282 insuper
2915 3211 2972 3264 in
2993 3211 3259 3282 praedicta
3280 3228 3409 3266 san-

90 3297 306 3369 pulsatus,
351 3302 714 3357 ordinatione
751 3305 1090 3374 pontificum
1138 3309 1364 3377 oportet
1405 3310 1460 3361 et
1508 3306 1673 3360 decet
1773 3311 1859 3360 cta
1889 3305 2113 3359 Nicasna
2145 3305 2357 3375 synodo
2398 3307 2694 3372 statutum,
2726 3308 2788 3357 ut
2827 3321 2998 3359 nemo
3025 3305 3326 3360 anathema
3355 3305 3414 3360 in

87 3397 294 3447 sanctum
323 3396 681 3468 propositum
698 3398 884 3467 prima
913 3399 1096 3454 fronte
1127 3406 1366 3470 certare,
1400 3406 1460 3456 ut
1483 3401 1672 3456 omnia
1773 3405 1964 3454 nostra
1989 3398 2323 3469 suscipiatur
2344 3397 2720 3465 accusatione,
2749 3413 2851 3452 nec
2877 3397 2958 3451 illi
2985 3399 3083 3469 qui
3112 3414 3213 3452 nos
3229 3398 3287 3452 in
3310 3411 3413 3452 sua

90 3499 288 3557 quaaper
308 3491 700 3562 suggestiones
727 3491 1092 3547 inimicorum
1119 3510 1355 3548 suorum
1380 3495 1668 3561 amiserat,
1772 3494 1974 3548 nolunt
2009 3492 2261 3563 recipere
2303 3492 2539 3562 querela
2582 3492 2668 3544 vel
2709 3491 3089 3559 accusatione,
3137 3506 3268 3546 cum
3306 3506 3411 3546 nos

86 3574 298 3645 legaliter
321 3584 506 3653 primo
541 3585 809 3655 potestati
836 3585 958 3656 ejus
986 3587 1056 3640 ab
1084 3587 1404 3642 honorabili
1435 3589 1680 3644 concilio
1773 3604 1948 3658 super
1983 3586 2110 3642 illos
2155 3586 2401 3640 sciamus
2428 3602 2461 3638 a
2503 3584 2746 3639 Domino
2785 3585 3116 3640 constitutos
3145 3602 3262 3640 non
3290 3585 3412 3640 illos

89 3671 478 3745 reintegrentur,
512 3684 572 3732 et
595 3679 802 3748 praesul
841 3682 1180 3751 regulariter
1200 3683 1359 3752 prius
1381 3687 1528 3737 statu
1557 3683 1670 3754 pri-
1773 3698 1944 3753 super
1969 3699 2106 3749 nos;
2143 3685 2199 3734 et
2230 3680 2375 3734 sicut
2401 3679 2582 3749 major
2610 3695 2728 3733 non
2758 3683 2943 3750 potest
2970 3695 3003 3732 a
3028 3679 3237 3734 minori
3263 3679 3412 3734 indi-

89 3763 199 3818 stino
235 3769 524 3837 reddatur,
571 3775 628 3825 et
671 3772 790 3843 ipse
842 3774 1124 3844 dispositis
1151 3775 1532 3847 ordinatisque
1559 3777 1675 3830 suis
1774 3777 1907 3844 cari,
1961 3776 2040 3830 ita
2072 3791 2175 3829 nec
2217 3773 2490 3844 colligari,
2526 3773 2659 3843 quia
2685 3788 2882 3826 rarum
2927 3778 3011 3827 est
3049 3789 3216 3827 omne
3257 3773 3412 3844 quod

90 3860 191 3912 tunc
225 3863 287 3916 ad
327 3867 562 3936 tempus
602 3867 791 3921 veniat
830 3867 901 3922 ad
946 3885 1192 3937 causam,
1240 3874 1298 3924 et
1342 3870 1387 3924 si
1425 3870 1500 3924 ita
1520 3871 1673 3942 juste
1775 3885 2053 3942 magnum
2069 3871 2172 3924 est.
2193 3869 2487 3922 Portemus
2504 3866 2946 3920 oneraomnium
2965 3865 3061 3936 qui
3084 3869 3411 3937 gravantur,

89 3951 265 4008 Videtur
314 3958 704 4014 accusantium
768 3961 1245 4032 propositionibus
1298 3964 1671 4036 respondeat;
1776 3963 2036 4036 quinimo
2062 3963 2182 4016 haec
2197 3965 2389 4033 portat
2414 3959 2472 4014 in
2491 3959 2651 4015 nobis
2666 3960 2865 4014 beatus
2891 3959 3175 4030 apostolus
3192 3960 3409 4026 Petrus,

91 4059 226 4110 quare
248 4065 375 4122 ergo
401 4054 716 4124 trangressi
746 4054 878 4109 estis
895 4056 1169 4112 terminos
1183 4059 1410 4113 Patrum
1419 4058 1676 4130 judican-
1775 4058 1934 4129 cujus
1962 4057 2080 4112 vice
2100 4055 2399 4126 fungimur
2424 4054 2728 4123 legatione,
2759 4057 2816 4107 et
2832 4053 2993 4122 cujus
3009 4053 3206 4124 regula
3235 4053 3410 4108 infor-

90 4139 150 4190 tes
173 4145 218 4194 et
251 4144 588 4202 damnantes
631 4163 726 4202 eos
770 4165 911 4220 quos
959 4167 1071 4205 non
1123 4151 1394 4206 debuistis
1420 4152 1447 4206 ‘I
1498 4167 1676 4223 quare
1775 4168 2022 4218 mamur,
2054 4155 2335 4221 quatenus
2355 4148 2478 4218 ejus
2492 4147 2620 4202 fulti
2639 4146 2848 4201 auxilio
2870 4146 2940 4200 ab
2973 4146 3238 4201 omnibus
3262 4163 3413 4201 nunc

85 4228 322 4295 indicastis
342 4256 436 4294 eos
462 4258 611 4312 quos
637 4258 749 4296 non
772 4243 1113 4313 regulariter
1134 4245 1526 4316 approbastis?
1552 4247 1674 4300 Non
1777 4253 1833 4300 et
1862 4247 1921 4300 in
1945 4249 2222 4317 perpetuo
2261 4250 2524 4298 tueamur
2549 4240 2814 4295 adversis.
2856 4241 2998 4294 Data
3025 4241 3287 4295 Kalendis
3312 4241 3414 4294 No-

89 4323 370 4388 observastis
400 4335 566 4406 quod
613 4335 671 4388 in
715 4353 1022 4408 regnorum
1070 4339 1214 4392 libro
1241 4339 1510 4410 scriptum
1543 4343 1628 4393 est
1659 4358 1672 4395 :
1778 4340 2048 4407 vembris,
2079 4338 2357 4392 Feliciano
2385 4342 2440 4391 et
2458 4335 2800 4390 Maximiano
2829 4335 2964 4388 viris
2993 4335 3339 4390 consulibus.

96 4459 3398 4494 ._._____________________________________________

645 4613 1220 4708 INCIPIUNT
1316 4619 1843 4713 DECRETA
1945 4617 2357 4710 LIBER“
2457 4614 2820 4706 PAP/E.

91 4797 309 4902 Epigola,
337 4809 640 4862 Athanasii
685 4814 735 4902 Et
769 4811 1145 4902 Διῖυῃρεὶᾳηιτζι
1188 4815 1552 4902 episcoporum
1606 4817 1682 4871 ad
1700 4829 1760 4902 D
1781 4814 2065 4885 prioribus
2091 4809 2416 4866 firmissime
2443 4808 2725 4873 roborata,
2756 4806 2829 4861 ad
2859 4821 3033 4880 quam
3060 4823 3260 4864 omnes
3280 4807 3414 4864 beas

171 4877 388 4932 eumdem
411 4896 646 4950 papam,
677 4880 742 4935 de
771 4877 1594 4952 oppréssionibus'Aric-morum.
1700 4877 1729 4902 ⁸

1857 4907 1985 4961 simi
2017 4903 2257 4977 apostoli
2299 4903 2420 4975 pari
2455 4901 2690 4956 honoris
2717 4905 2775 4955 et
2811 4877 3105 4972 potestatis
3135 4902 3415 4959 consortio

146 4985 356 5047 Domino
375 4995 703 5051 beatissimo
734 5001 791 5050 et
809 4997 1126 5053 honorabili
1145 5003 1338 5055 sancto
1356 5001 1506 5072 patri
1536 5003 1685 5057 LIBE-
1784 5001 2008 5074 praediti
2033 4999 2373 5071 populorum
2395 4995 2630 5067 agmina
2657 4999 3068 5064 convertentes,
3094 4991 3182 5068 pie
3205 5001 3420 5052 sancte-

95 5091 1681 5167 BlopapzeAmsusws,etuniversiAingptiorumepiscopi.
1785 5113 1895 5167 que
1929 5092 2172 5148 tenebris
2201 5093 2269 5147 ad
2297 5091 2514 5157 lumen,
2572 5089 2638 5144 de
2680 5089 2845 5161 lapsu
2886 5089 2959 5143 ad
3003 5107 3192 5146 veram
3221 5091 3415 5159 fidem,

147 5178 194 5231 In
217 5197 347 5238 unm
377 5187 649 5258 synodice
693 5190 843 5260 apub
882 5191 1286 5246 Alexandriam
1333 5193 1683 5264 congregati,
1787 5189 1857 5243 de
1885 5194 2064 5242 morte
2091 5187 2160 5241 ad
2200 5186 2376 5240 vitam
2418 5183 2680 5238 homines
2725 5183 2930 5238 divinae
2973 5184 3418 5255 praedestinatio-

94 5278 252 5328 Vestae
297 5278 638 5336 beatissima:
690 5284 1046 5354 paternitatis
1091 5285 1223 5356 jura
1275 5285 1467 5359 156
1514 5303 1689 5358 penes
1788 5284 1874 5336 nis
1898 5298 2107 5354 genera
2132 5278 2433 5352 przeceptis
2461 5295 2523 5332 ac
2552 5277 2788 5333 monitis
2827 5278 3234 5349 perduxeruut,
3286 5292 3422 5346 quo-

95 5360 240 5421 Deum
269 5380 396 5427 sunt
443 5377 769 5444 manifesta,
818 5379 956 5432 dum
1001 5379 1497 5450 praedicationibus
1537 5381 1685 5435 scili-
1788 5394 1914 5431 rum
1937 5378 2261 5429 sanctorum
2292 5372 2686 5444 apostolorum
2711 5377 2892 5426 vestra
2912 5371 3232 5426 fraternitas
3248 5370 3419 5424 hono-

93 5463 160 5510 cet
181 5468 488 5533 apostolicis
523 5476 580 5524 et
608 5470 880 5526 doctrinis
930 5489 1077 5527 veras
1121 5473 1255 5528 ﬁdei
1303 5475 1522 5530 cultura
1563 5474 1686 5528 uni-
1789 5471 1968 5525 randa
1993 5485 2234 5540 sequens
2261 5468 2482 5535 merita,
2512 5469 2568 5520 et
2597 5465 2904 5537 profeclius
2941 5465 3184 5534 implens
3223 5478 3416 5517 exem-

95 5563 222 5607 versa
257 5560 475 5631 repleta
505 5562 578 5616 sit
602 5567 798 5631 terra;
847 5583 948 5637 per
984 5567 1304 5622 divinorum
1336 5573 1527 5623 tamen
1559 5584 1690 5622 eru-
1791 5565 1884 5636 pla
1935 5562 2239 5618 Ecclesiam
2292 5561 2385 5614 Dei
2445 5577 2672 5614 morum
2727 5558 3026 5629 probitate,
3083 5561 3140 5610 et
3188 5560 3421 5611 actuum

95 5644 334 5706 ditionem
370 5655 729 5728 eloquiorum
755 5665 934 5714 vestra
964 5660 1280 5716 instruente
1306 5661 1691 5716 admonitione
1790 5657 2083 5712 sanctitate
2120 5655 2478 5722 condecorat,
2516 5658 2572 5708 et
2616 5653 2726 5707 ﬁde
2765 5667 2922 5705 sacra
2948 5648 3280 5704 Christianis
3304 5666 3420 5704 mo-

96 5739 441 5803 exhortatoria
481 5752 963 5820 supermdiﬁcatur
1011 5754 1330 5810 orthodoxa
1359 5755 1562 5810 Christi
1593 5757 1692 5811 Ec~
1793 5751 1948 5806 ribus
1985 5751 2201 5821 vigens,
2232 5765 2358 5819 qua:
2404 5747 2527 5801 ﬁeri
2556 5748 2666 5800 Deo
2697 5744 2900 5814 placita
2930 5742 3202 5812 praecepit
3225 5741 3423 5799 studiis

92 5829 231 5890 etesia
263 5844 569 5914 apostolica
605 5847 960 5905 institutione
999 5850 1252 5920 fundata,
1292 5854 1348 5905 et
1372 5867 1405 5904 a
1436 5849 1695 5905 fidelibus
1795 5843 2214 5922 pontiﬁcalibus
2246 5841 2634 5898 indesinenter
2661 5838 2928 5911 operatur
2953 5838 3008 5890 et
3042 5835 3283 5911 proficit,
3315 5853 3427 5894 ser~
