3946 6180
576 265 675 319 633

1469 263 1752 318 APPEND.
1793 259 1880 319 AD
1917 259 2076 318 sec.
2128 263 2212 317 ix.
2241 291 2309 302 -
2349 254 2589 320 isloom
2627 251 3049 320 MERCATORIS
3731 281 3808 334 ωδ

561 387 695 424 vans
732 370 872 441 legis
917 371 1122 424 divinae
1144 371 1441 437 mandata;
1482 372 1615 442 quia
1667 388 1780 426 non
1811 371 1952 442 legis
1981 370 2200 426 audito-
2221 370 2693 457 Asubsannabit,
2739 377 2796 426 et
2848 374 2983 427 tunc
3023 371 3289 443 loquetur
3321 374 3387 427 ad
3423 392 3506 429 eos
3540 378 3587 432 in
3627 379 3692 434 ira
3720 401 3808 450 sua,

563 481 653 518 res
673 462 816 533 justi
845 468 977 518 sunt
1022 464 1174 534 apud
1225 465 1425 534 Deum,
1461 465 1609 520 sicut
1646 469 1843 520 narrat
1876 466 2195 537 Apostolus,

564 555 662 610 sed
713 555 958 610 factores
998 556 1140 628 legis
1181 557 1666 629 justiﬁcabuntur.
1720 561 1830 616 Nos
1877 558 2032 613 enim
2077 559 2199 613 haec

561 649 825 704 meditari
872 651 1185 722 cupientes,
1237 657 1292 707 et
1335 669 1404 707 ea
1457 669 1584 724 quas
1627 670 1662 708 a
1707 657 1901 708 sancta
1930 653 2064 708 sede
2101 669 2195 707 ve-

562 747 679 798 stra
720 745 1105 814 apostolorum
1152 762 1466 818 eorumque
1507 764 1887 802 successorum
1934 746 2200 818 prmdica-

562 837 716 893 tione
744 838 1094 909 suscepimus
1121 842 1292 912 atque
1314 857 1443 911 quae
1475 841 1530 894 in
1557 841 1778 896 Niczena
1801 842 2013 912 synodo
2041 841 2201 896 robo-

561 941 684 990 rata
720 938 1093 1008 cognovimus
1127 939 1451 1008 prazdicare,
1481 943 1538 993 et
1566 940 1909 994 Arianorum
1937 940 2197 1011 blasphe-

556 1031 720 1097 mias,
759 1036 929 1102 atque
958 1031 1203 1086 aliorum
1229 1033 1624 1087 haereticorum
1652 1035 1926 1104 repellere
1955 1034 2196 1105 cupien-

559 1129 646 1179 tes
683 1125 933 1194 quotidie
975 1125 1046 1179 ab
1109 1126 1198 1180 his
1249 1127 1668 1198 persequimur,
1725 1131 1781 1182 et
1843 1127 2195 1182 damnationi

562 1217 864 1286 tradimur,
899 1223 1069 1289 atque
1095 1219 1266 1274 morti
1293 1221 1662 1276 destinamur.
1713 1221 1833 1285 Qua
1869 1221 1937 1276 de
1978 1238 2038 1276 re
2069 1239 2193 1292 pre-

564 1326 776 1378 camur,
828 1315 889 1365 ut
940 1313 1139 1366 vestris
1188 1314 1711 1381 exhortationibus,
1765 1319 1885 1368 tam
1945 1332 2050 1385 per
2101 1332 2198 1369 vos

563 1422 739 1476 quam
785 1410 841 1460 et
881 1423 984 1476 per
1028 1407 1422 1477 apocrisiarius
1475 1411 1688 1462 vestros
1736 1409 2089 1478 adjuvemur,
2125 1426 2198 1463 ne

564 1499 702 1553 dum
735 1499 814 1554 illi
861 1505 1123 1555 crescunt
1162 1505 1218 1555 et
1258 1518 1362 1556 nos
1402 1501 1738 1571 minuimur,
1769 1519 1902 1557 vera
1933 1502 2073 1556 ﬁdes
2105 1502 2198 1556 de-

563 1598 829 1660 struatur,
859 1598 916 1648 et
932 1610 1134 1649 eorum
1149 1594 1379 1649 haeresis
1403 1596 1548 1650 ultra
1571 1595 1742 1650 ﬁdem
1766 1600 2018 1650 nostram
2046 1613 2193 1650 cres-

561 1691 683 1752 cat;
741 1686 1010 1758 quoniam
1054 1688 1345 1754 timemus,
1392 1692 1457 1742 ut
1476 1693 1778 1760 postquam
1823 1689 2199 1744 abundaverit

2301 470 2359 520 et
2397 466 2455 520 in
2499 466 2691 521 furore
2734 482 2835 520 suo
2880 466 3235 521 conturbabit
3282 483 3371 521 eos
3411 471 3555 536 (Psal.
3583 488 3630 537 ιι,
3653 474 3695 538 4,
3717 479 3770 543 5),
3791 501 3809 524 ιι

2299 560 2613 616 secundum
2629 559 2858 615 beatum
2874 561 2899 614 .1
2905 560 3181 614 eremiam
3197 559 3374 615 dicens
3397 578 3408 616 :
3445 584 3468 608 ‹‹
3493 563 3627 618 Falso
3638 569 3815 638 prophe-

2299 658 2372 710 ta:
2399 654 2490 708 isti
2519 653 2898 709 vaticinantur
2929 654 2987 707 in
3013 653 3242 709 nomine
3268 671 3388 709 meo
3413 672 3424 721 ;
3454 673 3555 710 non
3581 660 3704 713 enim
3725 663 3812 716 misi

2302 764 2415 814 eos,
2459 750 2516 801 et
2545 764 2660 802 non
2691 747 2940 819 praecepi
2980 747 3080 814 eis,
3119 764 3295 818 neque
3322 749 3518 803 locutus
3542 767 3647 805 sum
3670 753 3725 806 ad
3749 772 3816 808 eos

2300 842 2573 896 visionem
2599 841 2958 909 mendacem,
2989 845 3048 896 et
3072 841 3460 896 divinationem
3486 847 3536 896 et
3565 844 3815 901 fraudulen-

2299 936 2435 990 tiam
2466 939 2523 990 et
2541 935 2930 990 seductionem
2957 935 3145 990 cordis
3174 935 3255 990 sui
3283 936 3588 1006 prophetarit
3609 939 3743 992 vobis.
3765 942 3818 994 ld-

2299 1029 2448 1084 circo
2477 1029 2600 1083 haec
2626 1028 2760 1082 dicit
2795 1029 3069 1082 Dominus
3107 1029 3174 1082 de
3219 1029 3490 1100 prOphetis
3513 1030 3596 1101 qui
3644 1033 3817 1102 prephe-

2302 1126 2422 1176 tant
2441 1122 2500 1176 in
2538 1123 2772 1176 nomine
2797 1139 2925 1176 meo
2954 1122 3315 1178 mendacium
3341 1140 3352 1176 :
3396 1130 3546 1178 erunt
3575 1125 3760 1194 projecti
3781 1127 3819 1179 in

2298 1216 2401 1270 viis
2427 1215 2832 1287 Hierosolymae
2880 1219 3001 1282 (Jer.
3051 1233 3159 1285 xxv,
3197 1217 3388 1287 lli-l6);
3418 1238 3442 1264 ››
3472 1220 3520 1270 et
3555 1218 3818 1272 conculcatio

2298 1310 2556 1365 omnium
2587 1310 2679 1380 pie
2718 1309 3110 1364 confitentium
3143 1326 3256 1379 me,
3284 1314 3336 1364 et
3364 1326 3469 1364 non
3492 1310 3586 1364 erit
3603 1311 3684 1382 qui
3704 1328 3818 1382 sepe-

2298 1404 2394 1458 liat
2421 1420 2538 1457 eos.
2572 1404 2750 1457 Nemo
2782 1403 2936 1457 enim
2974 1403 3316 1458 abscondere
3357 1408 3526 1474 potest
3560 1404 3819 1474 quibusdam

2297 1496 2728 1567 subreptionem
2779 1497 3222 1564 commenticiis,
3277 1496 3428 1551 sicuti
3475 1513 3567 1550 nec
3606 1496 3726 1551 foliis
3760 1498 3820 1550 ﬁci

2295 1590 2546 1661 antiquis
2601 1594 2984 1662 transgressor
3032 1591 3302 1661 prmeepti
3340 1589 3506 1646 Adam
3545 1590 3712 1660 potuit,
3755 1591 3820 1659 qui

2298 1701 2400 1755 per
2430 1684 2726 1756 propriam
2785 1685 3040 1754 linguam
3102 1683 3467 1738 inverecunde
3512 1683 3732 1746 nudatur,
3768 1683 3818 1736 1a-

563 1779 850 1850 iniquitas,
879 1780 1207 1852 refrigescat
1231 1783 1471 1837 charitas
1493 1759 1828 1838 multorum.
1857 1785 1964 1837 Pro
1996 1799 2110 1854 qua
2136 1800 2197 1836 re
2217 1759 2276 1831 B
2302 1795 2513 1849 qucum
2539 1778 2692 1832 enim
2710 1778 2873 1832 fortis
2898 1778 3016 1833 viro
3043 1777 3194 1833 labia
3225 1778 3361 1848 ejus,
3383 1781 3437 1831 et
3454 1781 3625 1847 captus
3646 1775 3820 1847 propriis

564 1875 742 1928 multa
785 1878 982 1929 vestrae
1035 1892 1206 1930 sacrae
1263 1877 1538 1931 doctrinae
1570 1920 1583 1944 ,
1653 1883 1766 1931 tam
1815 1877 1970 1949 apud
2021 1880 2199 1932 Deum

562 1983 738 2039 quam
773 1967 926 2038 apud
965 1972 1198 2024 cunctos
1243 1970 1432 2024 ﬁdeles
1474 1986 1694 2026 merces
1721 1975 1777 2025 et
1802 1971 1922 2025 laus
1950 1971 2200 2042 reposita

565 2066 666 2130 est,
696 2061 740 2115 si
799 2066 985 2117 vestra
1012 2063 1132 2116 haec
1163 2069 1531 2118 recensentur
1559 2063 1913 2133 auctoritate,
1943 2069 2200 2120 nostram

567 2155 721 2208 enim
759 2154 934 2209 ﬁdem
963 2173 1136 2226 quam
1179 2172 1212 2210 a
1243 2157 1452 2211 sanctis
1489 2157 1746 2212 Patribus
1778 2159 2099 2229 accepimus
2144 2161 2203 2212 et

565 2252 829 2302 tenemus
868 2252 1038 2319 atque
1087 2249 1361 2304 docemus
1404 2250 1596 2305 subter
1649 2250 2008 2320 inservimus,
2065 2254 2132 2306 ut
2154 2251 2201 2306 si

567 2341 770 2412 aliquis
799 2341 954 2396 vobis
983 2341 1145 2396 aliter
1174 2359 1280 2397 nos
1313 2321 1555 2397 credere
1591 2349 1690 2399 aut
1729 2344 1953 2411 docere,
1995 2349 2093 2399 aut
2115 2361 2202 2399 ac-

567 2434 842 2504 cusando,
875 2439 971 2489 aut
1019 2435 1376 2491 mussitanda
1412 2437 1691 2507 retulerit,
1736 2438 1820 2492 vel
1847 2437 2200 2492 detrahendo

566 2524 786 2598 scriptis
815 2529 1190 2598 mandaverit,
1224 2545 1327 2600 per
1364 2530 1512 2585 hanc
1536 2530 1833 2586 manifeste
1856 2548 1958 2586 nos
1983 2533 2064 2587 ita
2083 2548 2202 2586 cre-

567 2619 705 2676 dere
731 2626 788 2676 et
812 2621 1018 2677 docere
1052 2623 1393 2694 agnoscatis.

634 2714 932 2770 Credimus
960 2732 1216 2787 namque
1242 2717 1302 2771 in
1325 2733 1506 2772 unum
1548 2719 1726 2772 Deum
1756 2721 1981 2774 Patrem
2011 2721 2197 2774 omni-

563 2811 880 2879 potentem,
926 2809 1184 2864 omnium
1223 2809 1532 2866 visibilium
1580 2828 1802 2867 necnon
1829 2813 2199 2867 invisibilium

560 2903 860 2969 factorem,
917 2907 973 2958 et
1019 2903 1080 2957 in
1125 2921 1308 2958 unum
1358 2905 1665 2960 Dominum
1714 2911 1977 2961 nostrum
2008 2909 2199 2962 Jesum

561 2995 850 3052 Christum
883 2997 1087 3052 Filium
1121 2998 1240 3063 Dei,
1276 3001 1475 3053 natum
1515 3015 1585 3053 ex
1611 3001 1776 3054 Patre
1809 3000 2196 3071 unigenitum,

561 3089 669 3144 hoc
690 3095 776 3146 est
803 3107 874 3145 ex
900 3091 1219 3146 substantia
1244 3091 1426 3146 Patris
1454 3108 1467 3146 :
1516 3093 1697 3148 Deum
1725 3110 1791 3147 ex
1817 3096 1954 3163 Deo,
2002 3095 2196 3150 lumen
2219 3133 2273 3205 Ο

563 3200 632 3238 ex
680 3184 897 3238 lumine
923 3227 936 3251 ,
988 3185 1170 3240 Deum
1215 3201 1414 3240 verum
1457 3203 1520 3241 ex
1563 3187 1682 3241 Deo
1721 3204 1893 3242 vero:
1955 3191 2193 3258 natum,

563 3293 681 3332 non
711 3281 983 3343 creatum,
1013 3278 1330 3346 omousion,
1365 3279 1471 3334 hoc
1501 3285 1586 3335 est
1607 3280 1863 3351 ejusdem
1884 3298 2015 3336 cum
2034 3284 2196 3336 Patre

562 3371 913 3438 substantiae,
969 3388 1073 3443 per
1116 3389 1291 3443 quem
1331 3373 1524 3427 omnia
1561 3374 1706 3428 facta
1752 3378 1904 3442 sunt,
1952 3375 2198 3430 coelestia

562 3463 874 3519 terrestria.
903 3465 1007 3529 Qui
1038 3469 1274 3537 propter
1299 3483 1401 3520 nos
1431 3467 1715 3536 homines,
1758 3473 1810 3523 et
1840 3472 2076 3540 propter
2102 3485 2200 3524 no-

561 3563 734 3612 stram
763 3559 1005 3613 salutem
1029 3559 1322 3614 descendit
1351 3560 1421 3615 de
1459 3561 1630 3627 caelis,
1653 3565 1712 3616 et
1740 3561 2064 3618 incarnatus
2091 3567 2196 3632 est,

563 3654 621 3704 et
645 3651 819 3706 homo
844 3651 1042 3722 factus,
1066 3670 1260 3724 passus
1305 3657 1410 3721 est,
1456 3659 1512 3709 et
1557 3656 1864 3710 resurrexit
1889 3656 2058 3712 tertia
2083 3657 2195 3725 die,

560 3745 812 3800 ascendit
861 3747 920 3800 in
965 3749 1194 3814 coelum,
1247 3754 1519 3803 venturus
1559 3754 1644 3804 est
1673 3749 1932 3819 judicare
1959 3750 2112 3806 vivos
2143 3754 2200 3806 et

561 3844 832 3894 mortuos.
881 3843 948 3897 Et
993 3841 1052 3895 in
1099 3841 1375 3912 Spiritum
1408 3847 1684 3897 sanctum.
1737 3844 1844 3898 Eos
1875 3848 2071 3900 autem
2100 3846 2198 3916 qui

563 3933 777 4000 dicunt,
807 3940 928 3989 erat
954 3938 1179 4006 tempus
1210 3936 1442 4007 quando
1467 3953 1584 3991 non
1615 3941 1754 4003 erat,
1784 3940 1841 3991 et
1867 3937 2198 4008 priusquam

559 4031 885 4082 nasceretur
926 4044 1044 4083 non
1085 4031 1224 4096 erat,
1273 4034 1330 4084 et
1371 4031 1504 4100 quia
1553 4046 1621 4084 ex
1670 4029 1840 4084 nullis
1885 4031 2194 4086 subsisten-

557 4121 708 4175 tibus
743 4120 921 4175 factus
959 4125 1063 4187 est,
1109 4125 1206 4176 aut
1247 4139 1310 4176 ex
1338 4123 1450 4177 alia
1474 4123 1790 4178 substantia
1829 4124 1914 4178 vel
1953 4123 2198 4179 essentia

560 4213 757 4266 dicunt
803 4230 923 4267 esse
973 4219 1234 4284 trepton,
1276 4215 1380 4270 hoc
1433 4221 1518 4270 est
1560 4216 1987 4271 convertibilem
2027 4221 2196 4288 atque

557 4305 893 4361 mutabilem
920 4306 1123 4361 Filium
1151 4307 1268 4374 Dei,
1313 4309 1416 4362 hos
1460 4308 1898 4364 anathematizat
1922 4311 2196 4366 catholica

561 4403 617 4453 et
643 4398 952 4470 apostolica
982 4399 1242 4469 Ecclesia,
1280 4401 1423 4456 hanc
1450 4402 1834 4457 venerabilem
1855 4404 2026 4459 fidem
2079 4410 2191 4460 tre-

2298 1871 2679 1941 sermonibus,
2721 1875 2778 1926 et
2803 1888 2976 1943 opera
3010 1888 3287 1926 manuum
3317 1871 3452 1942 ejus,
3491 1869 3738 1924 retributio
3756 1885 3819 1922 au-

2298 1971 2417 2020 tem
2452 1965 2732 2020 labiorum
2767 1965 2888 2035 ejus
2916 1965 3143 2020 dabitur
3168 1965 3243 2032 ei,
3284 1970 3337 2020 et
3388 1963 3658 2034 impietatis
3693 1978 3820 2032 repre

2298 2059 2520 2114 hensio.
2558 2079 2586 2106 ‹‹
2609 2061 2862 2130 Arguam
2886 2063 2962 2124 te,
2997 2058 3201 2130 inquit,
3248 2063 3303 2113 et
3331 2061 3557 2112 statuam
3591 2058 3746 2110 contra
3768 2055 3818 2108 fa-

2301 2153 2443 2207 ciem
2489 2156 2681 2218 tuam,
2748 2151 3076 2206 existimasti
3145 2151 3337 2223 inique
3397 2149 3540 2223 quod
3578 2165 3725 2204 essem
3753 2146 3821 2200 tibi

2301 2246 2503 2300 similis
2557 2247 2720 2314 (Psal.
2771 2262 2912 2314 xLix,
2961 2249 3071 2316 2t).
3114 2267 3141 2293 »
3210 2247 3537 2316 Propterea,
3583 2244 3701 2297 sicut
3737 2240 3824 2294 dicit

2302 2339 2570 2394 Dominus
2607 2340 2677 2393 ad
2719 2340 2950 2394 Gedeon
2983 2357 2996 2393 :
3050 2340 3412 2410 Deponamus
3459 2355 3543 2392 eos
3583 2337 3641 2391 ad
3677 2349 3822 2406 aquam

2301 2450 2448 2490 vera:
2499 2433 2887 2501 discretionis,
2936 2438 2991 2488 et
3037 2433 3342 2504 probemus
3395 2449 3486 2487 eos
3536 2431 3602 2486 ibi
3645 2426 3824 2499 regulari

2301 2527 2724 2583 examinatione
2781 2527 2839 2582 in
2894 2526 3138 2598 idipsum
3193 2544 3402 2599 pronos
3448 2527 3725 2581 corruentes
3760 2535 3826 2590 per

2301 2621 2679 2676 ostensionem
2726 2621 2885 2692 pravi
2942 2621 3258 2677 intellectus
3308 2637 3527 2686 eorum,
3587 2621 3742 2672 utrum
3781 2629 3826 2666 ne

2300 2715 2412 2769 sint
2477 2715 2627 2786 apud
2697 2731 2794 2769 eos
2851 2713 3130 2786 sapientes
3195 2715 3371 2770 divini
3426 2713 3567 2767 verbi
3615 2708 3825 2765 scientiam

2300 2807 2650 2879 ignorantes,
2670 2807 2938 2880 quoniam
2958 2808 3212 2863 dicentes
3234 2825 3293 2863 se
3321 2807 3589 2880 sapientes
3603 2803 3723 2858 stulti
3737 2799 3828 2854 facti

2299 2907 2450 2970 sunt,
2507 2907 2563 2957 et
2611 2907 2978 2957 mutaverunt
3035 2902 3276 2974 gloriam
3337 2899 3604 2955 catholicae
3643 2892 3826 2952 Ecclesia

2300 2996 2529 3067 propria
2567 2997 2812 3051 novitate
2852 3000 2909 3051 et
2951 2997 3258 3063 voluntate,
3289 2995 3401 3051 sive
3442 3011 3536 3066 per
3562 3008 3622 3047 ea
3641 2985 3829 3062 quinilli-

2299 3090 2486 3145 citeiu
2510 3091 2632 3161 ejus
2662 3091 2992 3146 defensione
3035 3093 3200 3161 gesta
3246 3096 3397 3159 sunt,
3447 3087 3722 3143 haereticam
3748 3088 3824 3135 tur-

2297 3185 2612 3240 bulentiam
2649 3184 3094 3252 introducentes,
3134 3184 3280 3240 illud
3313 3185 3666 3255 competenter
3687 3176 3740 3231 ad
3763 3188 3828 3227 nos

2298 3278 2607 3333 retinentes
2639 3279 2792 3349 quod
2826 3278 2975 3333 bene
3021 3279 3094 3333 ad
3132 3279 3324 3333 Jesum
3374 3278 3545 3332 filium
3580 3271 3736 3330 Siraeh
3768 3267 3824 3320 di-

2299 3375 2452 3426 ctum
2483 3374 2602 3426 est:
2638 3394 2666 3421 ‹‹
2699 3373 2884 3443 Usque
2909 3373 2979 3426 ad
3011 3375 3261 3427 mortem
3280 3377 3434 3427 certa
3456 3387 3551 3442 pro
3582 3367 3774 3426 veritate,
3792 3363 3828 3412 et

2299 3465 2574 3520 Dominus
2601 3465 2880 3537 pugnabit
2906 3483 3008 3536 pro
3040 3471 3094 3521 te
3128 3468 3315 3534 (Eccli.
3340 3482 3413 3533 1v,
3435 3466 3536 3535 33).
3566 3482 3588 3514 ι)
3629 3458 3761 3528 Hujus
3777 3452 3824 3506 rei

2300 3559 2481 3630 gratia
2512 3559 2844 3614 universalis
2889 3560 3046 3614 vobis
3085 3561 3144 3614 in
3193 3561 3415 3616 Christo
3449 3561 3567 3614 Jesu
3614 3549 3828 3609 commissa

2297 3659 2384 3708 est
2424 3653 2689 3718 Ecclesia,
2727 3657 2784 3708 et
2826 3670 2930 3724 pro
2985 3653 3254 3709 omnibus
3288 3653 3564 3717 laboretis,
3601 3655 3648 3704 et
3681 3639 3826 3700 cunctis

2299 3764 2467 3818 opem
2493 3748 2640 3803 ferre
2661 3764 2777 3802 non
2812 3747 3134 3819 negligatis,
3165 3749 3301 3819 quia
3330 3749 3463 3803 dum
3489 3744 3632 3801 fortis
3650 3741 3828 3795 matus

2297 3842 2543 3897 custodit
2583 3840 2794 3896 atrium
2843 3858 3034 3910 suum,
3087 3841 3144 3896 in
3199 3859 3338 3913 pace
3392 3846 3517 3896 sunt
3563 3834 3721 3892 omnia
3741 3842 3826 3900 (ίυὲ

2298 3935 2558 4006 possidet.
2590 3935 2838 4006 Ideoque
2864 3939 3021 3990 tanta
3049 3940 3298 4006 urgente
3325 3933 3635 3992 necessitate
3653 3936 3828 3983 summo-

2297 4044 2429 4098 pere
2455 4028 2810 4100 comprimite
2831 4033 3012 4084 vestra
3037 4045 3267 4085 summa
3305 4028 3618 4084 auctoritate
3650 4019 3826 4076 infestos,

2297 4122 2538 4177 revelate
2565 4138 2882 4194 oppressos,
2928 4129 2990 4177 ut
3017 4123 3233 4196 absque
3261 4124 3436 4196 gravi,
3477 4120 3686 4176 Domino
3703 4112 3827 4182 opitu-

2295 4216 2468 4280 lante,
2488 4216 2775 4283 facultate,
2809 4216 2917 4288 ipsi
2948 4223 3240 4288 gratanter
3263 4218 3417 4273 omni
3446 4223 3675 4287 tempore
3690 4200 3831 4262 sacriﬁ-

2296 4325 2422 4364 care
2449 4326 2774 4364 mereamur
2792 4311 2974 4365 illaesi.
3003 4312 3071 4366 Et
3088 4312 3411 4384 suscriptio.
3427 4313 3634 4366 Eterna
3650 4311 3694 4358 te
3709 4296 3833 4353 δεπεί

2297 4402 2561 4458 divinitas
2586 4419 2690 4476 per
2716 4405 2924 4460 multos
2953 4422 3154 4472 annos,
3189 4405 3539 4463 sanctissime
3563 4403 3751 4458 Patrum
3770 4402 3830 4461 9³·

555 4493 708 4547 centi
736 4493 966 4564 quidem
998 4493 1200 4549 decem
1243 4497 1301 4548 et
1327 4500 1453 4550 octo
1480 4498 1670 4551 Patres
1708 4503 2084 4568 agnoverunt,
2137 4504 2271 4576 etD
2296 4502 2399 4553 ter.
2430 4500 2627 4552 Amen.

455 4595 462 4602 ‘
554 4587 804 4658 amplexi
843 4591 995 4656 sunt,
1040 4593 1097 4642 et
1122 4593 1504 4644 consonantes
1541 4593 1598 4643 et
1643 4591 1939 4647 unanimes
1966 4592 2190 4664 scriptis

559 4681 1025 4750 explanaverunt.

628 4773 732 4828 Sed
759 4773 934 4829 modo
983 4775 1255 4846 quoniam
1296 4777 1493 4831 contra
1548 4776 1670 4832 lucc
1709 4779 1791 4848 (ut
1828 4779 2024 4851 nostis)
2057 4780 2192 4834 talia

556 4864 889 4938 exsurgunt,
947 4868 1135 4939 qualia
1163 4885 1277 4924 non
1316 4869 1545 4936 debent,
1589 4869 1770 4926 venite
1814 4875 1873 4926 et
1897 4889 2018 4943 nos,
2048 4873 2189 4928 dile-

556 4959 790 5014 ctissimi
817 4960 1040 5028 fratres,
1073 4978 1203 5016 cum
1226 4963 1342 5017 Deo
1379 4962 1794 5020 descendamus
1820 4965 1892 5019 ad
1920 4966 2187 5023 visitatio-

557 5070 710 5122 nem,
757 5053 815 5108 id
847 5057 948 5123 est,
997 5053 1422 5126 inquisitionem
1467 5072 1803 5113 sermonum
1850 5077 2082 5128 eorum,
2135 5064 2191 5116 et

553 5147 971 5202 confundamus
994 5165 1096 5220 per
1113 5149 1583 5221 approbationem
1604 5151 1960 5208 verissimam
1979 5154 2190 5210 ibidem

553 5242 780 5312 linguas
835 5258 1034 5297 eorum
1056 5243 1303 5299 elevatas
1347 5250 1549 5300 contra
1581 5245 1875 5301 scientiam
1909 5247 2191 5318 unigeniti

553 5335 674 5392 Filii
701 5335 837 5406 Dei;
869 5341 925 5391 et
946 5337 1310 5409 iniquitatem
1339 5338 1396 5392 in
1430 5339 1794 5394 altitudinem
1823 5341 2190 5397 humanitatis

553 5430 676 5500 ejus
692 5431 1010 5502 loquentes,
1044 5452 1069 5480 ››
1102 5431 1527 5503 disrumpamus
1546 5432 1768 5487 vincula
1789 5449 1994 5488 eorum
2021 5436 2184 5502 (Psal.

551 5539 612 5592 ιι,
645 5524 696 5594 3)
724 5546 752 5573 ››
803 5540 909 5595 per
947 5524 1202 5596 gladium
1234 5525 1608 5596 spiritualem,
1645 5525 1798 5597 quod
1843 5531 1926 5582 est
1954 5527 2188 5584 verbum

551 5617 685 5683 Dei,
759 5639 788 5668 ‹‹
827 5622 885 5674 et
935 5618 1300 5690 projiciamus
1365 5635 1398 5672 a
1452 5617 1616 5673 nobis
1668 5619 1878 5692 jugum
1934 5621 2189 5693 ipsorum

555 5711 756 5781 (Ibid),
789 5731 816 5762 »
847 5728 948 5782 per
965 5711 1456 5784 expugnationem
1479 5713 1707 5784 profani
1727 5730 1922 5770 sensus
1939 5715 2186 5774 illorum.

555 5821 583 5853 ς(
622 5803 775 5857 Tunc
803 5805 958 5860 enim
996 5805 1117 5878 ipse
1145 5822 1377 5880 quoque
1401 5807 1671 5864 Dominus
1691 5807 1952 5866 irridebit
1986 5827 2101 5885 eos,
2135 5818 2194 5876 et

2647 4595 2978 4664 Rescriptum
3025 4594 3228 4650 Liberiz'
3244 4597 3323 4651 ad
3349 4591 3562 4650 eosdem.

2362 4683 2730 4740 Dilectissimo
2759 4688 2872 4742 filio
2909 4691 3222 4745 ATHANASIO
3267 4696 3324 4744 et
3371 4688 3619 4744 omnibus
3639 4683 3687 4736 in
3713 4684 3832 4732 unum

2291 4780 2674 4851 congregatis,
2704 4784 2763 4835 et
2787 4782 2856 4839 de
2885 4782 3175 4838 Trinitatis
3217 4784 3328 4840 ﬁde
3374 4789 3520 4838 recte
3549 4767 3833 4834 sentientibus

2289 4873 2685 4945 Egyptiorum
2715 4875 2991 4948 episcopis
3013 4877 3267 4933 LIBERIUS
3301 4896 3470 4950 papa.

2361 4967 2508 5023 Olim
2537 4974 2595 5024 et
2621 4969 2691 5024 ab
2721 4969 2882 5024 initio
2901 4975 3122 5026 tantam
3151 4973 3510 5045 percepimus
3532 4959 3834 5053 abeatoPelrv

2290 5062 2673 5133 apostolorum
2703 5064 2961 5136 principe
2976 5065 3265 5137 ﬁduciam,
3294 5057 3837 5122 uthabeamusaucton-

2293 5158 2486 5225 tatem,
2503 5173 2604 5228 pro
2622 5158 2922 5213 universali
2937 5159 3179 5216 Ecclesia
3189 5161 3263 5216 ad
3279 5166 3490 5216 rectam
3505 5143 3835 5243 defendenda.In

2290 5249 2480 5318 ﬁdem,
2511 5255 2808 5323 quatenus,
2831 5253 2975 5308 nulli
3004 5254 3167 5310 liceat
3195 5260 3406 5310 statum
3436 5255 3626 5308 sanctae
3650 5242 3835 5329 Ecclesia

2291 5361 2652 5401 commovere
2669 5345 2740 5401 ad
2757 5347 3048 5403 laesionem
3061 5353 3210 5404 recte
3227 5346 3577 5404 credentium
3595 5339 3835 5429 absque?"

2289 5439 2541 5510 periculo
2568 5439 2816 5497 honoris.
2850 5441 3149 5512 Epistulam
3168 5443 3448 5516 siquidem
3468 5441 3686 5493 vestram
3710 5424 3838 5482 nobis-

2291 5549 2400 5604 que
2430 5534 2700 5590 directam
2725 5541 2854 5591 ante
2875 5551 2978 5591 nos
3000 5537 3226 5594 recitari
3247 5537 3499 5601 fecimus,
3516 5520 3836 5587 tribulatione!

2291 5633 2348 5682 et
2379 5631 2796 5699 persecutiones
2836 5650 2976 5704 quas
3004 5649 3105 5704 pro
3135 5634 3288 5688 recta
3324 5631 3434 5686 (ide
3461 5621 3692 5701 patimini
3717 5608 3836 5668 intel-

2288 5720 2552 5778 leximus.
2599 5727 2780 5796 Super
2823 5727 3028 5798 quibus
3063 5731 3120 5781 et
3167 5742 3268 5782 nos
3320 5740 3433 5779 una
3456 5720 3718 5778 nobiscum
3741 5717 3838 5805 {of

2291 5815 2570 5888 dolemus,
2622 5823 2680 5874 et
2727 5819 2979 5877 laborare
3027 5837 3132 5894 pro
3177 5819 3335 5877 vobis
3368 5821 3432 5874 ut
3468 5818 3616 5890 pater
3638 5822 3724 5883 pro
3748 5800 3840 5856 ﬁlii!
