3946 6180
157 282 239 340 637
1296 268 1770 334 DECRETALIUM
1808 276 2192 332 COLLECTIO.
3367 279 3471 334 638

152 389 312 463 parati
336 402 536 449 sumus,
568 385 745 442 ﬁdem
774 400 907 441 vero
934 385 1147 442 Nicmni
1184 387 1412 442 concilii
1440 388 1499 441 in
1532 387 1734 442 eadem
1753 385 2266 473 Acondemnatus,
2325 385 2485 440 nullo
2540 384 2707 440 modo
2767 386 2994 455 oportet
3041 400 3146 439 nos
3199 384 3467 456 deinceps

150 482 350 555 epistola
374 482 574 535 rectam
604 479 942 552 reperimus,
971 497 1142 552 super
1164 496 1279 553 qua
1299 483 1356 535 et
1382 482 1496 535 Deo
1524 479 1736 551 gratias
1834 482 2043 547 tacere,
2074 480 2176 533 aut
2199 478 2512 549 quiescere,
2558 495 2630 534 ne
2659 478 2887 550 quando
2915 477 3098 550 iniqui
3139 478 3471 549 judicemur

148 576 423 631 uberrimas
451 572 768 641 retulimus,
796 590 900 645 pro
927 590 1043 645 qua
1066 590 1181 631 non
1221 574 1581 629 solummodo
1612 588 1736 644 per-
1833 572 2106 627 odibilem
2117 572 2441 643 Deopacem
2453 572 2884 643 amplectentes,
2899 572 3175 644 quoniam
3189 571 3468 643 scriptum

149 667 436 735 secutiones,
467 672 522 722 et
570 666 856 738 passiones
902 668 1184 723 sustinere
1229 668 1519 722 vobiscum
1547 666 1733 737 parati
1835 665 2148 721 est:Zelavi
2170 665 2229 720 in
2254 666 2859 737 peceatoribuspacem
2874 664 3466 737 peccatorumvidens,

149 779 329 827 sumus,
358 760 447 816 sed
469 760 662 827 etiam,
692 761 739 815 si
762 778 993 816 necesse
1037 761 1229 828 fuerit,
1260 760 1411 815 mori
1435 777 1539 831 pro
1568 759 1730 814 Chri-
1800 794 1805 797 λ
1830 762 1892 815 et
1906 760 2127 814 dicatur
2144 760 2321 814 etiam
2343 759 2415 813 de
2438 759 2976 816 nobis:Sacerdows
2995 759 3107 816 mei
3122 762 3472 831 contempse-

148 856 202 910 sti
227 854 452 921 nomine,
484 854 542 910 in
567 858 847 926 quantum
888 859 1082 911 nostra
1130 855 1266 911 sinit
1295 854 1590 926 fragilitas,
1617 870 1733 910 non
1832 858 1968 909 runt
2002 854 2191 924 legem
2242 869 2454 920 meam,
2506 855 2566 907 et
2611 853 2946 925 polluerunt
2974 853 3290 909 sanctuaria
3316 870 3465 919 mea,

146 948 441 1020 respuimus.
489 948 667 1018 Igitur
721 947 1060 1019 praedictum
1112 951 1372 1003 sanctum
1429 947 1732 1002 concilium
1831 946 1984 1002 inter
2002 950 2262 1001 sanctum
2288 952 2345 1001 et
2369 946 2670 1017 profanum
2696 964 2811 1001 non
2836 947 3087 1002 habuere
3112 947 3463 1013 distantiam,

146 1043 467 1113 (utlegimus)
514 1042 770 1098 deﬁnivit
814 1042 1128 1109 Nicaeuum,
1162 1042 1333 1098 aliam
1378 1040 1550 1097 ﬁdem
1591 1041 1729 1096 nulli
1830 1039 1981 1099 inter
2016 1041 2295 1111 pollutum
2326 1043 2383 1095 et
2410 1040 2694 1096 mundum
2737 1056 2852 1096 non
2901 1041 3320 1110 intellexerunt,
3366 1042 3464 1096 sed

144 1137 279 1190 licere
330 1135 593 1206 proferre,
646 1140 745 1191 aut
797 1136 1172 1203 conscribere,
1224 1136 1313 1191 vel
1364 1152 1728 1208 componere,
1831 1150 2176 1206 consurgere
2203 1135 2261 1189 in
2293 1135 2426 1203 Deo,
2452 1138 2510 1189 et
2533 1133 2844 1189 consistere
2890 1138 3155 1205 prompte
3181 1135 3253 1202 ei,
3283 1139 3339 1188 et
3374 1135 3465 1190 in-

143 1236 221 1283 aut
254 1245 436 1301 sapere
479 1229 566 1285 vel
610 1229 815 1285 docere
843 1230 1028 1298 aliter,
1059 1246 1163 1284 nec
1190 1230 1504 1301 quidquam
1533 1230 1593 1285 in
1617 1231 1729 1287 ﬁde
1824 1228 2069 1283 duentes
2092 1244 2251 1283 arma
2279 1227 2511 1299 spiritus
2541 1227 2815 1283 adversus
2858 1228 3243 1299 malignantes
3267 1231 3465 1284 contra

138 1322 331 1387 sentire,
374 1327 468 1377 aut
511 1322 769 1394 proferre
799 1323 955 1394 quod
985 1322 1072 1376 his
1097 1324 1327 1378 Patrum
1358 1323 1575 1394 regulis
1606 1341 1731 1395 pos-
1828 1321 2006 1375 ﬁdem
2035 1321 2175 1391 ejus,
2208 1327 2273 1376 ut
2291 1321 2672 1393 approbemus
2694 1322 2927 1393 spiritus
2955 1322 3267 1394 sapienter,
3286 1320 3464 1388 idest,

140 1414 197 1468 sit
216 1414 442 1470 obviare.
490 1415 597 1480 Qui
634 1419 827 1471 autem
871 1415 1345 1487 praesumpserint
1389 1433 1728 1487 componere
1829 1414 1999 1469 verba
2026 1431 2226 1469 eorum
2267 1415 2311 1470 si
2346 1432 2415 1471 ex
2446 1416 2563 1472 Deo
2592 1420 2743 1471 sunt.
2788 1415 3074 1487 Scriptum
3110 1420 3196 1470 est
3224 1415 3381 1469 enim
3410 1415 3468 1469 in

138 1508 277 1562 aliam
307 1508 471 1563 fidem
513 1514 611 1564 aut
654 1509 934 1580 proferre,
962 1509 1185 1576 docere,
1213 1509 1301 1564 vel
1325 1509 1552 1565 tradere
1575 1495 1735 1566 aliud.
1826 1508 2069 1563 Ieremia
2098 1526 2111 1563 :
2146 1527 2174 1561 ς(
2201 1509 2571 1564 Probatorem
2605 1507 2739 1564 dedi
2781 1512 2836 1566 te
2865 1509 2925 1564 in
2970 1509 3178 1580 populo
3217 1525 3349 1564 meo
3374 1526 3464 1564 ro-

137 1601 419 1672 symbolum
446 1602 523 1657 ad
548 1602 695 1657 viam
725 1602 981 1658 veritatis
999 1602 1249 1658 converti
1275 1602 1728 1659 desiderantibus
1824 1600 2082 1668 bustum,
2110 1601 2250 1656 scies
2275 1606 2332 1657 et
2356 1602 2625 1673 probabis
2645 1602 2796 1658 viam
2818 1619 3016 1658 eorum
3037 1604 3163 1673 (Jer.
3196 1619 3273 1669 vi,
3300 1603 3412 1673 27);
3435 1622 3464 1655 ιο

135 1695 189 1748 de
207 1711 524 1766 quacunque
551 1696 779 1763 haeresi,
821 1696 906 1750 vel
932 1712 997 1751 ex
1021 1694 1250 1763 Iudaeis,
1280 1696 1367 1750 vel
1394 1712 1463 1751 ex
1490 1696 1727 1768 paganis
1828 1694 2008 1749 multa
2054 1711 2308 1766 namque
2356 1695 2521 1750 nobis
2562 1696 2885 1751 necessaria
2935 1701 3020 1752 est
3056 1696 3376 1767 vigilantia,
3410 1702 3469 1751 et

132 1787 434 1844 Christianos
476 1806 537 1844 se
578 1789 706 1844 ﬁeri
745 1789 1064 1844 volentibus
1095 1806 1109 1844 :
1142 1788 1204 1844 hi
1242 1789 1290 1844 si
1321 1789 1570 1860 episcopi
1598 1790 1721 1845 fue-
1747 1771 1802 1843 Β
1826 1792 1982 1842 tanta
2022 1788 2228 1842 divina:
2260 1788 2555 1859 sapientiae
2584 1789 2811 1845 rimatio
2861 1806 2991 1861 quae
3042 1792 3262 1846 occulta
3307 1794 3465 1846 tene-

128 1881 239 1948 rint,
262 1888 350 1937 aut
387 1882 602 1950 clerici,
634 1882 869 1939 alienari
907 1882 1143 1954 quidem
1184 1882 1479 1955 episcopos
1501 1882 1572 1938 ab
1602 1884 1725 1955 epi-

128 1981 343 2046 scopatu,
373 1977 563 2031 cteros
610 1994 645 2032 a
684 1977 854 2032 clero.
896 1977 956 2033 Si
985 1993 1120 2031 vero
1159 1977 1443 2045 monachi,
1470 1979 1571 2031 aut
1600 1977 1728 2032 laici

126 2069 320 2138 fuerint,
330 2071 699 2126 anathemate
724 2070 903 2126 feriri.
927 2073 1275 2127 Protestatur
1300 2070 1513 2126 etenim
1530 2071 1728 2127 beatus

126 2164 385 2232 Apostolus
412 2164 615 2221 dicens
643 2181 658 2219 :
694 2186 721 2213 «
748 2164 809 2221 Si
832 2164 962 2237 quis
1001 2167 1199 2232 certat,
1232 2180 1354 2220 non
1397 2170 1723 2233 coronatur,

123 2255 211 2310 nisi
247 2256 504 2327 legitime
549 2257 850 2315 certaverit
896 2259 967 2329 (Il
1001 2261 1138 2313 Tim.
1169 2274 1229 2327 ιι,
1258 2262 1334 2327 5);
1369 2277 1398 2309 »
1433 2262 1492 2313 et
1517 2257 1727 2314 iterum

124 2347 354 2404 Dominus
375 2350 455 2405 ait
492 2368 505 2405 :
537 2372 565 2403 (ι
595 2351 703 2417 Qui
739 2354 930 2406 autem
977 2350 1415 2423 perseveraverit
1456 2367 1635 2423 usque
1663 2352 1724 2406 in

120 2441 286 2509 ﬁnem,
317 2444 403 2499 hic
430 2446 627 2500 salvus
668 2445 778 2500 erit
824 2445 1037 2513 (Matth.
1083 2461 1234 2513 xxxv,
1267 2445 1372 2515 13);
1406 2467 1434 2495 »
1465 2444 1727 2500 videlicet

122 2537 494 2593 certaminibus
523 2539 697 2594 sacris
739 2538 1045 2610 propositis
1073 2539 1237 2594 nobis
1263 2554 1365 2610 pro
1398 2538 1725 2594 defensione

119 2629 367 2686 catholicae
412 2632 702 2699 Ecclesiae,
750 2648 1075 2703 magnaque
1116 2633 1294 2686 salute
1341 2648 1411 2687 ex
1457 2632 1566 2687 hoc
1598 2648 1722 2702 spe-

120 2724 218 2775 rata
240 2724 304 2777 ab
328 2725 591 2781 omnium
619 2726 903 2781 bonorum
929 2726 1126 2782 datore
1155 2727 1286 2793 Deo,
1315 2741 1430 2780 non
1457 2725 1727 2780 deﬁciant

120 2830 292 2871 manus
329 2826 540 2874 nostrae
583 2819 931 2875 dilectissimi
975 2819 1201 2888 fratres,
1229 2836 1335 2891 per
1371 2818 1725 2875 occasionem

119 2910 401 2980 cujuslibet,
437 2912 677 2968 desidiae
722 2912 1025 2981 dissolutas,
1059 2913 1157 2967 sed
1198 2913 1370 2968 fortes
1410 2912 1726 2968 efﬁciamur

119 3018 200 3073 per
223 3005 451 3075 gratiam
483 2994 714 3061 Domini
748 3012 917 3078 atque
956 3006 1227 3061 virtutem
1275 3005 1543 3077 potentiae
1580 3006 1722 3076 ejus,

118 3098 351 3166 quoniam
391 3100 641 3170 perfecit
687 3099 858 3171 pedes
903 3104 1123 3154 nostros
1154 3105 1427 3171 tanquam
1466 3115 1719 3167 suorum,

115 3192 159 3243 et
183 3208 338 3263 super
364 3192 593 3248 excelsa
641 3192 864 3248 firmius
904 3193 1099 3248 statuit
1126 3192 1448 3248 intellectus
1484 3209 1723 3248 summae

116 3283 215 3351 ejus
236 3286 608 3342 humanitatis
640 3291 873 3358 propter
900 3290 1151 3341 nostram
1178 3286 1445 3357 salutem,
1476 3286 1721 3342 maxime

114 3381 306 3434 tantum
333 3380 626 3435 habentes
647 3380 973 3451 impositam
1002 3385 1327 3436 sanctorum
1352 3381 1587 3436 testium
1612 3397 1720 3436 nu-

113 3468 237 3525 bem.
264 3474 627 3545 Deponentes
647 3490 785 3546 ergo
812 3491 981 3530 omne
1000 3474 1246 3546 pondus,
1277 3477 1335 3528 et
1358 3474 1726 3529 circumstan-

112 3568 207 3619 tem
226 3566 685 3623 adversariorum
727 3568 1040 3622 novitatem
1084 3584 1190 3639 per
1232 3566 1564 3639 patientiam
1594 3583 1718 3622 cur-

112 3672 293 3727 ramus,
321 3662 669 3733 aspicientes
695 3661 755 3716 in
779 3666 1075 3717 auctorem
1100 3661 1253 3730 ﬁdei,
1286 3664 1345 3716 et
1370 3676 1725 3716 consumma-

111 3755 265 3808 torem
305 3755 500 3811 Iesum
546 3754 646 3827 qui
687 3755 747 3810 in
797 3755 1094 3827 proposito
1123 3754 1290 3810 nobis
1319 3757 1557 3826 propter
1587 3770 1721 3809 eum

114 3846 333 3916 negotio,
361 3848 638 3920 spiritum
676 3848 842 3903 nobis
879 3865 996 3903 sua:
1032 3848 1283 3904 veritatis
1310 3847 1598 3903 condonet
1634 3848 1721 3902 lo-

112 3944 353 4008 quentem
380 3942 442 3998 in
471 3941 646 3998 nobis
670 3948 838 4015 atque
865 3942 1267 4014 prohibentem
1286 3941 1577 4013 magnalia
1590 3940 1725 3997 ﬁdei

110 4048 193 4101 per
233 4034 557 4092 doctrinam
605 4039 927 4092 sanctorum
971 4038 1202 4093 Patrum
1252 4052 1392 4108 quos
1417 4033 1724 4091 adversarii

110 4126 511 4187 calumniantur
526 4128 878 4203 quotidie.ln
891 4130 1187 4203 prophetis
1197 4145 1447 4202 namque
1458 4129 1719 4186 habetur:

112 4220 372 4293 «Propter
402 4224 547 4281 Sion
603 4240 716 4278 non
769 4224 990 4291 tacebo,
1039 4229 1096 4278 et
1136 4228 1375 4296 propter
1420 4222 1559 4278 Sion
1606 4239 1723 4279 non

110 4311 391 4386 quiescam,
411 4317 605 4373 donec
623 4316 972 4388 egrediatur,
996 4322 1061 4373 ut
1079 4316 1350 4389 splendor
1370 4316 1558 4387 justus
1578 4316 1721 4387 ejus,

110 4416 155 4464 et
192 4415 426 4471 salvator
470 4417 623 4487 ejus,
673 4419 740 4470 ut
783 4416 1000 4487 lampas
1044 4414 1389 4470 accendatur
1427 4414 1548 4482 (Isa.
1592 4429 1721 4481 Lxu,

1744 3142 1799 3216 C

1825 1880 2060 1936 brarum
2088 1881 2303 1937 revelat
2346 1881 2420 1936 ad
2457 1882 2889 1954 requisitionem
2918 1883 3245 1954 hujusmodi
3272 1883 3376 1951 rei,
3411 1890 3469 1939 et

1826 1975 2260 2041 scrutationem,
2288 1975 2562 2046 quoniam
2604 1977 2743 2031 latet
2783 1976 3218 2047 quodammodo
3246 1983 3304 2032 et
3337 1978 3463 2032 abs-

1827 2068 2108 2135 conditur,
2147 2068 2352 2139 vixque
2395 2069 2919 2139 comprehcnditur,
2966 2069 3166 2125 dolosa
3212 2070 3463 2125 existens

1828 2161 2067 2228 malitia,
2087 2178 2190 2232 pro
2207 2178 2275 2217 eo
2294 2162 2443 2233 quod
2467 2161 2575 2216 sibi
2594 2162 2873 2233 pietatem
2895 2162 3098 2218 callide
3117 2163 3463 2233 blandiatur,

1825 2259 1892 2310 ut
1919 2254 2108 2309 valeat
2132 2255 2513 2310 scrutantium
2540 2261 2796 2311 mentem
2826 2256 3002 2312 latere
3027 2274 3041 2321 ;
3088 2258 3242 2328 quod
3271 2257 3467 2328 utique

1827 2348 2011 2403 sciens
2060 2347 2262 2404 beatus
2310 2350 2632 2421 Apostolus,
2684 2348 2765 2404 ait
2810 2366 2824 2404 :
2876 2370 2902 2401 ‹‹
2946 2351 3089 2406 Nam
3140 2350 3469 2421 hujusmodi

1825 2442 2045 2514 pseudo
2098 2441 2335 2513 apostoli
2392 2447 2448 2498 et
2501 2444 2745 2514 operarii
2794 2443 3011 2499 subdoli
3062 2444 3468 2517 transﬁgurant

1827 2552 1887 2590 se
1935 2534 1995 2590 in
2041 2535 2328 2607 apostolos
2355 2535 2562 2592 Christi
2581 2537 2652 2605 (Il
2701 2539 2822 2596 Cor.
2863 2553 2938 2604 χι,
2984 2540 3092 2608 l3).
3139 2557 3168 2590 ιο
3211 2537 3320 2594 Sed
3347 2554 3466 2593 non

1825 2629 2059 2695 mirum,
2077 2628 2351 2701 quoniam
2383 2632 2440 2683 et
2465 2630 2585 2700 ipse
2618 2629 2857 2685 Satanas
2885 2632 3256 2703 transﬁgurat
3281 2648 3342 2686 se
3369 2648 3462 2686 ve-

1824 2722 1912 2777 lut
1947 2722 2187 2794 angelus
2231 2722 2393 2793 lucis,
2441 2728 2498 2777 et
2541 2723 2669 2778 ideo
2713 2740 2828 2778 non
2881 2723 3116 2791 mirum,
3147 2725 3196 2779 si
3218 2724 3466 2780 ministri

1826 2816 1951 2886 ejus
1974 2816 2458 2887 transﬁgurantur
2475 2817 2631 2871 velut
2650 2816 2891 2872 ministri
2907 2818 3169 2887 justitiaa,
3192 2818 3465 2888 quoniam

1825 2908 1956 2963 ﬁnis
2007 2909 2319 2964 secundum
2359 2925 2536 2981 opera
2581 2926 2808 2979 eorum,
2858 2911 2956 2966 sed
2999 2916 3058 2966 et
3098 2911 3369 2967 Dominus
3405 2910 3467 2966 in

1825 3001 1933 3057 hoc
1956 3002 2345 3074 praemuniens
2374 3018 2498 3072 nos,
2533 3003 2613 3057 ait
2645 3020 2659 3058 :
2696 3026 2723 3053 ‹‹
2751 3004 3037 3060 Attendite
3067 3022 3100 3058 a
3136 3004 3288 3060 falsis
3332 3018 3463 3076 pro.

1823 3096 2011 3168 phetis
2038 3096 2137 3167 qui
2166 3094 2406 3151 veniunt
2434 3097 2505 3151 ad
2532 3113 2631 3152 vos
2669 3097 2725 3151 in
2753 3097 3105 3154 vestimentis
3132 3098 3342 3169 ovium,
3372 3096 3462 3154 in-

1823 3189 2101 3245 trinsecus
2149 3193 2284 3245 sunt
2338 3190 2460 3261 lupi
2510 3190 2776 3261 rapices;
2841 3209 2875 3246 a
2937 3193 3215 3248 fructibus
3265 3209 3465 3249 eorum

1824 3283 2175 3353 cognoscetis
2222 3299 2318 3339 eos
2363 3285 2580 3352 (Matth.
2628 3301 2725 3354 vn,
2778 3289 2864 3354 t5,
2900 3286 3007 3355 16).
3041 3309 3068 3336 ι»
3106 3288 3254 3359 Ergo
3278 3287 3336 3341 in
3381 3287 3466 3343 id-

1825 3376 2013 3448 ipsum
2055 3394 2124 3432 ex
2169 3380 2286 3431 toto
2336 3378 2507 3432 corde
2552 3378 2865 3434 referentes
2904 3383 3037 3435 ante
3077 3379 3268 3436 omnia
3292 3397 3463 3451 super
3554 3382 3565 3385 ’

1822 3470 1922 3525 tali
1943 3470 2249 3542 quaestione
2274 3470 2766 3542 deprecationem,
2806 3476 2864 3527 et
2905 3473 3160 3529 dicentes
3188 3490 3320 3531 cum
3359 3474 3463 3529 Da-

1823 3564 1952 3618 vid:
1980 3587 2007 3614 «
2039 3564 2245 3620 Revela
2285 3565 2479 3619 oculos
2531 3582 2708 3632 meos,
2756 3570 2814 3621 et
2861 3566 3233 3622 considerabo
3285 3565 3457 3624 mira-

1821 3656 1955 3715 bilia
1982 3658 2053 3713 de
2078 3659 2206 3730 lege
2232 3661 2334 3713 tua
2361 3658 2526 3727 (Psal.
2563 3674 2755 3725 cxvm,
2792 3660 2898 3729 l8),
2932 3682 2960 3710 ››
2994 3683 3020 3709 ‹‹
3051 3662 3277 3717 lucerna
3306 3662 3462 3718 enim

1823 3752 2064 3823 pedibus
2099 3752 2242 3807 meis
2285 3751 2521 3807 verbum
2552 3755 2737 3821 tuum,
2770 3753 3029 3821 Domine,
3067 3758 3125 3809 et
3152 3755 3348 3811 lumen
3378 3772 3460 3812 se-

1823 3845 1979 3901 mitis
2022 3829 2165 3901 meis
2209 3846 2377 3916 (Psal.
2437 3862 2625 3912 cxvm,
2690 3849 2814 3918 l8),
2868 3869 2898 3898 »
2951 3849 3222 3919 quoniam
3262 3847 3459 3920 ipsius

1826 3942 1910 3994 est
1955 3940 2118 4009 (sicut
2160 3939 2239 3995 ait
2285 3940 2490 3995 beatus
2534 3938 2734 3996 Daniel
2778 3942 3076 4012 propheta)
3109 3962 3136 3994 α
3162 3942 3459 4013 sapientia,

1822 4031 2121 4099 fortitudo,
2150 4031 2249 4087 dat
2276 4032 2617 4104 sapientiam
2648 4032 3021 4105 sapientibus,
3070 4040 3128 4089 et
3164 4036 3459 4092 scientiam

1825 4124 2277 4198 intelligentibus
2318 4126 2704 4199 disciplinam.
2749 4129 2872 4200 Ipse
2922 4130 3135 4184 revelat
3176 4129 3458 4200 profunda

1825 4224 1883 4275 et
1910 4219 2265 4289 abscondita,
2316 4222 2373 4274 et
2414 4222 2571 4275 novit
2616 4221 2676 4276 in
2725 4222 2975 4277 tenebris
3030 4223 3353 4290 constituta,
3404 4229 3460 4278 et

1823 4314 1915 4368 lux
1941 4330 2074 4370 cum
2107 4330 2175 4369 eo
2204 4317 2287 4370 est
2317 4313 2476 4385 (Dan.
2503 4330 2565 4384 ιι,
2600 4314 2810 4377 20-22).
2842 4338 2870 4365 ››
2912 4315 3053 4380 Quia
3097 4314 3455 4388 sapientiam,

1823 4406 2027 4478 inquit,
2058 4410 2116 4461 et
2140 4406 2537 4463 fortitudinem
2589 4408 2797 4464 dedisti
2847 4407 3012 4477 mihi,
3055 4412 3114 4465 et
3160 4409 3462 4466 ostendisti

112 4506 169 4572 t).
220 4530 245 4557 ››
293 4511 567 4565 Profecto
623 4509 899 4565 catholica
940 4508 1187 4565 Ecclesia
1239 4525 1375 4585 qua’
1404 4525 1538 4563 vera
1587 4500 1971 4587 con.Dmihi
2011 4517 2139 4572 quin
2188 4501 2388 4573 rogavi
2432 4504 2508 4569 te,
2555 4518 2686 4557 cum
2731 4518 2904 4573 opera
2950 4502 3140 4558 divina
3193 4504 3459 4560 uniuscu-

111 4598 232 4657 sistit
253 4603 413 4672 Sion,
442 4611 506 4659 et
541 4604 734 4659 civitas
776 4603 987 4660 Christi
1026 4603 1300 4657 cmlorum
1325 4601 1476 4674 regis
1510 4617 1612 4674 per
1642 4607 1726 4658 tot

108 4709 361 4754 annorum
411 4696 609 4771 spatia
653 4700 981 4769 expugnata
1017 4696 1088 4752 ab
1132 4696 1524 4752 aversantibus
1553 4695 1725 4751 verba

109 4785 239 4859 ﬁdei,
260 4793 356 4863 qui
384 4808 582 4864 neque
599 4792 777 4848 Deum
799 4791 1006 4847 timent
1032 4807 1218 4864 neque
1244 4791 1544 4846 hominem
1575 4806 1727 4845 reve-

108 4887 299 4955 rentur,
329 4886 435 4942 sed
461 4888 758 4942 incassum
791 4883 1234 4957 perducentibus
1259 4884 1381 4956 pias
1412 4887 1471 4939 et
1494 4884 1721 4939 canoni-

110 4991 186 5031 eas
206 4979 272 5033 de
301 4981 409 5041 hoc
435 4980 619 5036 verbo
648 4978 953 5050 doctrinas,
982 4978 1122 5034 dum
1150 4977 1401 5035 adversis
1443 4978 1725 5049 tantisque

108 5072 314 5143 scripto,
370 5081 431 5131 et
489 5074 616 5129 sine
678 5073 889 5146 scripto
945 5071 1453 5129 contestationibus
1508 5070 1726 5127 invitati

109 5162 323 5222 inissent
350 5168 652 5240 corrigere
694 5167 1012 5240 propriam,
1056 5170 1113 5222 et
1151 5166 1392 5239 sepelire
1438 5164 1723 5235 haeresim,

107 5258 249 5315 sicuti
295 5266 353 5318 et
400 5279 511 5335 per
554 5262 900 5318 anteriorem
948 5261 1342 5333 cognitionem
1386 5258 1728 5314 luculentius

109 5349 549 5412 demonstratum
589 5361 691 5423 est,
720 5360 839 5411 tam
870 5372 975 5427 per
1000 5353 1219 5409 libellos
1258 5369 1430 5425 quam
1461 5369 1563 5424 per
1592 5368 1725 5424 sug-

108 5450 373 5515 gestiones
402 5446 1021 5505 reverendissimorum
1058 5447 1439 5515 sacerdotum,
1474 5449 1530 5501 et
1558 5462 1724 5502 vene-

108 5540 352 5599 rabilium
370 5544 671 5614 abbatum,
687 5543 954 5616 Apostolo
974 5544 1325 5614 protestante
1348 5540 1532 5608 nobis,
1550 5544 1615 5594 ut
1629 5540 1730 5595 lio-

109 5635 308 5693 minem
338 5637 682 5693 haereticum
722 5641 847 5710 post
892 5637 1135 5710 primam
1172 5639 1230 5691 et
1267 5635 1573 5690 secundam
1600 5651 1728 5690 cor-

109 5730 409 5799 t‘eptionem
435 5730 650 5787 evitare
690 5732 1023 5799 debeamus,
1059 5730 1301 5786 scientes
1350 5729 1486 5800 quia
1527 5728 1730 5801 hujus-

104 5820 246 5876 modi
291 5821 604 5880 subversas
650 5827 754 5895 est,
800 5826 857 5879 et
902 5820 1185 5896 delinquit
1236 5818 1466 5894 proprio
1508 5816 1731 5893 judicio

1815 4595 2024 4666 jusque
2068 4609 2331 4665 personae
2379 4593 2658 4666 descripta
2706 4611 2906 4650 eorum
2937 4594 3037 4666 qui
3068 4612 3171 4666 pro
3196 4596 3462 4653 novitatis

1823 4691 2149 4751 commento
2179 4686 2421 4743 accusati
2467 4690 2601 4742 sunt
2644 4686 2714 4743 de
2762 4686 3071 4743 venerabili
3095 4692 3290 4745 nostro
3320 4691 3459 4747 scri-

1823 4783 1920 4838 nio
1947 4779 2485 4850 obsecundantibus,
2518 4786 2574 4836 et
2597 4779 2760 4836 nobis
2805 4780 3199 4838 ordinabiliter
3225 4782 3463 4841 offeren-

1826 4876 1976 4932 tibus
2007 4875 2267 4930 solertius
2298 4874 2677 4943 intendamus,
2710 4871 2790 4929 ita
2811 4879 2877 4932 ut
2902 4873 3001 4947 qui
3043 4875 3167 4932 haec
3192 4894 3464 4948 praesum-

1826 4969 2047 5042 pserint
2088 4965 2468 5040 praevaricari,
2516 4967 2770 5040 primum
2831 4967 3066 5041 quidem
3127 4969 3463 5043 suhjaceant

1819 5063 2036 5135 judicio
2085 5062 2329 5117 terribili
2387 5062 2797 5134 omnipotentis
2846 5063 2964 5132 Dei,
3022 5063 3225 5120 deinde
3269 5069 3464 5122 autem

1826 5158 2288 5228 qualemcunque
2305 5156 2561 5227 regalem
2580 5154 3041 5227 indignationem
3065 5163 3457 5225 revereantur,

1827 5266 1929 5321 per
1971 5266 2146 5321 quam
2199 5248 2435 5321 quidem
2479 5248 2526 5303 si
2577 5248 2830 5321 episcopi
2877 5254 2977 5303 aut
3018 5250 3211 5305 clerici
3242 5253 3395 5319 sunt,
3426 5267 3461 5304 a

1828 5344 1915 5398 sui
1953 5342 2272 5412 sacerdotii,
2315 5342 2431 5398 sive
2475 5360 2509 5397 a
2549 5342 2635 5398 sui
2663 5343 2797 5399 cleri
2821 5343 3019 5398 ordine
3065 5343 3256 5398 modis
3280 5342 3463 5398 omni-

1827 5438 1932 5499 bus
1955 5437 2250 5492 excedant.
2281 5436 2335 5493 Si
2362 5438 2557 5491 autem
2587 5436 2859 5492 monachi
2885 5438 3037 5502 sunt,
3066 5439 3457 5506 segregentur,

1829 5536 1886 5587 et
1909 5531 2076 5587 alieni
2119 5532 2232 5586 sint
2274 5530 2343 5586 de
2392 5529 2511 5585 suis
2549 5531 2708 5586 locis.
2759 5529 2822 5585 Si
2868 5534 3062 5584 autem
3098 5527 3459 5600 dignitatem,

1828 5629 1922 5689 aut
1969 5625 2285 5698 cingulum,
2338 5630 2436 5679 aut
2484 5623 2747 5679 militiam
2780 5622 3047 5687 habeant,
3078 5622 3367 5677 nudentur
3391 5623 3462 5679 de

1829 5720 1927 5787 eis.
1976 5720 2071 5776 Sin
2125 5722 2318 5774 autem
2349 5722 2485 5774 sunt
2508 5716 2735 5790 privati,
2768 5715 2815 5769 si
2843 5714 3074 5786 quidem
3099 5714 3318 5771 nobiles
3347 5716 3465 5773 exi-

1830 5819 1987 5879 stunt
2005 5830 2238 5869 suarum
2264 5811 2709 5869 substantiamm
2728 5808 3203 5884 proscriptionem
3230 5810 3459 5887 patiana
