3946 6180
501 265 604 318 639

1405 250 1692 318 APPEND.
1733 263 1821 318 AD
1857 262 2022 318 SEC.
2062 263 2150 319 IX.
2178 292 2246 304 —
2284 259 2524 320 lSlDORl
2563 258 2988 320 MERCATORIS
3347 221 3365 234 .
3686 272 3765 329 640

502 375 617 424 tur.
665 369 719 425 Si
765 375 959 426 autem
1006 368 1289 441 ignobiles
1331 371 1666 441 consistunt,
1701 387 1815 426 non
1855 373 2037 426 solum
2080 371 2138 426 in
2159 384 2369 460 Arum
2389 371 2730 426 custodiant.
2761 373 2905 427 Data
2929 373 3120 426 octava
3147 371 3501 428 Kalendarum
3525 376 3666 447 Junii,
3692 384 3770 433 As-

509 462 557 534 1
575 462 697 535 57
729 480 966 534 corpore
991 464 1379 533 verberentur,
1411 465 1510 519 sed
1533 465 1731 520 exsilio
1757 469 2034 538 perpetuo
2052 483 2137 520 ca-

506 557 792 628 stigentur
815 600 828 624 ,
861 560 923 612 ut
948 574 1150 612 omnes
1179 558 1385 613 timore
1416 558 1510 612 Dei
1539 560 1868 632 compressi,
1897 565 1953 614 et
1977 577 2135 614 com-

504 651 717 705 minata
750 651 831 705 eis
861 651 1036 722 digna
1079 651 1354 723 supplicia
1399 658 1719 708 reverentes
1758 652 2136 721 immobilem,

505 747 562 798 et
591 743 711 799 sine
739 743 1064 800 turbatione
1108 761 1309 816 pacem
1353 747 1672 800 sanctarum
1724 746 1822 800 Dei
1867 746 2138 801 Ecclesia-

2237 465 2438 537 clepio,
2472 469 2531 520 et
2557 465 2806 520 Deodato
2831 467 2916 535 IV,
2950 483 3031 522 cc.
3065 467 3277 521 consul.
3307 467 3481 522 Gratia
3516 471 3625 524 Jesu
3648 471 3771 526 Chri-

2238 564 2325 615 sto
2367 559 2605 616 Domino
2650 564 2862 629 nostro,
2912 577 3022 632 pax
3075 559 3247 614 vobis.
3296 562 3484 629 Amen,
3533 563 3629 618 Deo
3675 581 3774 635 gra-

2238 653 2362 708 tias.

1105 1026 1223 1118 IN
1229 1027 1686 1120 CIPIUNT
1777 1028 2141 1121 DECRE

2242 1029 2300 1120 Α
2395 1028 2820 1122 FELICIS
2910 1027 3274 1121 ΡΑΡλΕ.

505 1218 754 1288 Epistola
801 1219 1182 1288 Egyptiorum
1211 1223 1531 1291 pontiﬁcum
1576 1222 1652 1276 ad
1686 1223 1927 1279 eumdem
1963 1223 2029 1278 de
2054 1225 2138 1278 in-

941 1293 1324 1358 festationibus
1349 1293 1701 1348 Arianorum.

577 1404 816 1460 Domino
846 1405 1171 1461 beatissimo
1202 1410 1260 1460 et
1291 1407 1612 1463 honorabili
1637 1411 1829 1464 sancto
1864 1409 2015 1480 patri
2047 1409 2141 1464 Fs~

508 1514 614 1554 ωσι
655 1503 862 1554 sanctas
912 1500 1071 1556 Sedis
1121 1501 1449 1572 apostolicus
1499 1501 1652 1556 urbis
1706 1503 1906 1558 Roma
1953 1520 2139 1574 papas,

506 1596 878 1663 Aruamsws,
906 1597 964 1648 et
997 1593 1243 1649 universi
1280 1595 1696 1666 Egyptiorum,
1723 1595 2142 1651 Thebaidorum

510 1691 568 1741 et
595 1686 883 1741 Libiorum
907 1687 1155 1759 episcopi
1182 1688 1242 1742 in
1269 1693 1463 1744 sancta
1487 1689 1874 1745 Alexandrina
1899 1690 2140 1762 synodo,

510 1785 692 1856 gratia
718 1785 815 1840 Dei
841 1785 1194 1857 congregati.

582 1879 774 1933 Vestro
786 1883 976 1933 sancto
991 1895 1054 1934 su
1062 1879 1353 1951 ggerimus
1364 1881 1722 1952 apostolatui,
1745 1884 1807 1936 ut
1820 1881 1997 1937 nostri
2011 1899 2140 1937 mo-

509 1989 569 2026 re
599 1972 763 2026 solito
793 1973 1235 2028 sollicitudinem
1260 1990 1460 2045 gerere
1497 1975 1842 2046 dignemini,
1859 1977 2027 2047 juxta
2056 1993 2144 2031 ve-

508 2070 686 2120 stram
702 2065 1204 2137 prudentissimam
1221 2068 1564 2138 sapientiam
1585 2085 1713 2141 quae
1733 2069 2000 2125 omnibus
2020 2070 2143 2124 luce

507 2159 714 2214 clarius
740 2161 1046 2215 manifesta
1067 2165 1179 2228 est;
1202 2161 1338 2232 quia
1358 2162 1681 2234 apostolicis
1702 2168 1882 2219 vestra
1905 2163 2146 2218 beatitu-

510 2253 581 2308 do
595 2253 900 2308 visceribus
913 2257 1198 2308 commota
1215 2270 1321 2326 per
1335 2255 1762 2311 tribulationem
1781 2261 2030 2312 nostram
2043 2273 2145 2312 nos

507 2363 707 2402 omnes
728 2347 955 2402 hortata
975 2352 1059 2403 est
1077 2347 1146 2403 ad
1168 2347 1472 2404 tuitionem
1491 2350 1777 2405 catholicas
1801 2355 1857 2406 et
1875 2351 2140 2422 apostoli-

506 2457 589 2496 cae
608 2441 866 2497 Ecclesiae
889 2441 947 2496 in
971 2457 1149 2497 unum
1172 2442 1493 2511 convenire,
1513 2443 1652 2499 etde
1665 2449 1856 2499 nostra
1877 2443 2144 2500 canonice

2241 1238 2436 1294 scopos
2486 1222 2764 1278 damnare
2791 1265 2805 1291 ,
2857 1222 2986 1278 licet
3040 1223 3161 1278 haec
3219 1226 3277 1276 et
3325 1219 3428 1276 alia
3472 1235 3626 1290 quam
3668 1219 3790 1290 plura

2243 1317 2558 1371 necessaria
2586 1316 2658 1371 ab
2686 1315 2990 1384 hmreticis,
3037 1315 3138 1387 qui
3176 1331 3282 1370 nos
3325 1313 3560 1386 quotidie
3581 1311 3792 1368 infestant

2243 1414 2299 1465 et
2327 1409 2566 1481 perdere
2595 1408 2876 1478 nituntur,
2909 1413 2972 1464 ut
2999 1409 3218 1464 facilius
3258 1424 3358 1463 nos
3400 1421 3584 1478 capere
3609 1404 3790 1476 possint,

2243 1503 2356 1558 sint
2380 1502 2650 1574 synodica
2668 1503 2920 1575 capitula
2945 1503 3173 1558 incensa
3195 1501 3465 1574 nobisque
3483 1499 3692 1554 sublata.
3706 1499 3794 1561 Oua

2242 1596 2313 1651 de
2332 1612 2393 1651 re
2412 1596 2513 1650 hac
2534 1596 2762 1651 inventa
2789 1597 3083 1652 occasione
3113 1595 3498 1651 indifferenter
3519 1592 3657 1648 omni
3671 1606 3794 1645 cano-

2241 1689 2368 1745 nica
2397 1695 2453 1746 et
2481 1691 2789 1762 apostolica
2831 1691 3146 1762 postposita
3187 1688 3529 1758 auctoritate,
3567 1702 3675 1754 nos,
3706 1685 3745 1737 vi
3771 1701 3795 1738 δ

2243 1783 2490 1856 propriis
2518 1783 2673 1839 vobis
2698 1784 3053 1852 inconsultis,
3083 1783 3278 1838 illicite
3308 1782 3578 1854 expellunt
3597 1778 3793 1842 sedibus;

2244 1894 2492 1950 ovesque
2518 1878 2684 1933 nobis
2709 1896 2742 1932 a
2766 1878 2987 1933 Christo
3009 1877 3255 1934 Domino
3282 1875 3576 1948 apostolica
3596 1871 3798 1929 commis-

2243 1988 2332 2027 sas
2358 1971 2543 2042 gratia
2584 1971 2859 2028 invadunt
2894 1971 3163 2043 gradibus
3188 1971 3431 2043 privant,
3475 1974 3528 2024 et
3561 1966 3692 2040 quod
3713 1980 3798 2036 pes-

2244 2065 2454 2120 simum
2478 2071 2580 2136 est,
2606 2070 2665 2120 et
2685 2065 2953 2122 omnibus
2968 2065 3303 2121 Christianis
3330 2063 3544 2135 legibus
3567 2058 3798 2116 inimicum

2245 2159 2514 2230 perficere
2557 2159 2871 2214 decertant.
2923 2160 3032 2214 Vos
3081 2175 3242 2230 ergo,
3287 2160 3355 2212 ut
3400 2170 3610 2227 semper
3650 2155 3798 2206 vestra:

2245 2252 2362 2308 sedi
2387 2256 2592 2308 sanctaI
2619 2252 2974 2307 consuetudo
3018 2252 3147 2319 fuit,
3194 2248 3626 2322 periclitantibus
3651 2245 3800 2300 subve-

2246 2346 2364 2401 nite
2394 2363 2698 2418 oppressos
2723 2346 3010 2417 roborate,
3042 2345 3443 2400 tribulantibus
3470 2355 3683 2397 manum
3705 2353 3799 2409 por-

2244 2440 2432 2512 rigite,
2461 2441 2708 2513 taliaque
2725 2439 3044 2512 prohibete,
3064 2442 3122 2496 et
3145 2440 3306 2511 leges
3331 2435 3614 2510 imponite,
3639 2435 3693 2488 ut
3709 2447 3803 2503 apo

511 2535 902 2606 oppressione,
921 2539 978 2590 et
995 2535 1346 2592 unanimiter
1365 2541 1606 2592 tractare
1634 2537 1775 2592 dum
1796 2543 2018 2595 constat
2035 2555 2143 2594 nos
2162 2518 2220 2592 Β
2243 2534 2438 2590 stolica
2479 2535 2738 2591 doctrina
2784 2550 2912 2606 quae
2943 2534 3002 2588 in
3036 2535 3151 2589 Deo
3181 2536 3290 2602 est,
3317 2533 3429 2589 cito
3472 2531 3538 2586 ad
3571 2525 3804 2583 victoriam

510 2645 620 2684 una
640 2645 771 2683 cum
807 2629 974 2684 beato
995 2629 1166 2684 Paulo
1181 2630 1437 2702 apostolo
1455 2631 1655 2687 eadem
1677 2632 2149 2704 compassibiliter

511 2723 634 2778 dice
644 2724 739 2778 re?
759 2745 786 2772 «
804 2723 939 2788 Quis
959 2723 1303 2792 infirmatur,
1337 2728 1394 2780 et
1412 2741 1518 2796 ego
1538 2742 1651 2780 non
1674 2725 1940 2782 infirmor
1956 2728 1984 2782 Ἰ
2011 2727 2148 2792 Quis

509 2816 942 2885 scandalizatur,
961 2820 1018 2872 et
1033 2833 1138 2888 ego
1156 2834 1273 2872 non
1293 2834 1428 2872 uror
1443 2818 1470 2873 ?
1487 2841 1514 2868 «
1536 2819 1608 2888 (II
1632 2821 1751 2877 Cor.
1782 2836 1855 2888 xv,
1882 2820 2148 2891 29.)sata-

510 2916 706 2982 gentes
736 2925 806 2966 ne
826 2910 1018 2981 aliqua
1039 2910 1108 2966 de
1131 2911 1211 2966 eis
1232 2927 1360 2983 qua:
1382 2912 1546 2967 nobis
1566 2913 1798 2969 creditas
1818 2919 1952 2968 sunt
1970 2915 2144 2970 ratio-

512 3004 794 3058 nabilibus
815 3004 1013 3059 ovibus
1033 3021 1067 3057 a
1087 3003 1280 3059 bestiis
1297 3005 1568 3076 capiatur.
1589 3007 1743 3076 Ideo,
1767 3012 1928 3080 pater
1945 3008 2148 3064 beatis-

509 3098 670 3166 sime,
695 3097 827 3168 quia
843 3112 1072 3169 semper
1090 3101 1476 3154 antecessores
1492 3099 1690 3168 nostri,
1711 3105 1768 3156 et
1788 3118 1888 3157 nos
1907 3118 1940 3157 a
1962 3106 2146 3158 vestra

511 3192 818 3264 apostolica
860 3194 1053 3246 sancta
1105 3191 1240 3247 sede
1269 3193 1539 3247 auxilium
1587 3193 1902 3264 hausimus,
1946 3201 2005 3251 et
2041 3212 2142 3251 no-

510 3285 612 3342 stri
635 3302 733 3341 vos
759 3301 955 3340 curam
976 3285 1188 3341 habere
1209 3285 1565 3358 agnovimus,
1589 3289 1890 3359 praefatam
1915 3294 2144 3361 aposto-

509 3380 706 3448 licam,
741 3383 799 3434 et
837 3395 1121 3434 summam
1153 3380 1491 3451 expetimus,
1529 3381 1696 3452 juxta
1729 3399 2015 3438 canonum
2041 3383 2142 3439 de-

510 3477 683 3542 creta,
733 3473 963 3541 sedem,
1012 3477 1078 3528 ut
1124 3473 1258 3528 inde
1308 3473 1577 3529 auxilium
1630 3475 1940 3548 capiamus,
1990 3477 2145 3532 unde

508 3567 951 3640 prmdecessores
969 3566 1148 3622 nostri
1167 3567 1580 3637 ordinationes,
1601 3573 1659 3624 et
1677 3570 1951 3641 dogmata
1971 3574 2146 3644 atque

509 3661 929 3717 sublevationes
946 3665 1247 3732 ceperunt;
1273 3661 1342 3716 ad
1360 3678 1490 3716 eam
1505 3679 1735 3736 quoque
1758 3665 1922 3737 quasi
1938 3664 2009 3719 ad
2031 3681 2146 3720 ma-

510 3759 660 3810 trem
685 3755 1056 3826 recurrimus,
1103 3757 1166 3810 ut
1202 3755 1323 3826 ejus
1368 3755 1634 3812 uberibus
1678 3758 1980 3827 nutriatur,
2009 3776 2147 3831 quo-

511 3851 665 3907 niam
695 3867 809 3906 non
835 3853 1019 3922 potest
1047 3855 1229 3905 mater
1253 3849 1502 3904 oblivisci
1531 3849 1814 3907 infantem
1846 3869 2035 3923 suum,
2067 3854 2144 3908 sic

510 3949 570 4000 et
594 3962 690 4000 vos
715 3943 890 4001 nolite
920 3942 1175 4000 oblivisci
1199 3960 1304 3998 nos
1329 3943 1485 4000 vobis
1514 3946 1843 4002 commissos
1876 3947 2145 4018 quoniam

509 4055 626 4094 non
654 4039 874 4094 levibus
901 4053 1006 4093 nos
1026 4036 1240 4092 inimici
1266 4037 1444 4094 nostri
1461 4038 1911 4109 implicaverunt,
1928 4044 1986 4095 et
2004 4056 2144 4112 quo-

509 4132 647 4188 tidie
660 4133 846 4186 facere
867 4130 1183 4185 moliuntur
1199 4131 1597 4186 afﬂictionibus
1619 4137 1674 4188 et
1693 4133 2142 4204 apprehendere,

509 4229 609 4280 aut
636 4226 788 4280 ferro
813 4241 920 4279 nos
944 4224 1263 4294 constringi
1293 4225 1608 4294 minantur,
1640 4226 1751 4280 nisi
1781 4243 1980 4281 eorum
2005 4243 2141 4283 con-

511 4317 826 4373 sentiamus
849 4317 1166 4384 erroribus;
1198 4317 1355 4389 quod
1383 4335 1751 4391 nequaquam
1773 4319 1928 4374 vobis
1953 4320 2145 4376 incon-

509 4411 669 4467 sultis
693 4427 866 4482 agere
895 4410 1318 4482 praesumimus,
1343 4411 1659 4467 canonibus
1691 4412 1902 4484 quippe
1929 4414 2140 4486 juben-

508 4506 661 4562 tibus
687 4506 901 4579 absque
928 4506 1190 4560 Romano
1207 4522 1309 4560 nos
1339 4506 1408 4562 de
1439 4506 1756 4578 majoribus
1781 4508 1967 4563 causis
1997 4509 2143 4564 nihil

509 4602 716 4657 debere
747 4601 1059 4656 decernere
1089 4600 1358 4673 pontiﬁce
1375 4618 1392 4670 ;
1418 4600 1664 4673 ideoque
1688 4602 1758 4656 ad
1785 4603 2143 4674 propositum

509 4698 860 4750 recurrentes
892 4698 950 4750 et
975 4693 1051 4749 ad
1078 4693 1338 4749 bravium
1367 4699 1757 4766 properantes,
1787 4698 1986 4750 vestras
2014 4714 2144 4768 apo.

508 4789 721 4846 stolicas
770 4789 918 4844 sedis
952 4788 1328 4860 imploramus
1354 4788 1655 4859 auxilium,
1683 4789 1837 4861 quia,
1867 4793 1930 4846 ut
1957 4791 2141 4846 credi-

509 4900 660 4952 mus,
705 4900 819 4938 non
863 4883 1120 4954 despexit
1146 4883 1292 4938 Deus
1321 4898 1519 4954 preces
1559 4899 1689 4938 cum
1735 4884 1999 4956 lacrymis
2036 4884 2144 4940 sibi

508 4978 722 5034 oblatas
767 4992 1056 5032 servorum
1100 4992 1355 5046 suorum,
1384 4976 1484 5032 sed
1516 4976 1589 5032 ob
1613 4975 1672 5031 id
1699 4993 1797 5032 vos
1825 4978 2142 5050 prmdeces-

509 5087 781 5143 soresque
825 5073 1041 5124 vestros
1087 5069 1422 5142 apostolicos
1456 5070 1720 5126 videlicet
1761 5073 2034 5143 praesules
2080 5073 2141 5128 in

507 5165 848 5224 summitatis
875 5179 1002 5218 arce
1032 5163 1347 5230 constituit,
1371 5163 1742 5235 omniumque
1768 5165 2140 5222 ecclesiarum

2164 3895 2220 3970 C

2237 2627 2518 2699 judicium
2534 2629 2847 2701 perducere
2867 2628 3052 2684 valeat
3069 2632 3335 2683 nostrum
3362 2640 3571 2698 nosque
3594 2619 3806 2694 apostolo-

2246 2739 2377 2778 rum
2407 2723 2667 2795 principe
2691 2723 3040 2796 suﬂ’ragante
3061 2723 3226 2778 Petro
3244 2721 3319 2777 ab
3333 2715 3722 2776 imminentibus
3742 2727 3807 2783 pe-

2245 2817 2442 2872 riculis
2471 2817 2730 2874 liberare.
2778 2818 3048 2873 Novimus
3096 2833 3351 2889 namque
3394 2815 3452 2868 in
3490 2814 3606 2884 jam
3629 2807 3808 2880 praefata

2245 2911 2472 2966 Nicaena
2497 2911 2718 2983 synodo
2748 2911 3092 2984 generaliter
3110 2926 3232 2966 esse
3260 2910 3570 2976 decretum,
3595 2907 3649 2958 ut
3669 2901 3807 2956 nullus

2245 3005 2455 3076 passim
2471 3021 2724 3077 vageque
2755 3006 3047 3077 episcopos
3063 3010 3163 3060 aut
3178 3001 3581 3076 praesumptive
3601 2999 3807 3056 lacerare,

2247 3103 2346 3153 aut
2375 3115 2672 3168 accusare;
2696 3103 2754 3155 et
2779 3100 2879 3172 qui
2908 3116 3026 3155 non
3066 3101 3201 3154 sunt
3242 3101 3416 3154 rectas
3444 3093 3571 3150 ﬁdei
3596 3091 3669 3146 vel
3689 3089 3807 3143 bona

2244 3193 2375 3247 vita:
2404 3193 2490 3249 vel
2515 3193 2682 3249 claras
2711 3193 3154 3248 conversationis
3197 3199 3300 3248 aut
3346 3191 3616 3246 infamem
3649 3197 3808 3256 presu-

2245 3290 2389 3354 mat;
2417 3287 2518 3342 sed
2548 3287 2706 3359 prius
2735 3287 2783 3342 si
2811 3303 2951 3359 erga
2981 3287 3276 3358 episcopos
3303 3285 3394 3340 vel
3423 3290 3659 3339 auctores
3680 3274 3809 3332 Eccle-

2245 3381 2342 3436 siae
2375 3381 2677 3454 quisquam
2708 3397 2934 3437 causam
2979 3380 3263 3449 habuerit,
3297 3397 3400 3435 eos
3442 3393 3567 3433 cum
3601 3369 3810 3429 charitale

2244 3480 2542 3531 mansuete
2569 3475 2882 3545 conveniat,
2914 3480 2979 3531 ut
3024 3475 3095 3530 ab
3125 3474 3206 3529 eis
3245 3475 3456 3529 vulnus
3504 3469 3640 3525 unde
3674 3464 3810 3535 agitur

2244 3575 2396 3625 recte
2423 3575 2604 3638 sanet,
2619 3573 2718 3625 aut
2731 3571 2852 3641 ipse
2872 3570 2920 3624 si
2943 3585 3104 3624 secus
3129 3569 3320 3640 egerit
3340 3568 3623 3623 accusator
3638 3572 3810 3616 excom-

2243 3664 2586 3720 municetur.
2617 3663 2783 3728 Quod
2812 3663 2857 3719 si
2887 3663 2958 3718 ab
2979 3663 3058 3719 eis
3085 3663 3224 3718 nihil
3249 3660 3495 3717 valuerit
3517 3662 3654 3713 recte
3677 3646 3810 3726 perci-

2244 3775 2402 3829 pere,
2432 3761 2568 3812 tunc
2597 3758 2782 3830 primo
2830 3774 3089 3813 summos
3134 3756 3314 3812 adeat
3353 3756 3637 3828 primates,
3665 3750 3714 3803 et
3737 3742 3812 3814 ipSi

2244 3855 2500 3924 tempore
2528 3868 2782 3924 congruo
2804 3852 3075 3907 canonice
3095 3867 3190 3907 eos
3217 3864 3534 3905 convocare
3558 3839 3810 3900 debebunt;

2243 3946 2340 4017 qui
2368 3945 2414 4000 si
2441 3949 2540 4000 aut
2562 3945 2676 4001 suis
2700 3945 2872 4000 rebus
2896 3943 3212 4017 exspoliati,
3247 3947 3354 3999 aut
3381 3961 3416 3998 a
3444 3937 3669 4015 pr0priis
3706 3929 3811 3986 sedi-

2242 4039 2349 4094 bus
2375 4039 2558 4111 ejecti,
2605 4043 2706 4095 aut
2747 4039 3084 4110 exsulantes,
3131 4038 3220 4093 vel
3248 4035 3527 4110 oppressi,
3559 4034 3650 4088 aut
3669 4026 3812 4122 inique

2244 4133 2467 4188 tractati
2496 4133 2726 4202 fuerint,
2758 4133 2945 4206 primo
2985 4137 3286 4201 eruantur,
3319 4138 3379 4188 et
3403 4127 3658 4186 canonice
3700 4122 3815 4215 rest!-

2244 4231 2497 4298 tuantur,
2547 4231 2718 4300 atque
2746 4227 2939 4282 omnia
2978 4227 3084 4282 sibi
3129 4225 3382 4297 sublata,
3410 4217 3740 4295 integerrime
3759 4220 3815 4264 ω

2243 4322 2463 4394 legibus
2503 4321 2848 4391 reddantur;
2885 4321 3160 4394 quoniam
3189 4321 3537 4392 priusquam
3566 4316 3672 4370 hinc
3696 4308 3814 4368 ﬁant»

2243 4421 2310 4472 ut
2351 4416 2411 4472 in
2457 4415 2729 4488 praedicto
2759 4415 3129 4470 constitutum
3159 4418 3244 4470 est
3275 4411 3540 4482 concilio,
3567 4423 3661 4463 nec
3684 4411 3814 4458 cano-

2243 4511 2368 4566 nice
2414 4509 2734 4579 convocari,
2781 4525 2888 4565 nec
2939 4507 3207 4580 distringi
3249 4524 3287 4562 a
3333 4520 3564 4580 quoquo
3613 4494 3816 4572 possunt,

2245 4602 2520 4676 quoniam
2570 4619 2677 4658 nec
2725 4603 2912 4659 saeculi
2956 4603 3115 4675 leges
3164 4601 3292 4657 haec
3343 4599 3468 4656 ﬂeri
3516 4585 3817 4686 permittunt,

2242 4700 2456 4770 quanto
2482 4698 2664 4769 magis
2693 4697 3078 4753 ecclesiastica:
3099 4696 3127 4751 ‘I
3161 4695 3446 4752 Similiter
3472 4698 3528 4748 et
3553 4709 3586 4746 a
3607 4677 3818 4780 supmli‘

2241 4791 2347 4847 ctis
2384 4791 2640 4847 Patribus
2669 4797 2755 4848 est
2797 4791 3094 4847 definitum
3133 4793 3537 4855 consonanter,
3560 4787 3622 4839 ut
3644 4779 3682 4834 si
3703 4779 3817 4848 qui?

2241 4901 2419 4960 quam
2444 4885 2862 4958 episcoporum,
2893 4890 2992 4941 aut
3014 4883 3549 4957 metropolitanum,
3591 4877 3677 4932 aut
3709 4880 3821 4924 wm‘

2241 4979 2634 5053 provinciales,
2662 4981 2749 5035 vel
2771 4979 2995 5052 judices
3021 4984 3309 5052 suspectos
3331 4973 3610 5043 habuerit,
3627 4968 3820 5022 vestram

2241 5079 2494 5130 sanctam
2540 5075 2852 5129 Romanam
2894 5073 3222 5146 interpellet
3271 5071 3494 5140 sedem,
3533 5063 3620 5121 cui
3645 5060 3706 5115 ab
3727 5055 3820 5152 il”?

2241 5168 2487 5224 Domino
2518 5171 2762 5240 potestas
2789 5168 3007 5241 ligandi
3023 5185 3089 5224 ac
3116 5165 3374 5222 solvendi
3404 5157 3631 5237 speciali
3651 5156 3723 5211 est
3735 5160 3822 5221 prl-

509 5261 591 5317 eis
610 5274 806 5315 curam
829 5256 1043 5312 habere
1063 5256 1354 5328 praecepit,
1371 5260 1437 5311 ut
1457 5256 1620 5311 nobis
1637 5259 1996 5330 succurratis,
2015 5277 2142 5315 nos-
2159 5272 2219 5346 D
2241 5262 2444 5335 vilegio
2473 5279 2644 5335 super
2665 5263 2802 5318 alios
2829 5279 3116 5320 concessa.
3131 5263 3251 5334 Ipsa
3267 5258 3430 5315 enim
3444 5249 3820 5346 ﬁrmamenttm1

507 5369 620 5427 que
651 5357 895 5422 tuentes,
945 5351 1037 5405 cui
1081 5365 1252 5404 omne
1295 5349 1692 5422 episcoporum
1733 5351 2016 5422 judicium
2058 5335 2210 5410 est-
2241 5357 2587 5414 aDeoﬂxum
2605 5335 3823 5430 etimmobilepraecepit,quoniamipsamf°"

509 5447 897 5513 commissum,
931 5444 1176 5499 liberare
1203 5443 1273 5499 ab
1300 5443 1558 5498 hostibus
1587 5444 1796 5498 nostris
1824 5461 1938 5500 non
1965 5447 2142 5518 negli-

509 5543 681 5614 gatis;
710 5557 844 5597 nam
873 5538 1082 5594 scimus
1109 5538 1170 5593 in
1196 5537 1424 5593 Nicena
1450 5554 1658 5610 magna
1685 5539 1901 5611 synodo
1926 5543 2142 5598 trecen-

507 5640 698 5692 torum
727 5636 922 5691 decem
948 5638 1004 5688 et
1028 5637 1152 5689 octo
1182 5632 1582 5704 episcoporum
1609 5632 1678 5687 ab
1708 5633 1973 5690 omnibus
2001 5653 2136 5692 cou-

507 5729 753 5784 corditer
790 5745 913 5784 esse
956 5727 1314 5792 roboratum,
1362 5742 1476 5781 non
1524 5726 1730 5783 debere
1775 5728 1990 5801 absque
2026 5732 2134 5788 Ro-

508 5821 666 5878 mani
684 5822 967 5894 pontiﬁcis
993 5821 1274 5878 sententia
1302 5821 1542 5876 concilia
1567 5822 1873 5895 celebrare,
1900 5841 2005 5879 nec
2024 5827 2138 5899 epi-

2240 5467 2398 5506 mam
2420 5452 2814 5508 universorum
2836 5452 3136 5508 titulorum
3157 5447 3572 5505 lucidissimam
3589 5432 3822 5495 Dominus

2236 5547 2260 5601 ,Ι
2267 5561 2395 5601 esus
2420 5545 2674 5603 Christus
2691 5550 2937 5604 vestram
2958 5544 3326 5618 apostolicam
3343 5534 3634 5597 constituit
3645 5525 3818 5586 sedem:

2237 5639 2359 5711 ipsa
2374 5645 2458 5696 est
2471 5640 2628 5696 enim
2644 5657 2802 5697 sacer
2811 5645 3001 5698 vertex
3015 5639 3074 5696 in
3086 5656 3198 5712 quo
3215 5651 3422 5694 omnes
3437 5632 3733 5724 vertuntur.»

2236 5738 2574 5803 stentantur,
2605 5735 2945 5805 releventur,
2981 5739 3036 5790 et
3059 5735 3204 5791 sicut
3218 5733 3276 5788 in
3297 5729 3522 5787 Christo
3541 5719 3822 5781 ωλι-1811⁸111,

2236 5830 2292 5883 et
2313 5827 2370 5883 in
2398 5834 2577 5902 petra,
2605 5830 2662 5885 id
2683 5835 2788 5899 est,
2807 5830 3050 5899 Christo,
3073 5832 3293 5896 Petrus,
3319 5823 3658 5881 renovantur
3673 5805 3825 5867 Eccl?
