3946 6180
111 335 179 389 641
1262 325 1732 385 DECRETALIUM

1770 320 2154 384 COLLECTIO.
3299 333 3399 388 642

108 443 194 493 size.
213 438 279 492 ‘l‘u
303 453 353 491 es
373 434 522 508 (sicut
538 436 796 491 divinum
817 435 1090 492 veraciter
1107 440 1342 492 testatur
1360 438 1663 510 eloquium)
1690 449 1748 520 Α
1769 435 1964 490 stolico
1991 435 2226 490 culmini
2259 436 2642 507 persolventes
2670 437 3026 510 obsequium,
3059 441 3123 493 ut
3148 439 3270 510 ipse
3297 440 3402 495 Do-

101 535 273 599 Petrus,
309 535 360 584 et
395 546 556 601 super
602 529 1039 586 fundamentum
1083 534 1246 584 tuum
1278 531 1534 586 Ecclesia}
1579 549 1668 586 co-

103 627 287 690 lumnae,
321 624 373 678 id
405 627 500 688 est,
529 624 779 695 episcopi
810 623 908 696 qui
939 623 1247 678 Ecclesium
1289 625 1584 692 sustinere,
1612 631 1668 680 et

100 718 293 791 propriis
332 717 570 771 humeris
610 723 836 788 portare
877 717 1108 786 debent,
1157 717 1255 772 tibi
1301 721 1434 772 sunt
1469 719 1667 773 conﬁr-

101 819 246 876 matas,
271 811 466 881 tibique
492 811 672 865 claves
699 810 862 882 regni
889 813 1158 866 ccelorum
1179 812 1478 879 commisit,
1495 816 1664 884 atque

99 907 235 975 ligare
258 912 305 958 et
330 905 554 970 solvere,
582 905 906 975 potestative
939 921 1064 976 quae.
1096 906 1151 958 in
1182 910 1331 959 terra
1360 912 1414 961 et
1441 923 1569 977 quae
1606 908 1664 961 in

97 1001 213 1053 coalis
233 1002 366 1065 sunt,
397 999 790 1070 promulgavit.
819 1000 1029 1053 Tamen
1069 1000 1446 1070 profanarum
1488 1000 1666 1055 haere-

95 1094 224 1158 sium,
255 1095 305 1146 et
330 1091 708 1162 impetitorum
748 1098 917 1163 atque
965 1094 1224 1147 omnium
1270 1093 1660 1148 infestantium

95 1185 342 1254 depositor,
369 1189 426 1238 ut
447 1184 714 1256 princeps
748 1191 806 1239 et
837 1185 1054 1251 doctor,
1087 1189 1370 1256 caputque
1403 1187 1663 1241 omnium

93 1277 362 1332 orthodoxae
388 1278 656 1332 doctrinae
678 1279 1062 1333 immaculata
1088 1280 1219 1335 tidei
1250 1281 1460 1335 existis.
1487 1280 1666 1351 Igitur

92 1388 144 1425 ne
157 1371 602 1442 despicias,pater,
619 1378 852 1427 tuorum
874 1376 1101 1444 patrum
1115 1374 1381 1444 pietatem
1393 1418 1406 1442 ,
1429 1375 1664 1428 bonam-

92 1481 172 1536 que
195 1465 564 1533 intentionem,
619 1470 676 1519 et
700 1467 844 1521 sicut
880 1466 962 1520 illi
991 1471 1174 1537 patres
1204 1471 1261 1522 et
1289 1468 1663 1538 praedecesso-

92 1575 156 1612 res
176 1565 360 1613 nostros
395 1576 427 1612 a
452 1559 643 1614 multis
686 1560 1070 1615 liberaverunt
1105 1561 1562 1632 oppressionibus
1609 1568 1665 1616 et

90 1653 327 1722 angustiis,
365 1652 442 1707 ita
471 1670 578 1708 nos
617 1654 856 1708 liberare
895 1654 1169 1724 digneris.
1204 1656 1348 1709 Nam
1375 1655 1485 1710 fuit
1520 1672 1662 1710 sem-

27 1739 36 1756 '
88 1761 164 1816 per
187 1750 356 1800 vestrae
385 1751 592 1801 sanctae
624 1750 680 1802 et
704 1749 1026 1818 apostolica:
1054 1748 1173 1802 sedi
1202 1748 1431 1804 licentia
1457 1749 1662 1818 injuste

87 1838 339 1907 damnatos,
360 1841 441 1894 vel
460 1841 1000 1910 excommunicatos,
1015 1842 1344 1912 potestative
1359 1858 1460 1896 sua
1472 1846 1664 1897 aucto—
1682 1835 1738 1906 B

84 1931 210 1985 ritate
223 1934 524 2002 restituere,
561 1939 616 1988 et
634 1951 736 1989 sua
755 1935 835 1989 eis
852 1936 1044 1989 omnia
1062 1936 1326 2003 reddere,
1346 1942 1402 1990 et
1421 1936 1547 1990 illos
1565 1936 1662 2007 qui

85 2041 155 2077 eos
175 2026 683 2096 condemnaverunt,
715 2034 813 2083 aut
841 2030 1492 2096 excommunicaverunt,
1529 2045 1662 2101 apo~

83 2118 231 2172 stolico
256 2119 438 2190 punire
465 2121 784 2192 privilegio,
814 2122 957 2176 sicut
983 2123 1158 2177 etiam
1185 2123 1391 2177 nostris
1421 2128 1478 2178 et
1499 2128 1657 2177 ante-

83 2211 277 2267 rioribus
290 2215 656 2285 cognovimus
677 2219 869 2270 actum
890 2216 1264 2287 temporibus.
1287 2218 1461 2271 Porro
1481 2222 1539 2271 et
1555 2217 1661 2288 ipsi

81 2304 294 2373 primates
323 2309 416 2378 qui
446 2309 846 2379 episcoporum
869 2313 926 2363 et
945 2326 1301 2364 summorum
1324 2309 1656 2365 ecclesiasti-

82 2413 235 2453 corum
258 2402 615 2472 negotiorum
646 2419 843 2457 causas
888 2404 1171 2475 suscipere
1199 2404 1411 2459 debent
1439 2405 1497 2458 in
1520 2421 1662 2476 pl‘tB-

80 2491 163 2544 fixa
179 2493 378 2549 Nicama
401 2496 625 2567 synodo
655 2501 786 2551 sunt
804 2497 1164 2565 dinumerati,
1198 2515 1270 2552 ne
1292 2499 1350 2552 in
1369 2503 1660 2570 posterum

80 2587 309 2641 contentio
337 2605 403 2643 ex
449 2590 560 2643 hoc
587 2589 850 2644 oriretur.
885 2591 928 2644 Ο
963 2591 1311 2646 sanctissime
1338 2595 1519 2663 pater,
1568 2609 1660 2663 pa-

78 2683 194 2732 trum
218 2681 467 2737 abscinde
517 2683 923 2754 blasphemias,
970 2691 1025 2739 ct
1065 2685 1402 2755 jactantiam
1452 2686 1660 2740 vanilo«

78 2787 287 2841 quorum,
321 2781 375 2830 et
419 2777 817 2832 insidiantium
859 2777 1274 2848 infestationes,
1321 2795 1426 2834 nos
1454 2785 1510 2834 et
1540 2780 1657 2834 fra-

79 2870 163 2918 tres
181 2873 381 2924 nostros
397 2871 851 2942 Opprimentium
873 2876 1042 2944 atque
1063 2872 1303 2945 perdere
1321 2873 1657 2940 volentium,

79 2959 147 3028 qui
173 2961 231 3015 ad
254 2979 341 3018 vos
361 2965 522 3035 quasi
547 2965 620 3020 ad
637 2969 808 3037 caput
832 2965 1214 3036 confugimus,
1243 2971 1308 3020 ut
1336 2970 1522 3021 vestro
1543 2967 1654 3021 suf-

77 3051 167 3106 fulti
191 3059 378 3113 auxilio
404 3059 741 3126 liberemur,
771 3063 829 3112 et
853 3059 1010 3115 vobis
1039 3060 1310 3132 nobisque
1331 3061 1660 3116 commissas

77 3146 230 3203 Christi
254 3167 371 3208 oves
393 3171 425 3206 a
455 3155 727 3225 luporum
760 3170 878 3221 ore,
917 3155 1157 3208 Domino
1193 3154 1654 3223 adminiculante,

77 3247 323 3314 antequam
347 3207 760 3320 deglutiantur,
791 3248 1123 3321 eripiamus.
1153 3249 1264 3303 Nec
1287 3249 1441 3303 enim
1462 3249 1545 3304 fas
1576 3255 1660 3304 est
1679 3207 1734 3282 Ο

75 3337 335 3407 supplicum
373 3342 703 3413 apostolicze
744 3343 892 3398 sedis
921 3343 1147 3414 scripto,
1174 3348 1272 3398 aut
1297 3342 1418 3399 sine
1452 3345 1659 3415 scripto

72 3443 224 3496 preces
251 3434 456 3491 oblatas
485 3437 801 3508 despicere,
833 3436 936 3492 sed
965 3441 1030 3492 ut
1048 3437 1322 3493 condecet
1350 3441 1407 3492 et
1429 3438 1656 3509 privile-

73 3521 192 3590 gium
228 3532 411 3585 vestrae
454 3530 612 3586 sedis
657 3533 761 3599 est,
803 3534 860 3586 et
898 3548 1003 3586 nos
1034 3535 1090 3586 et
1140 3531 1220 3586 illi
1258 3531 1660 3586 canonicaliter

71 3629 404 3691 convocemur,
463 3628 524 3679 et
572 3630 702 3680 ante
747 3641 846 3680 vos
895 3625 964 3681 de
999 3625 1201 3681 nostris
1244 3625 1658 3695 objectionibus

71 3713 283 3771 canonice
299 3733 424 3773 cum
447 3719 610 3774 omni
630 3719 908 3790 probitate
926 3724 1344 3790 concertemus,
1362 3720 1505 3775 sicut
1516 3735 1659 3791 pras-

73 3799 333 3865 decessores
366 3814 549 3869 nostri
581 3829 754 3886 penes
783 3821 999 3871 vestros
1035 3815 1295 3870 fecerunt
1332 3819 1654 3869 antecesso-

71 3909 149 3967 res,
171 3904 219 3954 et
239 3903 372 3960 sicut
401 3907 684 3963 canonica
707 3907 766 3963 in
793 3909 1066 3980 praedicta
1094 3911 1286 3964 sancta
1314 3908 1525 3980 synodo
1551 3908 1654 3962 do-

71 3996 163 4044 cent
184 3995 441 4071 instituta,
477 4007 538 4058 et
559 4002 733 4057 veluti
759 4003 967 4074 paleati
986 4003 1140 4058 verbi
1162 4019 1266 4074 per
1282 4001 1656 4057 ventilabrum

71 4089 296 4146 canonicae
315 4095 756 4151 examinationis
773 4097 1002 4168 plenam
1014 4097 1414 4169 purgationem
1426 4098 1486 4151 in
1508 4113 1658 4152 com-

71 4182 189 4235 muni
219 4189 587 4246 consistentes
614 4191 894 4246 auditorio
923 4191 994 4246 de
1023 4191 1280 4259 maturis,
1311 4197 1368 4247 et
1405 4191 1656 4246 nutrien-

72 4269 180 4327 tibus
200 4281 468 4339 catholicoe
495 4285 763 4340 Ecclesiae
783 4285 1147 4357 dogmatibus
1166 4301 1294 4358 quas
1311 4286 1656 4340 confirmant

71 4377 138 4418 cor
157 4369 394 4444 hominis,
422 4378 932 4451 participationem
954 4384 1326 4452 paternarum
1347 4395 1654 4450 consequa-

71 4472 169 4516 mur
189 4464 620 4527 institutionum.
651 4474 912 4546 Antiquis
949 4474 1103 4528 enim
1131 4473 1347 4546 regulis
1375 4472 1654 4528 censitum

70 4557 144 4656 es“,
173 4564 228 4613 ut
264 4566 565 4639 quidquid,
610 4568 873 4639 quamvis
907 4568 968 4623 in
995 4567 1248 4638 remotis,
1290 4573 1389 4623 aut
1415 4567 1645 4640 longin-
1668 4583 1727 4657 D

68 4649 159 4716 (Ιυὶδ
193 4659 370 4726 positis
405 4661 718 4734 provinciis
747 4679 921 4734 super
947 4663 1346 4735 episcoporum
1380 4661 1645 4734 querelis,

65 4749 134 4797 aut
165 4756 602 4812 accusationibus
627 4763 912 4829 ageretur,
961 4774 1076 4812 non
1103 4757 1261 4828 prius
1285 4757 1647 4812 tractandum

63 4837 122 4890 vel
138 4844 510 4916 accipiendum
541 4857 707 4920 esset,
734 4868 906 4923 quam
929 4853 1000 4907 ad
1024 4851 1288 4907 notitiam
1316 4851 1480 4904 alma:
1501 4850 1647 4905 sedis

59 4939 211 4991 Vestra
237 4940 426 4999 fuisset
461 4946 840 5018 pronuntatio
879 4947 1119 5018 prolata,
1153 4961 1280 5016 qua:
1308 4944 1643 5013 inﬁrmaret,

61 5028 385 5108 auttirmaret,
416 5039 672 5111 indeque
689 5045 980 5095 sumerent
996 5055 1284 5106 normam,
1300 5038 1454 5092 unde
1467 5038 1646 5094 Eccle-

63 5117 130 5170 ⁵ίέ
154 5140 420 5199 sumpsere
445 5132 878 5205 praedicationis
905 5133 1218 5201 exordium,
1241 5149 1314 5187 ne
1339 5131 1551 5203 passim
1575 5130 1646 5184 ab

62 5209 423 5281 insidiatoribus
450 5228 739 5282 columnas
780 5231 1170 5283 everterentur
1213 5226 1490 5282 Ecclesiae.
1521 5225 1647 5280 Cer-

61 5307 150 5362 tum
173 5320 245 5370 est
271 5319 420 5374 enim
449 5321 644 5376 eidem
673 5327 880 5377 sanctas
910 5321 1026 5377 sedi
1055 5325 1256 5376 vestras
1279 5321 1340 5375 in
1366 5321 1644 5376 honorem

60 5394 318 5466 beatissimi
348 5414 504 5469 Petri
535 5420 762 5486 patrum
803 5416 1025 5471 decreta
1064 5414 1409 5486 peculiarem
1447 5412 1641 5468 decre-

59 5493 164 5551 visse
199 5508 572 5563 reverentiam
612 5509 710 5565 Dei
743 5526 847 5582 pro
889 5510 1056 5564 rebus
1094 5507 1446 5581 inquirendis
1474 5511 1645 5579 atque

59 5584 455 5657 determinandis
484 5619 627 5674 quas
661 5603 892 5659 sollicite
931 5603 1374 5673 decetjusteque
1413 5601 1484 5656 ab
1524 5600 1645 5672 ipso

57 5690 314 5747 Presulum
340 5695 670 5752 examinare
709 5697 916 5752 vertice
943 5697 1272 5768 apostolico,
1305 5695 1464 5766 cujus
1497 5694 1646 5749 solli-

56 5775 205 5838 citudo
228 5803 453 5860 semper
477 5789 591 5845 fuit
619 5797 676 5847 et
698 5797 783 5848 est
811 5795 927 5848 tam
957 5793 1111 5847 mala
1147 5790 1441 5857 damnare,
1472 5805 1644 5861 quam

56 5873 254 5936 PNbare
279 5881 589 5939 laudanda.
606 5886 880 5950 Quocirca
901 5887 1292 5942 humillimum
1312 5887 1497 5938 vestro
1515 5899 1645 5955 apo-

410 5983 684 6051 Parnon.
733 5985 959 6052 CXXX.

1769 529 1961 582 minus
1987 530 2274 600 praecepit,
2316 536 2371 583 et
2401 535 2729 586 sanctorum
2761 532 2989 586 decreta
3024 536 3253 603 patrum
3282 539 3399 588 sta-

1767 625 2021 689 tuerunt,
2049 639 2178 676 cum
2207 623 2472 695 lacrymis
2493 626 2852 696 suggerimus
2868 626 3017 697 quod
3045 627 3165 681 sine
3185 627 3401 698 gemitu

1767 715 1952 769 cordis
1999 716 2238 771 reticere
2298 719 2726 772 nonvalemus.
2781 721 2920 773 Nam
2970 720 3030 773 in
3095 727 3312 775 tantum
3370 739 3404 776 a

1766 812 2216 880 persecutoribus
2246 817 2451 865 sanctae
2491 812 2588 865 Dei
2616 813 2899 881 Ecclesiae,
2936 814 3257 885 nostrisque
3299 815 3404 869 iui-

1767 903 1929 957 micis
1951 904 2370 975 persequimur,
2395 908 2457 958 ut
2477 905 2658 975 magis
2679 921 2780 958 nos
2800 906 3007 961 tradeat
3027 908 3209 961 vivere
3229 925 3400 980 quam

1766 997 1930 1051 mori.
1951 997 2110 1052 Unde
2131 1014 2250 1069 prae
2287 998 2552 1052 omnibus
2582 999 2906 1053 fatemurin
2933 1003 3155 1054 tantum
3176 1019 3271 1056 cor
3286 1018 3402 1057 esse

1768 1094 2028 1145 nostrum
2048 1093 2434 1161 vulneratum,
2452 1097 2514 1146 ut
2525 1093 2920 1163 propheticum
2938 1093 3096 1147 illum
3111 1095 3402 1164 planctum

1767 1189 2027 1254 exoptem
2037 1185 2375 1250 us,dicentes
2391 1202 2441 1239 ες(
2459 1186 2592 1249 Quis
2606 1186 2762 1240 dabit
2779 1186 2948 1257 capiti
2961 1190 3156 1241 nostro
3170 1204 3401 1259 aquam,

1766 1283 1864 1331 aut
1899 1278 2074 1333 oculis
2110 1279 2318 1333 nostris
2346 1280 2567 1334 fontem
2599 1280 3007 1351 lacrymarum,
3047 1286 3106 1334 ut
3142 1283 3406 1337 sedentes

1764 1371 2060 1440 ploremus
2087 1372 2177 1425 die
2208 1390 2272 1427 ac
2299 1378 2460 1427 nocte
2486 1376 2610 1440 (Jer.
2640 1390 2713 1437 ix,
2753 1376 2797 1442 l)
2819 1375 2846 1428 '?
2879 1396 2904 1421 »
2936 1377 3073 1429 Ecce
3113 1375 3268 1430 enim
3303 1378 3401 1430 Ec-

1764 1464 1933 1518 clesia
1955 1465 2052 1519 Dei
2085 1482 2200 1519 non
2227 1466 2424 1520 leviter
2450 1468 2837 1537 perturbatur,
2863 1470 3256 1541 columnasque
3283 1471 3404 1540 ejus

1765 1557 1937 1611 nimis
1963 1558 2324 1629 infestantur,
2349 1564 2517 1631 atque
2547 1578 2579 1614 a
2598 1561 2786 1632 pravis
2807 1563 3056 1617 amoveri
3079 1563 3405 1620 hominibus

1766 1651 2046 1721 nituntur,
2076 1652 2526 1707 Christianorum
2565 1670 2698 1708 vero
2728 1671 2891 1709 voces
2919 1672 2983 1710 ac
3004 1658 3250 1727 gemitus
3282 1658 3400 1730 epi-

1766 1760 2064 1814 scoporum
2094 1747 2266 1816 longe
2297 1747 2527 1817 lateque
2569 1753 2860 1816 resonant,
2894 1750 3174 1804 novitates
3213 1751 3400 1806 insur—

1765 1842 1926 1908 gunt,
1956 1839 2254 1893 calumniae
2282 1846 2562 1908 crescunt,
2592 1842 2911 1912 persecutio
2935 1851 3237 1912 grassatur,
3267 1862 3400 1916 per-

1763 1930 1905 1985 ditio
1933 1931 1995 1986 ﬁt
2013 1933 2386 2003 papulorum;
2418 1938 2669 1989 vestrum
2687 1939 2772 1990 est
2801 1936 2955 1990 enim
2982 1937 3142 1991 nobis
3163 1955 3402 1996 manum

1762 2025 2072 2096 porrigere,
2102 2026 2236 2098 quia
2267 2027 2422 2082 vobis
2451 2030 2733 2083 commissi
2763 2045 2991 2098 sumus;
3029 2037 3274 2087 vestrum
3317 2038 3404 2089 est

1761 2135 1866 2174 nos
1899 2119 2211 2174 defendere
2239 2126 2407 2192 atque
2439 2121 2699 2192 liberare,
2728 2129 3106 2196 nostrumque
3142 2130 3224 2180 est
3250 2144 3284 2180 a
3309 2144 3402 2182 vo-

1760 2212 1846 2266 bis
1881 2212 2156 2267 auxilium
2202 2222 2486 2285 expetere,
2537 2217 2732 2271 vestris
2787 2233 2992 2288 parere
3028 2219 3398 2290 jussionibus.

1760 2306 1880 2360 Prae
1910 2307 2090 2361 nimio
2119 2324 2257 2379 ergo
2286 2307 2480 2362 dolere
2519 2315 2577 2364 et
2606 2311 2822 2380 gemitu
2847 2311 3040 2366 omnia
3074 2330 3204 2384 quas
3238 2315 3402 2368 nobis

1760 2399 1994 2467 instant,
2043 2403 2100 2454 et
2135 2417 2237 2455 nos
2269 2401 2559 2470 infestant,
2602 2405 2921 2458 necessario
2967 2406 3268 2476 recordari,
3303 2425 3397 2463 vo-

1759 2493 1959 2564 bisque
2005 2495 2326 2564 significare
2375 2497 2698 2567 nequimus.
2740 2497 2873 2552 Ideo
2903 2499 3119 2553 almum
3146 2506 3398 2556 vestrum

1759 2603 2056 2642 exoramus
2105 2589 2507 2659 apostolatum,
2547 2594 2607 2645 ut
2650 2592 2908 2662 superius
2950 2593 3137 2664 legem
3168 2611 3294 2666 quae
3339 2596 3398 2650 in

1760 2687 2075 2736 memorata
2103 2682 2331 2737 Nicaena
2350 2683 2568 2754 synodo
2595 2697 2680 2739 est
2705 2687 3089 2757 promulgata,
3107 2688 3239 2743 licet
3258 2705 3397 2760 prm-

1761 2774 2044 2830 dictorum
2084 2775 2481 2831 insidiatorum
2509 2782 2568 2831 et
2597 2779 2845 2832 aliorum
2875 2781 3166 2835 malorum
3213 2783 3400 2838 homi-

1761 2885 1921 2937 num,
1955 2875 2015 2924 ut
2039 2869 2260 2924 facilius
2299 2871 2592 2942 episcopos
2620 2873 2830 2944 Deique
2855 2873 3148 2930 ministros
3179 2877 3400 2932 valeant

1758 2963 2068 3034 illaqueare
2104 2964 2527 3035 deprevatione,
2580 2964 2652 3019 sit
2693 2965 2959 3022 suffocata
3002 2969 3294 3039 reparetis,
3345 2977 3403 3027 et

1759 3073 1887 3127 quae
1919 3059 2238 3112 necessaria
2266 3058 2385 3113 fore
2415 3059 2754 3131 cognoscitis
2782 3065 2984 3116 vestrm
3013 3069 3221 3118 sanctae
3251 3064 3401 3121 sedis

1761 3150 2098 3206 auctoritate
2143 3169 2244 3207 nos
2293 3155 2640 3225 cunctosque
2687 3155 2891 3210 fratres
2943 3156 3281 3226 informetis,
3340 3162 3402 3214 ut

1758 3245 2038 3300 malorum
2065 3246 2298 3301 insidias
2324 3247 2629 3303 hominum
2658 3254 2856 3304 vestrae
2891 3249 3021 3305 fulti
3059 3252 3398 3308 auctoritate

1757 3337 1936 3406 illaesi,
1979 3341 2221 3395 Domino
2248 3341 2586 3413 opitulante,
2634 3343 2877 3398 evadere
2915 3345 3226 3414 valeamus,
3265 3349 3398 3418 quia

1759 3449 1874 3487 non
1902 3437 1988 3487 est
2013 3433 2241 3489 insidias
2269 3435 2538 3507 luporum
2562 3436 2881 3507 praevidere
2913 3439 3124 3505 ovium,
3165 3439 3265 3494 sed
3297 3458 3397 3511 pa-

1759 3531 1997 3582 storum.
2032 3527 2254 3582 Scimus
2291 3529 2445 3583 enim
2471 3535 2536 3584 ut
2566 3545 2793 3601 semper
2821 3535 3020 3585 vestrae
3059 3532 3206 3587 sedis
3246 3525 3394 3606 prie-

1757 3620 1906 3676 sules
1934 3621 2121 3693 primo
2154 3622 2416 3693 apostoli,
2453 3623 2658 3678 deinde
2698 3640 3047 3681 successores
3087 3643 3283 3682 eorum
3321 3630 3398 3683 fe-

1757 3721 1958 3770 cerunt
1988 3731 2085 3770 vos
2109 3716 2448 3772 universalis
2487 3717 2767 3787 Ecclesizr,
2802 3722 2858 3774 et
2896 3719 3144 3776 maxime
3180 3723 3394 3793 episco-

1755 3825 1965 3880 porum
1994 3810 2093 3882 qui
2117 3810 2265 3865 oculi
2287 3814 2535 3883 propter
2555 3813 3098 3883 contemplationem
3127 3818 3184 3868 et
3203 3832 3397 3886 specu-

1755 3901 2025 3957 lationem
2073 3907 2348 3959 vocantur
2395 3905 2624 3959 Domini
2671 3921 2867 3960 curam
2923 3923 3144 3978 gerere,
3203 3926 3267 3963 ac
3324 3909 3395 3964 de

1757 3996 2120 4064 revelationc,
2151 4000 2208 4051 et
2238 3997 2366 4069 lege
2397 4001 2596 4053 nostra
2623 3998 2845 4054 assidue
2880 4001 3125 4072 cogitare
3163 4001 3392 4072 debere,

1757 4071 1902 4144 sicut
1920 4091 2194 4162 scriptum
2216 4095 2331 4146 est:
2353 4113 2380 4141 «
2413 4093 2619 4147 Beatus
2641 4092 2727 4147 vir
2748 4094 2846 4166 qui
2859 4071 3172 4150 meditatur
3190 4095 3249 4151 in
3271 4097 3395 4168 lege

1757 4184 1986 4240 Domini
2007 4184 2096 4239 die
2126 4202 2191 4240 ac
2209 4191 2370 4242 nocte
2389 4187 2554 4257 (Psal.
2575 4203 2614 4255 ι,
2641 4188 2693 4258 2)
2708 4205 2725 4256 ;
2745 4209 2772 4236 »
2803 4203 2932 4259 quas
2959 4188 3255 4246 meditatio
3277 4207 3394 4246 non

1755 4278 1999 4335 lectione
2027 4297 2132 4353 per
2171 4282 2417 4352 figuram
2454 4281 2772 4336 litterarum
2809 4286 3032 4337 tantum
3073 4292 3390 4356 conspecta,

1755 4374 1858 4428 sed
1899 4375 2241 4430 exuberante
2285 4375 2343 4429 in
2384 4375 2539 4429 vobis
2582 4376 2785 4430 Christi
2845 4378 3034 4448 gratia
3089 4378 3148 4432 in
3208 4385 3395 4434 vestra

1754 4469 2114 4541 cognoscitur
2140 4469 2488 4524 conscientia
2521 4469 2890 4524 immobiliter
2923 4471 3093 4526 insita
3119 4478 3175 4528 et
3214 4476 3393 4529 nulla-

1751 4568 1917 4620 tenus
1961 4563 2032 4618 de
2070 4569 2256 4618 vestro
2295 4563 2460 4617 corde
2503 4563 2804 4618 recedente
2852 4563 2978 4635 lege
3029 4566 3232 4620 Christi
3287 4569 3389 4623 Dei

1750 4658 1972 4714 Domini
1998 4661 2375 4724 sacrosancta,
2406 4656 2548 4711 sicut
2569 4656 2628 4711 in
2655 4657 2872 4727 psalmo
2899 4657 3033 4712 dicit
3061 4663 3347 4732 propheta
3370 4680 3383 4718 ε

1752 4775 1780 4803 ‹‹
1817 4753 1890 4807 Os
1927 4751 2067 4823 justi
2109 4750 2476 4805 meditabitur
2520 4750 2878 4821 sapientiam,
2925 4755 2982 4806 et
3023 4752 3216 4828 lingua
3265 4759 3386 4828 ejus

1747 4847 2012 4918 loquetur
2029 4845 2332 4916 judicium,
2355 4845 2446 4899 lex
2477 4844 2576 4898 Dei
2597 4845 2720 4914 ejus
2741 4844 2800 4899 in
2826 4846 2994 4902 corde
3025 4847 3200 4919 ipsius
3221 4843 3388 4920 (Psal.

1747 4957 1931 5007 xxxvr,
1982 4942 2090 5009 30),
2137 4960 2163 4988 ››
2216 4955 2330 4993 non
2379 4942 2716 5006 atramento,
2764 4939 2864 4994 sed
2897 4941 3102 5011 spiritu
3144 4945 3246 4999 Dei
3280 4947 3386 5001 vivi

1746 5038 1935 5089 vestra
1963 5034 2023 5087 in
2048 5049 2256 5087 arcana
2283 5038 2475 5086 mente
2501 5032 2826 5105 conscripta
2864 5051 3052 5106 neque
3081 5036 3140 5092 in
3168 5039 3382 5094 tabulis

1745 5127 2003 5200 lapideis,
2034 5127 2132 5180 sed
2168 5126 2225 5181 in
2252 5126 2456 5181 tabulis
2483 5126 2670 5181 cordis
2694 5128 3037 5198 carnalibus,
3081 5131 3226 5187 sicut
3249 5133 3379 5189 bea-

1746 5221 1951 5276 tissimi
1979 5220 2218 5292 apostoli
2252 5220 2408 5274 Pauli
2433 5220 2504 5275 ad
2547 5220 2868 5276 Corinthios
2894 5224 3061 5279 missa
3090 5242 3191 5281 nos
3218 5228 3382 5282 docet

1745 5315 2002 5388 epistola.
2033 5314 2244 5379 Quibus
2265 5314 2574 5386 praemissis
2595 5315 2981 5386 signiﬁcamus
3001 5319 3137 5386 Deo,
3159 5320 3376 5390 placitae

1744 5409 2072 5481 paternitati
2108 5411 2329 5475 vestras,
2358 5407 2448 5463 die
2483 5425 2558 5463 vn
2585 5409 2968 5465 Kalendarum
2995 5414 3374 5483 Augustarum

1743 5503 2068 5560 indictionis
2093 5505 2312 5575 quarta:
2337 5505 2588 5557 nostram
2617 5503 3002 5559 humilitatem
3028 5504 3214 5559 divina
3246 5522 3373 5577 gra-

1745 5598 1822 5652 tia
1859 5614 1983 5667 suo,
2018 5602 2083 5652 ut
2123 5595 2411 5668 praecepit,
2461 5611 2701 5652 munere
2743 5597 3125 5667 praeveniente
3176 5602 3375 5655 vestris

1746 5692 1950 5746 sanctis
1995 5707 2060 5745 ac
2096 5691 2216 5745 Deo
2269 5689 2456 5760 dignis
2484 5689 2746 5760 precibus
2781 5690 2843 5742 in
2888 5695 3082 5745 sancta
3123 5692 3376 5750 Romana

1744 5784 1986 5840 Ecclesia
2023 5783 2359 5856 pontificalis
2399 5783 2634 5837 honoris
2679 5781 2962 5852 accepisse
2998 5790 3372 5846 consecratio‘

1744 5896 1878 5935 nem
1909 5883 1966 5934 et
2003 5879 2222 5945 stolam,
2264 5877 2323 5930 in
2364 5892 2478 5948 quo
2509 5874 2799 5946 dignitatis
2824 5875 3072 5951 fastigio,
3109 5886 3169 5936 ut
3197 5901 3230 5938 a
3257 5886 3372 5945 Deo

2930 5982 2997 6046 21
