3946 6180
571 324 672 378 643

1475 323 1754 381 APPEND.
1798 324 1883 378 AD
1921 318 2081 377 SEC.
2127 321 2210 376 IX.
2237 352 2303 362 —
2341 319 2586 376 ISIDORl
2623 314 3049 376 MERCATORIS

3755 330 3833 386 ﬁli

566 428 959 500 omnipotente
986 444 1254 501 regamur
1278 433 1554 490 altissimo
1592 438 1649 489 et
1674 451 1709 488 a
1742 432 1905 487 malis
1934 430 2197 486 omnibus
2220 441 2278 515 Α
2298 445 2523 483 summo
2551 429 2778 500 speculo
2805 428 2993 499 gratia
3019 427 3119 483 Dei
3146 427 3276 483 estis
3295 429 3466 499 positi,
3487 431 3738 487 attendere
3764 452 3838 491 eos

568 521 899 593 liberemur,
936 528 1003 578 ut
1041 540 1157 579 non
1187 528 1535 585 sacerdotale
1577 543 1788 583 nomen
1828 530 2072 593 tantum,
2105 528 2203 582 sed

566 615 773 672 Christi
813 616 1038 671 Domini
1079 618 1174 674 Dei
1226 623 1406 678 nostri
1460 626 1797 694 protegente
1863 620 2094 687 auxilio,
2148 626 2203 675 et

566 709 839 765 meritum
867 710 1199 780 habeamus,
1246 717 1441 771 vestris
1470 716 1679 771 sanctis
1720 731 1783 769 ac
1812 716 1926 769 Deo
1954 718 2203 785 accepta-

563 802 772 857 bilibus
810 820 912 858 nos
963 809 1427 865 commendantes
1490 808 1838 865 orationibus
1890 808 2198 878 poscimus,

566 900 844 969 quatenus
889 904 945 953 et
991 900 1187 954 vestris
1234 903 1725 975 dcprecationibns
1769 919 1868 974 pro
1922 901 2088 957 nobis
2131 901 2201 955 ad

564 992 742 1046 Deum
760 990 953 1046 effusis
971 994 1264 1064 muniti,et
1283 998 1707 1054 eruditionibus
1727 997 1890 1052 bonis
1917 996 2197 1065 instructi,

565 1084 727 1156 digni
752 1085 1070 1141 efﬁciamur
1089 1104 1219 1144 cum
1241 1092 1397 1146 omni
1425 1092 1591 1147 nobis
1632 1092 1845 1163 populo
1877 1090 2197 1145 Christiano

567 1180 869 1234 commisso
948 1180 1103 1236 illaesi
1166 1186 1387 1256 protegi
1458 1187 1784 1240 velamento
1851 1184 2060 1238 divino.
2120 1184 2199 1240 Ad

568 1271 960 1328 salutationem
1013 1291 1152 1347 ergo
1207 1283 1408 1333 vestrae
1475 1285 1679 1334 sanctas
1744 1283 1801 1333 et
1847 1277 2201 1332 honorandae

566 1366 923 1436 paternitatis
962 1367 1083 1423 vice
1135 1374 1328 1426 nostra
1373 1372 1735 1427 benedictum
1782 1372 2056 1426 humilem
2106 1388 2202 1425 no-

567 1464 748 1514 strum
776 1459 1033 1528 fratrem,
1072 1469 1320 1519 vestrum
1357 1466 1709 1539 episcopum,
1738 1470 1793 1521 et
1818 1465 2201 1520 Alexandrum

566 1553 991 1625 presbyterum,
1021 1557 1349 1630 Crispinum
1391 1576 1619 1632 quoque
1661 1559 1960 1615 diaconem
1986 1562 2202 1614 vestros

570 1644 620 1718 1
638 1645 764 1720 58
790 1648 1033 1711 famulos
1057 1650 1484 1723 destinavimus,
1506 1670 1650 1727 quos
1676 1654 2026 1725 postulamus
2055 1654 2198 1708 cele-

565 1740 684 1796 rius
698 1742 864 1797 nobis
882 1759 916 1798 a
940 1747 1121 1799 vestra
1144 1746 1498 1803 beatitudine
1516 1747 1775 1819 persolvi,
1797 1753 1858 1803 ut
1883 1748 2084 1803 vestris
2102 1764 2198 1802 co-

2303 528 2359 577 ot
2408 522 2731 593 Opprimere
2778 524 3007 593 Oportet
3051 522 3149 593 qui
3193 521 3250 576 in
3285 522 3474 577 fratres
3512 523 3767 581 seditiones
3798 535 3838 583 et

2301 616 2568 672 scandala
2603 616 2867 682 excitant,
2912 616 3157 687 ideoque
3208 631 3513 682 exoramus,
3564 624 3618 672 ut
3657 621 3836 675 minime

2301 710 2619 781 despiciatis
2659 709 2991 763 humilitatis
3038 714 3248 764 nostra:
3290 713 3346 764 et
3384 710 3613 765 omnium
3655 713 3840 768 orienta-

2300 803 2442 858 lium
2483 803 2925 858 orthodoxorum
2967 803 3320 858 sacerdotum
3349 808 3404 859 et
3424 805 3720 875 populorum
3741 808 3841 862 afﬂi-

2301 896 2513 952 ctiones
2553 900 2610 952 et
2635 897 3069 968 deprecatioues
3099 914 3225 952 cum
3258 898 3513 969 lacrymis
3535 897 3752 967 oblatas;
3773 904 3839 955 sed

2300 990 2445 1045 sicut
2470 990 2776 1046 luminaria
2808 991 3068 1046 universo
3110 991 3325 1046 mundo
3354 992 3572 1046 verbum
3610 994 3717 1048 vitae
3749 996 3841 1047 reti-

2301 1091 2520 1151 nentes,
2562 1085 2908 1141 introductas
2938 1085 3281 1157 exstinguite
3314 1085 3554 1141 tenebras
3587 1086 3843 1141 nefandissi~

2301 1194 2526 1232 morum
2592 1177 3013 1249 insidiatorum,
3084 1178 3430 1249 temporibus
3484 1178 3638 1234 etiam
3691 1182 3842 1235 nostris

2299 1271 2614 1342 procaciter
2649 1272 3018 1342 germinatas,
3068 1276 3346 1343 quatenus
3378 1271 3615 1326 funditus
3639 1272 3843 1328 exstincta

2301 1365 2627 1436 hujusmodi
2682 1366 2926 1438 caligine
2967 1366 3189 1421 Lucifer
3233 1366 3391 1420 nobis
3437 1367 3751 1437 resplendeat
3777 1384 3844 1436 per

2301 1476 2416 1527 vos,
2466 1460 2817 1515 sanctissime
2844 1464 3025 1532 pater,
3064 1466 3117 1515 et
3147 1460 3412 1531 dogmata
3440 1459 3669 1514 definitio
3700 1476 3843 1514 omnes

2299 1554 2615 1624 laetificans,
2648 1571 2823 1626 quam
2852 1554 3085 1626 gloriosi
3118 1554 3375 1609 Ecclesia:
3402 1554 3566 1608 sancti
3600 1557 3753 1625 patres
3773 1568 3842 1622 per

2300 1649 2536 1720 propria
2566 1648 2815 1720 piissime
2831 1649 3097 1721 dogmata
3113 1649 3172 1703 in
3193 1653 3417 1704 aeternae
3432 1648 3552 1702 vitae
3571 1647 3755 1701 ﬁrmam
3769 1646 3844 1699 ha-

2300 1743 2602 1798 reditatem
2646 1744 2980 1815 praedicasse
3010 1746 3343 1811 noscuntur,
3371 1744 3425 1797 et
3468 1739 3768 1810 subscriptio.
3791 1741 3845 1791 ln-
3884 1738 3894 1757 '

568 1834 980 1892 hortationibus
992 1838 1242 1895 roborati
1262 1845 1321 1896 et
1335 1814 1533 1897 vestris
1545 1814 2082 1913 regulisinformati,
2100 1841 2203 1896 ini-
2222 1814 2278 1886 B
2303 1837 2585 1892 columem
2618 1814 2673 1893 te
2702 1840 2761 1892 et
2784 1836 3209 1909 beneplacitum
3247 1837 3381 1903 Deo,
3408 1832 3717 1890 sanctissime
3735 1835 3846 1903 pater

566 1929 729 1984 micis
747 1930 1003 1986 videlicet
1025 1936 1381 2005 compressis,
1395 1936 1465 1991 ad
1482 1936 1737 2008 proprias
1751 1936 2063 2008 prudenter
2078 1952 2208 1991 con-

568 2023 729 2079 solati
760 2025 1049 2081 valeamus
1077 2028 1343 2083 ecclesias
1376 2033 1509 2086 ante
1533 2030 1786 2085 hiemem
1815 2031 1929 2085 Deo
1957 2030 2205 2103 prapitio

566 2133 841 2174 remeare.
886 2121 1148 2176 Vestrum
1191 2127 1276 2178 est
1318 2123 1550 2195 quippe,
1616 2127 1779 2195 pater
1832 2124 2201 2195 sanctissime,

567 2211 839 2266 canonica
874 2212 1225 2271 districtione
1282 2216 1519 2271 sollicite
1559 2217 1952 2273 ecclesiasticas
1988 2220 2204 2290 regulae

568 2304 1001 2360 adversantibus
1025 2310 1082 2362 et
1104 2308 1344 2364 fratrum
1372 2310 1798 2367 insidiatoribus
1823 2312 2067 2383 obviare,
2098 2329 2204 2367 nec

568 2398 899 2470 permittere
929 2400 1148 2456 noviter
1187 2402 1298 2457 dici
1331 2404 1484 2474 quod
1523 2407 1750 2476 patrum
1790 2406 2202 2461 venerabilium

566 2493 867 2547 auctoritas
911 2495 1146 2550 omnino
1179 2513 1297 2551 non
1332 2497 1572 2553 censuit.
1616 2500 1727 2553 Nos
1771 2499 1924 2555 enim
1961 2500 2205 2556 humiles

568 2585 743 2641 corde
769 2603 897 2658 qua:
920 2594 1073 2644 recta
1099 2594 1252 2658 sunt,
1284 2591 1588 2662 adjuvante
1619 2593 1883 2662 Domino,
1900 2594 2200 2665 sapientes,

568 2696 685 2735 uno
726 2680 950 2737 vinculo
993 2682 1287 2740 charitatis
1332 2685 1629 2741 vobiscum
1666 2704 1863 2743 sumus
1890 2688 2201 2756 constricti,

567 2789 763 2829 veram
802 2775 974 2831 ﬁdem
1009 2793 1073 2832 ac
1112 2778 1451 2850 religionem
1479 2780 1818 2836 catholicam
1856 2781 1915 2836 in
1942 2782 2204 2837 omnibus

565 2866 797 2923 fortiter
841 2869 1222 2927 defensantes.
1271 2873 1584 2929 Studiosius
1633 2875 1823 2947 itaque
1852 2892 1887 2930 a
1913 2876 2206 2931 catholicis

568 2960 844 3034 improbis
891 2964 1066 3035 probe
1111 2966 1372 3024 resistere
1415 2967 1781 3023 innitendum
1823 2974 1927 3037 est,
1971 2986 2043 3025 ne
2095 2974 2207 3026 tor-

567 3061 767 3127 pentes
811 3056 1028 3114 desidia
1057 3061 1315 3131 oppressi
1356 3061 1536 3133 culpas
1571 3062 1971 3118 taciturnitatis
2011 3067 2203 3120 tenea-

568 3165 702 3204 mur
729 3150 981 3219 obnoxii,
1018 3158 1075 3207 et
1102 3154 1263 3224 quasi
1289 3155 1539 3211 favorem
1574 3155 1969 3229 impendentes
1990 3158 2207 3229 judice-

569 3259 721 3313 mur,
752 3244 889 3300 dum
906 3245 1138 3301 adversa
1157 3248 1446 3304 catholica:
1465 3249 1593 3305 fidei
1618 3251 1948 3322 propulsare
1967 3253 2207 3325 negligi-

570 3353 718 3406 mus,
734 3337 888 3394 unde
903 3338 1121 3395 dictum
1143 3346 1228 3396 est
1250 3358 1263 3395 :
1285 3342 1583 3414 Negligere
1602 3344 1835 3416 quippe,
1863 3345 2000 3400 dum
2026 3347 2208 3418 possis

567 3431 927 3501 conturbare,
970 3449 1262 3505 perversos
1288 3435 1434 3490 nihil
1480 3437 1638 3492 aliud
1680 3443 1763 3493 est
1791 3455 1964 3511 quam
1994 3440 2205 3510 fovere,

569 3542 675 3581 nec
709 3532 867 3581 caret
895 3529 1162 3599 scrupulo
1197 3529 1477 3586 societatis
1509 3532 1742 3588 occultas
1770 3533 1869 3605 qui
1900 3535 2209 3591 manifesto

571 3620 814 3675 facinori
846 3620 1059 3676 desinit
1096 3622 1344 3694 obviare,
1384 3623 1584 3697 liquet,
1613 3625 1814 3682 doctor
1839 3629 2207 3701 sanctissime,

572 3729 863 3770 venenosa
894 3716 1248 3787 serpentium
1276 3716 1396 3773 sine
1431 3718 1797 3791 simplicitate
1834 3722 2045 3778 astutia
2069 3723 2209 3779 dum

572 3807 875 3863 manifesta
917 3812 1004 3864 est
1039 3809 1234 3866 dolosa
1274 3810 1639 3867 inimicorum
1694 3814 1933 3871 fallacia.
1973 3818 2210 3873 Succur-

574 3902 703 3972 rite,
731 3919 1079 3974 quaesumus,
1098 3905 1404 3977 oppressis,
1427 3905 1663 3963 liberate
1683 3924 1786 3964 nos
1800 3908 1869 3965 de
1882 3926 2059 3966 manu
2080 3929 2211 3983 per-

578 3996 961 4067 sequentium,
990 3999 1057 4052 ut
1082 4014 1212 4053 cum
1234 3998 1402 4055 beato
1426 4000 1528 4055 Job
1554 4002 1815 4058 cantetis:
1837 4025 1865 4055 ‹‹
1895 4004 2214 4061 Benedictio

578 4089 820 4161 perituri
844 4105 1019 4160 super
1043 4106 1139 4146 me
1170 4092 1453 4163 veniebat,
1483 4097 1540 4148 et
1558 4110 1658 4149 cor
1682 4095 1866 4151 viduae
1891 4098 2215 4154 consolatus

580 4198 745 4249 sum;
784 4182 1010 4253 justitia
1058 4182 1292 4239 indutus
1324 4184 1405 4240 fui
1443 4190 1500 4241 et
1538 4188 1734 4243 vestivi
1759 4205 1852 4245 me
1883 4190 2030 4246 sicut
2054 4192 2217 4247 vesti-

584 4280 780 4329 mento
807 4278 865 4329 et
900 4273 1226 4332 diademate
1259 4278 1477 4348 judicio
1521 4297 1685 4351 meo;
1720 4284 1915 4338 oculus
1942 4284 2026 4340 fui
2067 4302 2216 4342 caeco

584 4372 643 4424 et
686 4383 785 4440 pes
826 4368 1044 4437 claudo,
1091 4372 1254 4441 pater
1294 4387 1454 4427 eram
1501 4389 1845 4448 pauperum,
1890 4382 1948 4434 et
1984 4396 2217 4437 causam

585 4478 760 4534 quam
787 4461 1110 4517 nesciebam
1138 4462 1573 4537 diligentissime
1602 4468 2037 4544 investigabam.
2069 4477 2215 4532 Con-

2301 1935 2555 2002 patrum,
2598 1935 2861 1987 orantem
2908 1948 3012 2002 pro
3045 1931 3210 1986 nobis
3254 1928 3519 1984 Dominus
3558 1924 3844 1982 custodiatin

2304 2041 2509 2080 (avum.
2539 2027 2745 2079 Amen.

2568 2122 2908 2190 Rescriptum
2936 2119 3132 2175 Felicis
3155 2133 3321 2189 papa,v
3345 2118 3420 2172 ad
3445 2117 3651 2172 eosdem.

2376 2211 2878 2270 Reverendissimis
2949 2216 3118 2284 atque
3214 2210 3582 2266 dilectissimis
3652 2205 3845 2262 fratribus

2301 2309 2618 2364 Arasuasro
2654 2313 2712 2363 ct
2742 2306 3014 2363 universis
3043 2306 3458 2377 Egyptiorum,
3501 2300 3845 2359 Thebaidorum.

2302 2401 2609 2474 Lybiorum
2644 2400 2920 2473 episc0pis
2968 2399 3028 2454 in
3073 2404 3269 2454 sancta
3305 2396 3659 2455 Alexandrina
3694 2392 3845 2465 synodo

2302 2495 2681 2569 congregatis,
2704 2496 2869 2550 Fnux
2882 2494 3049 2549 almae
3070 2496 3347 2550 Romanae
3367 2493 3519 2548 urbis
3535 2497 3588 2546 et
3598 2484 3847 2545 universalis

2301 2590 2563 2645 Ecclesiae
2589 2590 2908 2662 episcopus,
2941 2594 2998 2644 et
3026 2592 3224 2643 sancta
3248 2587 3492 2661 synodus
3513 2601 3627 2658 quas
3644 2584 3692 2638 in
3710 2580 3846 2636 urbem

2302 2685 2542 2740 Romam
2596 2683 2862 2739 convenit
2922 2682 2976 2737 in
3044 2682 3309 2752 Domino,
3382 2682 3623 2735 salutem.
3685 2676 3849 2732 Sacram

2302 2782 2546 2833 vestram
2571 2777 2903 2850 synodicam
2921 2775 3221 2848 epistolam
3239 2791 3345 2848 per
3360 2774 3594 2846 gratiam
3612 2768 3753 2826 sancti
3762 2764 3847 2835 Spi-

2303 2872 2447 2927 ritus
2470 2876 2527 2927 et
2552 2873 2668 2926 Deo
2707 2871 2976 2943 placitum
3012 2869 3271 2925 studium
3310 2868 3664 2938 conscriptam
3711 2863 3850 2915 vestra?

2305 2984 2339 3022 a
2371 2967 2487 3021 Deo
2532 2966 2882 3021 honoranda:
2919 2964 3238 3020 sanctitatis
3272 2963 3460 3036 gratia
3482 2961 3700 3017 libenter
3728 2967 3851 3009 susce-

2304 3060 2514 3132 pimus,
2557 3063 2728 3131 atque
2758 3059 3042 3114 instanter
3086 3058 3142 3113 iu
3170 3058 3386 3130 synodo
3432 3055 3647 3111 recitare
3672 3066 3751 3123 per
3779 3045 3851 3099 sin-

2306 3155 2440 3225 gula
2461 3153 2738 3224 jussimus
2757 3156 2815 3208 et
2840 3169 3042 3207 omnes
3072 3154 3295 3207 intente
3326 3152 3446 3223 ejus
3478 3148 3711 3219 colligere
3733 3137 3850 3195 verba

2305 3247 2593 3317 iussimus,
2634 3263 2804 3318 super
2835 3263 2961 3318 quae
2990 3247 3128 3302 dum
3155 3246 3344 3301 laetari
3360 3244 3699 3317 sperabamus
3722 3239 3765 3290 et
3791 3246 3850 3285 cu-

2306 3340 2624 3413 piebamus,
2670 3356 2833 3395 versa
2878 3344 2963 3395 est
3008 3340 3067 3394 in
3112 3341 3337 3395 luctum
3385 3339 3593 3394 cithara
3626 3328 3850 3395 nostra,el
3920 3364 3921 3369 η

2309 3434 2558 3490 cantatio
2580 3434 2639 3489 in
2667 3434 3067 3506 prolationem,
3089 3437 3148 3489 et
3178 3450 3355 3490 omne
3380 3433 3546 3488 totius
3571 3424 3739 3501 synodi
3755 3434 3845 3491 8'3"“

2310 3529 2467 3584 dium
2491 3529 2551 3583 in
2575 3545 2883 3584 maerorem
2913 3528 3254 3584 translatum
3287 3533 3392 3595 est,
3423 3526 3553 3599 quia
3583 3536 3683 3578 non
3708 3517 3846 3573 decue'

2309 3629 2396 3678 rat
2421 3627 2487 3678 ut
2528 3623 2590 3677 hi
2614 3622 2713 3695 qui
2758 3639 2962 3694 corpus
3003 3622 3213 3678 Christi
3251 3622 3505 3694 quotidie
3545 3614 3737 3690 proprio
3764 3621 3848 3661 0011‘

2312 3716 2511 3772 ficiunt
2539 3734 2655 3785 ore,
2684 3721 2905 3772 tantam
2930 3719 3273 3788 paterentur
3304 3713 3740 3788 persecutionem,
3756 3715 3848 3799 quo.-

2311 3811 2465 3866 niam
2489 3812 2636 3866 Deus
2658 3815 2850 3868 noster
2864 3812 3105 3866 salutem
3126 3810 3438 3883 providens
3456 3805 3658 3881 generis
3674 3802 3849 3855 humani,

2314 3906 2604 3961 mandavit
2621 3906 3046 3978 persecutiones
3063 3922 3178 3960 non
3200 3905 3535 3976 ﬁeri,neque
3551 3892 3852 3985 fluctuatione!
3916 3980 3917 3985 η

2314 4001 2538 4070 inferri,
2572 4017 2679 4055 nec
2709 3999 2950 4056 invideri
2971 4000 3367 4055 laborantibus
3394 4000 3455 4053 in
3479 4011 3607 4068 agro
3626 3986 3852 4079 Domimtf.

2314 4112 2501 4167 neque
2528 4094 2943 4167 dispensatores
2972 4093 3171 4165 magni
3199 4093 3354 4165 regis
3388 4089 3575 4148 vexari
3598 4089 3683 4143 aut
3696 4074 3852 4150 expelli-

2318 4190 2618 4260 Quiescite,
2653 4188 2840 4261 inquit
2876 4194 3070 4244 sancta
3098 4205 3317 4259 magna
3345 4187 3566 4243 Nicrena
3587 4177 3792 4254 synodus,
3818 4172 3853 4218 εί

2316 4286 2492 4340 nolite
2521 4284 2785 4356 persequi
2832 4300 2927 4337 eos
2955 4283 3051 4354 qui
3092 4284 3209 4337 Deo
3241 4283 3492 4354 perfecte
3533 4270 3794 4334 ministrant
3818 4264 3854 4313 (τί

2316 4380 2536 4434 sincera
2579 4379 2865 4433 voluntate
2906 4377 3008 4433 Dei
3035 4375 3271 4448 superni
3312 4376 3574 4431 mandata
3598 4358 3854 4425 custodianL

2320 4476 2378 4529 et
2402 4474 2608 4528 nostris
2638 4472 2861 4543 legibus
2897 4472 3300 4542 subjugantur,
3341 4472 3475 4543 quia
3498 4484 3595 4524 nec
3618 4465 3761 4524 decet,
3790 4467 3856 4509 ῠεο

582 4556 839 4612 terebam
853 4556 1220 4629 molasiniqui
1235 4558 1376 4615 etde
1392 4560 1656 4618 dentibus
1670 4581 1867 4621 earum
1886 4569 2217 4628 auferebam
2240 4567 2300 4639 D
2324 4567 2465 4623 ordo
2497 4566 2709 4639 patitur
2734 4572 2794 4621 ut
2830 4565 3012 4637 iniqui
3038 4571 3094 4620 et
3120 4566 3382 4622 carnales
3419 4560 3707 4636 spirituales
3728 4562 3857 4625 ροβε·

584 4650 843 4723 praedam
883 4651 996 4721 (Job
1031 4667 1179 4720 xxxx,
1223 4655 1423 4726 13-17),
1463 4676 1491 4705 ››
1536 4660 1596 4711 et
1640 4659 1877 4732 reliqua.
1921 4664 2031 4719 Nos
2068 4668 2223 4722 enim

590 4732 730 4816 quos
773 4750 873 4800 tua
912 4746 1157 4801 maxima
1220 4753 1514 4820 exspectat
1559 4768 1716 4824 cura,
1763 4754 1821 4810 id
1861 4762 1964 4828 est,
2022 4776 2224 4816 omnes

589 4838 838 4911 episcopi
859 4840 1143 4912 praecipue
1176 4846 1340 4898 tuum
1369 4846 1577 4901 mereri
1613 4847 1889 4905 debemus
1917 4852 2221 4924 judicium,

587 4936 647 4989 et
674 4948 791 4988 non
833 4932 903 4987 ab
948 4933 1075 4990 aliis
1119 4934 1399 4993 devorari.
1448 4940 1642 4997 Merito
1686 4960 1825 5015 ergo
1867 4963 1969 5001 nos
2002 4949 2226 5005 Domini

593 5043 762 5082 causa
780 5027 1011 5099 respicit
1031 5030 1369 5100 sacerdotes,
1392 5032 1438 5087 si
1459 5034 1687 5091 silentio
1711 5038 2003 5097 faveamus
2024 5044 2223 5099 errori.

592 5120 889 5192 Siquidem
935 5121 1318 5193 corripiantur
1358 5126 1684 5198 hujusmodi
1725 5148 1827 5188 nec
1870 5135 1942 5189 sit
1983 5136 2228 5192 liberum

593 5214 675 5271 eis
695 5231 798 5286 pro
818 5215 1105 5271 voluntate
1127 5216 1316 5273 facere
1336 5219 1643 5294 judicium,
1673 5225 1897 5282 desinat
1912 5229 2134 5285 novitas
2156 5231 2231 5285 la-

594 5325 811 5364 cessere
832 5313 1187 5378 vetustatem,
1220 5312 1440 5370 desinat
1472 5317 1841 5374 ecclesiarum
1875 5323 2126 5392 quietem
2148 5324 2232 5380 in-

594 5402 869 5476 quietudo
884 5403 1281 5473 turbare,uam
1303 5413 1367 5463 ut
1379 5425 1581 5465 omnes
1606 5415 2029 5485 metropolitani
2053 5418 2135 5473 vel
2149 5435 2233 5473 re-

591 5496 737 5569 liqui
755 5496 1005 5570 episcopi
1026 5515 1129 5554 sua
1155 5500 1300 5570 odia,
1328 5508 1426 5557 aut
1457 5503 1730 5560 vindictas
1762 5506 1820 5561 in
1845 5509 2092 5581 reliquos
2118 5514 2233 5586 epi-

596 5606 794 5662 scopos
815 5608 1079 5648 exercere
1112 5610 1226 5648 non
1258 5595 1499 5663 valeant,
1536 5597 1663 5653 ideo
1685 5602 2023 5660 nominatim
2052 5606 2112 5661 in
2143 5608 2233 5664 Ni-

596 5701 758 5739 caaua
776 5686 989 5756 synodo
1002 5687 1254 5758 expressi
1272 5694 1404 5744 sunt
1419 5690 1708 5762 primates,
1728 5695 1827 5766 qui
1844 5697 2093 5771 reliquos
2107 5703 2229 5775 epi-

599 5778 999 5849 scoposaudire
1021 5784 1080 5835 et
1088 5779 1348 5850 judicare
1365 5782 1631 5856 debeant,
1655 5804 1728 5844 ne
1743 5765 1859 5846 ulla
1881 5765 2038 5848 fraus
2054 5795 2112 5851 in
2132 5765 2230 5868 ju-
2332 5765 2637 5870 rumpitur.
2657 5765 2816 5850 CNam
2861 5794 2908 5850 si
2937 5765 3137 5849 officiis
3169 5789 3534 5847 saecularibus
3574 5785 3790 5870 humili]?
3813 5765 3871 5816 m

603 5868 750 5926 dicio
789 5870 1180 5945 episcoporum
1216 5878 1391 5947 possit
1431 5879 1674 5939 irruere.
1713 5884 1820 5939 Vos
1855 5903 1991 5959 ergo
2040 5890 2137 5962 qui
2174 5890 2234 5949 in

2321 4663 2608 4734 quantur;
2652 4660 2837 4716 omnis
2875 4660 3031 4715 enim
3075 4659 3175 4732 qui
3199 4660 3416 4715 resistit
3458 4654 3615 4714 alicui
3638 4664 3758 4708 nunc
3784 4656 3860 4695 ver-

2321 4755 2517 4823 tendo,
2559 4771 2712 4810 nunc
2749 4755 2982 4811 celando
3010 4754 3332 4822 veritatem,
3382 4752 3640 4810 mentitur
3674 4744 3860 4838 adversui

2326 4867 2456 4905 eum
2486 4854 2682 4905 contra
2730 4866 2901 4922 quem
2944 4849 3151 4922 litigat,
3184 4856 3240 4905 et
3270 4850 3375 4921 qui
3412 4848 3638 4903 infestus
3661 4841 3731 4895 est
3752 4832 3862 4888 alia"

2326 4944 2518 4999 omnia
2562 4944 2705 4999 sicut
2744 4921 2919 4999 hostis
2941 4942 3079 5015 agit,
3104 4949 3163 4999 et
3202 4944 3441 5015 insuper
3464 4938 3613 5011 loqui
3631 4921 3860 4991 contendit.
3906 4950 3909 5015 ὀ

2326 5040 2434 5093 Vos
2476 5038 2632 5094 enim
2651 5054 2974 5106 monemus,
3022 5038 3250 5107 fratres,
3301 5038 3360 5092 in
3414 5032 3643 5107 speculis
3680 5015 3864 5123 essend'i‘

2327 5133 2485 5202 bere,
2512 5138 2578 5188 ut
2626 5132 2969 5204 inquantum
3004 5132 3245 5204 potestis
3273 5135 3335 5186 et
3376 5128 3638 5186 Dominus
3670 5114 3865 5205 auxilium

2332 5227 2568 5295 dederit,
2596 5226 2802 5282 talibus
2830 5232 3027 5283 nostra
3049 5225 3358 5298 apostolica
3394 5226 3669 5291 vestraque
3692 5212 3862 5301 auctorf-

2329 5324 2447 5377 tate
2478 5321 2768 5388 resistatis,
2797 5338 2902 5376 nec
2920 5321 3223 5393 quisquam
3254 5324 3502 5375 vestrum
3529 5334 3560 5369 a
3582 5308 3740 5405 fratris

2330 5416 2405 5471 lio
2431 5432 2489 5471 se
2514 5415 2832 5485 subtrahat,
2878 5416 2978 5471 sed
3004 5432 3108 5487 pro
3144 5414 3360 5469 viribus
3390 5410 3610 5485 prmstet
3640 5402 3864 5494 admmliu‘

2330 5515 2474 5569 lum.
2497 5511 2778 5577 Quoniam
2801 5511 2933 5566 licet
2956 5510 3120 5583 pauci
3152 5509 3297 5577 sitis,
3325 5508 3370 5563 si
3392 5504 3671 5562 unanimes
3691 5492 3864 5549 faeni”.

2333 5608 2654 5663 nullatenus
2661 5605 2882 5678 justitia
2905 5602 3530 5676 suffragante,Domino
3541 5586 3868 5686 quoque???

2329 5703 2566 5769 ferente,
2588 5667 3018 5773 superabimini,
3041 5667 3176 5771 quia
3193 5667 3481 5753 funiculus
3503 5667 3687 5761 triplex
3709 5667 3868 5773 dim?“

2332 5860 2610 5959 subvenit,
2653 5895 2864 5963 quanto
2894 5888 3077 5961 magis
3108 5882 3494 5943 ecclesiasticis
3519 5882 3572 5935 et
3607 5860 3793 5931 Domini
3810 5870 3869 5913 ωδ
