3946 6180
85 325 160 379 (liii
1278 319 1751 378 DECRETALIUM
1789 321 2180 379 COLLECTIO.

3309 323 3411 379 646

80 429 359 485 cei-dotibus
408 429 780 500 maximeque
824 426 1015 483 divina
1062 433 1234 501 atque
1281 431 1563 487 catholica
1591 432 1677 485 lex
1702 443 1760 517 Α
1779 432 2061 499 stituatur,
2092 434 2148 485 et
2173 435 2368 502 postea
2394 447 2504 485 non
2533 430 2744 498 statim,
2777 431 2874 487 sed
2904 431 3022 499 diu,
3051 435 3108 486 et
3149 447 3252 502 per
3279 447 3410 503 epa-

79 523 341 594 suﬂ‘ragari
369 523 622 578 debeat?
653 523 745 577 Ait
790 523 946 577 enim
991 523 1246 578 divinum
1293 525 1362 579 de
1401 525 1678 596 episcopis

79 617 351 688 eloquium,
374 638 401 665 «
421 617 529 680 Qui
549 633 644 671 vos
667 617 867 687 tangit,
892 617 1080 687 tangit
1099 617 1376 688 pupillam
1397 617 1544 672 oculi
1563 617 1677 673 mei

84 712 224 778 (Zach.
254 727 310 778 η,
339 711 414 780 8).
439 733 465 757 η
501 712 568 765 Et
597 710 645 763 si
675 711 980 764 saeculares
1007 711 1264 766 humana
1289 711 1680 784 multipliciter

80 806 408 875 explorantur
436 804 700 859 homines
727 805 856 876 lege
888 810 944 860 et
971 805 1374 876 requisitiones
1401 811 1570 877 atque
1597 805 1680 859 in-

81 899 228 953 ducite
241 899 320 952 eis
338 899 650 952 multorum
671 897 958 952 mensium
977 899 1368 954 conceduntur
1385 915 1455 954 ne
1469 899 1677 970 injuste

79 993 407 1060 damnentur,
427 995 644 1063 quanto
661 993 841 1063 magis
867 991 1150 1063 episcopis
1170 993 1271 1064 qui
1296 992 1677 1064 proximiores

77 1090 189 1140 sunt
211 1089 334 1152 Deo,
364 1092 420 1140 et
445 1102 618 1156 super
661 1087 763 1139 hos
806 1086 1096 1141 constituti
1143 1087 1429 1158 positique
1460 1087 1518 1141 in
1561 1104 1672 1142 coe-

76 1179 181 1232 lesti
199 1179 386 1233 militia
404 1195 533 1250 quas.
555 1179 866 1250 impensius
890 1179 1266 1250 ponderanda
1288 1186 1390 1247 est,
1414 1183 1677 1251 tempora

74 1278 190 1326 sunt
212 1272 560 1327 concedenda
605 1274 786 1326 multo
831 1273 1130 1344 ampliora,
1162 1290 1234 1328 ne
1278 1273 1674 1344 aquibusdam

75 1370 353 1438 graventur
380 1371 478 1420 aut
507 1367 926 1437 opprimantur,
960 1368 1050 1421 vel
1083 1367 1269 1422 subito
1308 1367 1672 1423 damnentur.

71 1460 381 1530 Incipiamus
412 1476 570 1531 ergo,
591 1460 895 1529 adjuvante
920 1461 1036 1515 Deo
1060 1464 1119 1514 et
1137 1464 1332 1516 sancto
1365 1463 1526 1516 Petro
1543 1480 1676 1534 apo-

75 1555 218 1622 stolo,
236 1570 330 1625 per
346 1570 516 1624 quem
539 1553 889 1624 apostolatus
917 1557 974 1608 et
998 1555 1434 1626 episcopatusin
1455 1556 1675 1610 Christo

76 1647 218 1717 coepit
243 1646 552 1714 exordium,
587 1647 856 1718 quoniam
902 1648 1092 1718 plures
1117 1665 1267 1719 saepe
1311 1653 1678 1704 emerserunt

75 1756 232 1792 causae
255 1756 377 1810 quae
409 1739 462 1793 in
495 1739 836 1810 quibusdam
867 1756 986 1794 non
1015 1747 1178 1796 erant
1201 1758 1400 1809 causae,
1431 1742 1529 1797 sed
1561 1743 1672 1797 cri-

1778 525 1924 580 tiosa
1950 531 2212 596 tempora
2238 525 2353 578 suis
2379 527 2711 595 potestative
2747 525 3051 596 dispositis,
3077 529 3134 578 et
3151 525 3219 579 ad
3247 541 3412 579 suam

1776 619 2168 673 necessitatem
2198 619 2550 688 praeparatis,
2580 619 2650 672 ad
2680 623 2910 689 tempus
2941 618 3130 672 veniat
3163 618 3234 672 ad
3275 634 3409 672 cau-

1777 729 1915 779 sam,
1955 719 2028 777 et,
2051 712 2094 765 si
2121 713 2272 781 juste
2303 712 2483 765 visum
2513 711 2703 778 fuerit,
2735 711 3152 766 accusatoribus
3181 727 3412 783 respon-

1777 805 1908 859 deat
1933 805 2065 859 suis.
2101 806 2246 859 Nulli
2283 805 2480 858 infami
2514 808 2682 876 atque
2728 805 3004 876 sacrilego
3043 805 3113 859 de
3153 821 3407 876 quocun-

1777 915 1885 970 que
1907 899 2072 953 liceat
2097 899 2325 970 negotio
2353 899 2622 953 adversus
2648 899 2978 968 religiosum
3019 899 3406 954 Christianum

1776 992 2038 1064 quamvis
2057 992 2286 1047 humilis
2298 992 2628 1063 sei-vilisque
2647 1008 2893 1062 persona
2908 992 3000 1060 sit,
3020 992 3410 1046 testimonium

1777 1086 1982 1153 dicere,
2017 1103 2120 1140 nec
2149 1086 2219 1140 de
2251 1086 2499 1157 qualibet
2525 1102 2604 1152 re,
2636 1077 3023 1156 inscriptione,
3054 1085 3278 1141 actione
3313 1089 3411 1139 aut

1775 1179 2159 1234 Christianum
2190 1180 2488 1251 impetere.
2517 1180 2572 1234 Si
2594 1179 2892 1250 episcopus
2914 1178 3166 1249 legitime
3191 1195 3416 1233 accusa-

1775 1279 1886 1343 tus,
1904 1279 1960 1328 et
1987 1273 2314 1345 supradicto
2345 1272 2545 1328 ordine
2573 1273 2644 1327 ad
2665 1273 2968 1327 concilium
2999 1272 3267 1326 canonice
3285 1289 3414 1326 con-

1776 1373 2006 1422 vocatus
2034 1368 2226 1436 fuerit,
2259 1367 2469 1438 absque
2510 1367 2619 1420 ulla
2649 1366 3022 1437 trepidatione
3053 1363 3135 1420 ire
3164 1366 3410 1433 debebit,

1777 1467 1834 1516 et
1861 1462 1906 1515 si
1931 1461 2014 1516 ire
2041 1478 2156 1516 non
2183 1461 2455 1531 potuerit,
2483 1477 2588 1532 per
2615 1477 2673 1513 se
2705 1461 2962 1531 legatum
3009 1459 3080 1514 ad
3126 1459 3411 1530 synodum

1773 1555 1979 1609 mittat.
2027 1555 2202 1609 Nulla:
2234 1571 2415 1608 causa:
2457 1571 2490 1608 a
2534 1553 2822 1624 judicibus
2870 1552 3258 1607 ecclesiasticis
3305 1569 3410 1607 au-

1776 1648 2005 1703 diantur
2028 1665 2157 1720 qua:
2187 1648 2410 1719 legibus
2440 1664 2557 1702 non
2585 1647 2966 1715 continentur,
2995 1647 3080 1701 vel
3120 1663 3248 1717 quae
3274 1662 3408 1718 pro-

1775 1742 1969 1796 hibita:
2009 1758 2128 1797 esse
2157 1745 2488 1796 noscuntur.
2518 1741 2577 1797 Si
2624 1740 2750 1811 quis
2781 1740 2944 1794 aliter
2974 1757 3085 1794 non
3114 1739 3410 1811 acquieve-

75 1833 224 1898 mina,
256 1833 383 1903 quia
413 1833 595 1902 magis
643 1838 701 1886 ut
731 1833 1122 1904 comperimus
1161 1834 1464 1906 iniquitate
1503 1831 1869 1907 quamBrit,
1912 1835 2020 1890 nisi
2073 1840 2134 1890 ut
2186 1835 2514 1906 episcopum
2567 1839 2791 1889 accuset
2839 1851 3007 1905 supra
3062 1839 3251 1888 taxato
3308 1834 3412 1888 hoc

74 1925 312 1979 charitate
354 1925 624 1979 fratribus
664 1929 796 1980 sunt
845 1925 1146 1998 impositas.
1183 1929 1249 1982 Et
1277 1934 1343 1983 ut
1370 1928 1440 1983 de
1470 1933 1676 1984 caetero

72 2018 357 2072 sollicitudo
383 2019 475 2084 sit,
509 2036 580 2074 ne
607 2020 740 2073 talia
771 2019 1090 2088 deveniant,
1121 2021 1366 2092 capitula
1406 2023 1674 2094 quaedam

72 2128 95 2164 a
117 2112 303 2167 sanctis
328 2112 603 2183 patribus,
637 2117 754 2167 tam
796 2113 854 2168 in
900 2115 1128 2169 Nicena
1171 2115 1384 2186 synodo
1411 2133 1582 2188 quam
1613 2124 1670 2173 et

70 2204 115 2257 in
148 2207 246 2259 hac
273 2207 402 2260 sede
446 2207 753 2261 constituta
796 2225 1099 2278 ponamus,
1128 2209 1334 2280 quibus
1378 2210 1578 2266 fratres
1620 2215 1677 2266 et

71 2299 350 2371 coepiscopi
373 2301 548 2354 nostri
565 2300 711 2369 fulti,
732 2301 961 2356 insidias
981 2301 1342 2357 inimicorum
1363 2304 1672 2360 auxiliante

70 2393 278 2447 Domino
317 2394 539 2448 valeant
585 2394 846 2464 evadere,
878 2401 935 2450 et
973 2401 1146 2466 prout
1192 2397 1466 2452 Dominus
1509 2415 1674 2470 posse

70 2485 275 2556 dederit,
303 2488 664 2558 paucioribus
691 2492 981 2543 tantorum
1021 2490 1306 2544 malorum
1333 2491 1518 2546 verbis
1543 2492 1669 2547 inii-

70 2581 664 2651 temurcompendium,
680 2587 736 2636 et
754 2582 992 2636 strictim
1013 2599 1141 2654 qua:
1154 2584 1212 2638 in
1225 2585 1517 2639 volumine
1531 2586 1674 2640 litte-

68 2688 236 2726 rarum
263 2677 577 2728 vestrarum
603 2675 1010 2746 comperimus,
1045 2680 1437 2746 retractemus,
1471 2685 1528 2734 et
1566 2680 1672 2734 alia

67 2767 316 2821 nonnulla
342 2768 605 2823 instantis
632 2771 909 2841 temporis
955 2771 1298 2838 necessaria,
1324 2775 1491 2842 prout
1525 2773 1669 2844 peti-

66 2859 138 2924 tis,
165 2877 458 2931 ponamus.
488 2863 583 2917 Est
610 2879 858 2934 namque
887 2864 1167 2935 synodicis
1194 2864 1491 2920 decretum
1517 2866 1673 2922 insti-

68 2954 193 3020 tutis,
220 2959 280 3009 ut
306 2971 480 3010 nemo
512 2957 839 3027 episcopum
881 2974 1060 3029 penes
1087 2959 1384 3014 saeculares
1429 2959 1671 3015 arbitros

66 3053 276 3118 accuset,
307 3050 408 3104 sed
431 3050 584 3121 apud
617 3067 876 3106 summos
906 3052 1200 3123 primates.
1233 3053 1291 3108 Si
1323 3053 1448 3124 quis
1476 3053 1671 3109 adver-

67 3156 138 3194 sus
153 3143 473 3214 episcopum
505 3161 735 3199 causam
757 3146 1039 3215 habuerit,
1073 3164 1184 3200 non
1212 3147 1372 3218 prius
1398 3147 1536 3202 alios
1555 3148 1670 3219 epi-

66 3251 232 3306 scapos
262 3237 427 3292 adeat
453 3241 514 3291 ut
550 3254 685 3292 eum
730 3243 977 3307 accuset,
1009 3257 1180 3311 quam
1224 3241 1586 3296 familiariter
1617 3243 1667 3296 ei

64 3344 197 3384 suam
236 3331 450 3385 indicet
476 3332 792 3403 querelam,
825 3336 882 3388 et
911 3334 982 3388 ab
1011 3350 1080 3388 eo
1108 3337 1206 3388 aut
1220 3334 1437 3406 justam
1467 3353 1667 3390 emen-

64 3420 331 3479 dationem
358 3429 460 3480 aut
483 3427 882 3482 rationabilem
913 3427 1195 3499 percipiat
1225 3429 1666 3497 excusationem,

64 3522 108 3568 et
131 3517 242 3586 ipsa
271 3535 375 3573 nos
419 3519 734 3576 instruente
760 3521 1005 3576 Veritate
1037 3538 1050 3576 :
1089 3542 1117 3571 (ί
1149 3522 1207 3577 Si
1254 3523 1572 3595 peccaverit
1609 3524 1667 3578 in

59 3613 101 3661 te
121 3611 290 3666 frater
319 3616 468 3680 tuus,
487 3614 631 3669 vade
662 3621 717 3670 et
747 3615 965 3687 corripe
995 3632 1128 3671 eum
1155 3616 1306 3671 inter
1323 3622 1378 3671 te
1402 3621 1460 3671 et
1477 3617 1665 3688 ipsum

60 3704 243 3772 solum;
291 3707 339 3760 si
399 3711 452 3762 te
503 3725 620 3762 non
678 3709 942 3779 audierit,
977 3710 1186 3765 adhibe
1241 3710 1383 3766 duos
1421 3711 1507 3766 vel
1553 3715 1668 3765 tres

58 3801 238 3866 tecum,
271 3804 332 3854 et
375 3801 420 3854 si
452 3818 568 3856 non
598 3819 690 3856 vos
725 3802 992 3873 audierit,
1021 3803 1110 3858 dic
1157 3805 1418 3859 Ecclesia:
1449 3806 1662 3875 (Matth.

57 3903 182 3960 mn,
217 3897 418 3965 £547),
454 3918 480 3945 »
525 3895 583 3949 id
621 3903 725 3965 est,
758 3913 956 3952 accusa
1005 3915 1138 3952 eum
1188 3899 1408 3969 publice
1449 3905 1506 3954 et
1548 3917 1666 3956 non

55 3985 203 4054 prius,
223 3994 282 4044 et
313 3991 549 4062 reliqua.
580 3990 636 4046 Si
667 3990 793 4062 quis
821 3991 1156 4063 episcopum
1185 3997 1314 4062 post
1339 3993 1460 4048 haec
1482 3995 1667 4066 elege-

55 4079 112 4130 rit
134 4098 415 4151 accusare,
445 4084 683 4138 summis
707 4084 1044 4155 primatibus
1083 4085 1478 4158 episcoporum
1505 4105 1664 4144 suam

53 4170 237 4230 indicet
275 4194 532 4244 causam,
565 4182 623 4232 et
659 4195 776 4233 non
823 4179 1213 4247 saecularibus,
1242 4181 1339 4252 qui
1368 4182 1554 4254 magis
1591 4182 1662 4238 ad

52 4279 224 4333 pacem
266 4288 449 4342 quam
492 4271 566 4325 ad
595 4272 878 4342 judicium
925 4289 1021 4328 eos
1065 4280 1350 4344 revocent,
1383 4278 1447 4329 ut
1474 4276 1659 4330 chari-

54 4360 118 4410 Lis
143 4362 194 4416 in
222 4364 496 4419 omnibus
516 4369 573 4419 et
592 4366 662 4420 ab
690 4366 959 4421 omnibus
985 4367 1353 4424 custodiatur.
1376 4369 1432 4424 Si
1454 4369 1659 4440 prima-

50 4454 119 4505 tes
141 4462 498 4513 accusatores
524 4459 920 4532 episcoporum
965 4479 1093 4516 cum
1129 4463 1208 4517 eis
1247 4462 1545 4534 paciﬁcare
1576 4465 1658 4518 fa-

1777 1935 1970 1984 tenore
2014 1945 2183 2000 agere
2226 1928 2474 1995 debebit,
2513 1928 2645 1999 quia
2688 1927 2852 1982 aliter
2901 1929 3021 1981 rata
3064 1943 3180 1980 non
3228 1932 3414 1998 potest

1775 2022 2056 2078 accusatio
2089 2023 2328 2077 existere
2362 2041 2375 2076 :
2405 2027 2539 2076 tunc
2567 2021 2754 2093 primo
2786 2021 3031 2075 accusati
3056 2037 3283 2074 causam
3314 2037 3409 2073 ac-

1776 2120 1998 2171 cusator
2021 2117 2172 2188 apud
2205 2115 2476 2187 primates
2503 2115 2773 2170 canonice
2806 2114 3045 2184 deferat,
3068 2130 3171 2168 nec
3198 2130 3230 2167 a
3261 2129 3412 2168 com-

1777 2211 2050 2264 munione
2096 2209 2463 2280 prohibeatur
2509 2212 2824 2277 accusatus,
2855 2207 2962 2261 nisi
2997 2207 3067 2262 ad
3099 2207 3409 2262 electorum

1769 2303 2052 2373 judicium
2081 2302 2352 2358 canonice
2379 2307 2713 2356 convocatus
2739 2301 2888 2355 infra
2919 2307 3036 2356 tres
3065 2304 3163 2354 aut
3197 2317 3297 2354 sex
3321 2301 3411 2355 vel

1776 2398 1964 2468 plures
1991 2414 2235 2464 menses,
2269 2413 2373 2468 pro
2402 2396 2516 2450 suis
2546 2395 2826 2450 rationem
2857 2393 3184 2449 redditurus
3214 2395 3411 2449 venire

1777 2491 2086 2560 distulerit;
2115 2491 2267 2562 quod
2301 2491 2344 2544 si
2367 2490 2606 2561 probare
2635 2489 2883 2560 potuerit
2911 2489 3058 2560 quod
3082 2505 3199 2543 non
3218 2488 3412 2542 nolue-

1775 2584 1866 2652 rit,
1898 2585 1995 2639 sed
2045 2601 2159 2638 non
2210 2583 2462 2654 potuerit
2498 2582 2705 2651 venire,
2735 2582 2878 2635 nihil
2921 2581 2970 2634 ei
3015 2581 3261 2636 nocebit.
3315 2581 3413 2635 llle

1774 2694 1902 2731 vero
1929 2678 2026 2749 qui
2051 2679 2102 2730 vi
2134 2683 2232 2732 aut
2265 2677 2464 2732 timore
2495 2693 2526 2730 a
2556 2675 2690 2729 sede
2721 2675 2938 2746 pulsus,
2965 2680 3062 2729 aut
3093 2675 3207 2728 suis
3238 2675 3410 2729 rebus

1775 2771 2114 2842 exspoliatus
2157 2770 2347 2839 fuerit,
2378 2771 2486 2824 nisi
2535 2769 2692 2840 prius
2735 2772 2970 2823 vocetur
3011 2768 3083 2823 ad
3129 2768 3411 2838 synodum

1772 2882 1942 2936 quam
1970 2865 2021 2920 ei
2048 2865 2240 2919 omnia
2267 2865 2489 2936 legibus
2513 2856 3000 2934 redintegrentur,
3029 2865 3084 2916 et
3111 2861 3326 2916 tamdiu
3348 2861 3408 2914 in

1772 2959 1906 3014 sede
1928 2959 2154 3030 propria
2181 2958 2407 3030 paciﬁce
2435 2963 2494 3012 et
2514 2956 2846 3028 potestative
2871 2959 3075 3010 cuncta
3102 2954 3408 3026 disponens

1770 3053 2034 3120 resideat,
2082 3053 2354 3124 quamdiu
2399 3051 2665 3122 expulsus
2718 3051 2807 3105 vel
2851 3049 3173 3121 expoliatus
3215 3065 3409 3104 carere

1770 3149 1917 3202 visus
1945 3152 2030 3201 est
2055 3148 2242 3201 rebus.
2272 3147 2412 3202 Cum
2443 3150 2634 3200 autem
2671 3143 2744 3198 ad
2780 3143 3062 3215 judicium
3091 3143 3329 3213 venerit,
3359 3141 3404 3198 si

1769 3243 2010 3297 voluerit
2037 3245 2095 3295 et
2124 3257 2350 3295 necesse
2378 3239 2570 3305 fuerit,
2595 3237 2838 3292 induciae
2865 3237 2916 3292 ei
2937 3240 2995 3291 et
3021 3237 3296 3309 petentia
3314 3253 3410 3308 pa-

1769 3336 1950 3390 tribus
1971 3333 2289 3389 constitutae
2311 3332 2522 3403 absque
2550 3330 2964 3402 impedimento
2993 3329 3404 3397 concedantur,

1770 3434 1827 3484 et
1848 3429 2068 3501 judices
2095 3446 2128 3482 a
2167 3444 2225 3481 se
2254 3426 2413 3482 electi
2446 3424 2789 3492 tribuantur,
2816 3429 2881 3478 ut
2907 3423 2964 3478 in
2990 3423 3115 3477 loco
3143 3423 3292 3478 unde
3321 3429 3408 3477 est

1766 3524 1860 3578 ille
1893 3523 1988 3594 qui
2027 3526 2342 3587 accusatur,
2381 3522 2479 3573 aut
2524 3519 2570 3572 si
2614 3518 2746 3572 alibi
2798 3517 3038 3587 alicujus
3081 3517 3405 3570 temerariae

1767 3615 2150 3672 multitudinis
2194 3614 2310 3668 vim
2358 3612 2649 3680 metuerit,
2692 3611 2880 3666 locum
2925 3609 3032 3664 sibi
3082 3625 3406 3680 congruum

1768 3711 1962 3782 eligat,
1980 3726 2091 3780 quo
2107 3709 2317 3780 absque
2339 3707 2542 3761 timore
2571 3721 2725 3772 suos,
2743 3705 2790 3758 si
2817 3701 3121 3758 necessitas
3140 3719 3403 3774 exposce-

1767 3805 1858 3872 rit,
1893 3807 2061 3858 testes
2085 3802 2294 3856 habere
2323 3804 2379 3854 et
2423 3801 2632 3871 absque
2658 3796 3078 3868 impedimento
3111 3813 3274 3851 suam
3306 3813 3398 3850 ca-

1766 3897 1966 3953 nonice
1995 3895 2336 3952 sententiam
2366 3895 2531 3949 linire
2559 3893 2760 3961 valeat,
2790 3891 2922 3964 quia
2951 3891 3133 3946 multa
3156 3906 3262 3962 per
3277 3889 3403 3944 sub-

1765 3992 2082 4064 reptionem
2122 3990 2313 4045 venire
2357 3989 2556 4044 solent.
2611 3988 2681 4042 Ut
2720 3984 3054 4040 testiﬁcandi
3099 3985 3189 4038 vel
3234 3999 3401 4039 accu-

1765 4087 1928 4153 sandi
1952 4085 2180 4141 licentia
2205 4085 2522 4154 denegetur
2543 4080 2640 4153 qui
2667 4078 2999 4135 Christianae
3029 4077 3323 4150 religionis
3346 4083 3404 4134 et

1765 4180 2014 4235 nominis
2043 4179 2403 4250 dignitatem,
2436 4180 2492 4231 et
2528 4191 2644 4229 suae
2677 4174 2840 4245 legis,
2867 4173 2955 4227 vel
3001 4171 3087 4226 sui
3127 4171 3403 4243 propositi

1762 4290 2048 4343 normam,
2076 4277 2175 4328 aut
2197 4270 2541 4343 regulariter
2566 4267 2853 4340 prohibita
2873 4265 3246 4338 neglexerint.
3268 4265 3402 4320 Mul-

1762 4375 1884 4424 tum
1911 4368 2202 4440 derogatio
2228 4366 2494 4438 praevalet
2518 4361 2747 4436 quando
2787 4361 3093 4433 derogator
3128 4359 3397 4429 creditur,

1761 4462 1889 4517 ideo
1944 4461 2111 4516 variis
2160 4457 2666 4515 detrectationibus
2719 4460 2890 4527 atque
2940 4452 3396 4508 accusationibus

47 4547 322 4607 miliariter
351 4551 593 4607 minime
623 4555 934 4626 potuerint,
959 4559 1094 4610 tunc
1121 4561 1379 4628 tempore
1401 4557 1658 4628 legitimo
1684 4582 1738 4655 D
1764 4574 1877 4611 non
1903 4556 2067 4610 decet
2093 4553 2422 4608 labefactari
2451 4553 2777 4621 primatem,
2813 4547 2911 4602 sed
2957 4546 3139 4617 magis
3167 4550 3397 4617 patrum

49 4653 128 4692 eos
168 4644 235 4698 ad
279 4646 567 4718 synodum
616 4649 882 4703 canonice
931 4653 1302 4705 convocatam
1353 4667 1464 4705 non
1511 4651 1660 4706 infra

45 4744 257 4804 angusta
334 4743 605 4813 tempora
691 4742 962 4798 canonice
1024 4748 1350 4813 convocent,
1411 4750 1469 4799 et
1541 4763 1658 4802 non

45 4829 178 4893 prius
206 4850 382 4904 quam
411 4835 491 4889 eis
516 4852 620 4906 per
646 4837 852 4908 scripta
878 4836 1216 4908 signiﬁcent,
1243 4839 1400 4911 quod
1432 4840 1513 4894 eis
1553 4857 1656 4911 op-

45 4924 248 4988 ponitur
288 4935 354 4983 ut
402 4928 473 4982 ad
517 4930 942 4999 responsionem
990 4932 1292 5004 praaparati
1331 4933 1655 4988 adveniant.

44 5011 161 5069 Nam
205 5019 250 5072 si
297 5027 402 5076 aut
443 5021 497 5074 vi
550 5027 649 5077 aut
700 5023 903 5078 timore
953 5025 1139 5094 ejecti,
1183 5031 1281 5080 aut
1325 5026 1440 5079 suis
1490 5027 1659 5081 rebus

43 5113 318 5180 exspoliati
348 5115 585 5182 fuerint,
604 5133 708 5171 nec
736 5117 1007 5173 canonice
1039 5120 1258 5174 evocari
1277 5119 1350 5173 ad
1377 5120 1658 5192 synodum

44 5214 276 5276 possunt,
308 5225 418 5262 nec
465 5211 807 5281 respondere
855 5213 1077 5266 mmulis
1104 5213 1311 5268 debent
1350 5219 1658 5284 antequam

45 5303 288 5356 canonice
337 5304 732 5373 restituantur,
781 5309 838 5359 et
885 5323 988 5360 sua
1037 5307 1118 5360 eis
1165 5306 1352 5361 omnia
1402 5308 1662 5380 legaliter

44 5391 359 5452 reddantur.
417 5398 476 5453 Si
518 5398 646 5470 quis
688 5399 1078 5471 episcoporum
1125 5401 1298 5455 fuerit
1339 5402 1452 5455 suis
1488 5402 1660 5456 rebus

45 5491 389 5561 exspoliatus,
417 5496 516 5546 aut
544 5509 577 5546 a
607 5510 708 5546 sua
753 5493 986 5548 ecclesia
1018 5494 1071 5547 vi
1097 5498 1197 5548 aut
1227 5496 1430 5549 timore
1461 5497 1656 5568 expul-

45 5592 138 5645 5u3,
173 5585 329 5655 quod
375 5587 528 5640 omni
571 5586 895 5642 Christiano
936 5588 1156 5643 nomini
1207 5593 1291 5644 est
1337 5589 1658 5661 inimicum,

46 5682 247 5741 oportet
285 5682 346 5732 et
388 5679 549 5734 decet
592 5681 992 5753 episcoporum
1038 5683 1392 5754 propositum
1435 5701 1661 5757 semper

45 5767 205 5834 prima
233 5771 424 5827 fronte
453 5773 676 5844 cedere,
716 5779 775 5830 ut
801 5775 995 5832 omnia
1022 5793 1149 5849 quae
1180 5777 1370 5832 ablata
1396 5782 1528 5832 sunt
1557 5794 1656 5850 po-

50 5863 211 5918 testati
240 5865 368 5938 ejus
405 5865 659 5940 legaliter
688 5869 1015 5939 reddantur,
1050 5879 1106 5926 et
1147 5872 1352 5945 praesul
1388 5873 1544 5945 prius
1571 5888 1657 5926 re-

1761 4650 1973 4722 regulis
2013 4648 2287 4715 roborari,
2321 4661 2426 4702 nec
2460 4644 2621 4699 facile
2663 4645 2763 4698 aut
2796 4639 3186 4695 indifferenter
3223 4638 3395 4693 susci-

1760 4761 1896 4816 pere
1928 4742 2319 4798 accusationes
2345 4741 2677 4810 praesumat,
2709 4736 2930 4790 dicente
2961 4733 3202 4788 Domino
3229 4749 3242 4788 :
3269 4733 3393 4787 Non

1759 4838 2027 4908 suscipias
2057 4852 2249 4890 vocem
2275 4832 2584 4900 mendacii;
2626 4830 2722 4885 sed
2759 4828 2918 4901 prius
2946 4828 3186 4900 probare
3225 4827 3397 4883 debet

1760 4931 2139 5003 suspicionem
2166 4932 2222 4983 et
2249 4943 2480 4983 causam
2511 4930 2610 4980 aut
2635 4940 2746 4996 quo
2771 4923 2962 4977 animo
2989 4922 3095 4976 hoc
3119 4921 3313 4991 faciat,
3337 4927 3393 4978 et

1758 5024 2127 5099 postmodum
2175 5021 2481 5092 suscipere,
2512 5019 2644 5091 quia
2686 5017 2938 5072 veritatis
2979 5016 3394 5088 professionem

1760 5117 2223 5193 prOpinquitatis,
2237 5115 2575 5181 inimicitiae,
2592 5112 2832 5178 timoris,
2848 5110 3082 5178 amoris,
3097 5110 3211 5165 odii
3230 5115 3286 5166 et
3303 5127 3396 5166 cu-

1759 5213 2010 5285 piditatis
2035 5212 2274 5268 intentio
2303 5209 2577 5280 impedire
2605 5211 2665 5261 et
2689 5206 2921 5261 adversa
2947 5205 3219 5260 fratribus
3246 5203 3390 5258 irro-

1761 5324 1897 5379 gare
1937 5307 2100 5361 solet.
2133 5307 2388 5360 Personae
2429 5301 2815 5357 accusantium
2858 5300 2996 5354 tales
3026 5315 3145 5353 esse
3178 5297 3391 5351 debent

1760 5418 2004 5474 quarum
2047 5398 2188 5454 ﬁdes
2233 5404 2290 5453 et
2329 5396 2679 5452 conversatio
2711 5398 2769 5449 et
2794 5395 2906 5448 vita
2951 5390 3297 5463 probabilius
3333 5394 3390 5444 et

1759 5497 1974 5567 absque
2030 5492 2474 5565 reprehensione
2516 5489 2606 5557 sit,
2653 5493 2710 5543 et
2759 5503 2889 5559 quae
2945 5483 3103 5538 omni
3156 5485 3392 5536 careant

1761 5588 2098 5661 suspicione,
2132 5587 2264 5659 quia
2292 5591 2349 5640 et
2375 5586 2484 5639 hoc
2510 5589 2565 5638 te
2598 5584 2895 5654 praesente,
2930 5580 2992 5631 ut
3033 5577 3174 5631 bene
3222 5574 3388 5642 nosti,

1761 5685 1819 5737 in
1833 5683 2054 5737 Nicwna
2071 5680 2286 5753 synodo
2305 5684 2539 5751 prapter
2549 5676 2830 5732 malorum
2847 5669 3143 5726 hominum
3162 5667 3391 5722 infesta-

1760 5777 1975 5830 tionem
2019 5776 2089 5829 ab
2132 5774 2394 5828 omnibus
2446 5770 2744 5827 deliuitum
2778 5771 2882 5830 est,
2913 5763 3044 5818 licet
3088 5777 3392 5834 pravorum

1763 5870 2068 5926 hominum
2108 5867 2327 5921 insidiis
2354 5868 2465 5920 sint
2495 5865 2613 5917 haec
2654 5860 2764 5914 alia
2808 5855 3153 5930 quamplura
3187 5855 3393 5914 deleta.
