3946 6180
581 329 681 382 647
1458 312 1753 399 ΑΡΡΕΝυ.
1793 316 1882 376 ΑΙ)
1919 321 2074 377 διΕΟ.
2120 318 2205 376 Ix.

576 435 846 491 Primates
872 432 953 487 illi
973 438 1163 487 etnon
1186 431 1282 486 alii
1308 431 1421 485 sint
1448 445 1620 502 quam
1652 429 1713 484 in
1743 429 1967 485 Nicaeua
1986 429 2204 502 synodo

579 532 711 583 sunt
733 525 1044 583 constituti.
1076 524 1294 596 Reliqui
1323 540 1457 580 vero
1488 524 1587 596 qui
1617 523 1950 595 metrOpolis
1978 528 2211 582 teneant

578 622 758 687 sedes,
783 618 1194 691 archiepiscopi
1220 622 1588 686 vocantur,et
1609 634 1721 672 non
1750 618 2209 689 primates,salva

577 717 636 770 in
654 714 916 770 omnibus
942 712 1263 784 apostolicae
1296 712 1442 766 sedis
1462 710 1763 782 dignitate,
1780 727 1908 783 quae
1928 712 1978 765 ci
1997 711 2066 766 ab
2085 711 2208 783 ipso

577 809 817 865 Domino
844 812 928 862 est
971 822 1255 871 concessa,
1290 808 1347 860 et
1384 807 1579 877 postea
1610 821 1642 857 a
1678 804 1880 858 sanctis
1925 805 2208 875 prioribus

576 903 858 959 roborata.
895 901 1082 956 Primo
1123 915 1352 969 semper
1378 900 1437 953 in
1483 898 1641 953 omni
1677 897 2075 969 episcoporum
2111 916 2205 953 ac-

576 996 867 1052 cusatione
894 995 1025 1064 vita,
1056 1009 1302 1066 persona
1341 997 1399 1047 et
1435 991 1788 1046 conversatio
1822 993 2204 1047 accusantium

577 1089 918 1145 cnucleatim
947 1088 1327 1159 inquiruntur,
1352 1090 1409 1140 et
1432 1086 1795 1157 postmodum
1825 1103 1889 1141 ea
1909 1103 2036 1158 quae
2059 1085 2205 1156 obji-

577 1184 806 1239 ciuntur
828 1182 1074 1238 fideliter
1103 1183 1546 1252 pertractentur,
1578 1180 1847 1251 quoniam
1878 1181 2019 1235 nihil
2045 1181 2209 1235 aliter

575 1279 699 1333 ﬂeri
725 1277 912 1345 debet,
944 1275 1052 1330 nisi
1081 1274 1471 1346 impetitorum
1508 1274 1666 1345 prius
1692 1275 2017 1346 requiratur
2044 1274 2203 1329 ﬁdes.

576 1374 842 1426 Personae
872 1370 987 1424 vita
1015 1372 1073 1423 et
1095 1373 1251 1423 actus
1279 1367 1673 1434 discutiantur,
1705 1368 1840 1439 quia
1884 1384 2002 1423 non
2042 1368 2209 1423 debet

577 1480 879 1537 pravorum
909 1468 1007 1517 aut
1044 1460 1431 1517 insidiantium
1483 1460 1779 1516 hominum
1823 1461 2071 1533 pernicie
2097 1462 2208 1516 vita

578 1557 811 1612 lacerari
842 1556 1257 1611 innocentium.
1293 1555 1439 1610 Sane
1467 1554 1776 1626 saepissime
1807 1555 1943 1610 boni
1972 1572 2004 1609 a
2045 1555 2209 1609 malis

580 1651 985 1723 disperguntur
1011 1649 1108 1720 qui
1140 1665 1254 1703 non
1281 1655 1499 1702 cessant
1525 1649 1639 1702 suis
1655 1649 2070 1703 calamitatibus
2086 1648 2209 1703 aliis

578 1746 874 1815 derogare.
908 1744 1034 1798 ideo
1053 1758 1419 1814 summopere
1435 1742 1849 1815 providendum
1879 1748 1980 1809 est,
1996 1759 2066 1796 ne
2088 1742 2209 1797 haec

578 1839 733 1893 ﬁant.
773 1837 965 1892 Nullus
1003 1853 1213 1903 servus,
1250 1837 1438 1890 nullus
1472 1836 1726 1904 libertus,
1756 1837 1945 1891 nullus
1975 1836 2203 1903 infidus,

575 1932 763 1988 nullus
793 1930 1124 1986 criminibus
1154 1930 1419 1997 irretitus,
1450 1931 1637 1984 nullus
1663 1930 2051 1999 calumniator,
2078 1930 2205 1985 nul-

576 2027 665 2079 lus
715 2024 811 2097 qui
858 2022 1168 2078 inimicitiis
1220 2024 1426 2089 studet,
1481 2022 1671 2077 nullus
1725 2023 1824 2094 qui
1875 2024 2207 2095 frequenter

575 2120 779 2191 litigat,
833 2123 890 2173 et
937 2117 1005 2171 ad
1058 2117 1440 2171 accusandum
1493 2116 1581 2171 vel
1647 2116 2067 2171 detrahendum
2121 2121 2208 2172 est

577 2214 778 2282 facilis,
836 2212 989 2265 nulla
1053 2210 1277 2265 infamis
1335 2227 1610 2281 persona,
1668 2211 1754 2265 vel
1807 2226 2009 2266 omnes
2065 2226 2206 2283 quos

580 2308 649 2363 ad
700 2305 1015 2362 accusanda
1056 2303 1291 2358 crimina
1334 2303 1559 2374 publica
1606 2304 1767 2376 leges
1812 2305 2051 2376 publicas
2091 2321 2205 2359 non

580 2401 907 2466 admittunt,
949 2398 1353 2471 permittantur
1398 2397 2019 2470 episcopos'aceusare,
2061 2416 2204 2471 quo-

577 2495 732 2550 niam
765 2497 1115 2549 accusatores
1147 2494 1204 2545 et
1232 2491 1618 2547 accusationes
1652 2476 1794 2565 quas
1832 2493 1989 2564 leges
2018 2493 2209 2548 saeculi

576 2607 690 2645 non
719 2587 1021 2659 recipiunt,
1054 2602 1166 2657 qua
1192 2586 1411 2640 ratione
1444 2585 1809 2641 sacerdotalis
1839 2603 1932 2641 eas
1959 2586 2207 2658 recipere

577 2684 745 2740 debet
770 2681 928 2751 ordo,
958 2681 1211 2735 invenire
1240 2696 1486 2752 nequeo,
1517 2696 1646 2735 cum
1679 2680 1805 2736 haec
1832 2678 1880 2752 1
1899 2679 2023 2753 59
2057 2686 2115 2736 et
2148 2681 2205 2736 in

579 2777 807 2833 Nicaena
856 2774 1074 2846 synodo
1128 2773 1412 2844 prohibita
1462 2773 1595 2840 sint,
1651 2777 1707 2827 et
1757 2774 1839 2828 illi
1902 2774 2083 2846 magis
2135 2774 2205 2829 ab

578 2870 718 2938 istis,
751 2885 864 2923 non
896 2868 987 2921 isti
1016 2866 1087 2921 ab
1117 2866 1228 2921 illis
1249 2866 1495 2936 judicari
1540 2866 1801 2934 debeant,
1834 2870 1890 2922 et
1915 2869 2207 2939 Apostolus

556 2960 557 2963 “
581 2964 730 3019 dicat
758 2979 770 3017 :
802 2960 1117 3033 Spiritualis
1133 2959 1349 3031 judicat
1378 2960 1589 3028 omnia,
1614 2960 1733 3032 ipse
1759 2977 1890 3015 vero
1920 2978 1950 3015 a
1976 2962 2202 3018 nemine

572 3057 876 3129 judicatur.
908 3053 1163 3109 Haeretici
1179 3070 1211 3107 a
1227 3054 1432 3126 quibus
1452 3053 1696 3108 nimium
1721 3054 2101 3128 opprimimur
2120 3073 2209 3112 ex-

578 3148 1095 3221 communicatique
1152 3146 1473 3215 homicidae,
1521 3149 1783 3217 maleﬁci,
1828 3149 2001 3218 fures,
2034 3151 2204 3206 sacri-

577 3245 714 3317 legi,
746 3248 1022 3316 raptores,
1054 3242 1312 3309 venefici,
1344 3242 1606 3311 adulteri,
1638 3246 1696 3297 et
1739 3243 1839 3315 qui
1867 3248 2094 3315 raptum
2120 3244 2204 3300 fe-

579 3339 760 3399 cerint
783 3337 871 3393 vel
901 3338 1105 3392 falsum
1144 3335 1536 3391 testimonium
1584 3334 1850 3404 dixerint,
1881 3354 1981 3392 seu
2010 3337 2108 3409 qui
2137 3338 2208 3394 ad

576 3434 876 3504 sortilegos
911 3446 1220 3503 magosque
1255 3429 1667 3497 concurrerint,
1693 3430 2017 3487 nullatenus
2034 3433 2105 3488 ad
2122 3449 2209 3488 ac-

580 3527 927 3583 cusationem
943 3524 1026 3578 vel
1045 3523 1115 3578 ad
1134 3522 1520 3578 testimonium
1540 3529 1707 3579 erunt
1732 3524 2090 3593 admittendi,
2105 3543 2209 3583 nec

581 3623 657 3678 ita
683 3621 741 3676 in
785 3616 1169 3675 ecclesiasticis
1213 3616 1498 3688 agendum
1547 3622 1631 3672 est
1672 3617 1920 3689 negotiis
1965 3618 2110 3675 sicut
2149 3620 2207 3675 in

579 3712 962 3771 saecularibus.
988 3711 1126 3766 Nam
1156 3711 1216 3766 in
1256 3710 1618 3766 saecularibus
1655 3716 1953 3784 postquam
1990 3713 2211 3786 legibus

580 3812 811 3864 vocatus
836 3805 1072 3872 venerit,
1091 3805 1229 3860 etin
1256 3804 1381 3860 foro
1410 3803 1695 3861 decertare
1725 3806 1960 3878 cceperit
1982 3808 2206 3880 aliquis,

579 3921 698 3960 non
726 3903 857 3958 licet
880 3906 1009 3954 ante
1036 3903 1326 3970 peractam
1356 3913 1587 3953 causam
1618 3899 1914 3969 recedere;
1943 3900 2004 3956 in
2030 3902 2207 3958 eccle-

582 3997 818 4055 siasticis
841 4009 974 4049 vero
1008 3992 1155 4048 dicta
1197 4007 1365 4047 causa
1393 3991 1659 4048 recedere
1710 3993 1860 4061 licet,
1891 3993 1940 4049 si
1983 4010 2211 4051 necesse

581 4091 754 4149 fuerit
783 4092 881 4144 aut
910 4086 956 4141 si
993 4086 1343 4158 praegravari
1383 4085 1604 4141 viderit.
1645 4086 1876 4152 Quoties
1919 4088 2213 4162 episcopus

582 4201 754 4257 super
776 4181 942 4238 certis
966 4183 1264 4235 accusatur
1287 4178 1638 4247 criminibus,
1655 4180 1701 4234 si
1726 4180 1868 4236 tales
1894 4181 2108 4239 fuerint
2126 4200 2216 4241 ac-

584 4282 873 4335 cusatores
901 4272 997 4345 qui
1019 4272 1169 4343 juste
1195 4274 1253 4329 et
1280 4272 1555 4328 canonice
1581 4272 1760 4346 recipi
1789 4273 2050 4345 debeant,
2074 4277 2213 4350 legi-

583 4374 723 4428 tima
750 4369 809 4424 in
841 4366 1055 4439 synodo
1076 4381 1175 4419 suo
1199 4365 1257 4419 in
1283 4370 1542 4437 tempore
1573 4374 1921 4440 congregata
1940 4369 2011 4425 ab
2028 4371 2211 4429 omni-

582 4467 690 4524 bus
706 4461 977 4520 canonice
993 4458 1298 4515 audiantur
1313 4459 1413 4532 qui
1431 4462 1565 4514 sunt
1587 4460 1647 4516 in
1680 4461 1984 4533 provinciis
2002 4465 2213 4537 episco-

586 4562 704 4635 pis;
744 4556 894 4631 quod
921 4546 967 4609 si
1012 4552 1255 4626 legitimi
1292 4569 1406 4607 non
1438 4553 1663 4610 afuerint
1705 4563 2053 4614 accusatores
2097 4576 2211 4616 non

583 4655 859 4725 fatigetur
887 4648 1207 4721 episcopus,
1238 4647 1374 4719 quia
1414 4648 1728 4705 sacerdotes
1777 4650 1847 4705 ad
1892 4652 2209 4709 sacrifican-

586 4750 724 4806 dum
748 4760 951 4801 vacare
978 4741 1206 4808 debent,
1244 4758 1359 4796 non
1389 4742 1458 4797 ad
1486 4742 1844 4815 litigandum,
1876 4761 1982 4801 nec
2009 4746 2088 4802 illi
2115 4749 2214 4821 qui

585 4839 775 4899 throni
801 4838 899 4895 Dei
918 4841 1196 4893 vocantur
1213 4852 1521 4908 pravorum
1543 4837 1840 4894 hominum
1860 4839 2082 4896 insidiis
2101 4846 2212 4899 tur-

585 4935 705 4992 bari
748 4932 980 4999 debent,
1012 4930 1109 4985 sed
1151 4928 1325 4984 libere
1369 4929 1589 4987 Christo
1639 4932 1881 4989 Domino
1925 4934 2210 5006 famulari,

583 5042 913 5104 quanquam
939 5022 1505 5095 comprovincialibus
1531 5025 1807 5098 episcopis
1828 5045 1941 5083 una
1962 5047 2091 5086 cum
2114 5047 2208 5087 eo-

583 5140 713 5181 rum
741 5118 1194 5191 metropolitano,
1227 5134 1342 5172 suas
1372 5118 1677 5189 provincias
1703 5136 1900 5177 causas
1926 5123 2213 5198 episcopo-

583 5235 711 5275 rum
727 5216 892 5273 liceat
905 5210 1263 5269 concorditer
1274 5211 1628 5283 agitare,non
1642 5217 1831 5271 tamen
1846 5216 2053 5273 sicutin
2072 5236 2214 5293 prae-

583 5315 733 5371 dicta
748 5326 808 5366 re
830 5311 1107 5381 prasente
1124 5304 1489 5362 constitutum
1507 5310 1591 5362 cst
1605 5309 1818 5379 synodo
1832 5310 1965 5366 licet
1976 5312 2211 5370 definire

578 5409 788 5479 absque
818 5400 1056 5458 Romani
1085 5400 1364 5472 pontificis
1391 5402 1754 5469 auctoritate;
1783 5404 1936 5475 quod
1966 5405 2011 5460 si
2050 5423 2211 5464 secus

581 5520 614 5560 a
627 5498 965 5576 quibusdam
984 5499 1397 5567 praesumptum
1416 5494 1605 5561 fuerit,
1620 5495 1726 5567 ipsi
1742 5497 1839 5569 qui
1860 5497 1969 5554 hoc
1989 5488 2213 5571 egerint

582 5613 697 5651 suae
713 5588 1170 5667 praesumptionis
1188 5587 1493 5658 suscipiant
1516 5588 1812 5658 damnum,
1836 5596 1893 5646 et
1919 5592 1996 5647 illi
2019 5595 2118 5665 qui
2137 5595 2209 5651 ab

581 5691 662 5746 eis
688 5699 989 5760 perperam
1033 5680 1513 5737 excommunicati
1543 5685 1642 5737 aut
1676 5683 1931 5741 damnati
1975 5688 2206 5759 fuerint,

581 5770 912 5837 auctoritate
944 5775 1116 5846 hujus
1141 5778 1348 5830 sanctae
1381 5774 1541 5831 Sedis
1566 5782 1622 5832 et
1664 5777 1813 5834 beati
1843 5784 2210 5854 praeceptoris

584 5872 758 5933 nostri
781 5869 1045 5941 clavigeri
1078 5868 1220 5925 Petri
1249 5872 1524 5942 potestate
1567 5872 1874 5943 solvantur,
1904 5880 2076 5949 atque
2117 5894 2208 5933 re-

2232 346 2302 360 -—
2342 314 2581 375 lSlDORl
2620 310 3044 374 MERCATORIS
3743 325 3820 384 648

2227 441 2285 514 Α
2304 426 2629 483 stituantur.
2646 428 2659 481 Ι
2666 443 2765 499 pse
2783 425 2933 481 enim
2953 425 3033 481 ait
3055 425 3319 481 Dominus
3338 443 3351 481 :
3377 428 3726 504 «Quaecunque
3745 436 3821 489 soi-

2308 522 2453 604 veris
2478 538 2650 594 super
2676 526 2911 591 terram,
2946 523 3115 575 erunt
3137 521 3311 575 soluta
3344 521 3400 576 in
3426 526 3559 578 terra
3580 525 3691 580 etin
3711 529 3823 582 cretis

2309 616 2524 687 (Matth.
2554 630 2664 681 xva,
2700 615 2805 685 t9).
2836 636 2864 664 »
2896 614 3130 679 Quoties
3172 615 3411 686 episcOpi
3437 633 3491 671 se
3528 634 3557 670 a
3590 618 3685 672 suis
3707 636 3823 675 com-

2307 709 2764 781 provinciaiibus,
2797 709 2884 764 vel
2912 725 2945 762 a
2973 708 3402 781 metropolitano
3427 712 3702 781 putaverint
3722 730 3824 784 pra-

2310 804 2553 875 gravari,
2577 806 2677 858 aut
2698 819 2792 857 eos
2809 807 3097 874 suspectos
3115 802 3430 870 habuerint,
3443 819 3561 858 mox
3579 805 3825 862 Romanam

2307 898 2598 970 appellent
2611 897 2712 952 Sed
2721 914 2835 966 cm,
2849 897 2918 951 ad
2936 914 3110 968 quam
3126 912 3221 952 eos
3230 896 3430 969 absque
3450 898 3549 951 ulla
3560 898 3826 965 detentionc,

2307 995 2405 1046 aut
2423 1008 2657 1046 suarum
2679 1007 2873 1047 rerum
2903 991 3207 1060 ablatione,
3226 991 3393 1046 libere
3419 991 3492 1046 ire
3517 991 3661 1046 liceat
3673 997 3717 1047 et
3733 994 3828 1047 dum

2306 1085 2636 1158 pradictam
2677 1086 2991 1140 Romanam
3037 1088 3279 1140 matrem
3325 1085 3685 1156 appellaverint
3703 1088 3829 1141 eccle-
3914 1090 3915 1158 ξ

2308 1180 2471 1248 siam,
2490 1182 2589 1233 aut
2603 1178 2672 1233 ab
2684 1195 2747 1234 ea
2760 1195 2817 1234 se
2829 1178 3010 1233 audiri
3026 1179 3394 1251 exposceriut,
3413 1179 3585 1233 nullus
3596 1195 3675 1235 eos
3685 1186 3829 1235 aute:-

2309 1273 2750 1342 communicare,
2773 1276 2873 1327 aut
2892 1289 3092 1328 eorum
3114 1273 3272 1328 sedes
3293 1272 3581 1344 subripere,
3599 1276 3681 1328 aut
3693 1289 3830 1329 eorum

2308 1384 2398 1423 res
2415 1367 2656 1435 auferre,
2671 1370 2772 1421 aut
2784 1365 3035 1438 aliquam
3051 1366 3130 1422 eis
3144 1367 3259 1421 vim
3275 1366 3473 1421 inferre
3488 1371 3759 1438 praesumat,
3769 1385 3832 1421 an-

2305 1466 2541 1534 tequam
2557 1477 2754 1515 eorum
2777 1477 2947 1515 causa
2971 1460 3208 1515 Romani
3228 1459 3497 1532 pontificis
3514 1460 3780 1516 auctoritate
3795 1461 3833 1514 ii-

2309 1555 2514 1611 niatur.
2542 1554 2702 1619 Quod
2727 1554 2774 1608 si
2803 1554 2968 1609 aliter
2992 1571 3026 1609 a
3052 1570 3342 1626 quoquam
3368 1559 3732 1626 prmsumptum
3747 1554 3830 1608 ius.

2307 1648 2401 1718 rit,
2452 1648 2591 1703 nihil
2636 1648 2762 1717 erit,
2811 1646 2911 1702 sed
2954 1646 3167 1701 viribus
3213 1646 3438 1701 carebit.
3478 1647 3608 1702 Nam
3650 1663 3731 1702 nec
3760 1647 3829 1701 hoc

2308 1758 2606 1814 perperam
2630 1740 3056 1814 praesumimus,
3083 1740 3183 1795 sed
3209 1744 3268 1795 et
3291 1741 3471 1813 ipsum
3499 1740 3551 1794 in
3574 1739 3755 1795 Nicaeus
3777 1758 3832 1810 sy-

2228 1819 2286 1891 B
2308 1836 2455 1891 nodo
2471 1835 2840 1891 constitutum
2857 1841 2913 1889 et
2932 1840 3316 1890 antecessores
3334 1837 3539 1889 nostros
3551 1833 3703 1905 egisse
3718 1833 3831 1899 bene,

2306 1929 2597 1997 Athanasi,
2625 1928 2789 1996 nosti,
2820 1928 3094 2001 quoniam
3123 1929 3352 2000 quando
3380 1933 3440 1983 tu
3468 1931 3521 1982 et
3540 1927 3712 1982 Paulus
3732 1927 3830 1982 Con-
3914 1944 3915 2001 γ

2305 2022 2773 2095 stantinopolitan
2781 2039 2864 2092 us,
2882 2021 3032 2077 Ascli
3035 2021 3161 2094 pius
3175 2023 3330 2077 Gazae
3341 2026 3396 2077 et
3414 2021 3662 2076 Lucianus
3671 2019 3833 2074 Andrio-

2308 2117 2508 2190 politas
2534 2117 2604 2172 ab
2636 2116 3007 2172 orientalibus
3048 2115 3345 2188 episcopis,
3374 2115 3665 2170 inconsulto
3690 2118 3833 2168 sancte

2308 2210 2598 2267 memoriae
2609 2210 2755 2266 Julio
2772 2210 3188 2282 praedecessore
3210 2214 3420 2278 nostro,
3437 2207 3665 2264 damnati
3680 2206 3834 2274 estis,et
3914 2212 3915 2257 1

2306 2305 2375 2361 ad
2403 2321 2534 2360 eum
2561 2305 2723 2377 quasi
2754 2303 2828 2359 ad
2856 2304 3035 2360 totius
3064 2303 3218 2360 orbis
3243 2309 3409 2375 caput
3438 2306 3513 2372 (ut
3545 2317 3733 2372 semper
3750 2298 3835 2353 huic

2308 2398 2439 2455 Sedi
2462 2402 2669 2454 sanctas
2697 2398 2915 2453 licitum
2943 2398 3068 2469 fuit)
3099 2397 3457 2471 confugistis,
3478 2395 3677 2468 cognita
3701 2408 3835 2448 eorum

2309 2492 2570 2565 nequitia
2595 2496 2654 2547 et
2668 2495 2855 2547 vestra
2873 2492 3118 2563 justitia,
3138 2508 3240 2547 vos
3256 2492 3317 2547 in
3339 2489 3752 2546 communionem
3764 2501 3839 2539 sus-
3914 2502 3915 2565 ἦ

2307 2585 2477 2659 cepit,
2507 2589 2563 2641 et
2603 2585 2863 2641 omnium
2910 2589 3163 2641 vestrum
3207 2602 3403 2640 curam
3454 2599 3653 2657 gerens,
3676 2584 3839 2652 propter

2309 2678 2465 2737 Sedis
2477 2680 2725 2752 propriae
2744 2679 3082 2752 dignitatem
3107 2695 3237 2734 suas
3254 2679 3339 2734 sin
3348 2678 3488 2751 gulis
3504 2676 3712 2732 reddens
3723 2672 3841 2727 eccle-

2308 2774 2415 2829 sias
2445 2773 2813 2829 orientalibus
2836 2772 3076 2845 scripsit,
3091 2773 3329 2845 culpans
3354 2788 3450 2828 eos
3468 2769 3610 2845 quod
3626 2785 3721 2824 non
3740 2768 3839 2821 recte

2307 2869 2660 2937 tractassent,
2687 2867 2836 2922 viros
2855 2866 3232 2939 inculpabiles
3254 2867 3323 2922 de
3344 2866 3456 2921 suis
3481 2863 3697 2921 ecclesiis
3713 2858 3841 2929 expel-

2307 2960 2489 3017 lentes
2513 2967 2569 3017 et
2597 2962 2906 3017 constituta
2934 2961 3147 3017 Nicaeni
3176 2960 3404 3016 concilii
3436 2959 3654 3015 minime
3678 2968 3839 3011 conser-

2307 3058 2522 3111 vantes.
2546 3056 2625 3111 De
2644 3056 2852 3127 quibus
2873 3055 2947 3111 ad
2967 3058 3187 3111 certum
3211 3055 3367 3110 diem
3394 3052 3667 3109 nonnullos
3682 3048 3841 3103 sibimet

2308 3149 2502 3205 adesse
2528 3150 2816 3222 praeepit,
2844 3152 2911 3205 ut
2937 3149 3006 3204 de
3033 3149 3242 3204 talibus
3268 3144 3843 3221 praesumptionibuscer-
3914 3144 3915 3215 ξ

2306 3248 2423 3299 tam
2447 3243 2757 3299 redderent
2784 3242 3085 3311 rationem,
3105 3248 3163 3297 et
3188 3259 3383 3298 coram
3409 3242 3486 3297 eis
3502 3238 3771 3296 ostenderet
3779 3233 3839 3303 ju-
3914 3234 3915 3311 ξ

2309 3342 2460 3393 stum
2489 3353 2546 3393 se
2566 3354 2740 3410 super
2764 3337 2845 3392 eis
2864 3336 3169 3410 protulisse
3202 3337 3512 3393 decretum.
3534 3330 3841 3391 Interminatus
3914 3322 3915 3337 ‘

2309 3437 2395 3488 est
2412 3431 2584 3488 etiam
2607 3448 2727 3488 non
2750 3431 2889 3488 talia
2918 3431 3188 3503 deinceps
3213 3431 3421 3487 fratres
3443 3446 3555 3486 esse
3578 3424 3841 3501 passuros,”t
3914 3416 3915 3449 ἶ

2310 3518 2437 3582 nisi
2478 3526 2550 3582 ab
2604 3525 2935 3599 hujusmodi
2976 3524 3518 3599 praesumptionibus
3558 3520 3794 3583 cessarent,
3821 3526 3841 3562 ε

2309 3619 2553 3693 propriis
2581 3636 2700 3677 esse
2732 3621 3008 3693 gradibus
3033 3637 3128 3678 eos
3157 3636 3501 3676 recessuros.
3521 3616 3626 3673 Tali
3644 3613 3762 3669 enim
3778 3608 3842 3661 hu.

2302 3715 2399 3787 jus
2409 3718 2616 3771 sanctas
2626 3714 2784 3771 Sedis
2796 3714 3093 3787 privilegio
3104 3719 3168 3770 tu
3186 3720 3245 3771 et
3260 3715 3465 3770 fratres
3477 3711 3556 3768 tui
3573 3705 3781 3784 proprias
3792 3716 3845 3756 re-

2311 3809 2535 3882 cepistis
2557 3809 2819 3865 ecclesias
2837 3826 2966 3865 cum
2980 3808 3249 3865 omnibus
3264 3808 3370 3865 sibi
3392 3801 3770 3881 pertinentibus.
3784 3794 3843 3849 His

2311 3903 2468 3960 enim
2497 3906 2554 3959 et
2573 3903 2698 3960 aliis
2724 3903 3164 3977 quamplurimis
3184 3902 3541 3960 documentis
3567 3893 3843 3956 manifestum

2311 4002 2396 4053 est
2415 3997 2637 4053 nullum
2657 3998 2938 4066 damnari,
2957 4003 3055 4053 aut
3074 3998 3188 4053 suis
3219 3995 3515 4070 exspoliari
3539 3992 3684 4049 rebus
3704 3984 3843 4043 debere

2312 4091 2644 4165 episcopum
2671 4092 2772 4165 qui
2795 4093 2945 4148 hanc
2964 4096 3221 4149 sanctam
3248 4092 3453 4149 Sedem
3480 4075 3845 4158 interpellaverit.
3914 4102 3915 4105 η

2311 4191 2409 4242 aut
2431 4186 2537 4242 sibi
2565 4186 2998 4243 defensatricem
3023 4186 3309 4255 asciverit,
3344 4185 3525 4241 donec
3554 4176 3780 4253 judicium
3802 4167 3844 4221 de

2313 4296 2380 4338 eo
2407 4284 2617 4337 nostrae
2656 4281 2973 4353 apostolicae
3001 4280 3378 4350 auctoritatis,
3410 4280 3515 4335 hoc
3547 4277 3623 4331 est
3656 4260 3847 4362 principis

2310 4375 2697 4449 apostolorum
2724 4375 2893 4446 Petri,
2926 4378 3213 4446 agnoscat,
3243 4374 3381 4447 quia
3400 4364 3721 4428 solummodo

2312 4448 2431 4525 stus
2454 4471 2616 4526 Jesus
2641 4468 2775 4525 huic
2801 4473 3007 4524 sanctae
3038 4468 3186 4536 Sedi,
3206 4468 3265 4523 id
3288 4471 3377 4524 est
3401 4461 3693 4539 apostolicae
3707 4456 3785 4510 hoc
3800 4448 3849 4548 is-

2232 4574 2293 4647 D
2315 4580 2442 4619 cere
2458 4562 2764 4633 commisit,
2781 4566 2976 4635 utpote
2996 4561 3273 4635 quoniam
3288 4563 3443 4624 solus
3456 4565 3611 4630 atque
3630 4567 3714 4625 pro
3725 4557 3849 4647 omni-

2312 4658 2419 4714 bus
2444 4657 2711 4730 praefatus
2736 4658 2998 4730 princeps
3028 4655 3416 4728 apostolorum
3446 4650 3671 4710 creditus
3693 4644 3772 4707 est,
3796 4638 3850 4730 si-

2312 4768 2422 4824 que
2447 4751 2742 4825 percipere
2771 4752 2981 4808 meruit
3011 4768 3044 4806 a
3065 4767 3200 4823 rege
3226 4765 3435 4823 regum
3452 4744 3654 4803 Christo
3677 4740 3764 4794 Deo
3783 4729 3851 4783 ειν

2311 4860 2405 4901 ves
2428 4847 2593 4918 regni
2629 4847 2920 4903 caelorum.
2956 4846 3036 4901 De
3078 4844 3325 4899 induciis
3374 4859 3503 4899 vero
3548 4835 3852 4910 episcopm'um

2313 4957 2483 5013 super
2497 4941 2703 5013 quibus
2723 4939 3102 5007 consuluistis,
3121 4938 3376 4995 diversas
3395 4954 3433 4992 a
3446 4932 3680 5009 patribus
3695 4918 3852 5013 ιἐἕυίῗδ

2310 5009 2629 5091 invenimus
2673 5033 2975 5103 institutas,
3002 5032 3236 5107 quidam
3291 5031 3451 5088 enim
3498 5028 3565 5084 ad
3607 5009 3853 5107 τερεὶιειῖάλ

2312 5129 2709 5203 imperitorum
2752 5104 3215 5185 machinamenta
3263 5131 3325 5182 et
3367 5141 3497 5181 suas
3535 5104 3853 5202 ριιωρειιτωάεξε

2311 5224 2704 5296 responsiones
2733 5229 2791 5279 et
2813 5228 2982 5279 testes
3012 5221 3453 5289 conﬁrmandos,
3481 5220 3538 5273 et
3558 5206 3759 5271 concilia
3779 5212 3856 5296 εριζ

2313 5334 2614 5391 scoporum
2658 5321 2828 5390 atque
2873 5316 3182 5373 amicorum
3232 5311 3564 5389 quaerenda,
3592 5314 3768 5362 annum
3789 5290 3852 5346 θυι

2313 5428 2409 5468 sex
2452 5412 2866 5469 mandaverunt
2908 5427 3135 5467 menses
3177 5408 3440 5475 concedi;
3472 5402 3683 5478 quidam
3719 5394 3853 5448 sutcm

2312 5520 2528 5562 annum
2577 5506 2637 5563 in
2685 5523 2799 5579 quo
2846 5505 3079 5577 plurimi
3146 5502 3511 5566 concordant,
3561 5494 3727 5552 minus
3765 5490 3853 5579 tm

2312 5616 2488 5671 quam
2529 5616 2628 5656 sex
2670 5617 2897 5656 menses
2943 5616 3060 5655 non
3108 5597 3318 5670 reperi,
3349 5595 3482 5667 quia
3522 5595 3577 5646 et
3610 5583 3741 5643 laicis
3769 5576 3855 5671 illi?"

2310 5693 2529 5750 indulta
2569 5701 2721 5763 sunt,
2755 5697 2974 5768 quanto
3019 5693 3203 5766 magis
3249 5688 3476 5746 Domini
3528 5669 3854 5740 sacerdotibus-

2310 5788 2448 5843 Nam
2476 5793 2533 5845 et
2564 5790 2769 5844 nostris
2809 5786 3261 5843 antecessoribus
3309 5787 3479 5854 atque
3522 5769 3728 5845 reliquis
3763 5775 3855 5857 δεῖξ’

2309 5881 2411 5936 etis
2463 5882 2715 5954 patribus
2780 5883 3070 5941 multoties
3134 5872 3458 5935 inhibitum'
3504 5875 3599 5935 est,
3652 5878 3713 5919 ne
3767 5862 3854 5925 qu“

2227 3192 2283 3269 C
