3946 6180
107 312 178 365 ωε)
1226 302 1692 362 DECRETALIUM
1728 303 2116 362 COLLECTIO.

3271 301 3373 358 650

100 415 271 471 nomini
310 411 671 467 sacerdotibus
718 410 1098 467 detractiones
1137 411 1352 484 irroget
1380 430 1393 467 :
1423 417 1639 485 quanto
1662 427 1719 499 Α
1741 414 2130 470 definitionem
2164 413 2283 467 sine
2304 409 2545 485 quadam
2572 411 2897 469 nocumenti
2924 411 3370 485 praesumptione

95 508 237 581 magis
274 505 628 562 accusationes
675 522 900 561 non-ex
940 505 1129 561 radice
1169 505 1461 561 eharitatis
1504 524 1637 579 pro-

94 606 214 658 latas.
256 600 529 668 Quiescite,
572 598 859 671 inquiunt,
909 605 964 655 et
1006 599 1184 654 nolite
1231 601 1493 673 persequi
1544 618 1643 657 eos

94 698 162 769 qui
185 694 394 767 perfecte
417 694 524 747 Deo
562 692 909 761 ministrant,
942 709 1184 764 quorum
1210 694 1559 749 orationibus
1587 699 1645 750 et

90 798 264 844 terrena
284 787 418 842 bella
441 786 708 841 sedantur
749 789 807 840 et
844 786 1232 842 recedentium
1259 804 1292 841 a
1315 789 1430 843 Deo
1460 804 1640 859 ange-

90 884 225 937 lorum
268 881 537 952 pelluntur
581 880 859 946 incursus,
892 880 1103 951 quique
1128 896 1325 935 omnes
1354 881 1643 937 daemones

88 977 157 1046 qui
179 974 393 1046 corrupti
433 978 563 1029 sunt
607 989 841 1045 precum
884 973 1213 1029 assiduitate
1261 975 1637 1031 confundunt.

87 1069 276 1123 Inducta:
294 1084 523 1139 namque
549 1083 662 1122 non
693 1068 797 1122 sub
823 1071 1068 1138 angusto
1098 1073 1381 1140 tempore,
1410 1068 1507 1124 sed
1534 1069 1639 1125 sub

84 1164 212 1232 longo
247 1161 408 1231 spatio
448 1159 823 1216 concedenda:
850 1164 1003 1229 sunt,
1036 1164 1102 1215 ut
1138 1162 1379 1217 accusati
1406 1178 1466 1216 se
1490 1177 1636 1235 pras-

85 1271 235 1326 parare
271 1258 323 1307 et
359 1254 649 1309 universos
691 1254 1207 1310 communicatores
1240 1255 1302 1309 in
1340 1255 1641 1327 provinciis

84 1348 240 1418 positos
260 1347 560 1416 convenire,
590 1351 648 1402 et
675 1351 848 1403 testes
874 1364 1220 1420 praeparare,
1243 1355 1414 1419 atque
1447 1356 1641 1404 contra

83 1439 368 1496 insidiatores
381 1457 436 1495 sc
452 1441 703 1513 pleniter
719 1458 944 1496 armare
975 1442 1217 1497 valeant.
1239 1440 1462 1497 Iudices
1483 1442 1637 1498 enim

82 1540 121 1588 et
140 1537 445 1589 accusatores
490 1534 631 1589 tales
661 1550 783 1589 esse
812 1534 1042 1603 debent,
1087 1535 1185 1607 qui
1222 1535 1380 1590 omni
1408 1538 1641 1591 careant

83 1626 330 1698 suspicione
366 1632 420 1683 et
448 1644 518 1682 ex
547 1628 738 1683 radice
779 1628 1065 1684 eharitatis
1109 1644 1270 1684 suam
1314 1630 1639 1686 desiderent

81 1737 279 1790 promere
302 1722 659 1777 sententiam.
683 1722 780 1776 His
799 1738 940 1793 ergo
965 1726 1082 1777 tam
1101 1723 1364 1794 legaliter
1389 1740 1562 1796 quam
1582 1728 1638 1779 et

1741 509 1937 580 utique
1951 523 2054 562 cou
2063 508 2654 579 servarent,quoniam
2671 508 2807 562 dicit
2819 523 3041 562 sacrum
3058 506 3366 578 eloquium:

1742 602 2053 657 Concilium
2099 600 2316 656 bonum
2346 601 2699 656 conservabit
2727 606 2782 657 te
2811 604 2869 656 et
2898 617 3064 655 mens
3091 600 3242 655 bona
3267 616 3368 655 cu-

1741 695 1949 750 stodiet
1974 698 2047 749 te.
2078 696 2201 750 Non
2234 694 2391 749 enim
2440 694 2510 749 de
2554 694 2801 750 fontibus
2844 693 3145 749 salutiferis
3197 693 3369 765 spiri-

1743 789 1973 844 tualiter
2000 788 2071 843 ad
2099 788 2527 861 inquisitionem
2552 790 2778 842 aeternas
2803 788 2932 844 vitae.
2960 787 3278 859 procedunt
3292 790 3372 841 ta-

1741 882 1823 937 les
1849 882 2228 937 accusationes
2253 887 2309 937 et
2338 881 2733 948 detractiones,
2766 885 2938 953 atque
2965 881 3096 937 ideo
3136 897 3366 954 compe—

1740 980 1931 1032 tenter
1976 992 2077 1030 nos
2122 976 2319 1030 beatus
2360 976 2565 1031 Paulus
2594 975 2907 1030 admonens
2932 975 3031 1029 ait.
3061 993 3090 1026 α
3117 976 3240 1030 Non
3268 975 3369 1030 de-

1739 1069 1877 1125 bere
1898 1069 2025 1141 plus
2043 1085 2242 1141 sapere
2263 1085 2437 1142 quam
2461 1072 2689 1141 Oportet
2706 1084 2922 1140 sapere,
2952 1067 3052 1123 sed
3078 1084 3278 1140 sapere
3299 1068 3371 1124 ad

1740 1162 2103 1217 sobrietatem
2137 1163 2307 1233 (Rom.
2338 1178 2436 1228 xu,
2478 1161 2551 1233 3).
2584 1181 2611 1213 io
2660 1162 2721 1216 In
2768 1160 3096 1217 definitione
3142 1161 3372 1233 pietatis

1740 1256 2111 1328 perdurantes
2131 1272 2145 1311 :
2162 1256 2259 1327 qui
2288 1254 2439 1311 enim
2462 1255 2609 1311 hanc
2638 1260 2986 1327 praetereunt
3005 1270 3124 1310 non
3146 1259 3370 1310 tantum

1740 1349 1856 1405 laesi
1884 1354 2015 1406 sunt
2061 1349 2387 1405 decidentes
2410 1366 2445 1404 a
2469 1347 2931 1406 corroboratione
2962 1365 3082 1418 sua,
3110 1348 3209 1404 sed
3233 1348 3372 1404 insi-

1738 1444 1967 1515 pientia:
2016 1459 2132 1498 sum
2178 1442 2609 1515 dereliquerunt
2648 1441 2976 1498 hominibus
3013 1442 3370 1511 memoriam,

1737 1542 1800 1592 ut
1830 1537 1920 1592 his
1946 1537 2005 1591 in
2031 1536 2235 1609 quibus
2264 1542 2657 1609 peccaverunt,
2688 1536 2928 1592 minime
2953 1536 3129 1593 latere
3159 1536 3369 1609 potuis-

1737 1634 1878 1699 sent,
1910 1629 2091 1702 gloria
2116 1630 2267 1685 enim
2298 1635 2355 1685 et
2373 1629 2725 1685 contumelia
2748 1630 2810 1685 in
2838 1629 3068 1703 loquela
3092 1633 3150 1685 et
3180 1629 3240 1685 in
3269 1629 3372 1685 lin-

1736 1740 1851 1795 gua
1865 1723 2112 1778 hominis
2138 1740 2299 1779 casus
2328 1723 2476 1778 illius
2503 1728 2617 1791 est;
2645 1722 2893 1794 ideoque
2921 1723 3262 1779 conveniens
3286 1730 3372 1779 est

80 1815 279 1869 canonice
293 1815 535 1885 prolatis,
550 1816 721 1871 etiam
742 1814 1003 1870 omnium
1024 1816 1469 1872 Christianorum
1484 1833 1637 1873 reve-
1656 1796 1713 1870 Β
1736 1817 1887 1872 hanc
1937 1816 2170 1890 quidem
2226 1816 2607 1873 ostensionem
2661 1816 3089 1889 reprehensioni
3139 1816 3369 1873 illorum

76 1907 262 1961 rentiam
282 1909 635 1979 congaudere
664 1908 1045 1980 deposcimus,
1086 1910 1363 1981 spirituali
1391 1910 1633 1966 interce-

79 1999 204 2055 dente
227 2001 504 2056 dilectione
547 2007 603 2057 et
645 2002 852 2058 timore
881 2003 1171 2058 Dominico
1206 2020 1311 2074 per
1340 2020 1510 2076 quem
1536 2005 1639 2059 hu-

75 2110 202 2147 mana
223 2101 527 2151 removetur
556 2095 807 2162 offensio,
850 2103 907 2151 et
949 2097 1313 2152 ecclesiarum
1341 2098 1636 2154 aedificatio

76 2189 344 2258 proponitur
359 2190 656 2257 universis,
669 2194 736 2245 ut
756 2191 940 2262 magis
959 2190 1204 2245 universi
1225 2190 1297 2245 ad
1318 2191 1638 2247 aedificatio-

74 2296 169 2334 nem
181 2281 391 2337 fratrum
411 2284 675 2339 laborent
698 2300 872 2355 quam
892 2284 961 2338 ad
983 2284 1435 2352 damnationem,
1456 2302 1636 2357 quum

73 2374 129 2425 ait
150 2375 378 2430 Dominus
408 2395 421 2431 :
458 2397 485 2429 ‹‹
517 2379 583 2431 In
612 2378 719 2432 hoc
748 2380 1100 2448 cognoscent
1127 2393 1328 2433 omnes
1360 2379 1496 2449 quia
1522 2379 1637 2434 mei

72 2467 166 2521 estis
189 2467 418 2541 discipuli
462 2471 512 2525 si
549 2470 917 2526 dilectionem
966 2471 1281 2526 habueritis
1320 2471 1636 2528 adinvicem

73 2558 198 2625 (Iona.
220 2578 321 2630 xm,
350 2564 454 2633 31).
485 2585 517 2613 ››
574 2565 699 2619 Jam
747 2564 901 2619 enim
944 2565 1190 2619 formam
1230 2565 1497 2621 dedimus
1523 2572 1580 2623 et
1605 2584 1639 2623 a

71 2654 514 2723 praedecessoribns
542 2659 748 2713 nostris
774 2658 971 2714 datam
1007 2674 1128 2713 esse
1155 2659 1543 2732 cognovimus,
1576 2664 1640 2715 ut

71 2746 102 2798 si
125 2748 225 2818 quis
260 2766 313 2804 se
355 2767 474 2807 esse
520 2752 822 2824 agnoverit
862 2752 1264 2821 Christianum,
1290 2753 1430 2810 illud
1456 2760 1640 2810 servet

70 2845 182 2912 quod
211 2846 272 2901 ab
298 2850 566 2920 apostolis
617 2849 870 2905 noscitur
909 2866 1032 2906 esse
1082 2850 1517 2921 contradictum,
1551 2852 1635 2907 di-

72 2942 190 2994 cente
209 2945 443 3013 apostolo
468 2944 644 2999 Paulo
676 2962 689 2999 :
726 2965 755 2994 «
786 2944 839 3000 Si
868 2944 996 3016 quis
1033 2944 1190 2999 vobis
1216 2945 1641 3001 annuntiaverit

69 3036 225 3098 praeter
257 3037 397 3106 quod
438 3037 758 3109 accepistis,
789 3038 1096 3094 anathema
1126 3038 1197 3093 sit
1224 3038 1365 3109 (Gal.
1400 3055 1438 3107 ι,
1483 3040 1573 3110 9);
1605 3060 1633 3089 ››

67 3123 261 3181 Christus
289 3130 438 3185 enim
487 3131 589 3188 Dei
640 3132 809 3186 Filius
846 3130 1120 3188 Dominus
1160 3135 1355 3187 noster
1384 3132 1636 3188 humano

68 3222 214 3285 generi
236 3225 449 3295 propria
474 3225 738 3297 passione
759 3226 1000 3281 salutem
1018 3225 1414 3297 plenissimam
1434 3227 1636 3283 condo-

66 3313 196 3381 navit,
234 3319 292 3369 ut
327 3334 426 3373 nos
470 3318 764 3374 liberaret.
816 3320 883 3374 Et
929 3319 974 3374 si
1019 3320 1163 3375 Deus
1207 3319 1492 3376 intantum
1533 3337 1636 3376 nos

66 3404 224 3477 dilexit,
252 3412 498 3467 utetiam
527 3412 759 3484 proprio
790 3412 930 3469 Filio
955 3429 1071 3468 non
1097 3418 1374 3484 parceret,
1403 3415 1502 3470 sed
1531 3431 1635 3487 pro

66 3499 185 3554 nobis
206 3505 453 3561 omnibus
498 3506 666 3561 illum
714 3505 987 3574 traderet,
1028 3510 1089 3561 ut
1119 3524 1223 3561 nos
1251 3507 1539 3575 liberaret,
1575 3512 1637 3564 ut

62 3594 158 3660 quid
179 3613 267 3651 nos
292 3616 399 3654 non
431 3600 732 3671 diligimus
755 3600 979 3670 fratres,
1003 3606 1102 3656 aut
1121 3617 1216 3655 eos
1240 3604 1456 3657 temere
1475 3601 1633 3673 judi-

63 3700 224 3756 camus,
248 3708 368 3747 cum
402 3694 713 3765 praedictus
742 3693 892 3749 dicat
917 3695 1239 3766 Apostolus,
1275 3715 1304 3744 «
1334 3693 1516 3749 Nolite
1534 3695 1632 3767 ju-

63 3777 201 3836 dicare
223 3784 472 3855 invicem,
503 3788 608 3842 sed
640 3787 749 3842 hoc
783 3787 969 3858 magis
1002 3786 1273 3858 judicate,
1302 3802 1376 3843 ne
1404 3788 1634 3858 ponatis

65 3871 398 3935 offendiculum
415 3880 585 3936 fratri
604 3881 691 3936 vel
714 3880 1041 3935 scandalum
1066 3881 1094 3935 ?
1123 3898 1151 3931 »
1182 3880 1351 3951 (Rom.
1385 3897 1499 3950 xrv,
1526 3882 1631 3953 13.)

64 3965 161 4022 Nam
186 3971 224 4025 si
254 3973 332 4027 illi
369 3975 469 4046 qui
511 3974 722 4029 fratres
745 3974 1010 4046 diligunt,
1042 3989 1107 4028 ex
1136 3974 1251 4030 Deo
1280 3975 1398 4029 nati
1421 3980 1556 4030 sunt
1579 3980 1635 4031 et

63 4058 204 4117 Vident
238 4065 426 4139 Deum,
456 4067 602 4141 quid
648 4084 785 4138 ergo
824 4070 995 4123 erunt
1034 4067 1115 4122 illi
1155 4069 1254 4140 qui
1299 4084 1395 4124 eos
1437 4085 1631 4140 perse-

60 4160 270 4223 quuntur,
283 4167 335 4215 et
350 4177 446 4215 eos
463 4161 839 4229 detrahendo,
863 4160 1258 4228 machinando,
1283 4161 1630 4231 accusando,

62 4243 311 4307 infestando
332 4254 606 4310 damnate
637 4254 951 4309 moliuntur
971 4254 999 4308 ‘I
1026 4254 1082 4309 Si
1112 4254 1193 4308 illi
1219 4254 1319 4308 ﬁlii
1346 4255 1465 4324 Dei,
1498 4271 1629 4326 pro-

59 4340 118 4391 cul
139 4342 282 4399 dubio
308 4348 367 4402 hi
396 4349 501 4403 filii
530 4353 663 4403 sunt
678 4348 913 4413 diaboli,
945 4348 1041 4419 qui
1067 4364 1292 4419 semper
1320 4369 1348 4398 ‹‹
1378 4348 1523 4403 sicut
1541 4348 1631 4404 leo

59 4433 235 4504 rugiens
254 4440 448 4496 circuit
462 4458 736 4514 quaerens
751 4457 925 4513 quem
947 4442 1179 4496 devoret
1198 4442 1241 4511 (1
1259 4444 1403 4497 Patr.
1432 4458 1487 4510 v,
1510 4442 1582 4513 8),
1601 4464 1628 4491 ››

56 4524 108 4577 ita
130 4529 304 4587 fratres
324 4535 732 4607 insequuntur,
767 4538 830 4588 ut
855 4535 1096 4605 perdant
1129 4553 1144 4589 :
1176 4536 1271 4606 qui
1301 4551 1437 4590 vero
1467 4535 1629 4607 adju-
1648 4536 1709 4609 D

55 4632 149 4671 tare
174 4623 356 4681 fratres
396 4628 702 4699 refugiunt
744 4628 935 4699 majus
974 4631 1342 4699 peccatorum
1367 4644 1511 4684 onus
1534 4645 1626 4684 ac-

57 4712 253 4784 quirunt,
278 4727 331 4775 et
360 4720 739 4776 fraternitatis
782 4720 980 4775 solatio
1023 4721 1104 4775 rei
1152 4721 1431 4791 existunt;
1466 4743 1494 4770 «
1521 4739 1627 4788 vae,

56 4800 187 4874 inquit
217 4813 515 4884 propheta,
553 4814 649 4885 qui
674 4820 875 4885 potum
899 4813 999 4868 dat
1025 4812 1209 4868 amico
1241 4830 1362 4883 suo,
1396 4815 1630 4869 mittens

53 4896 104 4949 fel
124 4916 264 4958 suum
293 4909 520 4974 (Habac.
556 4924 615 4973 Il,
652 4909 754 4975 15).
790 4926 818 4959 »
848 4909 913 4962 Et
941 4906 1150 4961 iterum
1181 4907 1631 4979 sapientissimus

55 4987 275 5051 Salomon
292 5001 386 5070 ait,
413 5024 441 5051 ‹‹
464 5000 751 5065 Quoniam
773 4999 1136 5072 quiloquitur
1161 5000 1377 5073 iniqua,
1397 5017 1514 5056 non
1537 5017 1632 5073 po-

50 5086 128 5138 test
147 5090 324 5157 latere,
358 5111 433 5150 ne
464 5093 763 5165 praeteriet
800 5094 966 5148 illum
996 5094 1303 5166 corripiens
1346 5094 1631 5165 judigium

66 5176 165 5249 Sap.
194 5201 227 5251 ι,
251 5189 322 5251 8).
341 5211 370 5237 »
399 5191 464 5244 In
497 5189 944 5260 cogitationibus
964 5205 1102 5261 ergo
1128 5189 1289 5260 impii
1316 5190 1633 5262 interroga-

50 5270 106 5324 tio
127 5277 233 5347 erit,
253 5297 589 5339 sermonum
625 5285 819 5337 autem
846 5282 996 5337 illius
1024 5282 1090 5339 ad
1122 5283 1302 5338 Deum
1334 5284 1634 5356 perveniet

51 5366 217 5425 auditio
230 5372 300 5427 ad
319 5375 742 5446 correptionem
759 5375 1132 5447 iniquitatum
1160 5376 1327 5443 illius,
1358 5377 1633 5449 quoniam

51 5462 162 5514 auris
178 5467 272 5520 zeli
302 5468 466 5523 audit
494 5471 706 5537 omnia,
739 5474 798 5525 et
825 5471 1103 5524 tumultus
1143 5471 1632 5526 murmurantium

53 5564 136 5605 non
159 5557 552 5629 abscondetur;
584 5563 705 5618 haec
732 5564 889 5618 enim
919 5563 965 5619 si
990 5564 1257 5636 amplecti
1298 5564 1628 5633 voluissent,

52 5651 233 5718 Proprio
258 5658 313 5709 et
341 5662 481 5711 sa’no
508 5672 674 5712 sensu
702 5657 773 5713 ad
795 5658 1107 5730 reprobum
1134 5673 1366 5712 sensum
1392 5657 1631 5713 minime

50 5732 342 5815 laberentur,
363 5748 468 5804 sed
485 5765 593 5821 per
613 5751 717 5805 Dei
746 5752 1012 5807 timorem
1043 5767 1376 5807 sermonum
1396 5767 1632 5807 suorum

40 5843 373 5905 Haerentes
420 5843 767 5913 custodiam,
822 5844 979 5925 piam
1029 5851 1357 5902 sanctorum
1400 5846 1629 5903 Patrum

1736 1910 1946 1966 nostris
1963 1911 2184 1965 actibus
2209 1910 2380 1966 inseri
2401 1926 2473 1966 ne
2502 1909 2736 1965 ulterius
2749 1910 2871 1981 jam
2888 1910 3024 1965 talia
3048 1908 3365 1982 patiamini,

1738 2003 2150 2060 seminantibus
2179 2005 2285 2059 illis
2314 2004 2530 2059 zizania
2554 2006 2612 2059 et
2640 2001 2919 2071 scandala,
2960 2002 3061 2059 sed
3098 2004 3283 2059 laetari
3308 2003 3368 2059 in

1737 2097 1936 2152 officiis
1962 2102 2019 2153 et
2038 2097 2400 2169 dogmatibus
2430 2097 2627 2152 vestris
2653 2096 3010 2152 mereamini.
3040 2096 3221 2169 Igitur
3245 2114 3371 2153 eru-

1736 2191 1986 2261 bescant,
2007 2192 2142 2246 talia
2158 2197 2218 2247 et
2236 2190 2568 2261 hujusmodi
2584 2190 2923 2263 blaspheme
2944 2190 3277 2247 subtrahere
3294 2190 3371 2246 fe-

1738 2284 1973 2353 stinent,
1998 2284 2044 2339 si
2063 2285 2361 2340 noluerint
2387 2301 2421 2339 a
2449 2283 2784 2340 sacerdotali
2810 2288 3008 2340 nostro
3028 2285 3266 2355 collegio
3287 2301 3373 2340 se-

1740 2380 1987 2450 gregari,
2021 2383 2079 2434 et
2102 2396 2137 2433 a
2164 2378 2340 2434 totius
2381 2377 2682 2434 Christiani
2729 2378 2925 2450 populi
2973 2378 3235 2434 societate
3281 2378 3371 2433 di-

1736 2472 1865 2528 velli
1896 2489 1909 2527 :
1942 2473 2073 2529 licet
2113 2488 2366 2544 namque
2415 2473 2485 2527 de
2526 2473 2614 2526 his
2661 2472 2823 2543 plura
2861 2477 2917 2528 et
2952 2472 3371 2544 pernecessaria

1739 2582 1866 2637 quae
1914 2566 1985 2620 in.
2031 2565 2273 2620 decretis
2320 2565 2475 2621 Sedis
2523 2565 2842 2636 apostolica:
2890 2568 2947 2620 et
2989 2565 3060 2620 ab
3100 2565 3373 2636 apostolis

1738 2675 2053 2730 eorumque
2102 2659 2514 2714 successoribus
2556 2659 2786 2727 nostris,
2832 2657 3094 2714 videlicet
3139 2658 3368 2731 prinde-

1739 2753 2051 2808 cessoribus
2079 2756 2294 2809 statuta
2317 2752 2705 2820 inveniuntur,
2724 2752 2912 2808 dicere
2933 2756 2990 2808 et
3012 2752 3371 2808 conscribere

1736 2847 2139 2919 potuissemus,
2173 2851 2364 2902 tamen
2399 2846 2606 2901 melius
2638 2846 2798 2901 nobis
2832 2847 3015 2900 visum
3044 2849 3129 2900 est
3153 2851 3218 2901 ut
3246 2845 3369 2917 epi-

1738 2941 1941 2997 stolam
1955 2941 2210 2996 oratione
2229 2940 2579 2996 claudamus.
2596 2940 2744 2995 Deus
2763 2939 3127 3012 omnipotens
3145 2942 3205 2993 et
3223 2955 3372 2995 unus

1737 3035 2071 3106 unigenitus
2116 3034 2290 3089 Filius
2332 3040 2390 3089 et
2431 3034 2685 3090 Salvator
2723 3039 2916 3088 noster
2941 3034 3097 3088 Jesus
3120 3032 3374 3089 Christus

1739 3129 1848 3184 hoc
1878 3128 2033 3183 vobis
2061 3126 2272 3183 tribuat
2312 3128 2767 3194 incitamentum,
2799 3130 2865 3181 ut
2888 3126 3154 3182 omnibus
3176 3126 3370 3182 fratri-

1736 3223 1843 3277 bus
1891 3226 1947 3277 et
1985 3220 2328 3294 coepiscopis
2356 3221 2562 3276 nostris
2589 3221 3025 3293 quibuscunque
3052 3219 3369 3276 tribulatio-

1737 3316 1903 3371 nibus
1949 3315 2338 3371 laborantibus
2382 3313 2515 3369 totis
2557 3314 2866 3369 succuratis
2913 3313 3125 3368 viribus
3154 3316 3369 3369 etcum

1736 3410 1815 3464 eis
1842 3410 2250 3481 compatientes
2274 3424 2501 3464 crucem
2534 3407 2789 3479 ejusdem
2818 3407 3044 3463 Domini
3072 3407 3370 3462 Salvatoris

1736 3504 1991 3576 portetis,
2023 3507 2083 3557 ut
2107 3503 2222 3557 veri
2252 3502 2428 3573 ipsius
2457 3501 2717 3572 discipuli
2758 3516 2951 3556 coram
2985 3500 3248 3555 omnibus
3275 3516 3373 3571 ap—

1734 3596 1999 3669 pareatis,
2028 3600 2094 3650 ut
2121 3600 2177 3651 et
2206 3612 2303 3650 vos
2328 3602 2384 3650 et
2410 3595 2509 3667 qui
2530 3594 2818 3649 vobiscum
2842 3597 2976 3648 sunt
2994 3592 3086 3648 hic
3116 3599 3172 3648 et
3197 3593 3254 3647 in
3283 3594 3370 3648 fu-

1733 3695 1864 3745 turo
1895 3689 2229 3761 possideatis
2260 3688 2514 3757 meliora,
2572 3710 2600 3737 «
2639 3704 2766 3759 quae
2817 3688 3011 3742 oculus
3048 3703 3166 3741 non
3210 3687 3367 3757 vidit,

1733 3800 1841 3838 nec
1868 3783 2021 3837 auris
2052 3781 2283 3851 audivit,
2319 3798 2420 3837 nec
2446 3782 2508 3836 in
2554 3797 2652 3836 cor
2686 3780 2934 3835 hominis
2970 3778 3364 3850 ascenderunt,

1734 3892 1862 3949 quas
1889 3874 2233 3947 praeparavit
2257 3876 2402 3930 Deus
2437 3873 2806 3945 diligentibus
2832 3889 2890 3927 se
2922 3874 2970 3943 (Ι
2987 3872 3106 3929 Cor.
3136 3890 3195 3944 ιι,
3229 3875 3301 3941 9);
3334 3895 3361 3921 ››

1733 3985 1839 4041 per
1867 3968 2179 4023 Dominum
2212 3970 2470 4022 nostrum
2497 3969 2689 4021 Jesum
2730 3966 3036 4034 Christum,
3068 3983 3171 4038 per
3197 3982 3368 4038 quem

1734 4068 1789 4118 et
1827 4078 1959 4117 cum
1987 4078 2101 4133 quo
2128 4060 2514 4133 omnipotenti
2541 4061 2656 4115 Deo
2682 4061 2832 4115 Patri
2864 4059 3046 4131 gloria
3070 4060 3129 4114 in
3159 4059 3366 4114 saecula

1732 4156 2088 4212 saeculorum.
2119 4157 2317 4211 Amen.
2360 4156 2557 4209 Valere
2585 4169 2681 4209 vos
2722 4157 2877 4225 opto,
2912 4153 3118 4209 fratres
3152 4153 3364 4208 charis-

1733 4250 1887 4304 simi.
1928 4251 2066 4304 Data
2107 4249 2234 4304 ldus
2272 4247 2598 4314 Februarii,
2639 4248 2847 4319 Agario
2886 4252 2945 4305 et
2978 4247 3198 4303 Iuliano
3233 4246 3369 4302 viris

1734 4342 2062 4398 clarissimis
2087 4341 2432 4398 consulibus.

2136 4495 2207 4547 De
2231 4494 2577 4561 oppressione
2602 4490 2958 4546 Arianorum.

1803 4625 1966 4681 Fr;er
1992 4626 2203 4679 sanctae
2229 4623 2560 4679 universalis
2579 4623 2839 4679 Ecclesiae
2864 4639 3031 4695 papa,
3064 4627 3240 4696 atque
3260 4642 3368 4698 per

1733 4719 1975 4790 gratiam
2023 4718 2117 4772 Dei
2164 4716 2454 4773 catholica
2480 4722 2537 4772 et
2566 4717 2889 4788 apostolicae
2920 4717 3179 4773 Ecclesiae
3209 4718 3367 4773 urbis

1731 4813 1931 4868 Romae
1961 4811 2280 4884 episc0pus,
2318 4827 2433 4865 una
2477 4826 2611 4865 cum
2652 4815 2847 4865 sancto
2891 4810 3132 4866 concilio
3171 4816 3365 4868 nostro

1732 4905 2341 4961 reverendissimorum
2372 4903 2734 4960 sacerdotum
2774 4904 2885 4959 huc
2913 4904 3208 4960 nobiscum
3238 4922 3368 4961 con-

1731 5000 2079 5055 venientium
2118 4999 2179 5054 in
2204 4998 2636 5054 confirmatione
2662 4998 3051 5070 piissimorum
3076 5000 3365 5057 catholica:

1731 5094 1992 5149 Ecclesiae
2020 5094 2352 5165 dogmatum
2375 5096 2432 5147 et
2456 5092 2805 5147 relevatioue
2827 5109 3230 5164 oppressorum
3248 5095 3362 5148 fra-

1730 5193 1885 5243 trum
1909 5187 2378 5259 coepiscoporum
2395 5186 2658 5241 videlicet
2684 5191 3010 5243 nostrorum
3027 5186 3123 5259 qui
3147 5192 3362 5243 rectam

1732 5281 1937 5336 Nicmni
1967 5281 2193 5336 concilii
2236 5285 2436 5337 tenent
2464 5280 2657 5348 ﬁdem,
2708 5286 2764 5336 et
2809 5280 3014 5336 fratres
3062 5297 3179 5337 non
3215 5280 3360 5335 infe-

1732 5378 1901 5443 stent,
1933 5375 2215 5430 universis
2241 5374 2629 5447 spiritualibus
2651 5373 2924 5429 fratribus
2950 5374 3156 5428 nostris
3186 5378 3241 5427 et
3270 5389 3359 5427 re-

1731 5469 1899 5541 liquis
1949 5470 2004 5522 in
2053 5467 2384 5524 sacerdotali
2438 5467 2680 5539 collegio
2722 5468 2965 5522 Domino
3003 5464 3359 5534 consecratis,

1734 5567 1903 5634 atque
1951 5562 2109 5617 omni
2150 5561 2490 5633 plenitudini
2537 5562 2794 5616 Ecclesia:
2841 5559 3134 5615 catholicas
3183 5559 3364 5629 gratia

1732 5655 1887 5711 vobis
1916 5661 1971 5711 et
2001 5671 2106 5728 pax
2136 5656 2547 5727 multiplicetur
2576 5655 2634 5710 in
2662 5651 3068 5710 confortatione
3096 5655 3154 5707 et
3182 5652 3360 5706 sancti

1732 5748 1971 5821 Spiritus
2000 5749 2433 5819 communione,
2460 5754 2743 5821 quatenus
2791 5746 2850 5801 in
2890 5761 2960 5802 eo
3002 5744 3362 5818 proficientes

1731 5860 1761 5901 a
1790 5843 1972 5924 gloria
1998 5844 2056 5898 in
2087 5844 2329 5925 gloriam
2362 5863 2388 5901 α
2416 5842 2653 5905 virtutes
2678 5838 3088 5899 annuntiemus
3116 5840 3238 5914 ejus
3262 5841 3363 5927 qui
