3946 6180
589 286 684 337 651

1471 282 1756 338 ΑΡΡΕΝΙ).
1797 283 1887 336 AD
1923 281 2083 338 SIEC.
2126 282 2213 336 IX.
2244 308 2312 320 —-
2350 279 2592 336 lSlDORI
2631 278 3056 335 MERCATORIS

3753 295 3828 347 652

583 391 654 446 de
686 390 936 445 tenebris
981 407 1086 444 nos
1129 389 1345 444 vocavit
1372 389 1432 444 in
1458 389 1793 444 admirabile
1829 390 2024 444 lumen
2051 405 2218 443 suum
2243 400 2523 474 Acxxxn,
2555 388 2624 458 1).
2659 409 2686 436 ››
2722 386 3018 459 Spirituali
3062 386 3184 442 dico
3225 387 3514 444 habitaculo
3537 396 3585 447 et
3607 399 3832 452 concordia

587 489 635 556 (Ι
661 489 804 542 Petr.
837 503 899 554 ιι,
933 486 986 557 9)
1019 507 1047 535 ››
1082 505 1108 537 «
1138 486 1289 556 apud
1322 502 1495 557 quem
1536 503 1649 540 non
1683 489 1767 541 est
1794 485 2217 554 transmutatio,

585 599 691 636 nec
717 579 1114 635 vicissitudinis
1149 579 1506 635 obumbratio
1538 581 1669 649 (Jac.
1701 598 1741 646 1,
1778 581 1881 649 l7).
1918 600 1944 631 »
1967 583 2217 649 Portate,

584 675 810 743 fratres,
833 674 1134 728 hortamur
1165 673 1582 744 persecutiones
1613 678 1668 727 et
1691 673 2086 728 tribulationes
2115 690 2218 744 pa-

582 770 790 823 tienter
816 770 882 822 ut
924 768 1046 838 ejus
1092 767 1464 822 inveniamini
1494 766 1596 821 filii
1629 783 1800 838 quem
1833 766 2088 837 quotidie
2120 782 2218 836 pa-

583 863 730 912 trem
757 857 969 913 vocatis
996 858 1177 911 Deum
1201 855 1258 911 in
1288 856 1461 922 caelis,
1489 858 1546 911 et
1574 855 1631 910 in
1659 871 1726 910 eo
1748 855 1980 910 vincatis
2006 855 2215 922 omnia,

585 953 683 1024 qui
731 955 964 1023 propter
1009 967 1114 1006 nos
1165 950 1296 1005 vicit
1340 949 1559 1016 omnia;
1595 970 1620 998 ‹‹
1657 949 1952 1020 quietiam.
1983 948 2218 1020 proprio

586 1046 722 1101 Filio
750 1062 853 1100 suo
887 1062 1003 1100 non
1035 1043 1306 1116 pepercit,
1341 1044 1434 1099 sed
1478 1061 1580 1114 pro
1611 1043 1774 1098 nobis
1801 1042 2069 1097 omnibus
2099 1045 2216 1096 tra-

585 1141 725 1195 didit
753 1140 911 1194 illum
956 1139 1126 1210 (Rom.
1157 1154 1274 1205 vxn,
1309 1139 1416 1207 32).
1450 1160 1476 1186 »
1507 1137 1822 1192 Imitatores
1853 1153 2082 1208 quoque
2121 1136 2220 1191 Dei

585 1233 850 1289 convenit
874 1233 935 1287 in
962 1232 1119 1288 omni
1144 1232 1318 1287 verbo
1342 1236 1396 1285 et
1417 1248 1589 1302 opere
1617 1231 1832 1285 imitari
1858 1231 2056 1299 Deum,
2072 1229 2220 1285 ideo-

587 1344 696 1398 que
726 1327 866 1382 illud
894 1329 1118 1398 oportet
1166 1342 1267 1380 nos
1297 1325 1482 1381 dicere
1508 1325 1660 1396 quod
1692 1325 1810 1395 ipse
1835 1325 1904 1379 de
1936 1341 1997 1378 se
2024 1323 2216 1394 perhi-

585 1423 710 1476 buit
727 1420 1022 1488 Dominus,
1041 1420 1270 1475 «veniet
1292 1419 1551 1490 princeps
1573 1418 1742 1488 hujus
1763 1419 1960 1473 mundi
1976 1417 2104 1473 etin
2125 1433 2217 1471 me

585 1516 726 1570 nihil
764 1514 1019 1570 inveniet
1067 1517 1239 1580 (Joan.
1270 1529 1380 1581 xxv,
1415 1514 1526 1583 30),
1561 1534 1587 1561 ››
1615 1515 1894 1566 venerunt
1922 1514 1978 1566 et
2009 1511 2087 1566 illi
2119 1511 2219 1581 qui

584 1627 682 1664 vos
711 1615 767 1664 et
794 1626 895 1663 nos
922 1612 1364 1680 persequuntur,
1395 1606 1530 1678 quia
1559 1623 1654 1660 vos
1685 1606 1803 1660 sine
1829 1605 1991 1660 nobis
2022 1621 2215 1676 perse-

587 1704 683 1775 qui
733 1720 850 1757 non
893 1704 1148 1773 possunt,
1197 1701 1332 1772 quia
1384 1699 1550 1754 unius
1581 1699 1678 1753 Dei
1710 1699 1973 1754 membra
1997 1715 2214 1768 sumus,

585 1801 642 1851 et
661 1813 840 1851 unum
863 1796 1012 1850 illius
1034 1794 1409 1849 sacerdotium
1439 1809 1541 1864 per
1566 1793 1688 1864 ejus
1708 1792 2216 1847 sanctiﬁcationem
2238 1770 2294 1842 Β

583 1890 914 1956 retinemus,
966 1893 1023 1944 et
1067 1889 1126 1942 in
1175 1887 1339 1942 nobis
1385 1887 1455 1942 de
1509 1885 1623 1941 suis
1673 1886 1813 1941 nihil
1853 1887 2213 1953 invenerunt,

585 1985 716 2056 quia
761 1983 1037 2055 quidquid
1084 1998 1281 2037 sumus
1311 1981 1495 2052 gratia
1540 1980 1635 2036 Dei
1679 1997 1894 2049 sumus,
1927 1980 2059 2035 licet
2084 1997 2213 2050 pro-

583 2084 781 2150 pterea
829 2075 1174 2141 calumniari
1215 2092 1320 2130 nos
1372 2073 1835 2129 irrationabiliter
1891 2073 2220 2128 studuerint

584 2172 737 2243 quod
768 2171 952 2226 facere
997 2169 1183 2224 solent
1223 2168 1461 2235 inimici,
1490 2185 1652 2222 suam
1685 2185 1754 2222 ex
1781 2167 1889 2222 hoc
1919 2167 2217 2239 cooperire

587 2263 931 2320 dementiam
970 2263 1362 2334 properantes,
1397 2267 1678 2332 quatenus
1720 2277 1824 2332 per
1850 2260 2216 2316 mendacium

585 2358 879 2412 veritatem
925 2357 1148 2411 valeant
1189 2354 1553 2410 obumbrare.
1606 2354 1813 2426 Scripsi
1853 2354 2007 2409 enim
2036 2354 2213 2424 vobis,

583 2450 772 2523 inquit
797 2450 1109 2520 Apostolus,
1159 2465 1263 2519 per
1294 2448 1503 2502 multas
1544 2447 1822 2518 lacrymas
1849 2452 1911 2502 ut
1935 2463 2048 2503 non
2079 2465 2214 2504 con-

585 2543 906 2610 tristemini,
955 2543 1051 2598 sed
1098 2545 1163 2596 ut
1205 2541 1393 2596 sciatis
1438 2557 1608 2612 quam
1654 2541 1988 2596 charitatem
2034 2541 2214 2596 abun-

584 2638 812 2694 dantius
839 2636 1022 2692 habeo
1069 2635 1128 2690 in
1173 2634 1363 2700 vobis;
1395 2635 1615 2689 etenim
1650 2634 2085 2690 detrahentibus
2112 2635 2214 2690 de-

580 2733 814 2788 trahere
843 2747 957 2786 non
988 2733 1074 2785 est
1103 2729 1344 2796 bonum,
1377 2732 1443 2783 ut
1469 2744 1584 2782 non
1630 2729 1702 2783 ad
1741 2745 1806 2783 ea
1836 2745 1964 2799 quae
2009 2729 2219 2799 scripta

585 2829 718 2880 sunt
766 2823 1041 2879 commoti
1087 2823 1311 2894 injuriae
1358 2825 1649 2877 certamen
1700 2821 2046 2876 deficiamus.
2093 2823 2216 2877 Non

585 2919 857 2973 debemus
877 2916 1108 2970 omnino
1125 2916 1326 2970 timere
1372 2915 1742 2986 opprobrium
1777 2915 2100 2982 hominum,
2123 2931 2218 2970 ne-

587 3029 696 3083 que
711 3028 910 3066 eorum
923 3009 1450 3081 exprobrationibus
1465 3008 1554 3062 vin
1563 3009 1631 3076 ci,
1650 3008 1920 3080 quoniam
1935 3009 2038 3064 hoc
2051 3009 2218 3064 nobis

583 3106 858 3162 Dominus
879 3104 1046 3176 jubet
1068 3120 1174 3175 per
1195 3104 1394 3158 Isaiam
1427 3103 1767 3174 prophetam
1795 3103 1985 3158 dicens
2008 3119 2022 3158 :
2045 3125 2071 3152 «
2100 3106 2214 3157 Au-
2237 3138 2292 3214 Ο

584 3201 698 3255 dite
732 3215 822 3254 me
849 3198 945 3270 qui
979 3197 1128 3253 scitis
1159 3197 1460 3268 judicium,
1496 3198 1737 3269 p0pulus
1780 3213 1960 3266 meus,
1992 3196 2050 3251 in
2075 3213 2214 3268 quo-

584 3309 712 3348 rum
742 3291 1007 3347 cordibus
1031 3291 1117 3346 lex
1142 3307 1266 3345 mea
1285 3295 1389 3358 est,
1407 3290 1582 3345 nolite
1611 3289 1811 3344 timere
1843 3289 2218 3361 Opprobrium

586 3388 884 3443 hominum
919 3387 975 3440 et
999 3384 1382 3456 blasphemias
1427 3400 1626 3439 eorum
1671 3400 1745 3439 ne
1789 3383 2041 3439 timeatis
2091 3386 2214 3452 (Isa.

583 3499 653 3549 LI,
687 3483 759 3552 7).
796 3500 823 3531 ιο
855 3477 1289 3534 Considerantes
1335 3477 1504 3532 etiam
1545 3476 1700 3549 quod
1730 3477 1788 3531 in
1827 3477 2040 3547 psalmo
2087 3476 2219 3532 scri-

583 3580 744 3645 ptum
772 3577 896 3627 est:
936 3572 1188 3626 «Nonne
1239 3573 1385 3625 Deus
1427 3570 1682 3640 requiret
1728 3569 1865 3624 ista!
1900 3571 2019 3641 lpse
2058 3569 2216 3624 enim

581 3667 742 3722 novit
782 3664 1110 3720 abscondita
1161 3663 1350 3719 cordis
1398 3664 1564 3733 (Psal.
1611 3680 1760 3732 anI,
1805 3666 1916 3733 2'2),
1961 3667 2018 3718 et
2056 3663 2214 3733 cogi-

583 3762 825 3816 tationes
845 3759 1044 3815 talium
1067 3758 1383 3824 hominum,
1407 3756 1677 3828 quoniam
1700 3773 1859 3812 vana:
1889 3762 2052 3812 sunt:
2074 3774 2219 3812 vana

585 3859 776 3910 autem
806 3855 1024 3908 locutus
1050 3857 1132 3907 est
1161 3851 1548 3922 unusquisque
1573 3851 1642 3906 ad
1668 3851 1997 3922 proximum
2027 3867 2214 3918 suum,

586 3953 644 4004 et
697 3948 846 4003 labia
896 3947 1087 4001 dolosa
1140 3945 1200 4000 in
1258 3945 1428 4000 corde
1458 3986 1471 4012 ,
1538 3949 1593 3999 et
1642 3945 1808 4000 corde
1859 3943 2030 4000 locuti
2086 3947 2220 3998 sunt

583 4043 751 4111 mala,
783 4041 880 4096 sed
913 4038 1202 4111 disperdet
1246 4038 1515 4092 Dominus
1553 4037 1815 4093 universa
1845 4037 1995 4092 labia
2021 4037 2219 4092 dolosa

586 4136 634 4207 1
651 4134 776 4207 60
790 4133 1108 4203 etlinguam
1125 4131 1574 4202 magniloquam.
1592 4130 1702 4194 Qui
1721 4131 1991 4185 dixerunt
2009 4146 2022 4184 :
2043 4130 2220 4186 Labia

582 4232 777 4282 nostra
799 4244 832 4280 a
857 4225 1022 4280 nobis
1041 4230 1192 4292 sunt,
1214 4225 1339 4295 quis
1373 4229 1564 4278 noster
1595 4223 1869 4277 Dominus
1886 4227 1974 4295 est
1993 4223 2020 4277 ?
2049 4224 2215 4291 (Psal.

585 4339 658 4389 x1,
694 4305 836 4388 3-3.)
868 4339 895 4367 »
944 4319 1083 4372 Nam
1129 4318 1174 4371 si
1221 4318 1342 4371 haec
1369 4317 1425 4370 in
1453 4316 1736 4371 memoria
1765 4316 2077 4372 retinerent
2106 4317 2216 4372 mi-

583 4415 737 4469 nime
766 4413 835 4467 ad
868 4415 1087 4466 tantam
1137 4410 1464 4482 prosilirent
1495 4409 1888 4480 iniquitatem;
1920 4427 2037 4466 non
2063 4411 2218 4466 enim

583 4505 857 4580 probabili
871 4513 927 4561 et
941 4507 1177 4576 paterna
1200 4503 1460 4558 doctrina
1476 4503 1581 4558 hoc
1603 4502 1840 4570 faciunt,
1857 4505 1953 4559 sed
1975 4510 2035 4559 ut
2053 4521 2212 4559 suam
2231 4507 2290 4580 Ι)

583 4604 876 4657 exerceant
904 4599 961 4653 in
993 4615 1184 4654 servos
1206 4597 1302 4652 Dei
1327 4597 1654 4666 vindictam,
1675 4598 1948 4669 scriptum
1970 4615 2217 4670 namque

582 4701 667 4751 est
697 4713 710 4750 :
738 4695 835 4748 Via
862 4693 1019 4748 stulti
1061 4697 1214 4747 recta
1241 4692 1300 4746 in
1329 4691 1502 4746 oculis
1547 4691 1686 4762 ejus,
1721 4695 1779 4746 et
1804 4698 1934 4746 sunt
1959 4693 2062 4746 viae
2089 4709 2218 4763 quae

580 4790 846 4843 videntur
870 4786 1089 4842 homini
1111 4786 1301 4857 justm,
1341 4785 1646 4840 novissima
1672 4789 1865 4840 autem
1892 4802 2090 4840 eorum
2118 4787 2212 4841 de-

582 4884 796 4938 ducunt
814 4881 882 4936 ad
902 4885 1166 4935 mortem.
1186 4879 1295 4933 Nos
1315 4878 1490 4944 enim,
1513 4879 1609 4950 qui
1627 4879 1731 4933 hoc
1758 4880 2025 4949 patimur,
2036 4879 2216 4950 judici

582 4992 868 5031 reservare
909 4973 1183 5028 debemus
1211 4972 1307 5043 qui
1338 4972 1538 5027 reddet
1566 4972 1866 5044 unicuique
1901 4973 2217 5028 secundum

581 5086 755 5141 opera
780 5084 902 5135 sua,
937 5066 1035 5139 qui
1061 5067 1232 5121 etiam
1261 5083 1364 5137 per
1391 5066 1678 5120 ministros
1707 5083 1836 5120 suos
1859 5067 2110 5122 intonuit
2134 5067 2216 5122 di-

581 5181 732 5230 cens,
756 5182 782 5214 «
804 5162 935 5218 Mihi
963 5161 1286 5228 vindictam,
1308 5176 1414 5230 ego
1437 5160 1745 5215 retribuam
1764 5162 1931 5231 (Rom.
1947 5178 2045 5227 xu,
2071 5160 2210 5231 l9).»

583 5260 685 5312 Vos
706 5257 859 5312 enim
896 5255 952 5309 in
987 5259 1140 5309 recta
1161 5254 1270 5308 ﬁde
1288 5259 1342 5308 et
1366 5270 1505 5324 pura
1527 5269 1592 5308 ac
1609 5254 1758 5308 bona
1777 5253 2085 5308 succurrite
2110 5270 2211 5308 vo-

579 5353 793 5406 luntate
835 5347 1101 5414 vicissim,
1133 5364 1239 5401 nec
1267 5346 1471 5417 aliquis
1518 5363 1551 5400 a
1592 5347 1994 5417 supplemento
2023 5346 2214 5400 fratris

579 5444 873 5500 subtrahat
898 5458 1154 5507 manum,
1177 5440 1453 5511 quoniam
1473 5439 1530 5493 in
1549 5439 1654 5494 hoc
1674 5440 1754 5494 ait
1774 5440 2048 5495 Dominus
2073 5461 2099 5488 «
2115 5440 2214 5494 Co-

580 5539 856 5608 gnoscent
883 5551 1081 5590 omnes
1105 5534 1238 5605 quia
1269 5533 1383 5587 mei
1411 5533 1546 5586 estis
1573 5532 1852 5603 discipuli,
1878 5532 1920 5586 si
1954 5531 2209 5589 dilectio-

575 5648 709 5688 nem
722 5625 1364 5685 habueritisadinvicem
1381 5626 1557 5696 (Joan.
1589 5641 1705 5694 xm,
1722 5628 1828 5697 35).
1845 5647 1872 5674 ››
1898 5627 2055 5682 Unde
2090 5626 2211 5699 ipse

572 5743 676 5796 per
704 5723 1042 5796 prophetam
1059 5720 1316 5792 loquitur
1341 5719 1567 5774 dicens:
1593 5742 1620 5768 «
1646 5721 1781 5775 Ecce
1798 5736 1971 5791 quam
1993 5721 2206 5777 bonum

564 5822 618 5875 et
653 5832 826 5886 quam
850 5813 1180 5883 jucundum
1209 5813 1462 5871 habitare
1494 5813 1692 5868 fratres
1725 5813 1781 5869 in
1823 5831 2000 5869 unum
2039 5817 2203 5884 (Psal.

2323 499 2452 554 qum
2483 481 2541 536 in
2569 482 2682 536 Deo
2711 485 2815 548 est,
2857 486 2912 537 et
2935 481 3152 536 unitate
3196 482 3324 537 ﬁdei
3362 483 3514 554 hujus
3549 486 3831 560 delectabilis,

2321 575 2634 630 secundum
2682 576 2975 630 veritatem
3023 575 3381 630 inhabitaculi
3422 595 3534 648 quas
3573 580 3832 637 videlicetin

2320 673 2510 725 Aaron
2557 668 2742 740 magis
2784 668 3160 723 decorabatur
3205 672 3368 743 atque
3413 671 3752 728 sacerdotalem
3773 676 3832 729 in-

2321 763 2625 818 duentibus
2647 761 3006 833 dignitatem,
3035 761 3177 816 sicut
3193 767 3528 834 unguentum
3546 782 3688 836 super
3704 773 3834 838 caput,

2320 857 2692 928 principalem
2722 856 3076 910 intellectum
3099 855 3358 927 irrigans,
3383 863 3434 912 et
3458 875 3612 928 usque
3636 860 3692 913 ad
3709 860 3835 931 ipsam

2320 954 2631 1005 extremam
2687 950 2979 1004 scientiam
3035 949 3317 1005 deducens
3366 951 3420 1005 in
3462 951 3560 1006 hoc
3600 952 3838 1007 habitacqu

2320 1043 2784 1098 benedictionem
2807 1049 2862 1098 et
2883 1047 3159 1097 aeternam
3183 1043 3350 1098 vitam
3363 1044 3598 1114 promisit
3620 1045 3837 1100 Dominus.

2320 1138 2496 1208 Hujus
2541 1153 2678 1208 ergo
2708 1136 3056 1208 prophetica:
3087 1137 3482 1192 vaticinationis
3507 1138 3732 1193 meritum
3755 1156 3837 1195 am-

2318 1232 2656 1303 plectentes,
2691 1231 2997 1285 fraternam
3028 1233 3369 1301 praesentem
3395 1231 3639 1302 syllabam
3659 1233 3840 1303 exposui-

2318 1341 2448 1380 mus
2474 1328 2671 1380 nostra
2701 1330 2936 1396 propter
2963 1324 3297 1380 charitatem
3341 1325 3563 1380 minime
3603 1332 3840 1396 quaerentes

2321 1423 2420 1473 aut
2447 1417 2760 1489 quaesituri.
2810 1420 2932 1472 Non
2978 1418 3136 1472 enim
3173 1418 3577 1473 detrahantibus
3601 1418 3767 1472 bonum
3789 1425 3842 1473 est

2321 1511 2648 1582 detrahere,
2692 1515 2792 1566 aut
2840 1512 2971 1584 palo
3015 1512 3324 1568 secundum
3351 1513 3623 1584 vulgarem
3664 1511 3842 1566 fabulam

2320 1610 2607 1674 excutere,
2651 1607 2844 1677 palum
2878 1623 2891 1660 :
2922 1606 3087 1662 absit.
3115 1607 3239 1661 Non
3281 1610 3410 1661 sunt
3436 1609 3608 1660 nostra
3629 1604 3728 1671 ista,
3748 1622 3839 1676 qua-

2317 1703 2551 1771 propter
2593 1700 2699 1754 hoc
2740 1703 2958 1754 avertat
3008 1700 3298 1755 Divinitas.
3334 1701 3452 1755 Non
3477 1703 3597 1754 sunt
3621 1699 3766 1754 edocti
3784 1700 3843 1752 ha-

2316 1791 2466 1847 bitus
2495 1791 2676 1848 nostri
2703 1792 2784 1847 ita
2805 1793 3050 1861 vincere,
3086 1794 3183 1847 sed
3222 1793 3280 1848 in
3309 1792 3564 1864 patientia
3587 1792 3841 1862 longanimi-

2317 1887 2445 1941 tatis
2472 1889 2529 1941 et
2559 1886 2761 1958 spiritu
2789 1886 3145 1956 humilitatis,
3183 1887 3315 1959 quia
3357 1887 3493 1942 sicut
3531 1903 3622 1958 per
3653 1886 3842 1941 duritiam

2317 1979 2555 2035 minime
2601 1980 2684 2050 (ut
2722 1980 3056 2052 prophetico
3091 1980 3361 2050 dicamus)
3394 1983 3648 2052 purgatur
3681 1977 3840 2048 nigella,

2317 2074 2400 2128 ita
2449 2090 2554 2129 nec
2604 2074 2756 2146 pacis
2812 2079 3106 2144 soporatos
3153 2074 3370 2129 fructus
3415 2072 3752 2144 intelligentia
3781 2086 3844 2141 per

2319 2167 2690 2239 asperitatem
2719 2167 3088 2238 exprimitur;
3137 2171 3377 2239 propter
3413 2168 3512 2222 hoc
3540 2167 3673 2221 enim
3703 2165 3841 2218 verbo-

2317 2278 2448 2316 rum
2492 2261 2954 2332 supportavimus
3008 2261 3278 2333 colaphos
3331 2265 3394 2316 ut
3443 2266 3535 2316 aut
3581 2259 3752 2331 paulati
3788 2274 3842 2310 va-

2316 2354 2536 2409 leamus
2585 2370 2717 2409 eum
2762 2354 2994 2420 imitari,
3025 2354 3122 2426 qui
3153 2359 3389 2426 propter
3415 2371 3514 2409 nos
3543 2370 3594 2407 se
3634 2350 3844 2407 humiliare

2316 2447 2585 2518 dignatus
2615 2452 2719 2516 est,
2765 2453 2821 2502 et
2865 2452 3134 2502 extremae
3187 2449 3337 2503 illius
3386 2446 3602 2503 ultionis
3639 2462 3720 2517 per
3753 2445 3845 2498 hanc

2317 2542 2545 2612 plagam
2571 2542 2747 2596 verba
2776 2542 3153 2597 declinemus.
3185 2542 3494 2597 Audiamus
3531 2557 3650 2612 ergo
3687 2543 3731 2592 et
3762 2553 3846 2590 con-

2317 2636 2629 2689 sentiamus
2657 2635 2918 2690 Ecclesiae
2945 2636 3156 2690 oratori
3185 2636 3287 2706 qui
3309 2652 3411 2707 per
3426 2635 3659 2706 linguam
3675 2631 3845 2701 Spiritus

2318 2730 2466 2782 clara
2489 2745 2625 2784 voce
2657 2729 2936 2784 exclamat
2967 2729 3161 2784 dicens
3187 2747 3201 2784 :
3231 2751 3259 2779 «
3289 2729 3486 2786 Omnia
3503 2727 3641 2782 vobis
3659 2726 3703 2780 in
3724 2721 3845 2778 chari-

2315 2825 2429 2876 tate
2479 2822 2620 2877 fiant
2665 2822 2712 2889 (Ι
2733 2822 2852 2878 Cor.
2884 2841 2998 2890 1m,
3043 2824 3150 2895 14).
3181 2844 3211 2872 ››
3262 2825 3412 2894 Ergo
3459 2822 3564 2877 sive
3604 2819 3847 2891 quaerimus,

2316 2916 2433 2971 sive
2461 2917 2856 2971 tantummodo
2887 2916 3149 2986 dicimus,
3174 2922 3234 2972 et
3253 2914 3637 2972 tantummodo
3661 2910 3847 2967 audimur

2317 3008 2564 3065 charitas
2591 3009 2926 3077 intercedat,
2976 3027 3068 3064 ars
3111 3010 3308 3082 aliqua
3352 3009 3548 3065 existat
3589 3006 3652 3062 ad
3687 3016 3847 3072 compo-

2317 3103 2545 3158 sitiones
2573 3103 2898 3158 concordiae
2943 3104 3078 3159 boni
3124 3109 3183 3159 et
3227 3102 3649 3174 conjunctiones.
3687 3096 3849 3168 Oportet

2318 3196 2474 3251 enim
2506 3196 2577 3251 de
2605 3197 2718 3252 Deo
2749 3197 3138 3267 quaerentibus
3171 3197 3338 3252 nobis
3369 3196 3612 3269 spiritum
3637 3187 3848 3247 rectitudi-

2319 3289 2407 3344 nis
2437 3289 2648 3344 mentis
2692 3293 2903 3346 nostra:
2947 3291 3385 3346 dinumerantes
3429 3288 3726 3345 intentiones
3757 3287 3849 3336 tem-

2316 3384 2476 3454 plum
2505 3383 2735 3455 pacifice
2765 3383 3086 3440 inhabitare
3115 3384 3175 3439 in
3206 3403 3343 3440 eum
3371 3386 3594 3457 propter
3613 3383 3768 3444 Deum,
3787 3371 3848 3445 qui

2316 3494 2420 3548 per
2456 3478 2796 3549 prophetam
2843 3477 3065 3533 locutus
3109 3483 3196 3534 est
3227 3496 3240 3534 :
3275 3503 3302 3529 «
3347 3479 3602 3543 Quaereris
3639 3486 3783 3545 quare
3814 3471 3849 3520 et

2318 3571 2470 3642 apud
2495 3587 2588 3625 me
2613 3571 2812 3626 habita
2838 3570 2967 3642 (Isa.
2998 3589 3109 3642 XXI,
3146 3575 3256 3644 l2).
3290 3594 3317 3624 »
3348 3571 3630 3644 Speculum
3654 3567 3771 3622 enim
3793 3561 3851 3614 de-

2317 3664 2400 3719 dit
2441 3681 2546 3720 nos
2587 3665 2732 3719 Deus
2762 3665 2973 3736 pepulo
3004 3682 3126 3734 suo,
3181 3670 3242 3721 et
3289 3669 3506 3738 oportet
3530 3681 3614 3720 eos
3637 3661 3758 3734 quia
3777 3657 3847 3710 Deo

2317 3763 2449 3814 sunt
2481 3757 2733 3829 deputati
2770 3758 3158 3814 sacerdotium
3199 3760 3455 3832 adispici,
3501 3759 3573 3814 ita
3610 3758 3658 3810 in
3690 3747 3848 3808 humili-

2318 3855 2431 3906 tate
2460 3867 2686 3922 gressus
2711 3851 2920 3905 mentis
2941 3851 3264 3908 adinvicem
3289 3854 3537 3918 tendere,
3568 3853 3621 3904 ut
3646 3849 3692 3902 in
3714 3841 3850 3899 melius

2317 3944 2669 4000 aediﬁcentur
2694 3944 2754 3999 hi
2781 3945 2880 4016 qui
2902 3945 2976 3999 ad
2997 3962 3102 4000 nos
3124 3947 3459 4018 respiciunt,
3481 3962 3635 4017 quam
3656 3936 3781 4012 (quod
3797 3933 3850 3987 di-

2318 4053 2443 4092 cere
2469 4037 2646 4109 piget)
2675 4054 2777 4109 per
2804 4042 3057 4093 nostram
3082 4039 3428 4095 discordiam
3454 4039 3685 4095 semitam
3708 4028 3850 4103 pedum

2319 4147 2518 4184 eorum
2572 4134 2894 4187 concutere.
2941 4131 3025 4186 Ad
3081 4135 3452 4188 concordiam
3491 4131 3852 4203 judicemusnos

2316 4224 2488 4295 ipsos,
2523 4228 2580 4280 et
2605 4241 2784 4280 unum
2827 4224 2885 4279 in
2924 4225 3202 4281 charitate
3233 4228 3533 4298 sapiamus,
3564 4218 3851 4278 humilitatem

2317 4334 2677 4388 veneremur,
2738 4335 2843 4390 per
2891 4335 3066 4390 quam
3121 4321 3480 4391 apprehendi
3522 4319 3649 4373 solet
3692 4305 3853 4365 altitudo

2318 4411 2567 4482 spiritus.
2597 4411 2654 4468 Si
2679 4412 2834 4467 enim
2861 4412 3165 4468 verborum
3183 4415 3432 4485 amplius
3454 4426 3617 4483 usque
3640 4419 3756 4462 nunc
3769 4396 3855 4453 taci-

2313 4506 2642 4562 turnitatem
2672 4523 2849 4578 quam
2873 4508 3277 4577 garrulitatem
3303 4508 3665 4571 dilexerimus,
3686 4502 3767 4554 hoe
3781 4491 3857 4564 Ἷυί·

2317 4600 2450 4654 dem
2480 4599 2625 4655 bene
2656 4600 2866 4655 habere
2893 4601 3151 4656 arbitrati
3180 4619 3404 4670 sumus,
3427 4618 3498 4656 ne
3518 4595 3712 4669 scriptis
3725 4583 3857 4643 vestris

2317 4692 2428 4748 reci
2435 4709 2599 4763 proce
2619 4694 3097 4765 respondentibus
3112 4695 3343 4766 injuriae
3355 4696 3604 4752 fomitem
3616 4689 3857 4746 excitemus,

2316 4790 2372 4841 et
2401 4786 2864 4857 PUSillanimitate
2907 4788 3292 4858 dijudicemur
3317 4790 3387 4844 ab
3435 4805 3500 4844 eo
3536 4785 3624 4859 qui
3648 4767 3857 4838 omniaad

2315 4881 2649 4936 charitatem
2674 4881 2922 4952 dirigere
2943 4883 3350 4953 promulgavit.
3380 4904 3408 4932 «
3432 4880 3697 4938 Oravimus
3717 4884 3811 4924 vero
3825 4867 3861 4916 et

2317 4978 2450 5029 tunc
2522 4975 2732 5029 ostium
2810 4975 3254 5031 circumstantiae
3317 4977 3477 5031 labiis
3527 4969 3708 5029 nostris
3747 4956 3859 5026 (Ρεαισ

2317 5084 2438 5135 CXL,
2461 5071 2511 5138 3)
2542 5089 2568 5117 n
2601 5068 2819 5140 imponi
2849 5069 3087 5125 verbum
3137 5070 3194 5124 in
3241 5071 3492 5125 sonitum
3513 5065 3765 5134 concipere
3789 5068 3856 5124 PO“

2312 5163 2426 5216 tius
2454 5178 2628 5234 quam
2657 5162 2894 5217 verbum
2927 5163 3198 5231 sonabile,
3229 5169 3289 5218 et
3318 5164 3424 5218 hoc
3451 5167 3633 5217 tamen
3667 5145 3857 5210 mibido-

2314 5272 2455 5311 num
2484 5260 2568 5310 est
2591 5273 2624 5309 a
2653 5256 2912 5322 Domino,
2950 5279 2978 5305 «
3009 5261 3067 5311 et
3085 5257 3270 5312 factus
3307 5274 3437 5312 sum
3468 5256 3602 5310 sicut
3624 5253 3764 5306 homo
3786 5252 3858 5293 non

2316 5349 2551 5404 audiens
2593 5353 2648 5403 et
2697 5365 2811 5404 non
2853 5350 3066 5405 habens
3112 5351 3169 5404 in
3221 5367 3322 5406 ore
3375 5367 3476 5406 suo
3519 5337 3859 5414 redargutiones

2315 5441 2477 5511 (Psal.
2507 5459 2708 5512 xxxvn,
2738 5444 2841 5512 15).
2875 5465 2902 5492 ››
2935 5443 3047 5499 Sed
3079 5443 3212 5515 quia
3241 5447 3467 5516 tempus
3495 5443 3576 5497 est
3597 5424 3860 5508 loquendiet

2311 5540 2537 5606 tempus
2580 5537 2822 5605 tacendi,
2871 5537 3066 5607 operio
3115 5537 3378 5603 verbum,
3411 5541 3467 5591 et
3487 5531 3674 5590 claudo
3711 5521 3858 5580 ostium

2312 5645 2414 5700 per
2439 5630 2874 5686 taciturnitatem
2901 5634 3299 5703 competenter
3323 5644 3591 5686 exorans:
3616 5648 3641 5676 ‹‹
3666 5615 3857 5678 Domine,

2311 5723 2458 5778 labia
2486 5739 2617 5780 mea
2648 5724 2866 5796 aperies
2897 5726 3060 5791 (Psal.
3093 5742 3144 5791 L,
3184 5727 3291 5796 l7),
3327 5743 3356 5776 η
3413 5746 3439 5773 ‹‹
3467 5725 3522 5777 et
3557 5710 3858 5791 respondeam

2310 5817 2784 5889 exprobrantibus
2827 5818 2966 5874 mihi
3015 5819 3249 5876 verbum
3297 5819 3461 5888 (Psal.
3513 5828 3681 5878 cxvm,
3719 5808 3803 5866 42),
3841 5820 3857 5841 ν
