3946 6180
140 244 219 297 653
1327 235 1800 293 DECRETALIUM
1838 237 2222 294 COLLECTIO.

3363 243 3466 297 654

135 374 239 427 licet
262 370 405 424 enim
434 365 813 432 tacuissemus,
841 381 959 420 non
991 382 1218 436 semper
1241 366 1557 421 tacebimus
1582 383 1715 438 ape-

1827 345 1951 399 licet
1975 346 2225 400 dicentes
2269 363 2443 417 quam
2474 348 2626 418 quod
2664 345 2984 403 audivimus
3012 351 3069 404 et
3099 349 3467 420 cognovimus

134 467 287 520 riente
314 461 469 516 nobis
498 459 737 515 Domino
773 460 953 515 claves
978 458 1156 514 verbi.
1186 459 1367 531 Igitur
1400 460 1628 515 directis
1666 460 1726 516 in

134 555 365 630 praesenti
394 552 726 609 beatitudini
755 552 1125 608 fraternitatis
1174 559 1373 608 vestrae
1417 553 1724 625 apocrisia-

131 652 212 707 riis
235 650 323 721 qui
353 652 476 720 post
517 647 723 702 multas
745 646 919 701 factas
955 647 1103 702 inter
1130 663 1231 701 nos
1257 647 1327 702 de
1358 647 1727 702 ecclesiastica

131 741 463 815 requisitione
487 741 839 796 dissonantes
855 740 1379 810 sermocinationes,
1421 741 1481 795 in
1514 741 1629 795 fine
1655 741 1726 795 ad

130 841 217 893 hoc
261 839 655 907 pervenerunt,
687 834 1063 889 admonentes
1094 852 1199 890 nos
1231 838 1402 905 atque
1432 834 1727 889 hortantes

128 930 456 1003 interpretari
483 929 652 983 unius
688 927 805 983 veri
831 927 934 982 Dei
962 928 1141 983 nostri
1168 928 1474 982 voluntatis
1499 927 1722 983 intelle-

127 1032 256 1080 ctum
293 1026 458 1094 atque
498 1021 826 1092 hujusmodi
867 1021 1399 1092 interpretationem
1438 1021 1726 1077 destinare

126 1125 295 1174 vestrae
319 1115 709 1171 sacratissima:
733 1115 1109 1171 venerationi.
1156 1117 1268 1171 Nos
1297 1121 1590 1187 acceptam
1616 1116 1723 1171 ha-

126 1215 295 1266 bentes
309 1211 471 1265 bene
494 1209 854 1265 conscientia
874 1210 1283 1281 praedictorum
1306 1209 1724 1265 venerabilium

124 1307 341 1360 virorum
367 1304 846 1373 admonitionem,
872 1307 1279 1375 cognoscentes
1298 1308 1491 1359 autem
1518 1308 1574 1359 et
1599 1319 1727 1375 quae

128 1400 440 1472 principatus
490 1397 882 1469 apostolorum
932 1397 1234 1452 summitas
1292 1397 1459 1452 docet
1502 1401 1728 1470 paratos

129 1510 228 1547 esse
251 1493 317 1548 ad
344 1492 791 1547 satisfactionem
813 1491 973 1546 omni
998 1491 1254 1563 poscenti
1274 1491 1510 1547 verbum
1537 1491 1607 1546 de
1629 1507 1728 1563 spe

129 1604 230 1659 quae
257 1586 308 1640 in
340 1585 504 1640 nobis
532 1588 618 1639 est
646 1584 961 1639 secundum
1005 1584 1104 1640 Dei
1132 1584 1417 1655 timorem,
1463 1600 1727 1640 mansue-

130 1681 465 1750 tudinemque
490 1678 565 1732 ad
582 1678 794 1733 bonam
810 1678 1110 1733 scientiam
1129 1682 1536 1750 temperantes,
1559 1695 1730 1751 super

128 1774 207 1827 tali
229 1772 620 1827 tantummodo
646 1772 1018 1843 requisitione
1059 1776 1314 1827 mentem
1353 1775 1603 1827 nostram
1629 1789 1732 1844 per

128 1868 208 1920 bas
230 1866 455 1937 syllabas
485 1865 853 1938 exponimus,
894 1866 1210 1937 superﬂuas
1231 1865 1657 1921 exercitationes
1677 1869 1733 1921 et

129 1960 489 2015 altercationes
530 1959 843 2014 verborum
893 1964 1129 2032 propter
1166 1959 1485 2014 satietatem
1511 1962 1567 2015 et
1592 1976 1732 2031 prae-

128 2054 272 2108 sentis
286 2053 561 2125 temporis
576 2053 1063 2125 incongruitatem
1081 2052 1435 2108 declinantes
1451 2069 1516 2108 ac
1528 2069 1735 2124 praeca-

129 2150 307 2213 ventes,
320 2146 461 2202 nihil
477 2146 719 2201 omnino
734 2146 890 2201 aliud
904 2146 1287 2219 intelligentes
1300 2163 1364 2201 ac
1378 2147 1735 2219 proferentes

1011 2446 1560 2541 EPISTOLA

1824 455 1857 491 a
1882 438 2090 493 sanctis
2119 439 2531 495 universalibus
2578 442 2805 513 magnis
2832 442 3102 513 apostolis
3145 458 3465 516 eorumque

1825 532 2251 602 successoribus,
2303 537 2362 587 et
2404 537 2596 604 patres
2631 535 2809 590 nostri
2836 542 3248 592 enarraverunt
3276 538 3460 606 nobis,

1824 630 1881 680 et
1906 625 2235 682 audientem
2265 626 2696 697 praedicavimus
2720 628 2791 683 ad
2824 646 3131 701 supernam
3158 632 3463 687 tendentes

1824 719 2164 775 vocationes.
2213 720 2480 775 Nostrum
2527 724 2611 776 est
2654 722 2905 776 studium
2937 722 3013 777 ibi
3066 723 3221 794 pacis
3260 725 3464 780 consti-

1825 812 1970 867 tutio
2011 816 2226 882 manet,
2280 813 2371 868 his
2406 813 2503 885 qui
2540 813 2598 868 in
2640 814 2821 869 stadio
2872 814 3095 885 pietatis
3146 820 3278 872 sunt
3311 818 3461 873 bene

1824 905 1993 960 unica
2018 906 2217 977 gloria,
2248 906 2607 961 intercessori
2660 907 2927 962 tribuitur
2974 913 3032 963 et
3078 926 3302 977 corona,
3344 912 3459 967 Deo

1827 998 2174 1054 manifestati
2210 1015 2405 1054 sumus
2431 999 2529 1071 qui
2555 1000 2775 1071 judicat
2798 1001 2993 1056 omnia
3022 1006 3080 1057 et
3105 1004 3459 1075 comprobat.

1825 1093 1947 1148 Non
1967 1092 2291 1165 jurgialiter
2315 1098 2545 1161 stamus,
2595 1111 2707 1150 non
2754 1094 2824 1150 ad
2864 1096 3338 1152 contradictiones
3365 1114 3458 1152 re-

1826 1185 2113 1258 spicimus,
2150 1203 2255 1242 nec
2292 1187 2545 1243 favorem
2566 1188 2797 1243 inanem
2821 1189 3242 1261 amplectimur,
3272 1191 3369 1245 sed
3401 1191 3461 1245 in

1826 1280 1996 1335 verbo
2023 1279 2123 1334 Dei
2152 1281 2429 1353 propositi
2460 1280 2790 1352 hujusmodi
2826 1281 3219 1355 requisitionis
3244 1284 3462 1339 resolu-

1825 1374 2010 1429 tiones
2032 1374 2227 1429 fecisse
2245 1374 2654 1446 dignoscimur,
2681 1376 3018 1431 confitentes
3041 1378 3315 1448 quoniam
3340 1379 3466 1449 paci

1828 1467 2096 1522 Dominus
2123 1468 2289 1539 Deus,
2318 1469 2388 1524 ad
2414 1470 2662 1525 alterum
2693 1472 3023 1525 nostrorum
3078 1470 3363 1526 unitatem
3410 1476 3465 1527 et

1829 1560 2163 1616 dilectioncs
2193 1562 2547 1618 conservavit
2590 1562 2651 1617 in
2679 1563 2861 1635 gloria
2896 1564 3019 1633 ejus
3047 1564 3467 1636 benignissima

1829 1654 2157 1725 majestatis.
2189 1656 2434 1711 Omnem
2466 1671 2597 1711 cum
2627 1661 2814 1711 vestra
2840 1656 3194 1713 beatitudine
3226 1657 3284 1713 in
3310 1658 3468 1716 Chri-

1831 1750 1917 1802 sto
1955 1747 2295 1803 existentem
2341 1749 2757 1805 fraternitatem
2814 1754 2933 1804 tam
2986 1767 3091 1805 nos
3146 1767 3319 1823 quam
3368 1754 3461 1823 qui

1833 1840 2130 1896 nobiscum
2167 1845 2301 1897 sunt
2330 1843 2577 1898 multum
2606 1843 2990 1899 salutavimus.
3026 1845 3163 1899 Data
3204 1861 3300 1901 xm
3345 1846 3464 1901 Kal.

1834 1935 2187 2003 Novembris,
2211 1935 2543 1993 Philemone
2563 1939 2619 1992 et
2638 1936 2819 1994 Attico
2838 1937 2969 1992 viris
2989 1937 3314 1993 clarissimis
3330 1955 3463 1994 con-

1835 2028 2069 2084 sulibus.

1664 2448 2075 2541 LIBERI]
2182 2451 2548 2543 PAPIE.

405 2625 488 2688 Ut
516 2623 740 2687 nullus
761 2642 886 2707 pro
913 2623 1471 2702 persecutionz’bus
1499 2623 1660 2687 dum
1690 2624 1934 2688 durare
1955 2632 2166 2707 potest
2192 2643 2384 2689 suam
2414 2625 2742 2710 relinquat
2774 2626 3158 2692 Ecclesz’am.

186 2779 418 2834 Dominis
447 2778 826 2835 sanctissimis
856 2783 912 2834 ct
942 2781 1058 2835 Deo
1084 2779 1495 2835 amantissimis
1513 2779 1735 2837 univer-

133 2871 190 2925 sis
210 2873 471 2945 episcopis
505 2875 766 2930 LIBERIUS
792 2873 1093 2945 episcopus
1118 2874 1177 2928 in
1200 2873 1443 2929 Domino
1464 2874 1729 2930 salutem.

132 2966 250 3020 Nihil
275 2970 355 3021 est
389 2967 549 3039 quod
581 2968 682 3022 diu
711 2973 862 3023 stare
898 2967 1074 3039 possit
1106 2968 1216 3022 nisi
1244 2967 1344 3023 Dei
1374 2967 1579 3039 gratia.
1612 2969 1729 3023 Cte-

1833 2781 2131 2836 suadeant.
2160 2781 2443 2853 Scriptum
2469 2798 2721 2854 namque
2751 2785 2867 2837 est:
2917 2783 3103 2851 «Quid
3134 2783 3468 2840 retribuam-

1833 2874 2076 2930 Domino
2103 2891 2207 2946 pro
2235 2875 2505 2930 omnibus
2529 2892 2658 2948 qua
2685 2876 2950 2932 retribuit
2979 2876 3121 2931 mihi
3146 2878 3173 2932 ?
3221 2877 3468 2933 Calicem

1832 2969 2088 3023 salutaris
2111 2968 2385 3040 accipiam
2417 2972 2474 3023 et
2506 2985 2718 3026 nomen
2737 2970 2967 3025 Domini
2996 2970 3275 3026 invocabo
3297 2971 3465 3039 (Psal.

131 3063 285 3113 terum
302 3062 561 3132 nequitia
575 3061 787 3116 diaboli
807 3061 1238 3133 contemptibile
1258 3062 1476 3117 malum
1494 3063 1729 3134 plenum
1750 3085 1806 3160 Ο
1833 3077 1954 3128 cxv,
1985 3064 2090 3132 l2).
2122 3084 2149 3111 ››
2197 3064 2442 3118 Tantum
2471 3064 2629 3118 enim
2658 3079 2693 3118 a
2722 3063 2891 3119 nobis
2918 3064 3165 3135 exigitur
3188 3069 3463 3135 quantum

131 3168 316 3208 veneno
344 3154 646 3210 mortifero
673 3155 832 3223 sevit,
880 3155 978 3226 qui
1005 3171 1233 3210 sursum
1264 3159 1435 3227 atque
1463 3155 1728 3212 deorsum
1763 3154 1805 3160 ⁷
1828 3172 2130 3228 possumus
2175 3156 2482 3211 famulatus
2534 3157 2716 3212 nostri
2756 3158 3027 3229 obsequio
3082 3159 3464 3215 commodare.

134 3246 352 3303 «circuit
398 3264 672 3320 quaerens
722 3264 896 3320 quem
963 3249 1196 3304 devoret
1263 3252 1425 3320 (Petr.
1480 3266 1533 3316 v,
1588 3251 1661 3319 8).
1694 3268 1725 3301 δ)

131 3339 259 3395 Unde
282 3342 514 3413 vigilare
539 3345 597 3396 et
610 3341 779 3397 sobrii
809 3359 931 3397 esse
958 3343 1033 3397 ad
1054 3343 1359 3412 orationes,
1391 3348 1449 3397 et
1464 3343 1580 3399 Deo
1599 3359 1729 3414 pro-

131 3432 365 3505 pinquare
380 3436 681 3503 debemus,
698 3440 754 3491 et
775 3435 979 3503 fatuas,
1012 3436 1257 3492 Domino
1284 3435 1611 3503 auxiliante,
1630 3437 1730 3491 ho-

133 3526 316 3582 minum
367 3530 623 3597 insidias,
674 3534 847 3600 prout
883 3530 1154 3584 Dominus
1178 3546 1342 3601 posse
1368 3529 1607 3596 dederit,
1636 3544 1724 3584 re-

132 3635 318 3689 spuere,
343 3628 396 3678 et
436 3628 632 3694 patres
661 3622 841 3695 sequi,
875 3627 931 3678 et
958 3639 1076 3678 non
1102 3622 1425 3695 transgredi
1451 3622 1727 3678 terminos

133 3716 342 3783 patrum,
371 3733 486 3771 non
513 3721 583 3771 ut
608 3719 832 3771 nostras
858 3716 1248 3789 relinquamus
1267 3717 1405 3772 dum
1431 3716 1492 3771 in
1505 3717 1585 3771 eis
1601 3732 1727 3787 per-

135 3807 294 3863 sistere
305 3810 614 3883 aliquando
632 3810 946 3865 valebimus
966 3810 1386 3878 ecclesiasticas,
1408 3812 1470 3864 ut
1498 3810 1568 3865 ad
1589 3810 1727 3865 alias

135 3915 492 3974 properemus,
530 3910 630 3958 aut
660 3904 902 3975 populos
943 3904 1279 3959 commissos
1314 3903 1626 3976 negligere,
1664 3908 1729 3958 ut

133 3994 342 4061 quietem
365 3996 619 4069 amplius
634 4013 807 4068 quam
827 4013 931 4069 pro
951 3998 1033 4053 eis
1053 3997 1369 4064 elaborare,
1399 4014 1500 4068 pro
1519 3997 1727 4069 quibus

132 4087 271 4143 etiam
310 4091 527 4146 animas
575 4107 787 4162 ponere
820 4091 1116 4160 debemus,
1148 4090 1497 4160 studeamus,
1537 4107 1724 4162 quan-

133 4193 273 4248 quam
313 4184 475 4239 multi
520 4200 625 4238 nos
652 4188 1071 4255 persequantur
1098 4188 1154 4239 et
1180 4201 1309 4239 oves
1337 4183 1546 4239 Christi
1576 4184 1723 4239 dila-

132 4287 288 4329 cerare
312 4277 659 4344 desiderant,
690 4277 785 4349 qui
817 4298 845 4327 «
876 4277 1039 4349 quasi
1067 4278 1314 4333 vestibus
1341 4277 1531 4332 ovium
1550 4293 1725 4349 appa-

133 4372 246 4432 rent,
274 4369 418 4425 intus
443 4374 643 4425 autem
670 4376 803 4426 sunt
820 4371 942 4442 lupi
963 4388 1216 4442 rapaces,
1253 4387 1399 4443 quos
1431 4387 1500 4426 ex
1525 4370 1723 4426 fructi-

1828 3249 1990 3305 Unde
2010 3249 2244 3322 quidem
2262 3254 2423 3304 tanto
2441 3250 2606 3305 nobis
2624 3266 2849 3305 necesse
2867 3254 2952 3305 est
2971 3251 3315 3322 importunis
3328 3269 3468 3324 prce-

1828 3343 2206 3397 dicationibus
2237 3343 2513 3410 insistere,
2562 3349 2778 3415 quanto
2803 3344 2969 3398 nobis
2999 3345 3267 3414 perfectae
3291 3362 3464 3416 nego-

1826 3436 2075 3490 tiationis
2112 3436 2363 3491 creditur
2405 3436 2694 3509 duplicata
2734 3436 3083 3491 talentorum
3138 3437 3462 3508 assignatio,

1827 3534 1995 3601 atque
2022 3528 2315 3583 Dominica
2339 3529 2509 3585 nobis
2523 3530 2596 3584 ad
2614 3530 3032 3601 suscipiendam
3060 3530 3181 3601 ejus
3205 3531 3462 3602 requiem

1825 3622 2133 3694 persuadet
2175 3622 2428 3678 assertio.
2486 3623 2826 3695 Suggestum
2886 3640 3134 3695 namque
3179 3624 3342 3679 nobis
3381 3632 3465 3680 est

1825 3716 1982 3789 quod
1998 3732 2102 3788 pro
2118 3716 2423 3787 praeteritis
2441 3717 2728 3772 laboribus
2761 3722 2819 3775 et
2849 3716 3305 3772 infestationibus
3322 3735 3463 3774 non-

1824 3809 1967 3865 nulli
1994 3816 2244 3864 vestrum
2286 3810 2604 3881 assignatas
2635 3811 2861 3866 sibimet
2906 3829 2939 3865 a
2988 3812 3099 3866 Deo
3133 3811 3465 3866 commissas

1826 3903 2158 3975 relinquunt
2182 3903 2396 3974 plebes,
2428 3909 2487 3959 et
2509 3904 2570 3958 in
2597 3904 2793 3959 futuro
2815 3906 3006 3976 plures
3032 3904 3356 3977 relinquere
3376 3897 3463 3960 ve-

1826 3997 2046 4052 linteas
2071 4013 2214 4069 quas
2243 3998 2395 4052 tueri
2445 3998 2653 4053 debent
2686 3997 2972 4067 ecclesias,
3016 4002 3074 4052 et
3120 4014 3222 4068 pro
3262 3998 3462 4053 ovibus

1826 4090 1932 4145 sibi
1961 4090 2276 4146 commissis
2307 4091 2565 4146 laborare
2607 4090 2930 4163 negligunt,
2982 4094 3040 4145 et
3081 4092 3459 4146 monasterio-

1826 4199 1955 4239 rum
1978 4200 2037 4238 se
2064 4185 2241 4255 quieti
2263 4184 2601 4252 contradere
2618 4184 2909 4251 festinent,
2934 4190 2991 4239 et
3017 4184 3367 4240 vacationem
3390 4186 3460 4239 ah

1826 4278 2183 4349 episcopatus
2231 4278 2522 4333 laboribus
2546 4278 2775 4349 eligere,
2810 4284 2867 4333 et
2891 4277 3113 4332 silentio
3143 4282 3311 4349 atque
3342 4279 3460 4333 otio

1826 4370 1998 4425 vitam
2019 4372 2225 4442 degere
2253 4372 2440 4443 magis
2467 4376 2760 4443 appetant,
2790 4388 2965 4442 quam
2992 4372 3051 4425 in
3079 4372 3168 4426 his
3197 4388 3326 4444 quas
3356 4371 3461 4425 sibi

132 4455 211 4512 bus
235 4465 619 4532 cognoscimus
657 4467 871 4536 (Matth.
920 4481 1018 4532 vn,
1068 4469 1152 4532 l5,
1190 4466 1294 4536 l6).
1325 4486 1353 4513 »
1406 4463 1498 4518 Isti
1538 4465 1722 4536 primo
1741 4455 1800 4527 D
1823 4464 2118 4519 commissa
2149 4471 2280 4520 sunt
2304 4481 2669 4536 permanere,
2696 4464 2921 4519 dicente
2954 4465 3232 4519 Domino:
3268 4487 3296 4514 «
3327 4464 3461 4519 Bea-

131 4552 319 4619 quidem
346 4557 618 4613 videntur
642 4575 706 4613 ex
734 4558 897 4613 nobis
929 4575 1072 4624 esse,
1100 4559 1196 4613 sed
1224 4575 1343 4613 non
1371 4562 1505 4613 sunt
1533 4575 1600 4613 ex
1625 4574 1725 4613 no-

131 4641 212 4712 bis,
238 4648 279 4702 si
326 4651 480 4706 enim
530 4651 767 4706 fuissent
800 4668 865 4706 ex
914 4651 1099 4719 nobis,
1133 4652 1478 4707 mansissent
1531 4652 1724 4723 utique

131 4738 401 4799 nobiscum.
430 4744 676 4809 Quando
706 4761 840 4799 vero
868 4760 1032 4799 suam
1067 4746 1426 4800 evomuerint
1459 4745 1721 4817 impieta-

133 4832 244 4900 tem,
271 4835 455 4892 dolum
481 4838 585 4910 qui
612 4838 672 4892 in
708 4838 789 4894 eis
818 4841 904 4893 est
930 4844 1295 4910 erumpentes
1317 4842 1376 4893 et
1402 4839 1721 4910 apprehen-

131 4921 293 4982 dentes
341 4931 710 5002 inﬁrmiores,
769 4937 827 4987 et
875 4948 975 4987 eos
1026 4931 1125 5003 qui
1178 4933 1249 4987 ad
1274 4932 1504 5004 eloquia
1533 4931 1725 4986 divina

133 5031 294 5075 sensus
317 5022 716 5081 inexercitatos
740 5026 972 5094 habent,
1013 5042 1210 5080 secum
1248 5041 1345 5080 eos
1385 5024 1728 5080 contrahunt

132 5109 186 5162 ad
206 5116 586 5186 perditionem,
607 5119 1000 5174 subvertentes
1027 5135 1169 5190 quos
1185 5121 1414 5190 oportet
1428 5117 1726 5190 praeseien-

133 5203 199 5256 tes
218 5222 423 5278 cavere,
449 5229 527 5266 ne
552 5213 770 5267 malitia
789 5229 988 5269 eorum
1008 5212 1243 5284 quidem
1270 5212 1488 5267 seducti
1513 5212 1727 5267 abscin-

133 5293 307 5354 dautur
322 5320 352 5355 a
375 5306 603 5376 propria
628 5306 916 5361 firmitate.
951 5327 979 5356 ‹‹
1002 5308 1302 5361 Exacuunt
1328 5306 1484 5360 enim
1503 5306 1725 5376 linguas

134 5403 237 5443 suas
256 5393 410 5463 juxta
440 5399 728 5470 prophetae
757 5416 975 5467 vocem,
1008 5398 1154 5454 sicut
1191 5403 1506 5471 serpentes.
1538 5399 1723 5453 Vene-

138 5496 251 5539 num
280 5489 530 5560 aspidum
577 5493 681 5547 sub
726 5492 887 5548 labiis
929 5510 1130 5548 eorum
1171 5493 1337 5563 (Psal.
1384 5508 1559 5559 cxxrx,
1592 5492 1663 5563 4).
1692 5513 1722 5542 »

140 5572 229 5630 Nec
249 5596 338 5635 vos
361 5583 546 5655 pigeat
584 5602 686 5657 per
727 5587 1061 5658 temporales
1109 5586 1388 5642 cruciatus
1433 5602 1537 5656 pro
1573 5585 1727 5641 Chri-

138 5667 193 5719 sti
234 5675 452 5731 nomine
500 5678 780 5745 laborem,
830 5680 932 5735 sed
966 5679 1353 5735 emolumenta
1389 5679 1596 5734 futurae
1634 5694 1726 5734 re-

141 5770 515 5825 munerationis
556 5774 726 5848 hujus
754 5774 945 5831 saeculi
970 5773 1296 5833 vexationes
1327 5773 1568 5829 tolerare
1595 5787 1724 5848 per-

1823 4563 1913 4612 tus
1938 4558 2038 4629 qui
2074 4558 2517 4629 perseveraverit
2558 4574 2741 4629 usque
2769 4558 2829 4611 in
2858 4558 3033 4612 finem
3061 4558 3278 4627 (Matth.
3313 4574 3456 4624 xxrv,

1827 4651 1934 4723 l3).
1967 4670 1994 4701 ι)
2034 4652 2194 4706 Unde
2240 4667 2487 4722 namque
2527 4654 2613 4705 est
2663 4651 2831 4705 beata
2866 4650 3310 4722 perseverantia,
3354 4651 3463 4706 nisi

1825 4744 1895 4799 de
1921 4745 2125 4799 virtute
2151 4744 2440 4815 patientiae
2470 4744 2498 4798 ?
2538 4760 2711 4815 quam
2753 4744 3065 4798 secundum
3092 4744 3460 4816 apostolicam

1826 4837 2285 4909 praedicationem
2317 4853 2520 4892 omnes
2543 4837 2641 4908 qui
2678 4837 2962 4892 voluerint
3003 4837 3061 4891 in
3103 4837 3323 4894 Christo
3368 4839 3459 4910 pie

1824 4932 2009 4986 vivere
2055 4931 2510 5003 persecutionem
2563 4930 2880 5001 patiuntur.
2927 4931 3186 5003 Ideoque,
3252 4932 3458 4988 fratres

1826 5024 2159 5091 charissimi,
2194 5040 2310 5080 non
2339 5040 2437 5078 vos
2481 5023 2861 5079 afflictionum
2902 5025 3230 5080 amaritudo
3275 5044 3307 5079 ει
3361 5026 3457 5096 pio

1825 5119 2033 5173 mentis
2062 5120 2262 5173 vestrae
2278 5117 2572 5189 proposito
2602 5122 2848 5173 coarctat
2877 5119 3162 5173 recedere.
3196 5118 3459 5175 Conside-

1825 5215 1949 5266 rate
1971 5227 2215 5283 namque
2241 5213 2452 5283 quanta
2468 5227 2573 5282 pro
2599 5211 2952 5267 absolutione
2975 5212 3156 5267 nostri
3177 5215 3235 5266 et
3256 5211 3457 5265 libera-

1826 5305 1979 5360 tione
2025 5307 2277 5371 Creator,
2339 5305 2724 5377 Dominusque
2785 5310 2842 5360 et
2898 5305 3222 5375 redemptor
3267 5309 3457 5357 noster

1826 5399 2141 5470 pertulerit,
2194 5397 2467 5469 quibusve
2493 5415 2552 5452 se
2577 5398 2935 5453 contumeliis
2960 5396 3317 5451 afficiendum
3348 5399 3457 5449 tra-

1827 5491 2054 5559 diderit,
2086 5497 2146 5546 ut
2172 5508 2273 5546 nos
2290 5508 2324 5546 a
2353 5491 2589 5546 vinculis
2613 5491 2902 5564 potestatis
2931 5489 3221 5544 diabolicae
3248 5488 3453 5543 libera-

1827 5589 1933 5640 ret.
1964 5585 2256 5642 Attendite
2279 5585 2474 5657 itaque
2504 5584 2661 5641 vobis
2689 5588 2748 5640 et
2765 5583 2923 5639 omni
2951 5582 3111 5654 gregi
3134 5582 3193 5636 in
3220 5597 3334 5654 quo
3359 5598 3457 5637 vos

1829 5700 1859 5728 α
1885 5679 2122 5750 Spiritus
2152 5683 2378 5734 sanctus
2398 5678 2687 5733 constituit
2715 5676 3008 5748 episcopos
3042 5691 3240 5746 regere
3266 5676 3453 5731 Eccle-

1828 5771 1971 5828 siam
2011 5773 2107 5828 Dei
2137 5772 2279 5841 (Act.
2324 5789 2413 5839 xx,
2461 5773 2571 5842 28),
2602 5791 2631 5818 »ι
2679 5786 2849 5842 quam
2886 5768 3183 5842 acquisivit
3226 5770 3457 5843 proprie
