3946 6180
503 192 604 247 655

1398 191 1685 246 APPEND.
1729 191 1816 245 AD
1852 189 2014 245 SIEC.
2057 189 2232 242 lX.—-
2273 189 2513 244 ISIDORl
2553 188 2980 244 MERCATORIS
3695 205 3776 257 656

507 298 801 372 sanguine,
832 302 895 354 ut
921 316 1034 354 non
1064 300 1135 355 sit
1159 299 1258 371 qui
1301 316 1398 354 vos
1435 300 1667 372 dicipiat
1684 303 1783 354 aut
1809 300 2037 354 seducat
2074 297 2131 353 in
2153 307 2212 380 Α
2233 303 2491 353 creatura
2517 297 2646 366 alia,
2671 298 2949 369 magistro
2971 299 3226 370 gentium
3243 300 3480 369 docente,
3505 307 3683 375 poterit
3699 327 3780 365 nos

507 393 815 448 subtilitate
846 393 1144 462 sermonis,
1186 396 1251 449 ut
1275 393 1432 448 vobis
1459 394 1652 464 plebes
1682 393 2013 448 commissas
2038 409 2128 448 re-

504 486 792 558 linquatis,
817 490 875 559 et
894 486 1069 558 aliqui
1090 490 1320 559 propter
1337 489 1618 543 malorum
1638 487 2009 559 opprobrium
2037 487 2134 541 ho-

502 580 725 635 minum
754 554 927 652 quieti
956 598 1051 635 vos
1069 581 1324 648 tradatis,
1357 585 1418 635 ut
1448 598 1543 635 vos
1569 581 1922 635 solummodo
1949 580 2128 635 salve-

507 674 576 728 tis
621 680 677 729 et
720 673 865 728 ﬁlios
889 675 1177 746 orphanos
1203 675 1555 746 relinquatis.
1588 675 1952 746 Apertissime
1979 675 2134 728 enim

507 768 747 839 Spiritus
778 773 1002 823 sanctus
1026 785 1128 839 per
1153 769 1484 840 Apostolum
1514 769 1666 836 dicit,
1714 788 1740 820 ‹‹
1774 769 1906 841 quia
1948 768 2005 822 in
2039 785 2136 823 no-

501 861 742 915 vissimis
763 861 1116 932 temporibus
1141 862 1416 916 recedent
1436 862 1673 934 quidam
1697 879 1729 915 a
1744 861 1854 918 ﬁde
1875 865 1933 916 et
1959 863 2135 917 chari-

503 958 635 1021 tate,
665 954 1018 1010 attendentes
1059 955 1350 1025 spiritibus
1366 955 1773 1023 seductoribus,
1794 960 1851 1010 et
1865 956 2134 1011 doctrinis

505 1048 941 1115 daemoniorum,
967 1049 1250 1120 hypocrisi
1275 1049 1560 1104 mendacii
1580 1050 1831 1104 locorum
1862 1049 2135 1105 canteria-

505 1148 625 1197 tam
640 1141 975 1198 habentium
1001 1159 1163 1197 suam
1190 1143 1594 1198 conscientiam
1610 1144 1656 1213 (Ι
1667 1147 1799 1199 Tim.
1832 1161 1905 1210 1v,
1937 1146 2070 1214 l,2).
2103 1163 2130 1196 »

504 1238 741 1306 Propter
768 1237 918 1308 quod
945 1237 1245 1292 hortamur
1262 1243 1502 1293 vestram
1519 1237 1852 1294 charitatem
1871 1238 2132 1309 exemplo

508 1330 631 1399 ejus
650 1329 746 1402 qui
768 1347 872 1401 pro
891 1330 1052 1384 nobis
1082 1331 1198 1402 pati
1226 1331 1420 1398 voluit,
1448 1336 1740 1403 promptos
1765 1349 1860 1386 vos
1884 1331 1943 1387 in
1970 1347 2135 1386 cunc-

504 1424 576 1476 tis
603 1424 724 1493 ejus
774 1440 1115 1495 permanere
1157 1425 1420 1491 servitiis,
1469 1441 1576 1480 nec
1623 1425 1857 1496 quidem
1905 1442 2133 1496 quoquo

506 1515 678 1571 modo
709 1535 742 1572 a
769 1518 1069 1572 commissa
1097 1535 1230 1573 cura
1252 1519 1534 1587 recedere,
1564 1519 1663 1574 sed
1696 1519 1824 1574 totis
1843 1519 2054 1574 viribus
2073 1518 2133 1573 in

508 1611 821 1666 commissis
849 1611 1008 1666 vobis
1023 1611 1268 1683 negotiis
1286 1612 1509 1668 fortiter
1526 1629 1706 1685 usque
1727 1613 1786 1668 in
1814 1613 1987 1669 ﬁnem
2007 1631 2134 1685 per-

2234 407 2493 462 separare
2549 409 2582 446 a
2639 392 2915 447 charitate
2963 392 3190 448 Domini
3243 395 3411 449 nostri
3456 398 3570 452 .lesu
3619 400 3784 458 Christi

2237 486 2401 556 (Rom.
2434 501 2550 554 VIII,
2581 487 2666 552 38,
2704 488 2814 557 39),
2851 490 2928 555 et,
2977 503 3104 557 quae
3132 486 3190 541 in
3219 488 3336 558 ipso
3379 495 3472 557 est,
3516 497 3644 546 recta
3677 495 3780 551 ﬁde.

2232 579 2416 634 Nolite
2448 579 2640 651 itaque
2674 580 2940 636 amittere
2977 579 3373 636 confidentiam
3417 588 3655 654 vestram,
3689 606 3784 660 quae

2234 689 2504 745 magnam
2550 673 2724 728 habet
2776 675 3319 732 remunerationem.
3372 677 3622 734 Patientia
3666 682 3785 739 enim

2234 766 2393 822 nobis
2412 765 2726 822 necessaria
2747 771 2830 822 est
2849 767 2922 823 ad
2944 767 3360 824 colluctatioues
3380 771 3785 843 adversariorum,

2234 865 2514 932 quatenus
2547 860 2722 915 fidem
2765 860 3169 916 intemeratum
3208 879 3386 933 usque
3424 864 3480 919 in
3509 865 3661 921 ﬁnem
3683 885 3784 922 con-

2235 957 2522 1010 servantes
2540 953 3044 1025 repromissionem
3063 957 3452 1027 percipiamus,
3471 973 3622 1028 quam
3639 976 3787 1031 repro-

2233 1048 2387 1103 misit
2424 1047 2514 1102 his
2550 1049 2647 1120 qui
2700 1049 2956 1120 legitime
2995 1054 3212 1104 certare
3255 1050 3611 1123 deproperant
3650 1053 3785 1120 (Hebr.

2234 1158 2287 1209 x,
2318 1145 2404 1207 35,
2434 1143 2542 1210 36).
2579 1162 2606 1191 «
2632 1141 2832 1197 Adhuc
2861 1143 3097 1197 omnino
3119 1144 3400 1199 modicum
3418 1145 3787 1216 aliquantulum,

2235 1233 2283 1306 1
2303 1234 2420 1308 61
2453 1235 2554 1307 qui
2573 1240 2842 1291 venturus
2861 1241 2942 1291 est
2964 1237 3172 1305 veniet,
3197 1240 3383 1294 etnon
3405 1238 3630 1293 tardabit
3649 1241 3787 1307 (Hebr.

2234 1346 2297 1396 x,
2339 1329 2446 1400 37).
2482 1351 2508 1378 ››
2569 1351 2597 1380 ‹‹
2630 1331 2767 1384 Ecce
2804 1330 2956 1384 enim
2986 1331 3167 1401 judex
3206 1335 3335 1387 ante
3372 1333 3592 1402 januam
3635 1333 3792 1388 assistit

2235 1422 2368 1493 (Jac.
2417 1439 2469 1490 v,
2525 1424 2597 1494 9),
2632 1444 2659 1473 ››
2702 1439 2942 1479 coronas
2992 1425 3250 1481 hilariter
3279 1425 3596 1497 promittens
3627 1426 3698 1481 his
3721 1428 3792 1497 qui

2232 1533 2337 1588 pro
2367 1533 2432 1571 eo
2461 1517 2826 1588 passionibus
2851 1517 3281 1574 submittuntur.
3313 1519 3468 1584 Quod
3492 1520 3534 1573 si
3558 1520 3788 1575 subtraxe~

2232 1610 2308 1666 rit
2336 1627 2395 1666 se
2432 1610 2578 1682 quis,
2614 1627 2727 1665 non
2756 1611 3005 1682 placebit
3043 1611 3253 1667 anima:
3301 1631 3433 1679 suae,
3465 1613 3553 1668 sed
3590 1614 3722 1668 cadet
3741 1614 3790 1668 de

503 1707 729 1772 durare,
761 1705 1031 1777 quoniam
1055 1705 1253 1760 beatus
1273 1707 1474 1778 estqui
1494 1707 1939 1778 perseveraverit
1953 1724 2134 1778 usque
2153 1678 2210 1751 Β
2235 1703 2611 1776 promissione
2650 1707 2888 1777 propter
2930 1707 3319 1778 negationem.
3370 1708 3473 1762 Nos
3509 1711 3678 1761 autem
3709 1723 3791 1761 non

503 1799 562 1854 in
579 1798 774 1866 ﬁnem,
795 1815 898 1854 nec
921 1799 1181 1854 laudatur
1207 1799 1460 1867 initium,
1491 1801 1586 1856 sed
1607 1800 1754 1856 ﬁnis.
1785 1821 1813 1850 ‹‹
1842 1801 2017 1856 Nemo
2036 1817 2134 1856 vos

505 1893 736 1948 seducat
749 1891 1013 1947 inanibus
1029 1893 1233 1948 verbis.
1254 1895 1560 1965 Propterea
1578 1894 1732 1950 enim
1756 1894 1910 1950 venit
1927 1894 2010 1949 ira
2029 1895 2132 1950 Dei

501 1987 558 2041 iu
585 1986 728 2041 ﬁlios
755 1986 1088 2042 difﬁdentiae
1121 1987 1334 2058 (Ephes.
1364 2005 1417 2056 v,
1444 1991 1514 2057 6).
1555 2009 1580 2039 »
1629 1987 1806 2044 Nolite
1831 2005 1967 2060 ergo
1987 1989 2134 2045 efﬁci

500 2080 934 2153 comparticipes
955 2097 1155 2135 eorum
1167 2082 1518 2152 dogmatum,
1547 2098 1733 2154 neque
1759 2083 2134 2138 communice-

504 2176 574 2228 tis
600 2174 964 2230 infructuosis
992 2174 1176 2229 verbis
1213 2175 1458 2244 illorum,
1500 2177 1685 2247 magis
1730 2181 1920 2232 autem
1949 2182 2007 2232 et
2042 2193 2130 2232 re-

505 2268 794 2339 darguite;
849 2267 1122 2340 quoniam
1147 2271 1321 2322 ccetus
1365 2269 1868 2340 prmvaricatorum
1896 2274 2046 2341 sunt,
2078 2277 2134 2328 et

505 2363 888 2416 extenderunt
913 2360 1170 2433 linguam
1190 2378 1354 2416 suam
1382 2363 1538 2434 quasi
1554 2380 1750 2420 arcum
1776 2365 2053 2421 mendacii
2077 2370 2135 2420 et

503 2471 617 2509 non
647 2454 924 2523 veritatis,
956 2456 1305 2526 completum
1333 2459 1418 2510 est
1448 2459 1507 2512 in
1527 2457 1628 2524 eis,
1643 2457 1773 2529 quia
1797 2458 1866 2514 de
1889 2459 2039 2514 malo
2059 2460 2131 2514 ad

433 2567 436 2570 '
497 2549 713 2604 malum
754 2549 965 2620 egressi
995 2554 1146 2618 sunt,
1191 2551 1368 2605 etme
1397 2567 1514 2605 non
1543 2557 1950 2622 cognoverunt,
1998 2552 2134 2607 dicit

502 2642 796 2698 Dominus.
830 2642 1134 2698 Veritatem
1152 2643 1307 2698 enim
1322 2660 1440 2699 non
1461 2645 1785 2716 loquentur,
1820 2645 2133 2702 docuerunt

501 2736 656 2791 enim
673 2736 928 2806 linguam
945 2753 1109 2791 suam
1122 2743 1510 2808 persecutores
1525 2738 1883 2794 ecclesiarum
1905 2755 2133 2795 eorum-

504 2846 613 2900 que
639 2829 1005 2884 sacerdotum
1030 2829 1185 2902 loqui
1212 2831 1574 2886 mendacium
1603 2837 1666 2887 ut
1691 2832 1869 2904 impie
1891 2839 2133 2904 agerent

507 2946 531 2973 ‹‹
565 2922 984 2991 laboraverunt,
1015 2927 1072 2978 et
1095 2927 1413 2979 renuerunt
1442 2925 1586 2979 scire
1618 2942 1710 2980 me
1735 2925 1859 2993 (Jer.
1892 2944 1966 2994 1x,
1991 2931 2063 2996 6),
2098 2949 2126 2977 »

2232 1813 2427 1853 sumus
2469 1798 2869 1854 subtractionis
2903 1799 3003 1854 ﬁlii
3029 1800 3086 1854 in
3108 1799 3499 1872 perditionem,
3524 1799 3614 1855 sed
3631 1800 3735 1855 ﬁdei
3749 1801 3790 1854 in

2233 1892 2665 1964 acquisitionem
2687 1893 2914 1948 animae.
2951 1895 3237 1965 «Propter
3258 1894 3408 1966 quod
3423 1895 3664 1949 assumite
3675 1910 3791 1947 arma

2233 1986 2353 2055 Dei,
2381 1991 2446 2041 ut
2469 1987 2692 2058 possitis
2727 1987 2986 2043 resistere
3017 1988 3075 2042 in
3121 1987 3213 2044 die
3260 1988 3412 2044 malo
3439 1989 3678 2044 adversus
3702 2004 3788 2042 um-

2232 2095 2335 2134 nes
2364 2079 2621 2136 inimicos
2660 2087 2865 2136 sanctae
2907 2082 3006 2139 Dei
3045 2083 3309 2137 Ecclesim
3348 2088 3402 2138 et
3430 2086 3638 2147 vestros,
3661 2082 3788 2135 etin-

2235 2172 2390 2228 duite
2429 2191 2529 2229 vos
2571 2175 2742 2230 lorica
2775 2174 3033 2246 justitiaa,
3071 2176 3302 2230 calceati
3340 2176 3505 2248 pedes
3545 2175 3597 2230 in
3621 2192 3787 2247 prepa-

2233 2266 2450 2321 ratione
2503 2267 2791 2338 Evangelii
2834 2268 3013 2339 pacis,
3078 2269 3140 2323 in
3184 2269 3454 2324 omnibus
3506 2273 3791 2323 assumentes

2235 2364 2454 2414 scutum
2494 2361 2643 2428 ﬁdei,
2677 2360 2736 2416 in
2782 2379 2894 2433 quo
2932 2362 3154 2434 possitis
3197 2363 3392 2417 omnia
3422 2363 3593 2433 jacula
3615 2360 3789 2432 nequis-

2233 2453 2360 2508 simi
2387 2453 2571 2524 ignita
2600 2454 2985 2527 exstinguere.
3030 2457 3100 2511 Et
3129 2456 3357 2528 galeam
3387 2455 3569 2510 salutis
3590 2453 3789 2525 accipite,

2233 2550 2289 2602 et
2312 2547 2566 2619 gladium
2593 2548 2846 2620 spiritus,
2879 2550 3033 2621 quod
3059 2555 3146 2605 est
3182 2551 3423 2605 verbum
3453 2549 3558 2617 Dei,
3586 2565 3673 2620 per
3699 2563 3789 2602 om-

2234 2657 2368 2694 nem
2397 2641 2715 2696 orationem
2746 2646 2803 2696 et
2825 2642 3280 2698 obsecrationem
3304 2642 3530 2698 radicati
3550 2645 3600 2697 et
3621 2639 3792 2695 fundati

2231 2736 2292 2790 in
2337 2735 2538 2790 solatio
2574 2735 2817 2790 fratrum
2862 2752 2966 2807 pro
2993 2736 3213 2792 Christo
3245 2739 3379 2792 Jesu
3406 2736 3624 2792 Domino
3647 2738 3792 2790 nostro

2235 2829 2444 2898 (Ephes.
2490 2844 2566 2895 v1,
2607 2831 2691 2897 l3,
2743 2830 2846 2900 14).
2881 2850 2908 2878 ››
2965 2851 2992 2880 ‹‹
3021 2829 3136 2885 Sed
3163 2835 3220 2884 et
3249 2847 3422 2898 nunc,
3453 2830 3650 2898 fratres,
3676 2842 3789 2882 com-

2231 2921 2578 2976 mendamus
2604 2939 2703 2976 vos
2737 2938 2934 2978 omnes
2961 2923 3204 2978 Domino
3225 2926 3288 2979 et
3312 2924 3477 2980 verbo
3499 2923 3672 2995 gratiae
3689 2920 3790 2990 ejus,

503 3016 637 3071 dicit
662 3016 950 3072 Dominus.
989 3038 1015 3065 ‹‹
1048 3018 1202 3072 State
1231 3033 1369 3089 ergo
1405 3035 1520 3086 vos,
1555 3019 1926 3089 dilectissimi,
1962 3037 2132 3092 super
2151 3047 2206 3122 Ο
2233 3016 2330 3086 qui
2354 3020 2536 3087 potest
2564 3015 2842 3087 perficere
2872 3021 2928 3071 et
2955 3017 3089 3072 dare
3119 3017 3516 3074 haereditatem
3542 3014 3676 3071 vobis
3697 3029 3790 3068 cum

503 3111 640 3177 vias,
674 3115 732 3164 et
759 3109 964 3177 videte,
999 3109 1349 3183 interrogate
1381 3112 1449 3167 de
1471 3112 1690 3169 semitis
1738 3114 1964 3169 Domini
1992 3115 2132 3170 anti-

503 3203 650 3275 quis,
686 3210 741 3259 et
766 3204 952 3260 videte
977 3221 1104 3276 quae
1131 3210 1215 3260 est
1243 3205 1332 3260 via
1351 3206 1504 3261 bona
1523 3213 1848 3263 sanctorum
1878 3212 2126 3279 patrum,

503 3301 560 3351 et
585 3297 874 3353 ambulate
906 3297 964 3353 in
993 3314 1081 3364 ea,
1115 3303 1172 3353 et
1197 3298 1500 3355 invenietis
1532 3301 1794 3372 requiem
1835 3302 2130 3357 animabus

504 3391 695 3446 vestris
735 3392 950 3463 (Matth.
982 3409 1058 3460 x1,
1093 3392 1203 3463 29).
1235 3413 1262 3441 »
1305 3393 1410 3449 Sed
1451 3399 1509 3448 et
1535 3394 1579 3448 si
1610 3395 1870 3465 patimini
1897 3400 2131 3468 propter

502 3486 783 3541 Christum
794 3528 807 3555 ,
821 3485 975 3556 beati
991 3486 1168 3553 eritis,
1185 3489 1402 3542 metum
1418 3493 1607 3542 autem
1623 3505 1823 3544 eorum
1842 3507 1911 3544 ne
1923 3490 2131 3546 timue-

501 3579 640 3646 ritis,
682 3596 866 3650 neque
913 3580 1355 3648 conturbemini,
1387 3582 1696 3636 Dominum
1726 3587 1921 3638 autem
1955 3585 2129 3640 Deum

501 3673 847 3729 sanctiﬁcate
871 3673 929 3728 in
958 3673 1223 3729 cordibus
1249 3675 1466 3743 vestris,
1501 3675 1620 3746 ipso
1643 3676 1865 3731 dicente
1899 3693 1913 3731 :
1957 3697 1984 3730 «
2017 3679 2124 3732 No-

497 3767 597 3821 lite
619 3766 822 3822 timere
849 3783 945 3822 eos
965 3767 1063 3838 qui
1093 3784 1300 3839 corpus
1328 3768 1611 3836 occidunt,
1655 3769 1905 3824 animam
1933 3774 2128 3826 autem

500 3877 614 3916 non
641 3864 875 3932 possunt
902 3861 1177 3930 occidere,
1203 3861 1299 3916 sed
1319 3862 1511 3934 potius
1529 3879 1660 3918 eum
1680 3864 1878 3919 timete
1903 3865 2002 3936 qui
2026 3881 2126 3935 po-

498 3958 610 4011 test
638 3956 895 4010 animam
913 3960 970 4010 et
985 3971 1191 4025 corpus
1211 3955 1451 4026 perdere
1470 3956 1529 4010 in
1548 3957 1897 4027 gehennam.
1927 3959 2127 4012 Nonne

498 4051 613 4104 duo
642 4065 900 4120 passeres
937 4064 1058 4102 asse
1085 4053 1352 4115 veneunt,
1383 4051 1440 4102 et
1464 4065 1614 4104 unus
1653 4067 1717 4104 ex
1749 4050 1860 4105 illis
1888 4067 2005 4106 non
2032 4067 2122 4105 ca-

501 4143 597 4196 dct
621 4158 791 4212 super
818 4147 1031 4196 terram
1061 4142 1182 4196 sine
1211 4144 1373 4197 Patre
1400 4145 1587 4197 vestro
1614 4143 1640 4197 ?
1661 4143 1839 4197 Vestri
1857 4147 2047 4198 autem
2073 4149 2128 4200 et

501 4234 690 4304 capilli
720 4234 918 4305 capitis
947 4251 1146 4289 omnes
1177 4235 1462 4289 numerati
1488 4239 1638 4290 sunt.
1681 4237 1860 4291 Nolite
1893 4253 2029 4308 ergo
2054 4239 2125 4292 ti-

499 4343 680 4396 mere,
721 4328 914 4382 multis
957 4328 1276 4399 passeribus
1314 4328 1579 4384 meliores
1609 4345 1705 4384 vos
1748 4330 1880 4386 estis
1907 4333 2122 4400 (Matth.

2231 3108 2497 3164 omnibus
2529 3107 2735 3164 sanctis
2763 3110 2900 3178 (Act.
2932 3125 3020 3177 xx,
3051 3110 3158 3180 32).
3191 3132 3218 3158 ››
3285 3130 3312 3163 α
3343 3113 3460 3182 Ipse
3502 3112 3668 3165 autem
3687 3108 3790 3160 Deus

2231 3202 2384 3273 pacis
2404 3206 2462 3257 et
2485 3200 2808 3258 dilectionis
2833 3203 2932 3257 det
2956 3203 3112 3258 vobis
3141 3203 3393 3274 idipsum
3408 3220 3590 3275 sapere
3608 3202 3659 3256 in
3674 3201 3793 3255 alter-

2229 3301 2422 3350 utrum
2449 3297 2616 3358 (Rom.
2650 3312 2744 3363 xv,
2780 3298 2850 3366 5),
2890 3318 2918 3346 »
2961 3301 3025 3352 ut
3068 3297 3223 3351 vobis
3278 3297 3514 3352 invicem
3559 3307 3790 3351 succurra-

2230 3389 2302 3443 tis
2327 3392 2385 3442 et
2415 3404 2527 3442 non
2554 3389 2676 3442 sitis
2725 3389 2907 3457 divisi,
2942 3394 3004 3445 ut
3031 3391 3334 3446 unanimes
3365 3408 3473 3446 uno
3503 3406 3608 3457 ore,
3644 3393 3689 3443 et
3711 3401 3791 3439 uno

2229 3483 2396 3537 corde
2437 3482 2883 3537 honoriﬁcemus
2922 3501 3052 3539 eum
3095 3484 3157 3539 in
3187 3484 3490 3540 concordia
3514 3487 3568 3540 et
3592 3481 3792 3538 consola-

2228 3577 2380 3630 tione
2408 3576 2667 3643 fratrum,
2695 3576 2791 3647 qui
2818 3580 3023 3649 potest,
3052 3578 3400 3634 conﬁrmare
3430 3595 3525 3634 nos
3543 3574 3791 3632 secundum

2228 3669 2597 3740 Evangelium
2620 3671 2740 3740 ejus
2751 3670 2920 3740 juxta
2939 3672 3350 3728 revelationem
3367 3671 3608 3744 mysterii
3625 3666 3791 3730 aster-ni,

2228 3762 2580 3834 temporibus
2612 3763 2826 3818 scilicet
2862 3766 3169 3836 perpetuis,
3215 3767 3428 3838 quibus
3457 3765 3602 3821 vobis
3627 3763 3791 3817 futuro-

2228 3873 2356 3910 rum
2381 3855 2722 3928 gaudiorum
2741 3857 3034 3929 largienda
3055 3864 3190 3914 sunt
3204 3876 3468 3917 munera.
3487 3861 3792 3926 Summopere

2229 3949 2400 4005 etiam
2433 3950 2796 4005 considerare
2826 3951 3060 4020 debetis,
3092 3953 3248 4024 quod
3275 3954 3335 4010 hi
3375 3954 3471 4027 qui
3498 3947 3794 4008 fratribusin-

2228 4044 2438 4110 vident,
2469 4061 2680 4116 eosque
2709 4045 2984 4100 damnare
3012 4052 3110 4102 aut
3129 4048 3379 4119 perdere
3402 4047 3638 4120 cupiunt,
3662 4059 3740 4115 per
3753 4055 3794 4092 se

2227 4154 2328 4191 sua
2341 4137 2614 4209 dogmata
2629 4138 2960 4207 destruunt;
2985 4139 3120 4195 dicit
3131 4141 3287 4196 enim
3303 4142 3590 4198 Dominus:
3615 4158 3638 4190 α
3658 4137 3792 4192 Omne

2226 4247 2475 4302 regnum
2506 4231 2565 4286 in
2601 4248 2658 4286 se
2691 4231 2937 4288 divisum
2967 4249 3085 4288 non
3113 4234 3289 4290 stabit
3315 4235 3524 4306 (Matth.
3555 4249 3638 4298 m,
3663 4229 3748 4299 35),
3774 4247 3790 4270 ιι

2227 4329 2285 4379 et
2328 4324 2515 4380 omnis
2558 4325 2792 4393 scientia
2847 4331 2905 4381 et
2950 4327 3043 4382 lex
3091 4327 3396 4384 adversum
3439 4345 3496 4383 se
3532 4325 3681 4382 divisa
3709 4335 3793 4374 non

497 4438 550 4485 x,
581 4423 790 4490 28-31).
825 4443 851 4471 ››
894 4421 1374 4477 Rememoramini
1417 4438 1577 4493 ergo,
1608 4422 1830 4490 fratres,
1865 4441 1996 4479 eum
2026 4426 2122 4497 qui
2142 4417 2201 4490 D
2224 4419 2409 4474 stabit.
2458 4419 2698 4490 Ideoque
2742 4435 2998 4476 necessse
3029 4424 3112 4476 est
3140 4426 3203 4476 ut
3227 4421 3575 4478 concorditer
3601 4415 3794 4474 salubres

498 4517 669 4572 talem
697 4515 966 4571 sustinuit
994 4533 1024 4570 a
1051 4516 1445 4587 peccatoribus
1467 4516 1734 4572 adversus
1762 4519 2128 4591 semetipsum

500 4610 1026 4679 contradictionem,
1067 4616 1132 4666 ut
1176 4627 1245 4664 ne
1297 4608 1616 4681 fatigemini
1665 4611 1870 4666 animis
1927 4614 2128 4670 vestris

501 4705 846 4770 deﬁcientes,
878 4704 1139 4760 nondum
1166 4704 1319 4759 enim
1343 4720 1520 4777 usque
1544 4705 1614 4760 ad
1642 4705 1984 4775 sanguinem
2010 4723 2126 4762 cer-

499 4799 744 4853 tavimus
770 4799 1038 4854 adversus
1059 4803 1356 4869 peccatum
1384 4803 1790 4869 repugnantes.

569 4893 924 4949 Conﬁdimus
970 4897 1160 4948 autem
1209 4892 1282 4947 de
1323 4891 1504 4961 vobis,
1549 4893 1754 4947 fratres
1791 4893 2123 4961 charissimi,

501 4987 737 5041 meliora
766 4991 822 5041 et
847 4987 1119 5042 viciniora
1134 4986 1350 5054 salutis,
1373 4987 1506 5057 quia
1535 5003 1722 5058 neque
1754 5004 1924 5056 mors,
1943 5004 2126 5060 neque

499 5080 632 5149 vita,
664 5096 848 5152 neque
876 5080 1084 5152 angeli,
1124 5097 1313 5152 neque
1342 5081 1710 5153 principatus,
1749 5098 1937 5153 neque
1963 5086 2121 5154 pote-

498 5176 690 5240 states,
732 5189 920 5244 neque
957 5174 1244 5240 instantia,
1286 5191 1474 5245 neque
1501 5174 1710 5243 futura,
1752 5191 1937 5246 neque
1965 5175 2122 5230 forti-

498 5266 667 5334 tudo,
714 5283 900 5338 neque
961 5266 1229 5334 altitudo,
1281 5284 1470 5339 neque
1509 5268 1880 5338 profundum,
1937 5285 2124 5340 neque

2228 4511 2546 4586 suscipiatis
2569 4513 2852 4580 hortatus,
2876 4518 2932 4568 et
2950 4514 3093 4569 nihil
3117 4531 3220 4586 per
3238 4516 3646 4572 contentionem
3662 4523 3791 4580 agen-

2228 4611 2330 4674 tes,
2372 4605 2472 4660 sed
2501 4605 2574 4660 ad
2604 4623 2776 4662 omne
2812 4607 3065 4663 studium
3091 4609 3409 4665 devotionis
3436 4607 3701 4664 unanimes
3729 4600 3792 4654 di-

2228 4699 2370 4754 vinis
2408 4703 2464 4754 et
2497 4699 2822 4771 apostolicis
2866 4703 3368 4760 constitutionibus
3412 4700 3658 4776 parcatis,
3683 4695 3792 4751 etin

2227 4799 2380 4852 nullo
2428 4798 2727 4870 patiamini
2763 4801 3260 4870 providentissima
3296 4819 3574 4859 canonum
3618 4796 3793 4854 decreta

2228 4891 2444 4959 violari,
2469 4896 2753 4964 quatenus
2775 4896 2832 4947 ct
2848 4893 3208 4951 Nicmnorum
3228 4913 3507 4952 canonum
3531 4891 3790 4951 constituta.

2228 4990 2284 5040 et
2311 5002 2439 5059 quae
2475 5002 2508 5040 a
2548 4985 2714 5041 nobis
2757 4988 2844 5042 vel
2885 5005 2917 5042 a
2960 4988 3468 5060 praedecessoribus
3491 4988 3672 5045 nostris
3696 4985 3794 5036 sunt

2225 5080 2458 5151 provide
2502 5086 2559 5137 et
2603 5080 2906 5137 salubriter
2943 5082 3192 5152 decreta,
3237 5083 3584 5149 intemerata,
3613 5090 3791 5150 perma-

2227 5179 2398 5229 neant
2427 5174 2488 5228 in
2513 5175 2724 5229 futuro.

2745 5354 3787 5379 _______________________.

1102 5365 1673 5518 lNCIPIUNT
1760 5427 2285 5520 DECRETA
2371 5365 2792 5521 DAMXsI
2888 5431 3221 5525 PAP/E

591 5614 595 5620 .
619 5560 864 5632 Epistola
889 5558 1128 5628 ejusdem
1155 5557 1237 5640 ad_
1253 5557 1548 5612 Paulinum
1575 5557 1966 5613 Antiochenam

1149 5643 1473 5699 episcopum.

563 5725 603 5777 ἶ.
632 5723 795 5788 Quod
830 5723 1118 5794 integrum
1170 5720 1464 5779 hominem
1507 5723 1811 5795 susceperit
1839 5722 1958 5782 sine
1989 5740 2118 5796 pec-

495 5816 639 5868 cato.

2293 5561 2360 5615 ll.
2404 5560 2565 5624 Quod
2619 5576 2765 5615 unus
2799 5561 2872 5615 sit
2911 5562 3164 5619 Christus
3189 5568 3317 5619 ante
3351 5562 3550 5618 saecula
3579 5576 3634 5613 ex
3667 5558 3789 5611 Patre

2224 5659 2407 5713 natus.
2443 5653 2585 5709 etin
2615 5658 2870 5726 tempore
2899 5671 2967 5711 ex
2997 5657 3228 5729 Virgine
3255 5657 3456 5712 editus.

2293 5746 2692 5806 Dilectisssimo
2727 5748 2886 5806 fratri
2912 5750 3157 5809 PAULINO
3188 5753 3454 5821 Duasus,
