3946 6180
159 273 241 325 657

212 384 295 437 Per
320 380 486 434 filium
513 395 708 435 meum
729 379 962 435 Vitalem
993 381 1064 435 ad
1084 384 1141 434 te
1162 381 1367 451 scripta
1387 379 1725 447 direxeram,
1752 390 1810 465 Α

159 481 247 529 [ατε
267 475 513 530 voluntati
540 479 597 530 et
626 479 727 530 tuo
752 474 971 546 judicio
1004 473 1198 530 omnia
1221 474 1642 546 derelinquens,
1673 478 1730 528 et

155 586 235 641 per
251 571 456 624 Petrum
477 569 866 640 presbyterum
890 569 1274 624 indicaveram
1297 585 1388 623 me
1409 569 1468 623 in
1490 568 1729 623 articulo

144 664 242 736 jam
280 662 619 733 perfectionis
658 664 779 734 ejus
813 663 1004 736 aliqua
1044 680 1110 717 ex
1159 667 1319 734 parte
1358 667 1726 718 commotum.

150 757 282 812 Unde
312 763 366 812 ut
388 757 569 811 nullus
602 757 702 812 tibi
730 758 1024 828 scrupulus
1058 755 1354 823 resideret,
1383 773 1454 813 ne
1479 757 1730 812 volentes

150 852 346 907 forsitan
375 851 628 906 Ecclesia;
657 851 912 923 copulari
932 856 1028 906 tua
1059 849 1248 905 cautio
1276 851 1604 921 prmblauda
1625 851 1730 905 dif-

149 948 293 1001 ferret
330 945 514 1012 tidem,
557 945 819 1000 misimus
860 949 1136 1012 nostram,
1164 949 1278 999 tam
1329 944 1450 1012 tibi,
1483 944 1578 1016 qui
1609 945 1729 1016 ejus

148 1039 252 1095 ﬁdei
288 1039 786 1111 communionique
827 1039 1081 1105 sociaris,
1111 1055 1286 1111 quam
1328 1038 1414 1092 his
1449 1037 1543 1110 qui
1572 1039 1631 1092 in
1663 1054 1730 1092 ea

147 1133 517 1188 subscribentes
548 1133 650 1188 tibi
678 1139 733 1188 et
758 1133 918 1188 nobis
947 1149 1053 1203 per
1091 1136 1144 1188 te
1174 1135 1479 1188 voluerunt
1506 1131 1726 1198 sociari,

147 1225 464 1281 dilectissime
493 1226 689 1282 frater.
723 1228 1084 1298 Quapropter
1108 1225 1154 1280 si
1188 1225 1548 1297 supradictus
1581 1225 1728 1280 ﬁlius

145 1336 278 1374 meus
318 1319 500 1374 Vitalis
544 1322 599 1374 et
647 1319 708 1374 hi
751 1321 850 1392 qui
885 1337 1015 1374 cum
1051 1337 1120 1375 eo
1157 1323 1289 1375 sunt
1316 1319 1417 1374 tibi
1448 1317 1731 1374 voluerint

144 1413 428 1484 aggregari,
473 1413 726 1484 primum
775 1413 944 1470 debet
982 1413 1042 1469 in
1086 1431 1155 1468 ea
1200 1413 1564 1486 expeditione
1596 1413 1729 1468 fidei

143 1506 450 1562 subscribere
487 1523 616 1579 qua:
654 1508 806 1580 apud
848 1509 1094 1564 Nicaeam
1133 1508 1229 1580 pia
1261 1509 1490 1563 Patrum
1520 1505 1724 1562 volun-

142 1603 230 1655 tate
257 1600 468 1656 ﬁrmata
501 1603 607 1656 est.

193 1695 226 1748 Ι.
248 1694 465 1764 Deinde,
483 1695 763 1768 quoniam
784 1712 955 1751 nemo
976 1697 1164 1767 potest
1183 1695 1388 1751 futuris
1401 1695 1727 1752 vulneribus

141 1787 368 1842 adhibere
412 1789 785 1859 medicinam,
817 1790 1048 1844 heresis
1087 1789 1425 1846 eradicanda
1454 1794 1559 1860 est,
1599 1757 1805 1862 quaeB

138 1884 298 1952 postea
316 1882 370 1937 in
402 1882 635 1939 Oriente
657 1883 866 1939 dicitur
884 1884 1220 1955 pullulasse;
1243 1883 1301 1938 id
1325 1887 1430 1952 est,
1459 1883 1728 1940 conﬁten-

139 1974 222 2027 dns
237 1979 311 2029 est
338 1976 452 2048 ipse
484 1977 780 2048 sapientiae
811 1977 1000 2045 Filius,
1025 1977 1126 2032 Dei
1154 1977 1373 2047 Sermo,
1408 1977 1727 2033 humanum

138 2068 402 2140 suscepisse
449 2086 685 2143 corpus,
732 2071 1008 2139 animam,
1050 2087 1300 2140 sensum,
1343 2070 1398 2126 id
1447 2077 1532 2126 est
1579 2071 1725 2127 inte-

137 2177 273 2231 grum
299 2164 472 2218 Adam
503 2167 584 2232 et,
616 2167 678 2219 ut
703 2165 1021 2236 expressius
1047 2164 1250 2234 dicam,
1274 2167 1459 2221 totum
1474 2170 1728 2221 veterem

134 2259 353 2311 nostrum
401 2257 521 2312 sine
567 2263 800 2330 peccato
843 2246 1159 2314 hominem.
1195 2258 1351 2314 Sicut
1392 2259 1544 2314 enim
1586 2276 1724 2315 con-

136 2348 321 2404 litantes
345 2367 475 2406 eum
506 2352 836 2408 humanum
863 2369 1070 2424 corpus
1096 2352 1426 2424 suscepisse,
1460 2369 1578 2408 non
1610 2358 1726 2408 sta-

135 2442 218 2497 tim
242 2443 284 2498 ei
311 2449 363 2499 et
388 2445 681 2501 humanas
705 2447 974 2501 vitiorum
1009 2446 1380 2518 adjungimus
1411 2445 1724 2518 passiones,

133 2535 192 2589 ita
211 2541 261 2590 et
276 2538 520 2597 dicentes
544 2556 677 2596 eum
703 2541 1012 2613 suscepisse
1034 2545 1092 2596 et
1111 2539 1361 2596 hominis
1386 2540 1645 2597 animam
1671 2545 1729 2596 et

132 2645 345 2701 sensum,
376 2650 490 2688 non
523 2633 721 2688 statim
747 2633 988 2691 dicimus
1013 2640 1071 2690 et
1090 2633 1504 2706 cogitationum
1527 2635 1729 2691 huma-

133 2739 302 2780 narum
333 2727 678 2796 subjacuisse
710 2733 962 2800 peccato.

185 2819 236 2872 II.
266 2819 317 2874 Si
357 2821 483 2892 quis
529 2826 725 2878 autem
776 2822 984 2878 dixerit
1022 2823 1271 2878 Verbum
1317 2839 1420 2895 pro
1469 2824 1724 2880 humano

132 2927 268 2966 sensu
297 2914 352 2968 in
379 2915 612 2971 Domini
643 2933 810 2972 carne
831 2918 1304 2988 versatum,hunc
1329 2918 1599 2974 catholica
1621 2920 1722 2974 Ec-

132 3004 266 3060 clesia
288 3010 752 3079 anathematizat,
775 3027 1002 3066 necnon
1024 3014 1084 3066 et
1103 3028 1198 3067 eos
1219 3011 1318 3084 qui
1344 3011 1485 3068 duos
1516 3013 1572 3066 in
1602 3013 1723 3067 Sal-

131 3105 288 3156 vatore
314 3102 451 3158 ﬁlios
475 3104 844 3173 confitentur,
874 3105 932 3159 id
964 3108 1050 3160 est
1084 3123 1260 3160 unum
1297 3109 1430 3161 ante
1463 3107 1720 3161 incarna-
1746 3132 1800 3206 Ο

129 3195 328 3262 tionem,
354 3201 411 3252 et
437 3199 615 3253 aliter
642 3204 769 3269 post
803 3199 1254 3270 assumptionem
1293 3200 1475 3254 carnis
1502 3217 1570 3256 ex
1601 3200 1723 3255 Vir-

130 3286 253 3356 gine,
271 3290 361 3344 sed
387 3291 664 3346 eumdem
686 3293 785 3347 Dei
814 3293 1042 3359 Filium,
1059 3296 1117 3348 et
1136 3297 1267 3348 ante
1284 3298 1341 3349 et
1363 3299 1559 3367 postea
1585 3311 1725 3349 con-

128 3379 360 3438 ﬁteantur
380 3386 716 3456 quicunque
734 3386 865 3440 huic
891 3386 1146 3458 epistolas
1168 3387 1520 3442 subscribere
1541 3387 1728 3443 volue-

127 3472 236 3541 rint,
261 3477 334 3532 ita
377 3481 584 3534 tamen
627 3484 694 3534 ut
733 3480 777 3534 si
811 3485 867 3534 et
898 3480 958 3534 in
997 3480 1385 3536 ecclesiasticis
1419 3481 1726 3536 canonibus

125 3583 240 3637 quos
261 3572 465 3642 optime
491 3572 670 3640 nosti,
703 3577 761 3629 et
801 3573 859 3628 in
901 3573 1185 3629 Nicaenam
1218 3575 1390 3630 fidem
1420 3579 1550 3630 ante
1589 3575 1724 3630 sub-

126 3661 432 3734 scripserint,
462 3668 624 3723 hunc
653 3667 855 3723 debeas
883 3667 1096 3739 absque
1124 3668 1315 3740 aliqua
1351 3667 1726 3739 ambiguitate

126 3757 388 3829 suscipere.
417 3761 552 3816 Non
577 3761 733 3834 quod
758 3761 884 3816 haec
922 3761 1047 3832 ipsa
1083 3778 1211 3833 qum
1236 3778 1343 3816 nos
1372 3762 1722 3834 scripsimus,

126 3863 218 3903 non
254 3855 574 3922 poterimus
611 3855 1071 3912 convertentium
1123 3855 1468 3928 susceptioni
1514 3873 1722 3928 propo-

127 3957 251 4011 nere,
299 3949 392 4003 sed
433 3949 600 4021 quod
645 3949 746 4004 tibi
794 3966 1100 4006 consensus
1146 3953 1337 4006 noster
1377 3950 1622 4006 liberum
1665 3951 1724 4006 in

127 4039 446 4111 suscipiendo
472 4043 693 4100 tribuat
719 4044 1061 4117 exemplum.

353 4193 616 4262 Synodus
643 4197 880 4250 Romana
910 4193 1008 4248 sub
1039 4197 1268 4249 Damaso
1286 4211 1456 4265 papa.

178 4324 292 4379 Post
325 4327 623 4382 Nieamum
663 4327 966 4382 concilium
1011 4328 1166 4383 aliud
1201 4329 1260 4383 in
1297 4328 1439 4384 urbe
1467 4329 1728 4384 Romana

124 4422 285 4482 postea
313 4423 736 4491 congregatum
761 4424 866 4489 est,
889 4438 1002 4494 quo
1026 4422 1282 4476 catholici
1304 4422 1551 4492 episcopi
1572 4422 1729 4477 addi-

1358 268 1831 326 DECRETALIUM
1869 270 2249 326 COLLECTIO.

3365 288 3467 342 658

1830 378 2262 433 thematizamus
2307 396 2401 435 eos
2450 381 2551 452 qui
2598 383 2738 438 duos
2778 385 2923 440 ﬁlios
2959 395 3236 458 asserunt,
3278 408 3462 449 unum

1832 477 1961 526 ante
1995 473 2216 539 szrcula,
2244 476 2302 526 et
2340 474 2582 530 alterum
2620 482 2750 548 post
2785 483 3244 554 assumptionem
3276 490 3463 544 carnis

1832 583 1903 620 ex
1940 565 2190 636 Virgine.
2222 568 2787 628 Anathematizamus
2823 590 2917 630 eos
2953 577 3051 647 qui
3079 593 3182 649 pro
3209 579 3461 638 hominis

1830 659 2026 714 anima
2047 659 2308 716 rationali
2331 665 2389 716 et
2408 661 2753 734 intelligibili
2778 667 2972 724 dicunt
2999 671 3099 726 Dei
3132 673 3378 730 Verbum
3401 677 3461 732 in

1831 752 2082 808 humana
2112 771 2280 809 carne
2311 759 2598 812 versatum
2623 775 2752 814 cum
2772 761 2892 832 ipse
2922 763 3093 819 Filius
3116 766 3188 822 sit
3211 769 3459 825 Verbum

1831 847 1952 914 Dei,
1987 850 2043 902 et
2084 864 2188 918 pro
2232 847 2424 904 anima
2477 850 2738 907 rationali
2787 859 2845 910 et
2883 856 3229 929 intelligibili
3258 862 3318 918 in
3359 881 3460 920 suo

1831 957 2065 1012 corpore
2114 941 2305 1012 fuerit,
2337 944 2435 999 sed
2478 949 2751 1016 nostram,
2780 947 2838 1002 id
2887 954 2992 1021 est,
3024 953 3360 1012 rationalem
3403 962 3462 1014 et

1829 1033 2253 1107 intelligibilem
2285 1036 2404 1092 sine
2425 1043 2661 1110 peccato
2684 1040 2933 1098 animam
2959 1049 3268 1119 susceperit
3287 1056 3459 1123 atque

1830 1127 2146 1185 salvaverit.
2211 1131 2764 1190 Anathematizamus
2821 1152 2914 1192 eos
2968 1140 3067 1210 qui
3116 1157 3312 1197 verum
3364 1146 3462 1201 Dei

1830 1221 2034 1277 Filium
2061 1224 2390 1280 extensione
2410 1229 2509 1280 aut
2533 1229 2868 1285 collectione
2892 1236 2948 1286 et
2973 1249 3006 1286 a
3031 1234 3194 1290 Patre
3226 1252 3458 1308 separa-

1827 1320 1953 1370 tum
1998 1316 2058 1371 in
2102 1316 2518 1376 substantivum
2560 1326 2618 1377 et
2652 1321 2715 1376 in
2752 1323 2928 1380 ﬁnem
2971 1325 3302 1384 habiturum
3341 1347 3460 1387 esse

1827 1409 2205 1467 contendunt.
2256 1412 2314 1467 Si
2360 1413 2488 1486 quis
2533 1431 2647 1471 non
2697 1416 2908 1474 dixerit
2943 1435 3170 1493 semper
3210 1424 3456 1494 Patrem,

1829 1520 2057 1575 semper
2078 1504 2301 1574 Filium,
2315 1523 2544 1580 semper
2558 1509 2830 1582 Spiritum
2851 1517 3132 1583 sanctum,
3152 1518 3461 1575 anathema

1826 1596 1916 1652 sit.
1952 1595 2010 1652 Si
2053 1598 2180 1669 quis
2213 1615 2332 1655 non
2377 1601 2580 1656 dixerit
2618 1603 2822 1660 Filium
2857 1609 3056 1662 natum
3088 1607 3158 1664 de
3187 1611 3372 1679 Patre,
3401 1613 3460 1668 id

1830 1693 1916 1744 est
1935 1690 2004 1745 de
2035 1691 2352 1748 substantia
2384 1693 2573 1750 divina
2597 1695 2792 1767 ipsius,
2821 1701 3121 1757 anathema
3139 1703 3229 1759 sit.
3255 1704 3312 1760 Si
3332 1707 3461 1778 quis

1828 1800 1942 1839 non
1991 1784 2198 1842 dixerit
2233 1787 2483 1844 Verbum
2524 1790 2751 1846 Domini
2787 1793 3010 1860 Filium,
3045 1795 3144 1850 Dei
3169 1799 3369 1866 Deum,
3402 1805 3461 1855 et

1829 1878 2025 1935 omnia
2051 1896 2216 1952 posse
2249 1883 2308 1936 et
2330 1883 2483 1938 Patri
2505 1884 3132 1956 aaqualem,anathema
3149 1890 3237 1945 sit.
3259 1891 3316 1946 Si
3333 1893 3458 1964 quis

1829 1971 2030 2028 dixerit
2075 1974 2226 2046 quod
2268 1974 2328 2030 in
2371 1992 2542 2032 carne
2587 1978 2928 2035 constitutus
2965 1981 3134 2037 Filius
3180 1984 3281 2038 Dei
3324 2001 3456 2041 cum

1827 2070 1972 2121 esset
2005 2066 2064 2121 in
2103 2072 2278 2138 terra,
2309 2069 2370 2124 in
2411 2069 2566 2127 ccelis
2611 2088 2742 2127 cum
2771 2074 2938 2128 Patre
2981 2091 3100 2130 non
3143 2082 3284 2146 erat,
3314 2095 3452 2134 ana-

1828 2159 2023 2213 thema
2067 2159 2156 2214 sit.
2191 2161 2247 2216 Si
2289 2162 2414 2234 quis
2459 2163 2661 2220 dixerit
2703 2166 2858 2238 quod
2889 2167 2949 2222 in
2985 2167 3246 2240 passione
3276 2172 3457 2228 crucis

1828 2251 2083 2309 dolorem
2110 2253 2377 2310 sustinuit
2405 2255 2574 2312 Filius
2611 2259 2706 2314 Dei
2741 2260 2908 2329 Deus,
2935 2265 2993 2317 et
3017 2277 3132 2317 non
3158 2279 3291 2320 caro
3321 2281 3454 2320 cum

1829 2345 2024 2401 anima
2047 2363 2221 2419 quam
2249 2348 2516 2406 induerat
2540 2372 2567 2399 ‹‹
2588 2351 2646 2407 in
2665 2352 2852 2408 forma
2869 2355 3015 2409 servi
3036 2371 3213 2426 quam
3234 2357 3339 2413 sibi
3359 2376 3453 2414 ac-

1829 2442 2070 2510 ceperat,
2101 2442 2244 2496 sicut
2271 2441 2350 2497 ait
2387 2444 2682 2515 Scriptura
2711 2446 2871 2515 (Phil.
2903 2464 2964 2515 ιι,
2986 2451 3062 2518 7),
3093 2472 3120 2499 »
3149 2451 3457 2508 anathema

1827 2532 1918 2586 sit.
1946 2532 2000 2588 Si
2037 2533 2162 2604 quis
2201 2551 2315 2590 non
2351 2536 2574 2607 dixerit,
2610 2540 2765 2610 quod
2807 2540 2866 2595 in
2905 2558 3074 2598 carne
3103 2565 3131 2592 «
3162 2561 3334 2616 quam
3363 2564 3454 2601 as-

1827 2626 2068 2698 sumpsit
2095 2627 2367 2696 Christus,
2396 2631 2556 2686 sedet
2580 2633 2651 2687 ad
2689 2633 2981 2690 dexteram
3018 2637 3218 2705 Patris,
3245 2639 3305 2693 in
3346 2656 3456 2711 qua

1825 2725 2099 2775 venturus
2113 2724 2197 2776 est
2203 2722 2460 2793 judicare
2472 2724 2627 2781 vivos
2647 2732 2704 2782 et
2722 2731 2980 2784 mortuos
2996 2730 3070 2800 (II
3082 2733 3217 2786 Tim.
3232 2748 3308 2799 1v,
3333 2737 3400 2803 1),
3427 2757 3455 2784 ››

1828 2814 2136 2870 anathema
2167 2815 2258 2872 sit.
2283 2816 2337 2872 Si
2366 2817 2492 2889 quis
2517 2835 2634 2874 non
2664 2820 2874 2876 dixerit
2899 2821 3172 2894 Spiritum
3199 2830 3457 2882 sanctum

1827 2906 1897 2962 de
1916 2909 2082 2964 Patre
2104 2925 2225 2966 esse
2253 2927 2384 2966 vere
2417 2927 2481 2966 ac
2507 2912 2737 2986 proprie
2759 2915 2906 2971 sicut
2930 2917 3134 2972 Filium
3161 2917 3232 2972 de
3263 2918 3456 2976 divina

1826 3001 2141 3058 substantia
2183 3007 2239 3060 et
2282 3005 2464 3061 Deum
2503 3023 2724 3078 verum,
2757 3009 3063 3066 anathema
3107 3011 3199 3067 sit.
3229 3012 3286 3069 Si
3331 3014 3456 3086 quis

1827 3111 1942 3150 non
1972 3096 2178 3152 dixerit
2219 3099 2408 3154 omnia
2445 3117 2607 3171 posse
2637 3101 2914 3173 Spiritum
2948 3108 3227 3173 sanctum,
3261 3108 3457 3163 omnia

1825 3203 2012 3255 nosse,
2045 3195 2102 3244 et
2127 3190 2339 3263 ubique
2369 3208 2490 3248 esse
2519 3194 2665 3250 sicut
2700 3196 2924 3251 Patrem
2960 3203 3018 3252 et
3050 3198 3274 3268 Filium,
3309 3217 3451 3255 ana-

1825 3281 2020 3337 thema
2045 3283 2137 3338 sit.
2167 3283 2226 3338 Si
2260 3285 2389 3356 quis
2415 3286 2625 3342 dixerit
2660 3289 2937 3360 Spiritum
2976 3296 3234 3350 sanctum
3271 3293 3454 3350 factu-

1827 3391 1969 3443 ram,
1997 3382 2094 3432 aut
2116 3394 2150 3431 a
2176 3377 2314 3433 Filio
2357 3379 2590 3448 factum,
2620 3382 2930 3438 anathema
2965 3385 3055 3439 sit.
3089 3386 3142 3441 Si
3182 3386 3309 3456 quis
3338 3403 3456 3443 non

1826 3469 2031 3525 dixerit
2056 3470 2248 3525 omnia
2277 3488 2381 3542 per
2418 3473 2623 3528 Filium
2659 3478 2716 3528 et
2753 3475 3027 3546 Spiritum
3063 3481 3319 3534 sanctum
3347 3482 3453 3535 Pa-

1825 3566 1972 3618 trem
1998 3563 2218 3631 fecisse,
2241 3563 2300 3619 id
2325 3569 2429 3632 est,
2457 3566 2696 3622 visibilia
2722 3574 2779 3624 et
2807 3570 3126 3641 invisibilia,
3149 3573 3456 3630 anathema

1827 3656 1917 3710 sit.
1947 3656 2007 3711 Si
2043 3657 2169 3728 quis
2202 3674 2322 3713 non
2361 3659 2584 3727 dixerit,
2612 3663 2811 3732 Patris,
2847 3669 2904 3718 et
2948 3665 3090 3735 Filii,
3122 3670 3180 3720 et
3215 3667 3455 3738 Spiritus

1826 3750 2006 3803 sancti
2035 3766 2210 3805 unam
2231 3751 2608 3822 divinitatem,
2633 3756 2964 3826 potentiam,
2992 3774 3170 3814 unam
3192 3760 3451 3831 gloriam,

1827 3842 2308 3912 dominationem,
2334 3862 2514 3901 unum
2541 3863 2783 3919 regnum
2806 3849 2983 3922 atque
3005 3868 3178 3907 unam
3205 3855 3458 3908 volunta-

1825 3940 1943 3991 tem
1971 3953 2036 3992 ac
2063 3938 2381 4008 veritatem,
2411 3941 2718 3997 anathema
2751 3943 2843 3998 sit.
2877 3944 2937 3999 Si
2965 3945 3091 4017 quis
3117 3949 3231 4001 tres
3259 3963 3452 4018 perso-

1827 4046 1930 4085 nas
1958 4047 2075 4086 non
2106 4031 2312 4088 dixerit
2334 4049 2494 4088 veras
2523 4035 2705 4090 Patris
2730 4040 2788 4092 et
2813 4037 2937 4094 Filii
2975 4043 3032 4094 et
3059 4039 3298 4111 Spiritus
3330 4057 3455 4096 san~

1826 4123 1899 4179 eti
1924 4123 2172 4197 aequales
2210 4142 2439 4200 semper
2460 4128 2729 4200 jubentes
2763 4132 2976 4200 omnia,
3009 4138 3067 4188 et
3095 4134 3454 4190 continentes

1824 4217 2065 4274 visibilia
2095 4222 2151 4274 et
2174 4219 2498 4292 invisibilia,
2523 4223 2970 4296 omnipotentes,
2993 4227 3188 4282 omnia
3201 4227 3455 4299 judican-

1827 4313 1926 4381 tes,
1954 4311 2145 4368 omnia
2181 4313 2552 4386 viviﬁcantes,
2582 4319 2778 4374 omnia
2805 4319 3096 4391 facientes,
3120 4322 3313 4377 omnia
3345 4323 3454 4377 sal-

1827 4410 2042 4474 vantes,
2079 4409 2388 4464 anathema
2423 4410 2511 4465 sit.
2551 4413 2606 4468 Si
2636 4413 2763 4485 quis
2787 4430 2904 4468 non
2936 4413 3145 4470 dixerit
3180 4415 3456 4486 Spiritum

122 4508 295 4567 derunt
319 4515 386 4569 de
416 4515 642 4587 Spiritu
670 4519 886 4583 sancto,
921 4515 1056 4587 quia
1084 4521 1283 4586 postea
1322 4516 1368 4569 is
1407 4532 1568 4571 erm,
1596 4517 1724 4571 ίηο,
1745 4503 1806 4577 D
1829 4502 2090 4555 sanctum
2116 4501 2471 4559 adorandum
2497 4505 2567 4560 ab
2600 4507 2758 4562 omni
2787 4511 3072 4576 creatura,
3108 4508 3252 4563 sicut
3281 4512 3338 4564 et
3366 4509 3453 4562 Fi-

123 4601 228 4657 levit
246 4611 302 4660 ut
323 4609 565 4678 quidam
593 4624 691 4662 ore
723 4608 998 4679 sacrilego
1026 4608 1307 4663 auderent
1335 4608 1521 4664 dicere
1557 4610 1730 4680 Spiri-

124 4697 221 4752 tum
260 4705 520 4756 sanctum
569 4701 785 4756 factum
829 4717 949 4757 esse
995 4719 1098 4773 per
1140 4702 1362 4757 Filium.
1399 4705 1553 4759 Unde
1585 4721 1726 4759 ana-

124 4789 522 4850 thematizamus
575 4812 776 4850 omnes
825 4795 924 4866 qui
963 4812 1080 4851 non
1130 4800 1252 4851 tota
1299 4797 1555 4853 libertate
1590 4814 1726 4869 pro-

123 4882 340 4943 clamant
384 4906 526 4945 eum
564 4905 697 4944 cum
739 4891 906 4944 Patre
953 4892 1010 4945 et
1053 4889 1193 4944 Filio
1221 4889 1393 4945 unius
1431 4891 1728 4962 potestatis

123 4991 222 5032 esse
242 4989 403 5053 atque
425 4983 787 5038 substantiae.
801 4983 1364 5038 Anathematizamus
1383 5000 1612 5056 quoque
1634 5002 1730 5039 eos

121 5071 198 5138 qui
225 5073 448 5131 Sabellii
493 5079 817 5148 sequuntur
857 5093 1135 5144 errorem,
1167 5076 1439 5132 eumdem
1477 5077 1730 5132 dicentes

119 5161 311 5221 Patrem
362 5185 483 5226 esse
541 5185 717 5241 quem
781 5174 836 5224 et
889 5170 1110 5224 Filium.
1167 5171 1731 5226 Anathematizamus

118 5258 284 5315 Arium
321 5266 496 5334 atque
541 5263 910 5332 Eunomium,
946 5263 1042 5334 qui
1085 5263 1210 5334 pari
1249 5263 1566 5335 impietate,
1600 5265 1732 5320 licet

119 5363 355 5409 sermone
384 5357 672 5423 dissimili,
714 5357 917 5411 Filium
958 5362 1014 5412 et
1050 5356 1325 5427 Spiritum
1356 5361 1615 5412 sanctum
1649 5375 1732 5412 as-

117 5451 289 5501 serunt
312 5465 434 5504 esse
463 5454 777 5504 creaturas.
802 5449 1361 5505 Anathematizamus
1389 5451 1732 5506 Macedonia-

120 5550 222 5606 nos,
243 5541 336 5611 qui
362 5542 433 5597 de
460 5542 585 5596 Arii
612 5543 789 5615 stirpe
814 5544 1108 5598 venientes
1129 5560 1244 5598 non
1272 5544 1573 5614 perfidiam
1601 5561 1729 5600 mu-

117 5632 376 5703 taverunt,
421 5636 524 5691 sed
573 5653 802 5694 nomen.
833 5637 1394 5694 Anathematizamus
1436 5639 1728 5707 Fotinum,

119 5725 200 5791 qui
219 5727 444 5784 Ebionis
470 5729 734 5786 hmresim
763 5731 1062 5800 instaurat,
1084 5732 1183 5803 qui
1209 5731 1514 5786 Dominum
1538 5733 1729 5788 Jesum

117 5815 382 5878 Christum
410 5828 639 5882 tantum
672 5843 740 5884 ex
773 5825 947 5883 Maria
970 5825 1202 5901 Virgine
1229 5825 1554 5885 confitetur.
1585 5828 1729 5884 Ana~

1831 4593 1990 4662 lium,
2021 4597 2075 4648 et
2107 4595 2352 4665 Patrem,
2384 4599 2693 4655 anathema
2729 4601 2820 4656 sit.
2851 4601 2905 4656 Si
2933 4601 3060 4672 quis
3096 4601 3165 4656 de
3197 4603 3360 4656 Patre
3401 4606 3460 4657 et

1835 4688 1971 4742 Filio
2006 4689 2155 4748 bene
2200 4690 2460 4761 senserit,
2505 4693 2575 4747 de
2618 4693 2830 4764 Spiritu
2870 4697 3062 4750 autem
3107 4697 3297 4750 sancto
3337 4712 3455 4752 non

1829 4793 1984 4843 recte
2008 4785 2294 4856 habuerit,
2324 4786 2630 4842 haereticus
2661 4792 2763 4842 est.

1829 4936 2076 5006 Epistula
2112 4937 2331 4990 Damasi
2361 4950 2526 5005 papa
2551 4936 2625 4990 ad
2652 4937 3041 5006 Hieronymum
3062 4939 3456 5009 presbyterum.

1903 5071 2152 5126 Damsus
2191 5069 2506 5140 episcopus,
2535 5068 2699 5125 fratri
2738 5073 2796 5124 et
2837 5073 3298 5146 compresbytero
3326 5074 3455 5130 HIE-

1831 5179 2069 5233 normio,
2099 5163 2158 5218 in
2188 5163 2429 5218 Domino
2455 5163 2716 5219 salutem.

1904 5259 2046 5313 Dum
2101 5257 2280 5313 multa
2331 5273 2568 5329 corpora
2608 5257 2890 5315 librorum
2935 5262 2996 5317 in
3047 5277 3178 5316 meo
3225 5258 3458 5314 arbitrio

1833 5353 2018 5409 oblata
2045 5351 2304 5419 fuissent,
2333 5352 2575 5424 contigit
2599 5356 2663 5408 ut
2687 5356 2745 5409 et
2780 5354 2990 5410 librum
3015 5354 3370 5410 Psalmorum
3399 5353 3458 5407 in

1831 5464 1960 5503 meo
1999 5446 2190 5502 animo
2231 5446 2468 5503 festinus
2507 5462 2912 5519 cognoscerem
2936 5447 3200 5515 detineri,
3233 5450 3288 5501 et
3332 5462 3455 5502 me-

1831 5541 2078 5597 moriam
2122 5541 2452 5612 capacitatis
2494 5557 2640 5597 mea:
2680 5541 2942 5597 imbuere
2985 5539 3248 5613 cogitavi,
3281 5538 3460 5596 frater

1831 5634 2219 5691 amantissime
2245 5638 2301 5691 et
2330 5635 2388 5690 in
2414 5635 2636 5691 Christo
2659 5651 2885 5707 semper
2911 5633 3194 5702 sacerdos,
3215 5649 3359 5705 rogo
3381 5637 3457 5701 te,

1832 5733 1896 5785 ut
1933 5729 2244 5786 secundum
2281 5729 2646 5802 septuaginta
2687 5730 3046 5800 interpretes,
3081 5731 3139 5782 et
3166 5727 3456 5800 presbyte-

1831 5840 1943 5894 ros,
2001 5824 2059 5879 id
2107 5828 2213 5895 est,
2251 5823 2561 5889 Matthiam,
2613 5829 2667 5878 et
2713 5823 3126 5891 Tholomzeum,
3172 5822 3457 5880 Muchium
