3946 6180
482 267 584 322 659

1364 268 1646 323 APPEND.
1686 268 1775 324 AD
1813 257 1975 324 SA‘IC.
2018 265 2104 322 1X.

2239 265 2493 351 ismom
2532 265 2957 343 MERCATORIS
3672 281 3750 332 eoo

481 374 726 431 Casium.
750 372 1113 428 Dithronium
1145 375 1405 442 fratrem,
1434 375 1747 446 Simonem,
1767 382 1823 433 et
1850 382 2103 444 caeteros,
2127 385 2185 457 Α
2207 374 2412 429 minari
2453 375 2663 430 vertice
2695 372 3025 445 apostolico,
3064 374 3226 445 cujus
3257 378 3464 432 vetusta
3500 379 3758 437 sollicitudo

482 470 827 540 inquantum
856 472 956 522 tua
985 471 1195 539 poterit
1224 470 1569 525 conscientia
1593 472 1662 526 de
1690 490 1814 542 LXX,
1847 472 2106 526 invenire

480 564 720 636 vestigia
737 564 901 620 nobis
923 566 1291 620 transmittas.
1321 566 1455 620 Peto
1482 565 1654 620 etiam
1684 569 1841 620 tuam
1870 566 2110 621 Charita-

478 661 616 727 tem,
638 663 722 727 ut,
745 660 889 713 sicut
906 676 939 714 a
958 664 1176 715 rectore
1200 661 1295 713 tuo
1320 660 1639 715 Alexandro
1668 659 2003 731 coepisc0po
2031 659 2111 714 di-

482 751 685 820 dicisti,
714 752 1052 823 Gregorium
1091 752 1450 825 psallentiam
1481 753 1553 807 ad
1593 759 1695 808 n‘os
1736 752 1983 824 dirigere
2008 755 2110 808 tua

479 846 806 901 fraternitas
832 847 1162 915 delectetur,
1181 847 1316 918 quia
1340 850 1517 903 tantae
1538 848 1687 919 apud
1713 863 1817 902 nos
1843 847 2112 918 simplici-

481 939 614 994 tatis
633 940 844 1012 indago
862 944 963 1007 est,
996 944 1059 994 ut
1084 944 1306 996 tantum
1337 941 1396 996 in
1425 941 1514 995 die
1547 941 1841 996 Dominico
1872 940 2110 1012 apostoli

483 1032 721 1103 epistola
746 1051 861 1088 una
886 1034 1174 1102 recitetur,
1200 1040 1254 1089 et
1282 1035 1568 1106 Evangelii
1595 1034 1901 1106 capitulum
1929 1051 2111 1088 unum

483 1126 724 1195 dicatur,
752 1144 855 1182 nec
880 1127 1159 1198 psallendi
1183 1145 1307 1183 mos
1323 1132 1571 1196 tenetur,
1591 1144 1694 1183 nec
1721 1128 1920 1199 hymni
1942 1129 2113 1183 decus

483 1219 544 1274 in
588 1226 783 1275 nostro
820 1236 918 1275 ore
962 1221 1344 1291 cognoscitur.
1374 1224 1509 1277 Peto
1551 1239 1690 1292 ergo
1734 1240 1840 1294 per
1872 1223 2112 1278 fratrem

486 1313 1016 1384 compresbyterum
1048 1317 1307 1375 nostrum
1328 1306 1709 1384 'Bonifacium,
1723 1319 1790 1369 ut
1808 1316 1979 1371 libeat
2008 1318 2114 1371 fra-

484 1405 741 1461 ternitati
788 1408 901 1461 tua:
947 1407 1114 1462 nobis
1156 1408 1377 1479 aperire
1418 1408 1670 1478 vestigia.
1712 1409 1875 1463 Missa
1912 1410 2113 1480 quinto

486 1498 721 1556 Kalend.
748 1500 1020 1556 Novemb.
1049 1517 1154 1573 per
1180 1501 1534 1557 Bonifacium
1561 1502 1959 1573 presbyterum
1992 1502 2115 1558 Hie-

486 1609 816 1665 ronymum.

488 1724 823 1796 Rescriptum
859 1725 1175 1793 Hieronymi
1211 1724 1515 1796 presbyteri
1551 1724 1625 1796 ad
1670 1727 1964 1796 Damasum
2009 1743 2050 1796 p

554 1810 706 1865 pam,
737 1795 832 1849 ubi
866 1798 1109 1863 suggerit
1149 1796 1217 1851 de
1255 1795 1447 1850 Gloria
1470 1795 1645 1862 Patri,
1674 1800 1724 1850 et
1762 1795 2029 1861 Alleluia,
2057 1800 2117 1851 in

558 1868 1030 1991 ﬁnedpsalmorum
1077 1868 1229 1938 apud
1277 1869 1572 1923 Romanam
1598 1869 1892 1923 Ecclesium
1937 1870 2114 1923 conci-

559 1952 661 1991 nen
704 1953 752 1991 ο.

559 1952 752 1991 τιθηαο.

558 2052 894 2109 Beatissimo
944 2070 1106 2125 papae
1148 2055 1367 2109 DAMASO
1408 2055 1558 2110 sedis
1597 2054 1924 2127 apostolicae
1962 2056 2119 2111 urbis

491 2147 686 2202 Romae
712 2148 1084 2202 Hlaaonvnus.

562 2240 808 2311 Supplex
836 2240 950 2311 legi
978 2240 1198 2296 litteras
1225 2241 1570 2312 apostolatus
1593 2240 1767 2296 vestri
1797 2246 2117 2311 poscentes,

492 2333 805 2388 secundum
836 2332 1257 2405 simplicitatem
1284 2335 1408 2389 LXX
1429 2335 1833 2406 lnterpretum,
1852 2350 2117 2403 canones,

491 2426 994 2498 psalmographum
1024 2427 1394 2499 interpretari
1420 2428 1683 2483 festinem
1714 2430 1947 2499 propter
1970 2428 2123 2483 fasti-

491 2520 648 2575 dium
678 2520 1068 2575 Romanorum
1098 2523 1163 2575 ut
1193 2520 1291 2575 ubi
1320 2520 1637 2576 obscuritas
1664 2521 1924 2593 impedit,
1953 2538 2120 2593 aper-

490 2613 603 2668 tius
629 2615 687 2668 et
710 2614 901 2669 Graece
925 2616 982 2669 et
1009 2614 1205 2669 Latine
1237 2614 1505 2670 trahatur
1529 2631 1746 2669 sensus.
1776 2614 1963 2670 Cliens
1986 2632 2122 2687 pre-

491 2711 655 2762 catur
683 2723 823 2779 ergo
857 2710 990 2762 tuus
1014 2711 1081 2762 ut
1107 2725 1218 2764 vox
1248 2707 1355 2763 ista
1386 2707 1756 2780 psallentium
1777 2708 1838 2762 in
1866 2709 1999 2763 sede
2024 2712 2125 2764 tua

494 2802 749 2856 Romana
796 2801 887 2857 die
934 2803 1219 2874 noctuque
1257 2804 1510 2871 canatur,
1536 2806 1593 2857 et
1619 2802 1678 2857 in
1715 2801 1892 2857 ﬁnem
1920 2802 2125 2874 psalmi

493 2895 797 2965 cujuslibet
821 2895 935 2951 sive
961 2895 1260 2950 matutinis
1296 2896 1385 2950 vel
1427 2895 1766 2967 vespertinis
1808 2895 1966 2951 horis
1997 2911 2127 2950 con-

488 2988 656 3060 jungi
680 2988 974 3060 praecipiat
999 2989 1348 3060 apostolatus
1369 2988 1451 3043 tui
1478 2988 1655 3044 ordo:
1685 2990 1872 3047 Gloria
1900 2991 2059 3045 Patri
2075 2994 2127 3045 et

492 3083 629 3138 Filio
677 3086 728 3136 et
766 3083 1004 3153 Spiritui
1055 3086 1263 3149 sancto;
1303 3084 1361 3137 et
1406 3080 1650 3153 reliqua.
1698 3082 1853 3137 Istud
1896 3099 2124 3138 carmen

494 3175 680 3230 laudis
706 3175 863 3230 omni
891 3177 1111 3247 psalmo
1140 3176 1412 3247 conjungi
1440 3174 1757 3247 praecipias,
1777 3179 1842 3231 ut
1859 3175 1999 3231 fides
2023 3179 2127 3232 318

496 3268 891 3340 episcoporum
917 3269 1127 3325 Nicasni
1153 3269 1381 3326 concilii
1410 3269 1472 3323 in
1498 3272 1687 3324 vestro
1712 3285 1811 3324 ore
1846 3269 1971 3341 pari
1997 3286 2129 3325 con-

496 3362 670 3418 sortio
699 3362 1035 3418 declaretur.
1064 3364 1168 3419 Ubi
1198 3368 1393 3419 autem
1424 3364 1575 3419 Deus
1603 3366 1661 3418 et
1689 3364 1861 3418 homo
1891 3364 2129 3418 honora-

496 3456 591 3511 bili
635 3473 773 3512 voce
813 3459 1097 3524 cantatur,
1132 3458 1373 3513 Alleluia
1412 3472 1639 3528 semper
1682 3472 1814 3511 cum
1861 3457 2129 3512 omnibus

496 3551 729 3621 psalmis
754 3550 1044 3621 afﬁgatur,
1079 3555 1140 3606 ut
1160 3550 1316 3606 omni
1343 3552 1466 3606 loco
1488 3550 1872 3606 communiter
1897 3567 2130 3622 respon-

497 3644 700 3699 deatur
727 3644 1019 3700 nocturnis
1044 3644 1415 3717 temporibus.
1436 3645 1498 3699 ln
1519 3644 1768 3699 Ecclesia
1786 3646 1980 3699 autem
2001 3651 2132 3716 post

498 3737 973 3794 resurrectionem
1004 3754 1183 3811 usque
1231 3741 1483 3793 sanctam
1526 3740 1917 3793 Pentecostem
1958 3737 2127 3795 finia-

494 3836 609 3901 tur,
640 3832 791 3887 inter
817 3832 1037 3889 dierum
1081 3849 1214 3888 vero
1255 3832 1456 3905 spatia,
1488 3833 1590 3887 tibi
1612 3834 1735 3895 soli,
1768 3832 2132 3906 Quinquage-

496 3925 652 3981 simas
680 3929 912 3998 propter
947 3926 1261 3983 novitatem
1305 3925 1483 3981 sancti
1522 3926 1774 3994 Pascha,
1800 3932 1867 3982 ut
1890 3943 1996 3982 vox
2025 3926 2132 3982 ista

497 4019 675 4075 laudis
700 4024 939 4076 canatur
978 4019 1037 4074 in
1070 4019 1275 4091 Aleph,
1306 4019 1457 4092 quod
1484 4020 1760 4092 prologus
1785 4020 1998 4087 Grmce,
2027 4020 2127 4074 La-

498 4112 614 4168 tine
637 4117 833 4168 autem
858 4115 1120 4182 przfatio
1149 4112 1375 4169 dicitur.

499 4237 747 4309 Epistula
774 4237 1044 4309 Stephani
1076 4237 1469 4307 archiepiscopi
1502 4242 1553 4293 et
1585 4240 1750 4292 trium
1784 4238 2132 4293 conciliorum

567 4309 774 4433 ἐξῇσαν
798 4308 874 4363 ad
897 4311 1195 4364 Damasum
1213 4324 1441 4380 papam,
1472 4308 1537 4363 de
1561 4309 1851 4379 privilegio
1879 4312 2133 4367 Romanae

597 4394 624 4434 e
666 4394 733 4434 is.

2209 472 2312 537 est,
2359 474 2474 523 tam
2504 468 2655 524 mala
2691 468 2983 535 damnare,
3034 483 3207 539 quam
3249 470 3481 525 revelare
3510 471 3758 532 laudanda.

2208 566 2467 638 Antiquis
2494 567 2650 625 enim
2680 565 2896 638 regulis
2915 565 3195 622 censitum
3221 570 3321 631 est,
3351 572 3408 621 ut
3425 568 3667 641 quidquid
3686 572 3766 629 ho-

2210 677 2340 715 rum
2383 660 2639 732 quamvis
2683 660 2742 714 in
2782 659 3016 715 remotis
3057 659 3148 714 vel
3194 658 3251 713 in
3289 660 3577 732 longinquo
3607 666 3765 735 positis

2208 758 2472 825 ageretur
2504 754 2826 825 provinciis,
2858 770 2971 808 non
3010 753 3167 825 prius
3195 753 3536 809 tractandum
3562 758 3636 811 vel
3655 760 3765 813 acci-

2208 847 2480 918 piendum
2510 847 2599 916 sit,
2622 846 2734 903 nisi
2746 846 2816 901 ad
2843 846 3104 901 notitiam
3127 847 3291 901 alma:
3317 847 3455 901 sedis
3473 853 3647 904 vestra:
3662 850 3766 905 fuis-

2212 944 2295 995 set
2321 941 2644 1006 deductum,
2679 944 2739 994 ut
2767 940 2889 1010 ejus
2918 940 3248 994 auctoritate
3266 940 3426 1011 juxta
3451 942 3591 1012 quod
3617 943 3773 999 fuisset

2210 1034 2645 1106 pronuntiatum
2677 1035 3017 1100 firmaretur,
3050 1036 3109 1087 et
3139 1034 3358 1105 reliqua
3382 1034 3640 1090 multoties
3668 1037 3773 1091 talia

2214 1131 2269 1181 et
2295 1128 2386 1182 his
2412 1128 2636 1197 similia,
2663 1144 2791 1198 quae
2817 1143 2990 1199 super
3007 1126 3096 1181 his
3119 1127 3417 1182 constituta
3439 1132 3590 1197 sunt;
3612 1129 3774 1200 quibus

2213 1222 2260 1276 si
2286 1222 2480 1275 illicite
2508 1222 2718 1276 factum
2748 1226 2853 1288 est,
2888 1223 2949 1275 ut
2972 1237 3201 1292 semper
3225 1225 3417 1275 vestrae
3453 1221 3559 1275 sedi
3583 1237 3773 1276 consue-

2214 1315 2350 1370 tudo
2394 1315 2521 1380 fuit,
2574 1314 2914 1369 festinanter
2957 1314 3235 1369 occurrite
3273 1318 3328 1369 et
3354 1312 3441 1369 his
3473 1314 3699 1381 viriliter,
3731 1320 3779 1371 ut

2213 1413 2373 1481 pater
2416 1424 2521 1479 pro
2564 1407 2692 1463 filiis
2733 1411 3036 1476 certantes,
3082 1410 3223 1461 state
3263 1407 3405 1461 sicut
3441 1407 3573 1461 bene
3612 1408 3777 1474 alesu,

2215 1502 2333 1556 ﬁlio
2360 1501 2577 1569 Sirach,
2608 1501 2823 1555 dictum
2865 1504 2967 1567 est,
2995 1522 3022 1549 ‹‹
3062 1501 3250 1571 Usque
3275 1500 3345 1555 ad
3372 1498 3551 1572 162
3587 1503 3780 1554 mortem

2216 1600 2369 1651 certa
2398 1612 2500 1667 pro
2526 1595 2760 1649 veritate
2791 1597 2848 1648 et
2873 1609 3098 1665 semper
3126 1593 3394 1648 Dominus
3423 1594 3561 1647 Deus
3581 1595 3692 1647 tuus
3706 1609 3781 1663 pu-

2054 1742 2112 1780 α-
2138 1753 2189 1780 n
2219 1689 2414 1762 gnabit
2438 1705 2540 1760 pro
2568 1692 2625 1743 te
2655 1678 2839 1759 (Eccli.
2878 1703 2954 1755 1v,
2985 1687 3092 1758 33).
3124 1708 3153 1736 ιι
3196 1708 3225 1737 ‹‹
3253 1687 3510 1780 Accipere
3535 1686 3667 1741 enim
3687 1701 3780 1757 per-

2216 1800 2419 1839 sonam
2463 1781 2623 1854 impii
2654 1798 2770 1837 non
2801 1784 2886 1836 est
2911 1781 3150 1851 bonum,
3180 1783 3249 1836 ut
3278 1779 3517 1836 declines
3541 1796 3572 1834 a
3600 1779 3785 1834 veritate

2210 1877 2410 1949 judicii
2438 1877 2613 1947 (Prov.
2645 1892 2797 1943 xvm,
2827 1876 2897 1945 5).
2930 1896 2956 1923 »
2987 1874 3087 1931 Sin
3114 1873 3307 1930 minus
3327 1874 3514 1929 illicita
3543 1872 3784 1936 sunthaec,

2218 1974 2407 2044 pateat
2430 1969 2591 2025 nobis
2611 1970 2739 2024 talis
2761 1967 3027 2024 omnibus
3050 1967 3298 2039 licentia,
3331 1966 3632 2023 beatissime
3648 1967 3784 2030 Pater,

2218 2070 2316 2120 aut
2344 2065 2389 2119 si
2432 2065 2598 2119 liceat
2640 2064 2742 2117 hos
2782 2062 2871 2117 vel
2913 2062 3134 2133 aliquos
3175 2061 3351 2117 etiam
3394 2062 3659 2117 minorum
3690 2075 3787 2129 gra-

2221 2160 2398 2215 duum
2424 2158 2654 2213 clericos
2678 2156 2786 2212 nisi
2813 2156 3089 2211 canonice
3122 2158 3386 2228 tempore
3410 2153 3645 2227 legitimo
3667 2168 3785 2207 voca-

2219 2258 2328 2321 tos,
2356 2258 2455 2308 aut
2480 2252 2600 2306 sine
2630 2250 2901 2322 legitimis
2934 2249 3356 2305 accusatoribus
3395 2252 3491 2304 aut
3518 2248 3702 2319 absque
3720 2261 3790 2300 ve-

2220 2347 2298 2402 ris
2324 2351 2379 2402 et
2405 2345 2801 2401 innocentibus
2828 2343 3084 2411 testibus,
3117 2343 3201 2397 vel
3233 2342 3346 2397 nisi
3373 2341 3649 2397 manifeste
3669 2354 3791 2394 cano-

2222 2441 2345 2496 nice
2389 2439 2673 2494 convictos
2724 2443 2822 2492 aut
2876 2452 3101 2508 semper
3166 2437 3471 2505 confessos,
3523 2434 3602 2488 vel
3644 2450 3672 2487 a
3711 2431 3793 2485 suis

2222 2534 2446 2589 sedibus
2475 2533 2685 2604 ejectos
2724 2534 2825 2586 aut
2848 2529 2963 2585 suis
2991 2529 3334 2602 exspoliatos
3367 2528 3528 2584 rebus
3560 2540 3723 2581 vocare
3743 2522 3794 2577 ad

2223 2623 2528 2694 synodum,
2549 2622 2638 2676 vel
2662 2621 2960 2686 damnare,
2989 2618 3125 2691 quia
3148 2620 3404 2691 legimus
3430 2634 3523 2673 eos
3546 2632 3647 2671 non
3669 2629 3795 2686 posse

2224 2716 2497 2771 canonice
2539 2716 2608 2770 ad
2639 2714 2920 2786 synodum
2955 2716 3086 2768 ante
3129 2730 3298 2768 suam
3328 2713 3427 2767 diu
3464 2709 3728 2765 tenendam
3754 2712 3796 2760 et

2225 2808 2682 2881 gubernandam,
2702 2806 2915 2861 viribus
2949 2805 3164 2861 scilicet
3182 2805 3434 2878 pleniter
3453 2800 3722 2873 resumptis
3738 2814 3798 2852 re-

2225 2902 2598 2969 stitutionem,
2625 2901 2854 2972 suisque
2871 2899 3138 2956 omnibus
3167 2898 3278 2954 sibi
3296 2898 3548 2972 legaliter
3563 2891 3795 2959 restitutis,

2224 2995 2593 3067 integerrime
2622 2994 2829 3061 vocari,
2864 2996 2964 3048 aut
2989 2996 3054 3047 ut
3076 2992 3314 3048 veniant
3333 2992 3407 3048 ad
3434 2989 3703 3063 synodum,
3719 2983 3799 3039 nisi

2227 3092 2427 3160 sponte
2464 3088 2747 3143 voluerint
2784 3085 3075 3158 imperari.
3110 3086 3261 3141 Deus
3306 3101 3443 3157 ergo
3482 3085 3680 3139 creator
3704 3093 3796 3131 om-

2229 3182 2390 3237 nium
2422 3185 2713 3237 conservet
2741 3180 3482 3252 longasvum‘apostolatum
3507 3178 3725 3231 vestrum
3748 3167 3799 3223 ad

2227 3276 2591 3332 stabilitatem
2634 3273 3006 3330 Ecclesiarum
3046 3274 3400 3342 sanctarum,
3437 3275 3493 3326 et
3534 3264 3801 3324 orthodoxe

2226 3369 2381 3436 ﬁdei,
2414 3384 2628 3439 vosque
2650 3371 2939 3439 pastorem
2962 3367 3199 3436 bonum,
3220 3366 3324 3438 qui
3354 3362 3706 3437 spiritualibus
3724 3371 3799 3429 pro

2229 3465 2426 3520 ovibus
2451 3466 2699 3517 vestram
2725 3461 2939 3534 ponitis
2957 3460 3237 3527 animam,
3266 3465 3435 3531 atque
3459 3456 3642 3512 baculo
3659 3455 3803 3525 pasto-

2227 3558 2332 3613 rali
2370 3558 2534 3629 lupos
2556 3571 2784 3626 rapaces
2817 3552 3121 3625 expellitis,
3165 3552 3544 3623 omnibusque
3582 3540 3806 3621 oppressis

2227 3651 2497 3706 auxilium
2540 3648 2718 3716 fertis,
2758 3646 2907 3720 quod
2957 3650 3016 3701 et
3058 3645 3180 3700 istis
3233 3649 3411 3718 atque
3459 3641 3695 3699 omnibus
3734 3649 3805 3688 vos

2229 3760 2454 3816 semper
2477 3744 2663 3798 facere
2701 3744 2986 3812 optamus,
3015 3738 3374 3794 sanctissime
3419 3753 3581 3810 papa.
3606 3726 3807 3790 Subscri-

2230 3838 2347 3910 ptio
2371 3855 2441 3892 ex
2465 3837 2574 3892 alia
2598 3852 2798 3891 manu.
2827 3835 2941 3890 Ora
2978 3849 3083 3906 pro
3108 3832 3299 3903 nobis,
3329 3829 3644 3888 charissime
3664 3826 3803 3881 Pater.

2512 3932 2789 4001 Rescripta
2817 3930 3035 3984 Damasi
3055 3943 3222 3998 papa
3244 3927 3327 3983 ad
3349 3927 3576 3983 eosdem.

2299 4026 2574 4091 Daussus,
2598 4039 2790 4079 servus
2810 4037 3102 4077 servorum
3125 4020 3248 4088 Dei,
3292 4026 3466 4092 atque
3490 4034 3589 4090 per
3620 4010 3806 4087 gratiam

2230 4120 2350 4191 ejus
2413 4118 2706 4190 episcopus
2769 4118 2980 4170 sanctas
3048 4114 3344 4169 catholicae
3394 4111 3643 4169 Ecclesia:
3695 4100 3809 4159 urbis

2229 4215 2447 4280 Romae,
2479 4210 2755 4268 Srapamo
2784 4207 3211 4280 archiepiscopo
3240 4206 3473 4264 concilii
3502 4194 3808 4261 Mauritaniae,

2233 4310 2291 4362 et
2337 4305 2609 4361 universis
2662 4302 2943 4375 episcopis
2986 4301 3269 4357 Africana:
3315 4297 3631 4373 provinciae.
3676 4286 3813 4348 Lectis

2230 4399 2606 4457 fraternitatis
2631 4400 2832 4453 vestrm
2864 4395 3092 4463 litteris,
3120 4394 3311 4466 primo
3340 4392 3547 4466 gratias
3571 4404 3667 4460 ago
3695 4377 3812 4455 quod

570 4495 901 4552 Beatissimo
934 4494 1177 4551 Domino
1220 4497 1278 4551 et
1316 4493 1628 4567 apostolico
1663 4494 1915 4551 culmine
1955 4495 2127 4551 subli-
2148 4492 2208 4567 D
2229 4498 2520 4551 tantorum
2567 4493 2808 4547 fratrum
2850 4490 3037 4546 merui
3064 4488 3467 4544 benedictione
3507 4485 3630 4553 frui,
3659 4473 3813 4536 deinde

499 4594 675 4659 mato,
705 4593 896 4646 sancto
926 4589 1081 4646 Patri
1099 4591 1358 4657 Patrum,
1382 4591 1607 4644 Duaso
1626 4606 1811 4662 papae,
1829 4593 1887 4645 et
1905 4607 2131 4646 summo

502 4683 763 4739 omnium
793 4685 1104 4755 praesulum
1140 4683 1419 4755 pontifici,
1453 4682 1774 4740 Srsrumus
1818 4683 2129 4756 archiepis-

500 4794 675 4848 copus
718 4777 943 4833 concilii
982 4776 1347 4845 Mauritaniae,
1381 4781 1437 4833 et
1480 4777 1729 4833 universi
1773 4777 2023 4850 episcopi
2059 4779 2129 4833 de

498 4870 682 4926 tribus
706 4871 952 4926 conciliis
984 4870 1259 4926 Africana:
1291 4871 1617 4944 provinciae.

570 4965 780 5019 Notum
824 4970 1025 5021 vestrae
1060 4965 1301 5021 facimus
1329 4965 1668 5021 beatitudini
1710 4967 1865 5037 quod
1891 4964 2130 5037 quidam

498 5058 703 5114 fratres
727 5058 788 5114 in
820 5058 1067 5115 confinio
1107 5058 1272 5115 nobis
1301 5059 1467 5131 positi
1496 5059 1771 5131 quosdam
1795 5059 1996 5115 fratres
2027 5076 2130 5115 no-

498 5158 664 5223 stros,
695 5153 1051 5208 venerabiles
1092 5153 1358 5209 videlicet
1394 5153 1707 5225 episcopos,
1739 5152 1896 5207 vobis
1931 5152 2131 5207 incon-

500 5246 665 5302 sultis
684 5263 717 5301 a
747 5246 976 5318 proprio
1004 5246 1275 5319 dejiciunt
1289 5246 1495 5318 gradu,
1516 5247 1604 5301 vel
1625 5246 1866 5318 dejicere
1886 5247 2129 5302 moliun-

497 5345 611 5410 tur,
644 5357 777 5396 cum
803 5344 1007 5397 vestrm
1044 5340 1168 5398 sedi
1204 5340 1603 5414 episcoporum
1624 5340 1859 5413 judicia,
1888 5344 1946 5396 et
1973 5356 2130 5395 sum-

496 5451 722 5491 morum
736 5435 913 5491 finem
927 5435 1440 5492 ecclesiasticorum
1456 5434 1825 5508 negotiorum
1840 5434 1901 5490 in
1917 5435 2134 5490 honore

494 5528 806 5586 beatissimi
840 5529 991 5585 Patri
1036 5531 1272 5585 Patrum
1315 5529 1543 5585 decreta
1571 5527 1831 5584 omnium
1870 5531 2135 5584 cunctam

498 5638 783 5678 reservare
819 5622 1186 5691 sententiam,
1218 5622 1546 5695 inquirendi
1581 5621 1902 5678 reverentia
1932 5622 2003 5678 de
2033 5623 2137 5679 Dei

498 5715 687 5783 rebus,
709 5732 849 5788 quas
871 5716 1030 5771 omni
1060 5732 1197 5771 cura
1227 5718 1285 5771 et
1316 5714 1692 5771 sollicitudine
1714 5715 2013 5773 observem
2040 5717 2139 5773 de-

2230 4589 2385 4661 quod
2420 4587 2563 4642 circa
2592 4587 2796 4641 fratres
2838 4583 3101 4640 sollicitos
3144 4599 3246 4638 vos
3276 4582 3491 4654 reperi,
3536 4583 3588 4634 et
3625 4588 3734 4629 cum
3754 4567 3814 4622 eis

2232 4698 2457 4739 crucem
2483 4679 2710 4735 Domini
2726 4678 2946 4736 deferre
2959 4677 3057 4750 qui
3074 4675 3155 4732 ait
3177 4692 3190 4731 :
3212 4697 3241 4726 ‹‹
3266 4675 3375 4742 Qui
3392 4674 3513 4730 vult
3535 4668 3706 4727 venire
3723 4662 3816 4735 p05t

2231 4793 2324 4832 me
2364 4776 2613 4845 abneget
2650 4773 3040 4845 semetipsum,
3080 4774 3137 4825 et
3162 4770 3330 4826 tollat
3361 4782 3585 4825 crucem
3615 4773 3750 4817 suam
3773 4754 3815 4807 el

2233 4872 2500 4941 sequatur
2534 4884 2628 4924 me
2660 4867 2877 4940 (Matth.
2912 4882 3022 4933 1m,
3051 4863 3163 4935 24),
3187 4884 3217 4915 ››
3257 4868 3317 4919 et
3360 4861 3578 4934 reliqua
3607 4855 3673 4911 ad

2231 4940 2467 5018 modum
2521 4960 2886 5034 pertinentia.
2946 4958 3129 5030 Igitur
3197 4956 3428 5029 quando
3490 4954 3550 5010 in
3603 4940 3816 5022 presenti

2232 5060 2552 5129 opportune
2582 5059 2869 5128 gestorum
2897 5050 3313 5109 consultatione
3341 5043 3655 5123 apostolicis
3678 5038 3820 5133 vestr?

2232 5150 2521 5207 beatitudo
2567 5147 2875 5204 visceribus
2913 5149 3202 5202 commota
3237 5160 3345 5200 nos
3382 5143 3602 5198 hortata
3629 5136 3718 5198 est,
3740 5132 3820 5182 ῐωο

2233 5245 2448 5301 tionem
2478 5244 2719 5299 fratrum
2754 5240 3061 5313 apostolica
3089 5237 3432 5311 impendere
3444 5218 3821 5290 auctoritate,et

2234 5356 2432 5395 eorum
2472 5336 2696 5409 injuriis
2732 5333 3054 5403 subvenire,
3096 5333 3237 5388 dum
3281 5331 3501 5386 constet
3530 5323 3712 5381 eadem
3747 5322 3821 5365 V09

2233 5450 2365 5490 cum
2379 5431 2631 5505 apostolo
2647 5426 3119 5502 compassibiliter
3136 5426 3323 5481 dicere
3339 5440 3354 5478 :
3376 5422 3514 5488 Quis
3527 5417 3617 5474 inti
3624 5412 3820 5470 rmatnl',

2234 5532 2293 5584 et
2336 5542 2447 5599 ego
2494 5541 2613 5582 non
2656 5525 2921 5580 infirmor
2979 5521 3106 5593 quis
3160 5515 3573 5575 scandalizatur
3632 5511 3685 5601 et
3730 5510 3819 5601 11.0.0

2234 5593 2412 5678 uror'tl
2456 5621 2531 5694 (Η
2555 5620 2675 5677 Cor.
2706 5636 2786 5689 ιι,
2818 5617 2906 5689 29)
2950 5617 3275 5687 satagentes
3308 5626 3385 5666 ne
3431 5604 3629 5679 αιίίιιιίε
3658 5599 3718 5656 de

2236 5715 2334 5788 qui
2362 5685 2519 5771 vobis
2556 5712 2757 5770 crediti
2773 5685 2912 5768 sunt
2948 5727 2984 5765 ιι
3024 5685 3190 5765 savis
3214 5703 3407 5763 bestiis
3434 5700 3713 5758 laceretur,
3746 5685 3822 5741 aut

502 5787 996 5865 bemusJMaxime
1022 5826 1158 5866 vero
1187 5809 1397 5868 debent
1424 5810 1494 5864 ab
1524 5809 1645 5884 ipso
1672 5811 1981 5886 praesulum
2010 5828 2135 5869 exa-
2226 5810 2509 5885 capiatur,
2522 5824 2626 5883 pro
2642 5822 2830 5883 quare
2847 5803 3249 5881 oportetjuxta
3265 5803 3507 5854 vestram
3527 5787 3824 5868 prudentem
