3946 6180
206 313 285 364 661
1394 302 1864 358 DECRETALIUM
1902 303 2285 358 COLLEL‘TIO.

3411 306 3512 359 662

202 415 684 478 commonitionem,
714 412 896 482 magis
927 417 1025 466 aut
1050 412 1364 467 secundum
1397 412 1626 466 Domini
1648 411 1785 466 divi-
1805 411 2172 496 Aepiscopos
2235 413 2443 482 ejectos
2504 417 2676 484 atque
2741 412 2854 467 suis
2916 413 3086 468 rebus
3172 413 3512 486 exspoliatos

200 528 312 567 nam
338 506 762 580 praceptionem
785 522 889 560 nos
915 505 1013 576 qui
1041 522 1210 576 supra
1237 506 1480 560 domum
1513 506 1654 577 ejus,
1676 507 1784 560 hoc

200 609 267 660 est
305 601 664 657 universalem
709 600 1017 655 Ecclesiam
1063 599 1422 665 catholicam,
1466 599 1783 671 episcopale

197 696 506 767 suscepimus
525 693 920 763 ministerium,
939 693 1174 749 sollicite
1195 693 1452 765 vigilare,
1473 699 1628 748 utne
1649 693 1786 764 quid

198 793 256 846 de
295 789 454 845 sacris
493 789 611 859 ejus
657 787 1010 855 muneribus,
1042 787 1100 842 id
1140 791 1226 842 est
1268 787 1586 859 apostolicis
1629 786 1782 855 viris,

197 885 657 957 apostolorumque
687 881 1103 936 successoribus
1129 884 1299 954 atque
1330 881 1603 936 ministris
1627 880 1783 952 quis-

194 995 342 1050 quam
370 977 523 1030 nobis
561 976 1004 1047 inconsultisque
1036 975 1324 1030 damnari.
1369 974 1550 1041 Scitis,
1581 975 1787 1031 fratres

194 1071 492 1135 charissimi,
525 1070 954 1124 ﬁrmamentum
995 1069 1139 1124 adeo
1167 1068 1346 1124 ﬁxum
1389 1074 1447 1124 et
1491 1067 1784 1123 immobile

193 1171 336 1236 atque
361 1164 582 1218 titulum
607 1162 1024 1218 lucidissimum
1050 1179 1283 1218 suorum
1313 1161 1696 1231 sacerdotum,
1725 1161 1786 1216 id

194 1264 261 1314 est
292 1258 535 1312 omnium
573 1257 972 1329 episcOporum
1011 1257 1382 1328 apostolicam
1429 1256 1625 1311 sedem
1664 1271 1784 1310 esse

192 1352 539 1419 constitutam,
569 1356 626 1406 et
653 1351 917 1406 verticem
963 1349 1361 1405 Ecclesiarum.
1403 1351 1484 1405 Tu
1525 1366 1585 1405 es
1627 1349 1784 1404 enim

191 1446 328 1516 (sicut
356 1445 607 1500 divinum
643 1444 979 1517 pronuntiat
1004 1444 1248 1499 Verbum
1275 1443 1563 1514 veraciter)
1589 1445 1787 1498 Petrus

190 1544 237 1594 et
257 1555 409 1610 super
433 1539 858 1594 firmamentum
884 1543 1049 1593 tuum
1076 1537 1335 1593 Ecclesia
1377 1539 1657 1593 columna
1686 1537 1786 1608 qui

189 1633 402 1705 episcopi
428 1632 823 1704 intelliguntur
850 1631 1199 1686 conﬁrmata
1227 1634 1378 1698 sunt,
1396 1635 1453 1686 et
1473 1631 1574 1685 tibi
1601 1631 1786 1686 claves

189 1727 325 1797 regni
368 1727 640 1781 calorum
685 1725 962 1794 commisi,
1003 1729 1175 1797 atque
1229 1725 1409 1796 ligare
1459 1727 1515 1780 et
1571 1723 1784 1780 solvere

1885 505 2151 562 Ecclesias
2175 507 2430 576 proprias
2459 507 2646 577 primo
2676 506 2927 578 recipere
2971 510 3028 562 et
3065 523 3168 561 sua
3194 507 3276 562 eis
3315 508 3511 562 omnia

1883 600 2144 669 legaliter
2172 598 2331 654 reddi
2357 600 2537 654 sancti
2564 617 2806 656 canones
2824 601 3219 669 decreverunt,
3241 605 3296 656 et
3319 604 3511 672 postea

1884 692 1930 748 si
1955 693 2083 764 quis
2120 709 2218 748 eos
2243 710 2506 748 accusare
2532 695 2788 761 voluerit,
2819 711 2982 768 aquo
3026 695 3277 766 periculo
3324 696 3510 750 facere

1885 785 2252 841 sanciverunt
2263 785 2485 857 judices
2509 803 2627 840 esse
2649 787 3018 842 decernentes
3044 788 3340 860 episcopos
3361 792 3512 844 recte

1885 879 2176 951 sapientes
2209 882 2267 934 et
2299 879 2450 951 juste
2481 881 2736 935 volentes
2777 881 2848 936 ad
2875 886 3120 953 tempus,
3146 882 3357 954 diuque
3401 882 3511 937 illis

1886 974 2188 1047 resumptis
2212 973 2346 1028 viris
2373 977 2430 1028 et
2456 975 2570 1029 suis
2609 974 2942 1046 potestative
2971 975 3292 1030 fruentibus
3317 975 3505 1044 rebus,

1885 1068 2195 1140 amicisque
2235 1072 2293 1123 et
2320 1069 2420 1123 Dei
2468 1067 2644 1123 servis
2691 1067 3039 1139 sapientibus
3086 1069 3510 1125 consulentibus

1885 1162 2019 1217 viris
2044 1162 2104 1216 in
2130 1161 2364 1218 ecclesia
2407 1162 2806 1218 convenientes
2843 1162 2942 1217 ubi
2971 1165 3144 1217 testes
3184 1167 3370 1219 essent
3394 1164 3506 1218 siu-

1886 1256 2157 1328 gulorum
2199 1255 2296 1326 qui
2337 1256 2586 1328 oppressi
2613 1273 2734 1312 esse
2761 1256 3043 1313 videntur.
3090 1256 3312 1312 Scimus
3355 1257 3511 1313 enim

1885 1350 2144 1405 homines
2179 1349 2428 1405 inermes
2476 1367 2594 1406 non
2645 1367 2808 1422 posse
2836 1367 2968 1406 cum
2995 1350 3228 1405 armatis
3267 1351 3374 1406 rite
3403 1368 3510 1422 pu-

1887 1459 2084 1515 gnare,
2123 1444 2202 1499 sic
2243 1459 2347 1499 nec
2389 1443 2470 1498 illi
2513 1444 2611 1516 qui
2652 1443 2818 1515 ejecti
2861 1443 2948 1499 vel
3004 1444 3119 1498 suis
3167 1444 3330 1499 bonis
3374 1434 3514 1499 sunt

1885 1537 2178 1610 exspoliati
2217 1555 2347 1592 cum
2391 1537 2502 1592 illis
2531 1537 2630 1610 qui
2659 1538 2716 1592 in
2755 1555 2859 1593 suo
2899 1542 3052 1593 stant
3080 1538 3279 1609 gradu,
3311 1542 3369 1594 et
3397 1537 3513 1593 suis

1884 1631 2154 1686 fruuntur
2196 1631 2392 1686 amicis
2433 1635 2608 1702 atque
2651 1631 2839 1702 bonis,
2867 1631 3094 1702 litigare
3134 1633 3241 1687 rite
3274 1632 3508 1702 possint.

1885 1725 1994 1780 Nec
2024 1724 2212 1779 saculi
2243 1740 2469 1796 quoque
2499 1725 2655 1795 leges
2683 1725 2806 1780 hac
2847 1725 3206 1780 sacularibus
3234 1726 3356 1781 fieri
3383 1741 3510 1797 per-

187 1795 488 1891 potestatem
502 1836 634 1892 qua
653 1819 712 1874 in
727 1819 878 1874 calis
896 1795 1102 1874 suntet
1127 1835 1256 1890 qua
1281 1819 1336 1872 in
1352 1817 1514 1873 terris
1534 1818 1786 1888 promul-
1804 1795 1861 1866 B
1885 1819 2143 1885 mittunt,
2173 1795 2275 1873 sed
2301 1817 2456 1889 prius
2500 1819 2707 1889 ejectos
2730 1819 2816 1873 vel
2846 1835 3150 1890 oppressos
3185 1824 3284 1873 aut
3313 1795 3511 1890 exspo-

189 1914 310 1984 gavi.
347 1915 419 1968 Tu
451 1913 885 1984 profanatorum
930 1912 1235 1968 hominum
1287 1915 1344 1966 et
1391 1911 1784 1966 membrorum

186 2023 433 2073 meorum,
463 2006 830 2078 maximeque
859 2005 1269 2077 discipulorum
1300 2020 1565 2059 meorum
1594 2003 1786 2058 existis

186 2104 234 2153 ut
248 2100 488 2171 princeps
507 2104 570 2155 et
585 2100 780 2155 doctor
794 2099 1123 2154 orthodoxa
1141 2103 1198 2156 et
1220 2099 1604 2153 immaculata
1625 2096 1781 2184 fidei,

185 2193 317 2263 cujus
339 2193 450 2248 vice
495 2193 670 2248 hodie
720 2193 902 2264 gratia
945 2194 1044 2249 Dei
1082 2193 1369 2264 legatione
1420 2207 1524 2262 pro
1562 2189 1784 2246 Christo

183 2287 462 2357 fungimur,
493 2292 556 2342 et
591 2303 791 2342 omnes
838 2287 1010 2358 hujus
1059 2290 1265 2341 sancta
1319 2285 1469 2340 sedis
1513 2285 1785 2357 prasules

183 2381 282 2450 ejus
307 2382 473 2436 vicem
504 2384 828 2454 gesserunt,
863 2383 1076 2451 gerunt
1099 2385 1156 2435 et
1183 2383 1405 2451 gerent.
1438 2379 1568 2434 Ideo
1595 2379 1787 2433 omnia

182 2491 287 2546 qua
311 2475 634 2530 innotuistis
663 2491 778 2529 non
806 2474 976 2529 licere
1004 2474 1366 2542 mandarem,
1399 2473 1505 2528 nisi
1531 2489 1630 2527 vos
1670 2476 1784 2527 tam

181 2568 391 2638 pleniter
414 2570 725 2624 instructos
764 2585 886 2623 esse
929 2567 1133 2622 scirem
1177 2567 1331 2638 quod
1375 2570 1580 2621 cuncta
1616 2581 1786 2637 super

181 2662 357 2732 quibus
375 2661 672 2717 consulitis
698 2661 893 2717 illicita
913 2677 1032 2716 esse
1055 2677 1173 2716 non
1191 2659 1478 2720 dubitetis.
1501 2659 1785 2714 Discutere

183 2771 398 2826 namque
433 2756 734 2827 episcopos
777 2760 833 2810 et
881 2771 1233 2826 summorum
1277 2753 1784 2808 ecclesiasticorum

181 2850 508 2919 negotiorum
531 2865 730 2904 causas
749 2848 1218 2920 metropolitanos
1237 2864 1345 2902 una
1367 2864 1496 2902 cum
1518 2847 1785 2901 omnibus

181 2941 274 2995 suis
295 2941 876 3013 comprovincialibus,
902 2941 981 2996 ita
1009 2947 1075 2996 ut
1103 2957 1274 2996 nemo
1315 2957 1385 2996 ex
1415 2939 1495 2994 eis
1539 2939 1702 3007 desit,
1730 2943 1787 2994 et

183 3051 356 3090 omnes
375 3036 431 3090 in
447 3036 809 3108 singulorum
840 3034 1189 3090 concordent
1216 3034 1475 3106 negotiis,
1497 3034 1659 3100 licet;
1686 3033 1786 3088 sed

1881 1911 2049 1966 liatos
2078 1927 2210 1965 cum
2240 1911 2354 1965 suis
2394 1911 2660 1966 omnibus
2707 1911 2930 1967 restitui
2966 1912 3191 1982 jubent,
3221 1916 3278 1967 et
3318 1916 3512 1984 postea

1883 2021 1985 2058 suo
2022 2008 2304 2076 tempore,
2334 2003 2476 2058 sicut
2520 2005 2609 2060 lex
2648 2021 2845 2062 eorum
2889 2004 3158 2071 continet,
3191 2005 3263 2059 ad
3311 2005 3514 2076 placita

1883 2097 2074 2152 venire
2099 2098 2463 2170 pracipiunt,
2491 2113 2594 2154 nec
2620 2099 2738 2152 ulla
2763 2099 3002 2153 carceris
3029 2098 3282 2153 custodia
3312 2099 3507 2170 appel-

1883 2191 2100 2246 lantem
2151 2191 2327 2247 arceri
2373 2192 2730 2264 permittunt.
2775 2193 2990 2248 Docent
3029 2192 3185 2247 enim
3237 2209 3307 2246 ex
3354 2197 3512 2263 parte

1885 2285 2029 2340 sicut
2057 2286 2236 2341 nostis
2263 2289 2496 2340 terrena
2523 2302 2653 2358 qua
2683 2291 2815 2342 sunt
2849 2286 3110 2342 coelestia.
3153 2288 3512 2341 Accusatores

1885 2396 2037 2446 vero,
2055 2383 2113 2434 et
2135 2380 2520 2435 accusationes
2545 2396 2685 2452 quas
2712 2380 2898 2435 saculi
2919 2381 3072 2451 leges
3096 2397 3212 2435 non
3234 2380 3515 2434 asciscunt

1884 2473 2206 2528 nullatenus
2231 2479 2362 2528 sunt
2389 2473 2448 2528 in
2475 2474 2685 2529 horum
2735 2473 3108 2528 admittenda
3147 2473 3348 2541 causis,
3378 2474 3514 2544 quia

1887 2583 2056 2621 omne
2088 2567 2241 2638 quod
2265 2567 2765 2637 irreprehensibile
2812 2571 2898 2622 est
2941 2567 3222 2621 catholica
3261 2565 3514 2622 defendit

1885 2661 2149 2715 Ecclesia.
2201 2662 2372 2715 Decet
2423 2661 2575 2714 enim
2631 2660 2853 2715 Domini
2907 2660 3218 2716 sacerdotes
3269 2660 3511 2715 fratrum

1886 2770 2078 2807 causas
2143 2753 2236 2825 pie
2295 2757 2564 2820 tractare,
2617 2757 2674 2808 et
2725 2753 3125 2808 venerabiliter
3191 2753 3509 2820 intendere,

1884 2852 2052 2919 atque
2081 2863 2280 2901 eorum
2317 2847 2533 2917 judicia
2573 2863 2743 2919 super
2783 2847 3050 2903 sacrificia
3095 2847 3378 2911 ordinare,
3410 2861 3514 2900 nec

1884 2946 2148 3011 proterva
2174 2944 2273 2995 aut
2299 2940 2594 3011 tyrannica
2621 2940 3004 2996 dominatione
3038 2940 3122 3010 (ut
3165 2940 3235 2995 de
3283 2939 3512 3011 quibus-

1887 3035 2021 3089 dam
2056 3033 2321 3105 refertur)
2349 3034 2450 3089 sed
2479 3034 2812 3090 charitative
2855 3052 2958 3106 pro
3002 3035 3117 3089 Deo
3164 3037 3222 3088 et
3266 3034 3514 3089 fraterno

182 3127 388 3183 deﬁnire
453 3146 656 3184 eorum
726 3133 897 3200 atque
951 3127 1454 3183 ecclesiasticarum
1536 3143 2076 3241 summascamore
2105 3132 2309 3182 cuncta
2337 3144 2640 3199 peragere,
2670 3132 2726 3183 et
2768 3129 2923 3200 quod
2953 3127 3057 3182 sibi
3101 3128 3229 3200 quis
3273 3127 3397 3182 fieri
3427 3143 3511 3182 se-

445 3240 480 3241 ,,
776 3222 860 3241 _-.
917 3221 1176 3241 sum”-
1236 3222 1514 3241 ηελημ-
1577 3221 1777 3241 _L___-
1895 3222 2129 3241 ,ηηλημ
2191 3221 2537 3241 ηΑ-,εηεημ
3307 3221 3508 3241 ,_.-___

179 3223 406 3291 querelas
431 3239 753 3284 causarum,
775 3222 866 3276 vel
907 3221 1183 3276 damnare
1227 3222 1538 3293 episcopos,
1571 3221 1783 3292 absque

181 3314 322 3384 hujus
346 3321 547 3371 sancta
574 3315 726 3370 sedis
767 3315 1106 3370 auctoritate
1152 3314 1389 3370 minime
1430 3315 1583 3383 licet,
1612 3330 1786 3385 quam

181 3424 353 3463 omnes
388 3410 678 3481 appellare
707 3409 773 3478 (si
805 3425 1038 3463 necesse
1085 3409 1278 3477 fuerit)
1303 3413 1359 3463 et
1388 3408 1558 3478 hujus
1601 3407 1785 3462 fulciri

180 3501 358 3556 auxilio
381 3505 632 3574 oportet.
665 3503 826 3569 Nam,
859 3507 921 3556 ut
961 3503 1155 3569 nostis,
1187 3501 1467 3573 synodum
1512 3501 1633 3555 sine
1663 3501 1785 3571 ejus

179 3597 481 3651 auctoritate
515 3596 644 3650 fieri
674 3612 793 3650 non
838 3597 924 3649 est
953 3595 1318 3660 catholicum,
1349 3610 1453 3648 nec
1489 3594 1786 3665 episcopus

178 3686 224 3740 in
248 3688 484 3760 legitima
516 3689 761 3762 synodo,
792 3693 848 3744 et
877 3705 976 3743 suo
1003 3692 1260 3758 tempore
1291 3688 1598 3759 apostolica
1620 3703 1782 3742 voca-

181 3781 310 3836 tione
325 3787 672 3855 congregata
698 3781 927 3837 deﬁnite
953 3781 1209 3836 damnari
1241 3784 1444 3852 potest,
1465 3797 1646 3852 neque
1676 3781 1787 3834 ulla

178 3890 406 3947 unquam
433 3876 674 3932 concilia
706 3881 828 3931 rata
853 3877 1142 3947 leguntur,
1177 3891 1306 3947 qua
1335 3891 1452 3930 non
1492 3880 1622 3928 sunt
1645 3874 1787 3928 fulta

177 3970 458 4039 apostolica
488 3968 844 4026 auctoritate.
877 3971 1240 4023 Accusatores
1269 3971 1460 4022 autem
1501 3967 1787 4039 episcopo-

178 4076 304 4128 rum,
320 4069 374 4118 et
392 4068 564 4119 testes
592 4079 762 4134 super
783 4061 990 4134 quibus
1011 4062 1255 4132 rogastis
1277 4062 1490 4132 absque
1511 4062 1626 4115 ulla
1646 4061 1788 4116 infa-

177 4155 272 4209 mia
285 4162 376 4212 aut
388 4157 715 4229 suspicione
732 4158 820 4211 vel
839 4156 1145 4210 manifesta
1167 4155 1412 4222 macula,
1429 4158 1484 4209 et
1503 4171 1633 4209 vere
1655 4155 1786 4209 fidei

177 4247 394 4316 pleniter
441 4251 706 4306 instructi
755 4266 876 4305 esse
927 4248 1155 4316 debent,
1197 4251 1254 4303 et
1295 4249 1432 4303 tales
1480 4249 1671 4320 quales
1712 4247 1785 4301 ad

177 4343 527 4398 sacerdotium
555 4344 768 4415 eligere
778 4343 946 4414 jubet
963 4342 1156 4396 divina
1176 4341 1494 4408 auctoritas,
1515 4341 1786 4412 quoniam

178 4436 462 4492 sacerdotes
504 4438 589 4508 (ut
639 4437 876 4507 antiqua
921 4435 1091 4490 tradit
1132 4434 1453 4500 auctoritas)
1493 4433 1788 4488 criminari

1886 3222 2138 3276 cundum
2190 3221 2546 3276 Dominicam
2594 3238 2790 3276 vocem
2835 3239 2950 3276 non
2993 3222 3132 3290 vult,
3161 3221 3257 3275 alii
3307 3221 3514 3276 inferre

1885 3332 2003 3369 non
2045 3318 2374 3386 prasumat,
2403 3318 2459 3369 et
2495 3315 2556 3369 in
2603 3331 2714 3386 qua
2760 3331 3027 3370 mensura
3065 3314 3245 3369 mensi
3296 3314 3516 3368 fueritis

1885 3409 2216 3462 remetiatur
2244 3408 2420 3462 vobis.
2456 3410 2530 3464 Ea
2560 3425 2694 3462 vero
2724 3425 2854 3480 qua
2884 3409 3271 3479 apostolorum
3303 3407 3512 3478 pradi-

1885 3501 2105 3556 catione
2130 3504 2189 3555 et
2211 3502 2445 3555 Patrum
2484 3501 2854 3556 instructione
2885 3501 3259 3572 praecepimus
3288 3517 3516 3570 semper

1884 3597 2078 3649 tenere
2127 3594 2417 3661 debemus,
2460 3611 2533 3648 ne
2577 3595 2769 3666 aliqua
2811 3612 2958 3650 nove
3009 3594 3235 3660 cudere,
3283 3597 3381 3649 aut
3441 3593 3516 3648 ad

1885 3704 2091 3743 noxam
2134 3689 2378 3743 fratrum
2427 3687 2726 3744 intendere
2775 3688 3084 3757 videamur,
3131 3687 3231 3742 sed
3279 3711 3306 3737 ‹‹
3345 3687 3514 3742 alter-

1883 3787 2078 3835 utrum
2101 3797 2277 3836 onera
2293 3785 2602 3852 portemus,
2617 3787 2679 3835 ut
2687 3782 3196 3852 juxta‘Apostolum
3210 3782 3393 3851 legem
3411 3782 3516 3834 Do-

1884 3874 2025 3929 mini
2051 3875 2363 3946 adimplere
2385 3876 2673 3930 valeamus
2695 3876 2835 3944 (Gal.
2857 3891 2930 3941 v1,
2955 3876 3026 3945 2).
3043 3896 3070 3922 »
3089 3876 3339 3944 Tempus
3358 3874 3513 3928 enim

1884 3985 1985 4022 con
1995 3985 2203 4038 gruum
2217 3969 2511 4040 pravideri
2524 3972 2766 4039 oportet,
2783 3969 3057 4039 quoniam
3068 3967 3512 4038 uniuscujusque

1886 4068 2162 4116 accuSata
2191 4078 2450 4133 persona
2481 4079 2643 4116 causa
2675 4061 2983 4116 rectissime
3006 4061 3063 4115 in
3091 4061 3280 4115 medio
3308 4061 3514 4132 produ-

1885 4160 2062 4223 catur,
2099 4158 2376 4226 quatenus
2423 4155 2762 4226 gravitatem
2813 4155 2935 4226 ejus
2979 4161 3034 4209 et
3085 4155 3515 4209 consonantiam

1886 4265 2014 4320 qua
2043 4254 2240 4304 contra
2278 4251 2507 4304 Patrum
2538 4249 2761 4304 decreta
2783 4250 2870 4302 vel
2909 4249 3252 4320 synodorum
3298 4249 3514 4304 confes-

1887 4343 2101 4396 sionem
2115 4341 2281 4413 prodi
2301 4342 2537 4397 minime
2553 4347 2916 4414 cognoscant,
2937 4358 3107 4414 quam
3127 4341 3518 4396 ordinabiliter

1887 4452 2088 4490 omnes
2115 4436 2438 4503 intendant,
2473 4441 2537 4490 ut
2567 4436 2641 4490 ad
2669 4453 2798 4490 eam
2827 4436 2887 4490 in
2913 4436 3176 4490 omnibus
3206 4434 3517 4490 rationabi-

177 4542 273 4582 nou
298 4535 552 4600 possunt,
581 4547 687 4585 nec
716 4531 774 4584 in
802 4547 898 4584 eos
925 4529 1213 4585 testificari
1260 4529 1357 4600 qui
1405 4529 1474 4582 ad
1518 4528 1785 4582 eumdem
1804 4533 1863 4605 ι)
1884 4529 2017 4583 liter
2047 4529 2443 4598 respondeant,
2473 4533 2530 4583 et
2551 4529 2702 4599 juste
2729 4547 2786 4584 se
2816 4530 2957 4584 velle
2998 4529 3294 4583 manifeste
3323 4531 3514 4582 osten-

177 4635 269 4675 non
294 4623 519 4694 debent,
555 4641 664 4679 nec
707 4629 947 4695 possunt
975 4622 1211 4694 provehi
1241 4623 1311 4677 ad
1363 4623 1672 4691 honorem;
1700 4639 1787 4676 vo-

173 4714 296 4769 catio
325 4719 475 4772 enim
505 4718 578 4772 ad
605 4717 888 4789 synodum
909 4717 1072 4788 juxta
1097 4716 1323 4771 decreta
1352 4717 1585 4770 Patrum
1611 4731 1783 4769 cano-

175 4805 278 4860 nica
301 4809 418 4880 ejus
446 4811 548 4882 qui
577 4811 876 4881 impetitur
903 4815 1021 4864 tam
1052 4826 1150 4862 sua
1178 4809 1500 4880 prasentia,
1530 4825 1702 4880 quam
1731 4813 1787 4862 et

172 4901 367 4972 scriptis
396 4908 571 4976 atque
618 4903 996 4974 apocrisiariis
1040 4918 1149 4974 per
1179 4902 1426 4973 spatium
1455 4901 1576 4956 fieri
1617 4902 1788 4956 debet

171 5006 464 5064 congruum
518 5000 691 5068 atque
748 4996 1107 5064 canonicum,
1155 4994 1291 5066 quia
1337 4994 1444 5048 nisi
1513 4995 1788 5050 canonice

172 5093 372 5143 vocatus
402 5091 580 5145 fuerit
605 5106 706 5144 suo
739 5094 994 5161 tempore
1023 5093 1078 5144 et
1103 5087 1373 5143 canonica
1408 5087 1784 5156 ordinatione,

171 5175 284 5234 licet
306 5183 526 5238 venerit
555 5183 625 5238 ad
657 5188 999 5238 conventum
1041 5198 1384 5254 quacunque
1428 5181 1787 5236 ordinatione.

175 5271 266 5326 nisi
313 5282 511 5346 sponte
560 5276 823 5344 voluerit,
877 5276 1203 5330 nullatenus
1255 5275 1370 5330 suis
1425 5275 1788 5345 respondebit

171 5360 593 5438 insidiatoribus,
613 5370 885 5442 quoniam
914 5385 1014 5423 nec
1033 5367 1220 5422 saeculi
1252 5368 1403 5439 leges
1431 5369 1534 5422 hoc
1559 5368 1789 5440 permit-

173 5461 284 5512 tunt
312 5462 432 5516 fieri
463 5481 474 5517 :
501 5469 719 5534 quanto
753 5462 940 5534 magis
972 5461 1222 5516 divina?

235 5551 464 5623 Dejectis
495 5572 628 5610 vero
670 5561 841 5628 atque
887 5554 1000 5608 suis
1047 5554 1220 5609 rebus
1272 5553 1594 5624 exspoliatis
1643 5554 1788 5609 nihil

173 5644 315 5700 vobis
345 5649 531 5703 verius
559 5649 881 5721 significare
913 5665 1060 5720 queo
1089 5664 1262 5720 quam
1309 5647 1653 5702 sanctissimi
1684 5650 1784 5703 Pa-

175 5739 273 5792 tres
312 5740 675 5813 deﬁnierunt,
705 5747 764 5799 et
789 5744 967 5798 nostri
1004 5742 1448 5814 pradecessores
1487 5743 1789 5812 apostolica

176 5835 482 5891 auctoritate
515 5837 943 5895 roboraverunt.
981 5839 1060 5892 Ita
1091 5835 1245 5891 enim
1283 5835 1403 5890 hac
1446 5851 1505 5891 se
1552 5835 1784 5907 habent,

1885 4622 2041 4676 dant.
2081 4621 2277 4676 Nullus
2320 4627 2512 4678 autem
2555 4623 2945 4678 introducatur
2988 4620 3382 4692 personaliter,
3415 4621 3516 4676 sed

1886 4718 2242 4770 accusatores
2296 4719 2355 4768 et
2407 4715 2650 4770 accusati
2711 4732 2878 4786 aqua
2927 4715 3231 4771 audiantur
3295 4715 3516 4769 ratione

1879 4811 2043 4881 juxta
2067 4809 2219 4881 quod
2255 4813 2542 4880 gestorum
2571 4809 2709 4864 ordo
2740 4809 2937 4881 exigit.
2987 4814 3358 4864 Accusatores
3383 4826 3516 4863 vero

1887 4909 1945 4958 et
1966 4903 2188 4974 judices
2235 4919 2349 4957 non
2400 4902 2556 4958 idem
2608 4903 2738 4970 sint,
2770 4904 2863 4957 sed
2902 4920 3004 4974 per
3043 4920 3100 4958 se
3143 4906 3514 4969 accusatores,

1888 5014 1992 5069 per
2055 5013 2114 5052 se
2171 4996 2410 5068 judices,
2459 5012 2563 5068 per
2618 5012 2673 5051 se
2729 4999 2930 5065 testes,
2983 5013 3084 5068 per
3135 5014 3192 5052 se
3247 4995 3510 5062 accusati,

1886 5091 2278 5162 unusquisque
2343 5089 2401 5144 in
2468 5107 2568 5144 suo
2645 5090 3035 5145 ordinabiliter
3097 5090 3314 5145 ordine.
3373 5090 3514 5142 Nam

1885 5184 2178 5256 inscriptio
2225 5184 2410 5255 primo
2458 5200 2686 5254 semper
2728 5184 2848 5254 ﬁat,
2880 5189 2940 5238 ut
2987 5184 3252 5238 talionem
3299 5182 3510 5236 calum-

1887 5277 2071 5332 uiator
2099 5277 2353 5348 recipiat,
2383 5277 2519 5348 quia
2542 5281 2675 5332 ante
2699 5277 3122 5348 inscriptionem
3148 5289 3316 5329 nemo
3347 5272 3516 5326 debet

1881 5369 2142 5440 judicari,
2197 5371 2281 5424 vel
2327 5369 2608 5439 damnari,
2665 5387 2796 5424 cum
2851 5374 2908 5424 et
2952 5367 3136 5424 saculi
3191 5366 3345 5436 leges
3393 5364 3514 5417 hac

1888 5463 2090 5518 eadem
2114 5463 2418 5530 retineant,
2434 5463 2502 5518 de
2519 5462 2722 5535 quibus
2745 5463 3007 5518 omnibus
3027 5476 3155 5514 vera
3173 5473 3396 5527 semper
3418 5457 3513 5510 ﬁat

1887 5557 2146 5628 aquitas,
2184 5562 2464 5629 quatenus
2510 5556 2878 5612 accusationis
2917 5559 2972 5608 et
3013 5551 3213 5625 judicii
3254 5566 3317 5604 ac
3353 5549 3509 5605 testi-

1889 5651 2066 5705 monii
2095 5651 2418 5706 mercedem
2468 5668 2570 5722 per
2595 5649 2888 5705 veritatem
2919 5651 3209 5718 gestorum
3245 5645 3512 5716 consequi

1888 5744 2136 5798 valeant.
2179 5745 2463 5817 Scriptum
2505 5748 2589 5799 est
2632 5743 2826 5796 enim:
2865 5737 3221 5794 Abominatio
3265 5739 3510 5793 Domino

1888 5837 2038 5893 labia
2080 5838 2373 5894 mendacia
2401 5840 2580 5910 (Prov.
2609 5852 2707 5903 xu,
2735 5837 2842 5902 22),
2873 5856 2899 5882 ‹‹
2929 5839 2985 5889 et
3007 5839 3210 5890 testem
3254 5833 3510 5890 fallacem
