3946 6180
437 256 540 313 663

1334 257 1618 313 APPEND.
1660 258 1749 314 AD
1788 257 1950 314 SJEC.
1983 258 2071 314 IX.
2103 287 2171 300 -ο
2203 257 2448 313 lSlDORI
2483 252 2908 312 MERCATORIS
3640 260 3718 316 6M

434 365 825 437 proferentem
857 365 1172 434 mendacia,
1202 369 1259 420 et
1285 365 1664 422 seminantem
1692 366 1842 422 inter
1865 368 2068 423 fratres
2089 376 2150 451 Α
2170 364 2520 438 provinciam
2550 363 2737 438 primo
2762 361 3125 418 discussionis
3167 362 3437 417 accusatio
3479 362 3583 419 sine
3616 384 3723 438 apo-

434 458 718 524 seandala,
744 461 916 530 atque
945 458 1126 530 litigia
1156 460 1333 529 (Prov.
1365 476 1438 527 vi,
1470 462 1554 531 l9)
1585 482 1612 510 »
1640 460 1765 532 ipso
1796 466 2068 517 monente

435 556 605 622 atque
656 551 923 606 dicente:
960 572 988 602 «
1033 553 1154 606 Non
1195 552 1371 607 facies
1418 553 1762 608 calumniam
1807 555 2069 626 proximo

435 648 555 712 tuo,
587 661 692 701 nec
717 645 772 698 vi
799 644 1086 716 opprimes
1114 662 1272 714 eum,
1296 663 1413 700 non
1440 646 1608 702 facies
1631 647 1783 718 quod
1811 648 2069 720 iniquum

438 742 544 805 est,
573 754 681 792 nec
708 738 917 809 injuste
956 738 1263 811 judicabis,
1292 756 1407 793 non
1452 740 1832 796 considerabis
1876 758 2067 813 perso-

434 847 572 887 nam
603 831 891 902 pauperis,
910 848 1014 886 nec
1029 832 1285 887 honores
1299 834 1516 888 vultum
1538 834 1808 904 potentis,
1818 834 2070 906 justeju-

437 908 569 981 «(lica
588 924 852 995 proximo
886 928 983 980 tuo
1016 925 1204 994 (Leuit.
1235 941 1344 993 xxx,
1380 930 1443 982 18
1468 932 1519 981 et
1542 928 1695 999 seq.),
1725 949 1751 976 ››
1775 931 1831 982 et
1860 950 1887 977 ‹‹
1917 929 2069 999 quod

439 1017 537 1072 tibi
580 1035 696 1073 non
738 1018 821 1073 vis
872 1018 999 1073 ﬁeri
1040 1020 1204 1075 alteri
1249 1036 1321 1075 ne
1370 1021 1540 1075 facias
1584 1022 1736 1092 (Tob.
1790 1039 1864 1088 Ix,
1899 1022 2006 1092 16),
2039 1043 2066 1071 ››

437 1117 493 1165 et
522 1111 764 1184 reliqua.
796 1113 863 1168 Et
883 1112 1135 1167 maxime
1162 1118 1519 1186 praeceptum
1546 1115 1829 1169 habentes
1853 1119 2072 1186 aposto-

436 1204 610 1258 licum
663 1204 957 1261 attendere
1009 1222 1108 1259 nos
1149 1205 1303 1277 ipsos
1339 1211 1396 1261 et
1434 1208 1596 1279 gregi
1624 1229 1652 1258 ‹‹
1698 1207 1758 1262 in
1806 1224 1920 1279 quo
1970 1225 2071 1262 nos

437 1297 681 1367 Spiritus
708 1301 936 1354 sanctus
964 1298 1157 1369 posuit
1185 1299 1474 1371 episcopos
1515 1317 1717 1372 regere
1746 1302 1844 1356 Dei
1885 1302 2069 1358 Eccle-

439 1390 603 1457 siam,
621 1406 793 1462 quam
810 1391 1105 1463 acquisivit
1121 1408 1224 1462 per
1234 1391 1576 1464 sanguinem
1596 1409 1660 1448 su
1668 1411 1761 1448 um
1775 1394 2071 1467 proprium

441 1484 580 1549 (Act.
612 1501 701 1553 xx,
733 1486 842 1555 28).
874 1506 901 1533 ››
934 1486 1210 1541 Convenit
1235 1490 1293 1541 et
1316 1487 1529 1542 iterum
1563 1486 1857 1543 attendere
1884 1488 2067 1559 lupos,

2171 461 2362 515 stolica
2387 458 2790 531 praeceptione,
2821 458 2913 511 cui
2942 456 3001 511 in
3046 455 3309 511 omnibus
3342 457 3508 512 causis
3532 458 3729 516 debetur

2169 553 2484 608 reverentia
2529 551 2819 619 custodiri,
2853 549 3130 622 quoniam
3154 553 3210 604 et
3232 549 3455 620 antiqua
3485 551 3626 606 docet
3648 553 3731 608 hoc

2169 650 2401 702 Patrum
2425 647 2644 718 regula,
2675 646 2738 700 in
2766 660 2876 716 qua
2908 647 2965 699 et
2992 640 3306 715 imperialia
3346 644 3543 713 pariter
3563 647 3732 703 statuta

2172 741 2502 797 concinunt.
2524 738 2859 807 Criminum,
2875 737 3161 809 inquiunt,
3188 736 3447 791 discussio
3469 737 3534 792 ibi
3553 739 3734 809 agenda

2172 840 2255 890 est
2276 834 2373 889 ubi
2405 833 2621 888 crimen
2666 831 2975 886 admissum
3022 834 3125 885 est.
3156 830 3293 884 Nam
3320 829 3445 884 alibi
3479 831 3735 887 criminum

2170 944 2300 983 reus
2322 927 2659 999 prohibetur
2684 925 2888 991 audiri,
2920 929 2977 979 et
3006 923 3137 979 alibi
3163 922 3220 977 in
3251 922 3540 978 canonibus
3571 926 3733 995 praeci-

2172 1022 2346 1093 pitur.
2373 1021 2737 1090 Quaecunque
2768 1018 2998 1090 negotia
3020 1019 3080 1073 in
3107 1016 3220 1071 suis
3243 1016 3376 1072 locis
3401 1016 3489 1071 ubi
3509 1021 3619 1072 orta
3632 1023 3738 1074 sunt

2169 1114 2421 1169 ﬁnienda
2449 1116 2600 1180 sunt,
2622 1118 2678 1167 et
2704 1100 2919 1183 reliqua
2944 1110 3083 1165 talia
3110 1116 3167 1165 et
3191 1110 3279 1165 his
3302 1109 3510 1177 similia,
3541 1110 3674 1165 salva
3693 1112 3738 1166 in

2172 1208 2439 1263 omnibus
2467 1206 2778 1279 apostolica
2810 1205 3161 1271 auctoritate,
3191 1208 3253 1259 ut
3277 1203 3415 1259 nihil
3437 1204 3492 1258 in
3528 1204 3607 1259 his
3627 1204 3738 1259 deii-

2171 1302 2406 1357 niantur
2456 1301 2787 1372 priusquam
2838 1299 2890 1354 ei
2952 1299 3171 1370 placere
3237 1302 3588 1370 cognoscatur
3636 1299 3740 1369 quia

2173 1411 2369 1450 omnes
2395 1394 2565 1450 fultos
2593 1410 2715 1449 esse
2743 1395 2988 1465 oportet,
3022 1397 3080 1447 et
3107 1392 3154 1446 si
3178 1392 3315 1464 quid
3349 1391 3427 1446 eis
3450 1407 3599 1462 grave
3622 1391 3738 1446 into-

2171 1488 2585 1559 lerandumque
2610 1486 2912 1550 accideret,
2932 1485 3052 1556 ejus
3070 1489 3156 1540 est
3180 1500 3407 1557 semper
3424 1483 3741 1556 exspectanda

438 1577 729 1633 attendere
758 1579 937 1634 malos
968 1578 1277 1651 operarios,
1305 1580 1405 1652 qui
1446 1597 1714 1651 perversa
1752 1579 1986 1647 faciunt,
2016 1584 2075 1636 ct
2171 1582 2637 1653 censura.Neque
2656 1578 2810 1635 enim
2827 1583 3086 1652 proterve
3102 1581 3203 1632 aut
3216 1577 3559 1633 stimulosuaa
3576 1578 3742 1649 cogita-

436 1669 674 1727 adversa
700 1671 1035 1744 loquuntur,
1066 1677 1131 1727 ut
1158 1673 1459 1728 detrahere
1510 1688 1736 1745 semper
1781 1674 2072 1746 discipulis
2170 1676 2339 1731 tionis
2354 1675 2630 1746 impulsus
2646 1672 2731 1745 (ut
2746 1689 2897 1745 saepe
2918 1675 3106 1727 actum
3132 1671 3475 1743 agndvimus)
3495 1671 3741 1725 detrahere

439 1764 681 1833 Domini,
716 1770 775 1821 et
799 1765 1073 1821 infamare
1100 1769 1383 1838 quaerant,
1410 1782 1554 1838 quos
1585 1767 1867 1837 corrigere
1892 1784 1989 1822 vos
2016 1749 2147 1823 etB
2170 1772 2270 1824 aut
2285 1783 2549 1823 accusare
2564 1769 2881 1839 praesumat
2898 1781 3247 1837 quemquam
3271 1764 3624 1831 sacerdotum,
3641 1763 3742 1835 quia

436 1873 633 1913 omnes
671 1858 896 1913 Domini
939 1860 1265 1914 sacerdotes
1314 1876 1544 1914 summo
1584 1860 1771 1915 studio
1822 1865 2067 1931 oportet,

326 2002 333 2003 ,
433 1950 565 2021 quia
594 1951 755 2022 pejus
797 1953 1015 2007 malum
1060 1968 1174 2007 non
1221 1956 1326 2019 est,
1359 1969 1529 2024 quam
1573 1956 1640 2006 ut
1681 1952 1829 2007 cives
1859 1954 2072 2008 civibus

434 2043 729 2099 invideant
763 2048 820 2099 et
861 2046 1180 2100 sacerdotes
1206 2047 1295 2102 vel
1340 2046 1527 2102 clerici
1575 2046 1957 2102 sacerdotibus
1983 2047 2069 2102 vel

433 2136 797 2208 pontificibus
857 2137 1216 2209 insidientur,
1274 2143 1516 2195 testante
1573 2139 1744 2195 etiam
1808 2141 2071 2195 Veritatis

432 2247 567 2285 voce
598 2247 612 2285 :
645 2250 671 2282 «
704 2230 810 2295 Qui
834 2248 931 2286 ves
970 2232 1176 2303 tangit,
1206 2232 1391 2304 tangit
1433 2232 1715 2305 pupillam
1764 2232 1909 2288 oculi
1954 2234 2071 2289 mei

434 2323 579 2395 (Zac.
606 2341 668 2392 ιι,
702 2323 778 2395 8).
806 2346 834 2374 ››
877 2326 944 2380 Et
989 2342 1001 2380 :
1038 2346 1067 2375 ‹‹
1110 2325 1215 2390 Qui
1265 2326 1723 2381 scandalizaverit
1770 2343 1949 2400 unum
1997 2327 2067 2382 de

434 2417 652 2488 pusillis
675 2417 817 2484 istis,
844 2418 1052 2473 melius
1066 2424 1152 2475 est
1169 2422 1231 2474 ut
1248 2420 1628 2491 suspendatur
1650 2420 1801 2475 mola
1822 2420 2070 2476 asinaria

433 2511 492 2565 in
519 2511 730 2566 collum
756 2511 899 2583 ejus,
929 2514 986 2566 et
1029 2512 1402 2585 demergatur
1426 2513 1484 2567 in
1516 2513 1863 2584 profundum
1894 2514 2068 2569 maris

2170 1862 2380 1934 injuria
2411 1877 2609 1917 eorum
2633 1860 2705 1914 ad
2726 1859 3016 1916 Christum
3036 1859 3309 1932 pertinet,
3333 1858 3485 1929 cujus
3501 1857 3743 1927 vicelegn.

2169 1958 2321 2012 tione
2338 1971 2440 2027 pro
2452 1953 2895 2026 populo,Christi
2907 1953 3186 2025 sanguine
3203 1951 3600 2023 redempto,fun
3608 1949 3741 2022 gitur.

2170 2051 2378 2105 Causas
2405 2048 2558 2104 enim
2587 2064 2806 2114 eorum,
2842 2047 2976 2120 quia
2999 2046 3096 2101 Dei
3123 2062 3310 2102 causas
3340 2049 3485 2111 sunt,
3507 2044 3615 2115 ejus
3633 2060 3739 2109 esse,

2173 2143 2220 2216 1
2238 2142 2363 2217 63
2374 2142 2587 2214 judicio
2605 2141 2992 2207 reservandae,
3012 2140 3112 2212 qui
3132 2140 3280 2195 valet
3298 2155 3496 2210 corpus
3514 2138 3741 2201 occidere,

2170 2241 2229 2291 et
2246 2237 2500 2292 animam
2535 2236 2761 2291 mittere
2798 2235 2859 2289 in
2886 2235 3211 2305 gehennam
3244 2233 3455 2305 (Matth.
3477 2249 3526 2300 x,
3552 2230 3742 2302 28);qui

2170 2330 2305 2386 dicit
2327 2348 2340 2385 :
2365 2330 2497 2385 Mihi
2521 2330 2853 2395 vindictam,
2875 2332 2933 2383 et
2954 2343 3060 2398 ego
3087 2326 3402 2382 retribuam
3429 2325 3575 2397 (Eph.
3592 2341 3639 2390 x,
3659 2323 3741 2391 30).

2168 2424 2331 2496 Apud
2360 2440 2534 2495 quem
2563 2422 2911 2478 conscientia
2940 2420 3093 2475 nuda
3132 2425 3241 2487 est,
3272 2421 3362 2475 cui
3408 2436 3517 2475 non
3555 2417 3743 2472 abscon-

2168 2519 2381 2573 duntur
2404 2517 2643 2572 occulta.
2689 2515 3006 2571 lnstruendi
3052 2514 3224 2570 etiam
3258 2530 3451 2570 omnes
3477 2514 3611 2581 sunt,
3633 2524 3742 2582 quo-

433 2603 645 2671 (Matth.
703 2622 859 2671 xvm,
905 2606 977 2675 6).
1022 2627 1050 2657 »
1104 2609 1171 2663 Et
1217 2606 1356 2662 item
1403 2622 1416 2661 :
1457 2628 1486 2657 ‹‹
1540 2608 1742 2662 Beatus
1790 2607 1889 2678 qui
1952 2624 2067 2662 non

430 2697 605 2753 fuerit
633 2699 1041 2754 scandalizatus
1068 2700 1128 2755 in
1159 2716 1250 2755 me
1284 2701 1427 2767 (Luc.
1457 2717 1556 2770 vu,
1589 2702 1699 2772 23).
1744 2734 1745 2737 η
1796 2700 1891 2754 llle
1932 2717 2065 2771 pro-
2169 2705 2360 2760 ovium
2385 2705 2502 2776 lupi
2518 2704 2752 2759 insidias
2774 2701 3226 2775 praevidere,sed
3250 2700 3481 2774 pastoris
3502 2700 3741 2772 (Joann.x,

433 2790 699 2847 culdubio
726 2793 1133 2848 scandalizatus
1164 2798 1251 2848 est
1280 2794 1337 2848 in
1365 2795 1564 2861 Deum,
1598 2793 1695 2865 qui
1741 2794 1863 2864 ejus
1901 2809 2063 2849 scan-
2171 2802 2255 2868 t2,
2286 2799 2391 2869 l3).
2428 2799 2612 2854 Monet
2655 2813 2794 2869 ergo
2835 2796 3044 2851 beatus
3091 2795 3385 2867 apostolus
3427 2792 3613 2849 Paulus
3639 2812 3662 2839 α
3689 2804 3744 2843 ne

432 2882 638 2939 dalizat
680 2884 1008 2956 episcopum
1055 2886 1140 2941 vel
1185 2887 1557 2954 sacerdotem,
1600 2890 1658 2941 et
1702 2886 1886 2942 multa
1933 2886 2068 2942 talia
2167 2892 2237 2947 de
2265 2892 2354 2947 his
2382 2895 2599 2946 temere
2629 2891 2937 2963 leviterque
2982 2893 3366 2962 praesumatur
3399 2885 3668 2960 judicium,
3692 2882 3743 2936 de

432 2992 558 3048 quas
585 2977 676 3032 hic
701 2994 818 3033 non
846 2978 1196 3049 inseruntur,
1228 2996 1301 3034 ne
1330 2979 1498 3035 nimis
1542 2979 1764 3052 prolixa
1788 2979 2068 3036 efﬁciatur
2167 2985 2369 3055 quibus
2398 3002 2572 3039 nemo
2601 2987 2786 3056 potest
2803 2985 2990 3039 verius
3009 2983 3097 3038 vel
3126 2982 3334 3037 melius
3354 2980 3591 3053 judicare
3608 2991 3743 3049 quam

432 3069 690 3141 epistola.
740 3072 1029 3128 Monentes
1074 3090 1302 3146 quoque
1344 3074 1629 3129 instruere
1675 3073 1896 3145 debetis
1940 3090 2063 3129 me—
2086 3117 2142 3192 Ο
2167 3080 2313 3134 Dens
2342 3080 2385 3147 (Ι
2419 3083 2534 3137 Cor.
2568 3095 2643 3146 1v,
2677 3078 2750 3149 5).
2795 3080 2897 3147 Tu,
2939 3077 3144 3150 inquit,
3192 3081 3387 3132 autem
3431 3088 3590 3146 quare
3621 3069 3743 3142 judi-

432 3166 679 3192 mnnnt-..
705 3164 912 3192 -.:..:...-..
940 3171 1154 3192 ---ι-Α..
1209 3172 1271 3192 .-ι
1305 3184 1330 3192 ..
1363 3167 1570 3192 ιηιει..-
1604 3184 1658 3192 ,Α
1706 3166 2042 3192 -..ι-ι....ι.-..ι
2178 3189 2255 3192 η-
2302 3172 2531 3192 Δ.-,ι..-..-
2582 3175 2740 3192 μυη.-
2824 3175 2912 3192 ---ι
2963 3187 3056 3192 ____.
3103 3170 3325 3192 __-____:_
3374 3166 3538 3192 ---μα
3579 3165 3743 3192 nmina-

2167 2612 2319 2666 niam
2388 2627 2487 2683 per
2536 2627 2642 2666 nos
2697 2610 2808 2664 illis
2873 2609 3128 2664 Christus
3197 2607 3449 2663 intonuit
3502 2622 3608 2661 non
3651 2619 3743 2658 esse

432 3166 682 3219 moratos
705 3164 914 3220 vicinos
940 3171 1177 3237 vestros,
1209 3172 1273 3222 ut
1302 3184 1337 3222 a
1363 3167 1572 3222 talibus
1602 3184 1660 3222 se
1705 3166 2063 3236 subtrahant,

432 3259 489 3312 et
516 3273 643 3328 quae
672 3257 865 3314 illicite
890 3265 1090 3315 contra
1118 3261 1384 3333 praefixos
1433 3261 1637 3316 fratres
1676 3265 1918 3331 egerunt
1955 3261 2064 3315 cito

429 3350 743 3421 corrigant,
774 3355 833 3406 et
856 3369 997 3425 quos
1022 3353 1189 3409 nobis
1228 3352 1559 3409 inconsultis
1591 3355 1859 3409 laeserunt
1898 3354 2065 3409 nobis

428 3443 758 3500 inconsultis
791 3447 961 3517 plena
991 3446 1372 3502 satisfactione
1404 3450 1607 3503 sanent
1632 3453 1689 3503 et
1712 3448 1822 3503 cito
1861 3465 2062 3503 recon-

428 3537 637 3607 cilient,
665 3539 712 3593 si
741 3540 1028 3595 noluerint
1053 3541 1378 3612 apostolica:
1427 3540 1578 3596 sedis
1621 3541 1906 3613 suscipere
1930 3557 2061 3597 cen-

428 3647 640 3686 suram.
671 3632 813 3687 Nam
840 3633 890 3688 si
923 3633 1063 3705 quid
1088 3634 1329 3690 fortasse
1377 3634 1435 3688 in
1473 3634 1553 3690 eis
1592 3637 1693 3690 aut
1736 3637 1933 3690 contra
1968 3652 2063 3690 eos

427 3729 759 3793 emerserat,
792 3733 1050 3783 nostrum
1093 3728 1281 3783 fuerat
1316 3728 1759 3799 exspectandum
1796 3745 2058 3796 examen,

424 3823 489 3873 ut
510 3824 700 3875 nostra
715 3819 799 3890 (ut
816 3837 1043 3893 semper
1057 3821 1187 3877 huic
1215 3820 1320 3877 fuit
1341 3821 1463 3877 sedi
1489 3838 1822 3877 concessum
1842 3822 2063 3894 privile-

426 3912 607 3985 gium)
625 3919 722 3969 aut
750 3915 1270 3970 condemnarentur
1297 3915 1655 3984 auctoritate,
1675 3918 1776 3971 aut
1801 3916 2061 3971 fulciren-

423 4011 519 4061 tur
543 4007 770 4062 auxilio.
804 4009 999 4079 Neque
1033 4009 1189 4063 enim
1238 4025 1339 4063 suo
1385 4026 1487 4080 pro
1529 4009 1693 4063 libitu
1739 4013 1931 4063 nostra
1958 4008 2058 4063 de-

2167 3189 2259 3226 cas
2300 3172 2540 3226 fratrem
2582 3175 2768 3240 tuum,
2819 3175 2917 3225 aut
2956 3187 3057 3225 cur
3101 3170 3328 3241 spernis
3371 3166 3538 3251 eum?
3579 3165 3744 3219 Omnes

2166 3266 2321 3319 enim
2352 3265 2624 3318 stabimus
2652 3268 2784 3318 ante
2829 3263 3099 3320 tribunal.
3141 3263 3425 3335 Scriptum
3472 3263 3550 3316 est
3586 3255 3742 3312 enim:

2163 3358 2299 3413 Vivo
2347 3373 2474 3428 ego,
2506 3357 2643 3412 dicit
2679 3357 2973 3412 Dominus.
3021 3356 3312 3421 Quoniam
3362 3354 3495 3409 mihi
3537 3352 3747 3406 ﬂectetur

2164 3469 2332 3507 omne
2364 3468 2535 3522 genu,
2565 3454 2625 3505 et
2663 3451 2850 3505 omnis
2886 3450 3081 3522 lingua
3128 3449 3490 3504 confitebitur
3531 3442 3743 3502 Domino.

2162 3547 2352 3617 itaque
2372 3544 2764 3617 unusquisque
2790 3547 3052 3599 nostrum
3077 3559 3184 3615 per
3208 3560 3273 3598 se
3292 3541 3563 3598 rationem
3587 3535 3747 3592 reddet

2165 3640 2276 3693 Deo
2311 3639 2476 3705 (Rom.
2511 3654 2626 3708 xxv,
2659 3638 2763 3709 10).
2813 3639 2874 3691 In
2916 3637 3023 3692 hoc
3064 3653 3203 3708 ergo
3232 3652 3359 3692 non
3389 3634 3489 3689 sibi
3514 3629 3745 3705 quispiam

2161 3732 2487 3787 temerarios
2504 3748 2674 3786 ausus
2694 3735 2945 3802 usurpet,
2962 3733 3024 3784 ut
3040 3734 3256 3802 praeter
3275 3729 3424 3801 quod
3443 3722 3744 3783 concordiam

2162 3826 2411 3896 pertinet
2435 3826 2587 3880 aliud
2616 3829 2751 3896 agat
2778 3824 2937 3895 unde
2962 3824 3152 3878 unitas
3182 3822 3442 3879 Ecclesiae
3464 3820 3536 3875 sic
3561 3815 3746 3885 dissipe—

2161 3926 2271 3973 tur.
2287 3920 2412 3974 Non
2437 3934 2575 3990 ergo
2597 3919 2795 3974 leviter
2808 3917 3108 3990 quisquam
3135 3917 3408 3972 assentiat
3425 3916 3481 3970 in
3501 3908 3746 3968 detractio-

2160 4024 2251 4074 ne,
2274 4008 2363 4062 vel
2379 4007 2749 4078 judicatione,
2770 4007 2858 4061 vel
2879 4006 3252 4062 damnatione
3272 4007 3510 4061 fratrum
3526 3999 3745 4057 maxime-

424 4098 669 4154 buerant
704 4100 839 4169 jura
894 4101 1204 4171 pervadere
1256 4102 1474 4173 absque
1527 4102 1851 4174 apostolicae
1911 4101 2059 4156 sedis
2158 4118 2267 4171 que
2285 4100 2646 4157 sacerdotum
2665 4099 3159 4172 quiproximiores
3178 4103 3314 4154 sunt
3330 4100 3535 4165 Deo,et

425 4190 790 4262 dispositione
818 4193 1146 4248 mandante.
1180 4198 1222 4250 A
1248 4194 1452 4248 talibus
1482 4195 1750 4260 deinceps
1778 4210 1979 4249 omnes
1999 4212 2056 4249 se
2156 4194 2279 4264 prio
2309 4210 2408 4248 ore
2434 4210 2637 4265 corpus
2664 4193 2871 4249 Christi
2898 4192 3223 4259 coniiciunt,
3248 4194 3384 4265 quia
3410 4192 3479 4247 ob
3502 4190 3602 4244 hoc
3624 4186 3745 4237 venit

423 4283 749 4339 abstineant
790 4285 1113 4341 sacerdotes
1142 4287 1242 4357 qui
1287 4287 1577 4342 noluerint
1619 4287 1689 4341 ab
1733 4287 2055 4358 apostolicae
2154 4288 2239 4341 ira
2258 4288 2437 4343 Deiin
2464 4287 2613 4343 filios
2638 4286 2976 4341 difﬁdentia:
2996 4285 3159 4357 (Eph.
3181 4302 3238 4356 v,
3257 4290 3311 4357 6)
3340 4308 3368 4336 »
3393 4284 3487 4357 qui
3506 4280 3743 4337 Christum

423 4378 617 4448 petras,
670 4394 842 4450 super
892 4395 1065 4450 quam
1121 4380 1375 4435 Christus
1418 4380 1498 4449 (ut
1552 4379 1890 4451 praedictum
1949 4382 2052 4453 est)

2162 4385 2589 4453 persequuntur
2641 4381 2696 4435 in
2755 4380 2869 4434 suis
2913 4380 3205 4435 membris.
3253 4402 3281 4430 «
3336 4378 3529 4444 Nolite,
3567 4374 3742 4429 fratres.

423 4471 799 4527 universalem
829 4472 1147 4528 construxit
1170 4473 1498 4542 Ecclesiam,
1529 4474 1621 4528 cui
1660 4472 2055 4546 episcoporum
2074 4485 2134 4558 D
2156 4475 2333 4529 nolite
2356 4475 2506 4530 efﬁci
2532 4474 2832 4546 participes
2859 4489 3055 4528 eorum
3086 4473 3244 4540 (Ibid.
3270 4475 3344 4545 7),
3414 4488 3511 4526 nec
3528 4477 3743 4523 commu-

423 4582 647 4621 summa
685 4565 897 4638 judicia
944 4572 1114 4639 atque
1155 4566 1440 4638 majorum
1485 4583 1690 4634 causae,
1719 4566 1861 4622 sicut
1891 4568 2056 4638 paulo

425 4660 685 4730 superius
714 4664 1106 4716 memoratum
1134 4664 1239 4729 est,
1274 4665 1575 4716 reservatus
1602 4665 1735 4716 sunt
1760 4664 1932 4732 atque
1952 4661 2056 4716 soli

425 4753 590 4821 datae,
617 4769 856 4809 censura
877 4771 912 4809 a
936 4754 1271 4810 sacerdotali
1298 4754 1513 4810 honore
1541 4754 1773 4810 secludi.
1805 4754 2056 4810 lnduciee

425 4846 580 4901 enim
606 4847 878 4902 accusatis
923 4848 983 4902 in
1027 4847 1420 4903 criminalibus
1457 4848 1735 4920 episcopis
1761 4865 1854 4903 sex
1887 4865 2052 4904 men-

325 4938 330 4947 ’
422 4940 590 5009 sium,
616 4940 702 5013 vel
733 4957 800 4995 eo
826 4941 1069 5012 amplius
1097 4941 1145 4996 si
1196 4957 1425 4997 necesse
1467 4942 1640 4997 fuerit
1677 4942 2054 4998 concedendas

424 5038 574 5105 sunt,
607 5033 875 5106 quoniam
907 5038 965 5090 et
992 5034 1145 5090 laicis
1169 5036 1279 5091 hoc
1305 5036 1646 5106 permissum
1672 5035 1861 5091 nullus
1886 5053 2055 5091 saecu-

424 5127 636 5183 laribus
683 5126 937 5183 imbutus
981 5127 1290 5200 disciplinis
1331 5128 1579 5200 ignorat,
1611 5133 1827 5201 quanto
1872 5130 2055 5201 magis

422 5221 806 5277 sacerdotibus
824 5222 921 5293 qui
947 5222 1268 5294 superiores
1294 5238 1411 5278 esse
1437 5222 1517 5278 eis
1542 5240 1655 5278 non
1684 5223 2054 5278 dubitantur?

492 5315 741 5370 Habetur
778 5330 1007 5387 quoque
1050 5314 1111 5370 in
1161 5315 1401 5371 decretis
1447 5321 1776 5372 sanctorum
1823 5317 2053 5370 Patrum

421 5409 703 5464 sancitum
727 5425 843 5464 non
873 5408 994 5464 fore
1039 5409 1377 5465 canonicum
1410 5426 1758 5482 quemquam
1788 5408 2049 5463 sacerdo-

421 5508 544 5559 tum
576 5502 837 5574 judicare
881 5502 970 5558 vel
1016 5502 1295 5559 damnare
1347 5508 1658 5576 antequam
1707 5507 2053 5557 accusatores

424 5597 696 5673 canenice
745 5597 1090 5653 examinatos
1136 5600 1444 5668 praesentes
1488 5597 1716 5665 habeat,
1746 5596 2051 5666 locumque

423 5675 765 5745 defendendi
803 5691 1062 5763 accipiat,
1105 5691 1161 5746 id
1208 5696 1293 5746 est
1349 5690 1603 5746 inducias
1650 5688 2053 5745 ecclesiasticas

427 5780 494 5836 ad
522 5780 803 5837 abluenda
841 5783 1103 5853 crimina,
1131 5790 1236 5842 etc.
1264 5785 1377 5841 Nec
1423 5786 1580 5840 extra
1626 5783 1914 5859 propriam
1954 5783 2054 5843 ﬁat

2157 4568 2357 4622 nicetis
2384 4567 2629 4639 peccatis
2657 4567 2879 4632 talium,
2910 4571 3009 4621 aut
3033 4565 3408 4623 infructuosis
3447 4562 3619 4619 verbis
3648 4556 3743 4613 illo-

2156 4678 2304 4716 rum.
2352 4661 2523 4731 Magis
2576 4662 2771 4715 autem
2826 4660 3152 4731 redarguite
3202 4660 3407 4716 talium
3463 4660 3638 4720 cretus,

2156 4753 2467 4809 extendere
2488 4754 2827 4824 moliuntur,
2851 4754 3013 4825 quasi
3034 4770 3229 4808 arcum
3246 4754 3306 4809 in
3325 4754 3521 4808 fratres
3539 4748 3741 4818 linguas:

2156 4848 2441 4903 defendite
2474 4864 2633 4919 ergo,
2670 4849 2889 4915 fratres,
2918 4852 2975 4902 et
3005 4864 3208 4902 omnes
3234 4850 3458 4903 monete
3479 4848 3537 4898 ut
3556 4852 3744 4895 armen-

2155 4948 2249 4997 tur
2262 4946 2456 4996 contra
2478 4942 2718 4996 fratrum
2744 4946 3149 5013 persecutores.
3172 4962 3201 4991 «
3228 4939 3569 4998 Conﬁdimus
3582 4935 3742 4988 autem

2154 5036 2225 5090 de
2250 5035 2408 5090 vobis
2459 5036 2700 5090 meliora
2748 5040 2802 5089 et
2847 5034 3121 5089 viciniora
3170 5035 3344 5090 saluti
3370 5033 3605 5104 (Heb.v1,
3631 5024 3693 5094 9),
3718 5042 3738 5069 ν

2155 5128 2287 5200 quia
2318 5150 2345 5177 ‹‹
2376 5144 2561 5201 neque
2588 5145 2760 5195 mors,
2786 5144 2969 5199 neque
2991 5127 3129 5197 vita,
3163 5143 3347 5199 neque
3372 5123 3570 5197 angeli,
3592 5128 3740 5188 neque

2154 5222 2527 5293 principatus,
2561 5237 2746 5293 neque
2794 5221 3083 5289 instantia,
3133 5238 3317 5294 neque
3356 5221 3558 5285 futura,
3592 5221 3743 5281 neque

2154 5315 2448 5383 fortitudo,
2478 5331 2664 5387 neque
2690 5314 2949 5383 altitudo,
2983 5331 3171 5386 neque
3208 5313 3566 5387 profundum,
3589 5314 3743 5374 neque

2153 5411 2411 5463 creatura
2443 5408 2574 5464 alia.
2593 5409 2854 5480 Magistro
2882 5409 3139 5481 gentium
3169 5409 3420 5475 docente,
3444 5400 3636 5476 poterit
3661 5408 3742 5450 nes

2153 5518 2416 5574 separare
2467 5519 2500 5556 a
2553 5502 2824 5558 charitate
2888 5503 3117 5558 Domini
3162 5501 3341 5558 nostri
3390 5501 3509 5554 Jesu
3559 5485 3735 5549 Christi

2156 5596 2322 5665 (Rom.
2353 5612 2468 5664 vui,
2500 5598 2587 5664 38,
2615 5598 2723 5667 39),
2758 5616 2787 5646 η
2831 5612 2963 5667 quae
3008 5596 3261 5651 maxime
3300 5596 3357 5649 in
3392 5582 3741 5645 sacerdotibus

2155 5694 2211 5744 et
2246 5688 2480 5760 reliquis
2527 5688 2817 5760 perﬁcitur
2853 5689 3131 5745 membris
3175 5690 3318 5762 ejus.
3365 5683 3538 5741 Nolite
3582 5678 3738 5746 itaque

2153 5782 2414 5839 amittere
2447 5782 2856 5843 conﬁdentiam
2876 5786 3148 5853 vestram,
3167 5799 3295 5858 qua:
3322 5790 3573 5851 magnam
3597 5766 3739 5824 habet
