3946 6180
187 304 270 362 663

1373 300 1842 358 DECRETALIUM
1883 301 2269 358 COLLECTIO.

3403 305 3504 360 666

185 411 680 469 remunerationem.
709 410 848 462 Ecce
873 408 1031 462 enim
1054 410 1233 479 judex
1261 417 1392 464 ante
1411 412 1657 480 januam
1677 429 1764 464 as-
1789 424 1850 495 Α
1869 426 1928 478 ιι,
1961 415 1990 464 5
2019 415 2070 464 et
2099 413 2170 478 6).
2193 433 2218 457 η
2250 413 2315 466 Et
2339 411 2476 466 alibi
2503 411 2780 482 scriptum
2813 415 2935 466 est:
2963 411 3124 482 «Ego
3161 428 3288 466 sum
3317 414 3505 468 Domi-

183 507 318 574 sistit,
355 519 576 559 coronas
625 501 883 557 hilariter
929 502 1266 572 promittens
1311 505 1400 558 his
1436 505 1533 575 qui
1564 522 1666 576 pro
1703 523 1769 559 eo

180 599 409 656 fratribus
451 597 726 652 auxilium
764 597 957 651 ferunt
982 601 1038 651 et
1079 599 1362 668 oppressis
1411 604 1767 665 succurrunt,

180 700 320 765 atque
351 692 402 745 in
444 690 714 744 charitate
763 691 1125 746 collaborant.
1154 692 1318 755 Quod
1356 692 1402 746 si
1429 693 1772 748 subtraxerit

180 803 225 841 se
245 785 380 856 quis,
402 801 509 838 non
527 784 774 854 placebit
801 785 940 852 Deo,
975 785 1075 839 sed
1101 786 1270 853 cadit,
1293 785 1429 858 quia
1450 803 1566 840 non
1592 786 1771 840 suble-

179 880 300 933 vavit
339 878 644 944 cadentem,
698 879 796 932 sed
854 879 1154 934 emarcuit.
1206 883 1326 936 Non
1368 886 1558 935 autem
1595 880 1771 934 simus

177 972 534 1027 subtractionis
559 972 618 1026 in
650 973 1101 1044 oppressionem,
1129 974 1226 1028 sed
1247 973 1580 1028 adminiculi
1600 973 1657 1028 in
1681 991 1770 1027 ac-

177 1066 502 1139 quisitionem
523 1069 582 1120 et
607 1067 1066 1137 supplementum
1083 1068 1344 1124 fratrum.
1359 1069 1600 1140 Pr0pter
1615 1068 1769 1139 quod

182 1182 203 1209 ‹‹
225 1160 465 1214 assumite
476 1165 826 1215 armaturam
845 1161 960 1231 Dei,
977 1166 1039 1217 ut
1057 1156 1561 1233 possitis'resistere
1591 1161 1768 1216 omni-

178 1254 263 1308 bus
302 1254 474 1308 taliter
518 1255 1017 1325 praesumentibus,
1065 1259 1122 1310 et
1148 1256 1366 1311 induite
1411 1273 1506 1310 vos
1540 1256 1770 1310 loricam

169 1347 450 1418 justitim,et
463 1348 691 1403 calceati
713 1348 885 1418 pedes
899 1349 958 1403 in
977 1350 1460 1420 prmparationem
1477 1349 1770 1420 Evangelii

174 1440 317 1511 pacis,
357 1442 410 1494 in
445 1442 709 1496 omnibus
747 1449 1037 1498 sumentes
1081 1446 1306 1498 scutum
1351 1443 1501 1512 fidei,
1547 1443 1607 1497 in
1633 1459 1770 1513 ,quo

175 1535 364 1606 pessitis
406 1535 598 1590 omnia
643 1537 752 1591 tela
795 1536 1127 1608 nequissimi
1171 1537 1344 1608 ignea
1389 1537 1767 1608 exstinguere,

174 1631 218 1682 et
241 1629 442 1700 galeam
458 1629 652 1684 salutis
679 1631 969 1698 assumite,
993 1635 1051 1685 et
1065 1631 1317 1702 gladium
1346 1631 1598 1702 spiritus,
1620 1632 1772 1702 quod

174 1726 239 1775 est
272 1722 490 1777 verbum
535 1724 651 1793 Dei,
695 1741 798 1796 per
825 1741 1062 1779 omnem
1087 1726 1400 1780 orationem
1429 1731 1486 1781 et
1513 1725 1767 1780 obsecra-

1872 522 1979 558 nus
2006 506 2152 559 Deus
2173 510 2372 560 vester.
2399 507 2522 559 Non
2555 505 2766 562 facietis
2795 505 3176 578 iniquitatem,
3204 528 3231 556 »
3257 527 3281 558 α
3311 508 3386 578 lnj
3399 507 3514 563 udi-

1872 598 1957 653 cio
1975 615 2089 653 non
2109 598 2348 669 accipies
2360 616 2667 671 personam
2686 599 2937 654 hominis
2952 601 3165 672 (Matth.
3191 617 3320 668 xm,
3353 605 3456 670 t6),
3480 623 3508 651 »

1874 712 1900 743 «
1930 694 2124 764 Neque
2155 693 2378 748 mireris
2411 694 2628 748 vultum
2667 694 2917 766 potentis
2948 696 3132 763 (Leuit.
3173 712 3288 765 xxx,
3336 696 3444 767 l5),
3482 717 3508 744 »

1870 787 1953 840 Ab
1993 788 2151 842 omni
2192 787 2386 858 iniquo
2434 788 2606 842 verbo
2653 789 2906 857 recedes,
2959 808 2985 840 ‹‹
3032 791 3407 845 lnnocentem
3457 797 3512 846 ct

1864 881 2086 951 justum
2115 898 2232 936 non
2253 881 2629 953 oppugnabis,
2663 899 2848 952 neque
2869 883 3175 937 interiicies
3207 884 3368 955 (Dan.
3392 901 3506 952 λιιι,

1871 977 1976 1044 53).
2004 996 2031 1024 ››
2065 975 2160 1030 llle
2201 977 2399 1046 procul
2435 975 2609 1030 dubio
2634 975 2771 1030 facit
2807 975 3166 1048 iniquitatem
3199 977 3258 1031 in
3289 978 3509 1048 judicio

1870 1085 1996 1139 qua:
2023 1086 2090 1124 ea
2110 1069 2217 1123 sibi
2247 1069 2495 1124 vindicat
2518 1086 2643 1140 qua:
2673 1069 2724 1122 ei
2751 1069 3035 1125 vindicare
3062 1087 3179 1125 non
3205 1071 3356 1126 licet.
3380 1072 3507 1126 Ideo

1872 1179 2002 1233 qnte
2028 1163 2160 1218 huic
2181 1168 2385 1217 sanctae
2413 1163 2534 1217 sedi
2561 1179 2828 1218 concessa
2857 1169 3008 1231 sunt,
3028 1165 3216 1219 nullus
3235 1181 3508 1236 usurpare

1871 1257 1990 1310 sine
2042 1258 2164 1327 ejus
2211 1257 2472 1312 consultu
2518 1260 2844 1328 praesumat,
2873 1257 2970 1329 qui
2999 1274 3115 1312 non
3150 1259 3268 1312 vult
3291 1259 3507 1314 honore

1872 1350 2247 1404 ecclesiastico
2277 1349 2546 1420 indignus
2576 1354 2640 1405 ut
2660 1355 3018 1422 contemptor
3029 1351 3294 1422 judicari.
3318 1355 3510 1424 ltaque

1872 1445 2098 1510 oportet
2127 1440 2484 1511 negligentes
2528 1441 2882 1510 propulsare,
2916 1441 3013 1496 sed
3041 1441 3121 1496 ita
3160 1445 3222 1496 ut
3245 1448 3512 1497 nocentes

1871 1550 1984 1587 non
2011 1533 2366 1601 roborentur,
2391 1539 2448 1588 et
2471 1533 2652 1588 bonos
2672 1534 2944 1604 improbis
2964 1539 3062 1589 aut
3085 1535 3512 1591 insidiatoribus

1871 1627 2114 1680 fratrum
2143 1627 2422 1695 resistere,
2469 1643 2542 1682 ne
2570 1630 2798 1697 torpore
2831 1627 3059 1682 desidia
3090 1630 3342 1700 oppressi
3372 1631 3508 1685 taci-

1870 1719 2157 1774 turnitatis
2183 1723 2491 1775 teneantur
2522 1719 2768 1774 obnoxii.
2805 1722 2999 1791 Itaque
3044 1722 3142 1793 qui
3183 1727 3374 1793 potest
3409 1724 3507 1778 ob-

174 1815 352 1870 tionem
401 1817 555 1887 (Eph.
606 1834 679 1885 γι,
721 1821 784 1873 13
814 1823 865 1873 et
901 1819 1035 1890 seq.)
1067 1840 1094 1868 ››
1134 1840 1161 1868 ‹‹
1188 1818 1423 1874 radianti
1460 1823 1517 1874 et,
1553 1799 1848 1874 fundatiB
1871 1812 2022 1866 viare
2056 1817 2113 1867 et
2154 1813 2491 1884 perturbare
2540 1829 2857 1884 perversos,
2910 1820 2966 1870 et
3011 1831 3129 1870 non
3167 1815 3322 1884 facit,
3369 1816 3512 1872 nihil

172 1908 304 1978 (Eph.
339 1926 413 1977 ιιι,
450 1915 556 1978 17),
590 1932 618 1959 ››
669 1915 731 1965 ut
771 1912 1018 1983 idipsum
1062 1912 1258 1967 dicatis
1307 1929 1525 1982 omnes,
1557 1917 1614 1967 et
1655 1930 1770 1967 non

171 2002 262 2055 sint
286 2002 338 2056 in
375 2004 529 2058 vobis
576 2004 870 2073 chismata,
912 2005 1230 2061 dividentes
1255 2023 1458 2077 corpus
1486 2007 1766 2073 Ecclesiae,

169 2095 349 2150 bonum
388 2102 442 2152 et
481 2098 776 2169 integrum
814 2100 874 2153 in
919 2103 1200 2154 tortuosas
1242 2100 1543 2154 novitates.
1586 2101 1771 2155 Monet

170 2206 280 2261 ergo
296 2191 584 2262 Apostolus
615 2208 732 2247 non
761 2193 1006 2264 amplius
1035 2210 1139 2248 nos
1164 2193 1408 2249 invicem
1431 2197 1651 2250 temere
1671 2194 1764 2264 ju-

169 2281 322 2338 dicare
342 2286 501 2355 (Rom.
541 2302 648 2352 x1v,
681 2286 787 2357 13).
823 2307 851 2335 ››
879 2288 1119 2342 Temere
1139 2288 1291 2343 enim
1315 2287 1556 2359 judicat,
1577 2287 1625 2342 si
1643 2287 1769 2358 quis

167 2377 457 2449 episcopum
484 2379 702 2452 absque
735 2380 878 2435 sedis
904 2381 1230 2453 apostolicae
1263 2382 1599 2437 auctoritate
1630 2399 1766 2437 con-

168 2470 383 2539 demnat,
411 2490 547 2528 cum
586 2475 659 2541 ei,
690 2477 752 2528 ut
776 2475 946 2546 paulo
972 2476 1231 2547 superius
1273 2477 1630 2548 prtelibatum
1661 2480 1767 2546 est,

167 2563 252 2618 hoc
270 2567 582 2637 specialiter
600 2568 960 2640 privilegium
976 2575 1324 2626 reservatum
1346 2571 1434 2624 sit.
1478 2592 1505 2619 «
1529 2571 1640 2625 Sed
1664 2570 1770 2625 hoc

160 2657 376 2727 judicatc
419 2662 632 2737 magis,
693 2663 900 2734 inquit,
961 2680 1032 2719 ne
1079 2665 1304 2736 ponatis
1362 2664 1770 2719 otfendiculum

165 2751 301 2807 fratri
325 2757 405 2809 vel
433 2757 766 2812 scandalum
797 2758 984 2829 (Ibid.,
1021 2759 1128 2826 14).
1161 2780 1188 2807 ››
1221 2760 1486 2814 Patenter
1508 2759 1663 2813 enim
1683 2759 1770 2812 his

165 2849 211 2899 et
233 2848 342 2902 aliis
357 2849 873 2906 innumerabilibus
894 2851 1254 2907 decretorum
1288 2853 1622 2908 testimoniis
1643 2870 1767 2908 om-

166 2940 305 2996 nibus
339 2944 706 3000 manifestum
745 2949 828 3001 est
857 2963 971 3001 non
1003 2946 1207 3002 debere
1239 2945 1569 3018 episcopum
1617 2948 1772 3002 dam—

164 3036 284 3105 nari,
312 3038 436 3094 licet
464 3041 593 3110 ejus
621 3043 1010 3110 perscrutetur
1043 3041 1258 3112 opinio,
1290 3041 1468 3096 donec
1491 3041 1774 3112 judicium

166 3127 221 3183 de
243 3147 327 3186 ore
363 3137 574 3187 nostra:
607 3134 927 3205 apostolicae
954 3135 1322 3204 auctoritatis,
1367 3136 1473 3190 hoc
1501 3140 1586 3190 est
1608 3135 1769 3190 Prin-

165 3223 279 3293 cipis
305 3227 695 3297 apostolorum
721 3233 1112 3300 cognoscatur,
1147 3232 1342 3300 utpote
1383 3230 1658 3301 quoniam
1683 3247 1770 3284 so-

163 3315 233 3370 lus
270 3323 320 3373 et
347 3338 461 3392 pra:
505 3321 777 3376 omnibus
819 3323 1068 3378 creditus
1114 3326 1217 3391 est,
1265 3329 1435 3395 atque
1478 3323 1774 3396 percipere

164 3414 346 3469 meruit
370 3432 402 3470 a
431 3433 574 3488 rege
599 3433 805 3487 regum
833 3417 1056 3472 Christo
1092 3419 1202 3472 Deo
1242 3418 1427 3472 claves
1468 3419 1634 3488 regni
1653 3426 1770 3486 (coe-

163 3505 322 3563 lorum
347 3510 416 3564 ad
443 3510 827 3581 aperiendum
853 3512 1114 3566 ﬁdelibus
1136 3515 1193 3565 et
1220 3511 1506 3566 benevolis
1536 3511 1776 3565 homini-

162 3598 248 3653 bus
269 3602 320 3656 in
357 3604 637 3659 eumdem
666 3604 968 3659 Dominum
999 3609 1282 3671 nostrum,
1311 3609 1369 3660 et
1396 3604 1777 3660 claudendum

163 3691 452 3752 inﬁdelibus
484 3703 550 3752 et
574 3698 865 3753 malevolis
912 3701 1082 3770 atque
1125 3699 1239 3752 suis
1271 3697 1677 3768 sacerdotibus,
1721 3704 1778 3754 et

163 3793 338 3845 sancta:
352 3792 620 3847 Ecclesiae
640 3808 742 3847 suo
761 3793 1012 3864 pretioso
1032 3792 1310 3864 sanguine
1337 3791 1650 3863 redemptae
1665 3791 1772 3846 im-

162 3886 557 3953 pugnatoribus
587 3887 701 3940 sive
740 3887 1093 3942 nocentibus.
1146 3887 1308 3951 Quod
1344 3886 1537 3958 utique
1579 3892 1636 3942 et
1676 3902 1777 3941 nos

162 3975 318 4034 facere
342 3981 652 4051 postulavit
688 3997 806 4035 non
832 3981 985 4052 quod
1015 3980 1144 4036 novi
1170 3980 1389 4052 aliquid
1418 3997 1571 4037 nunc
1599 3981 1777 4053 impe-

73 4126 78 4131 ,
163 4073 412 4139 ratur,scd
424 4074 576 4129 illud
587 4075 741 4146 quod
755 4092 858 4146 per
870 4075 1147 4130 desidiam
1162 4075 1483 4146 aliquorum
1496 4080 1593 4130 aut
1604 4073 1778 4130 scien-

164 4167 234 4219 ter
245 4171 714 4242 autnegligenter
727 4169 1145 4241 transgreditur
1157 4171 1428 4242 deinceps
1448 4171 1781 4227 observetur

164 4258 219 4312 ab
241 4265 514 4331 omnibus,
550 4268 612 4318 ut
640 4266 737 4319 illa
754 4281 983 4336 semper
1005 4282 1133 4337 qua:
1148 4265 1457 4336 apostolica
1469 4269 1525 4321 et
1545 4268 1776 4320 Patrum

165 4355 437 4412 traditione
490 4359 803 4414 constituta
846 4364 978 4414 sunt
1022 4360 1126 4415 sub
1184 4366 1340 4415 metu
1395 4359 1773 4430 irrefragabili

165 4452 473 4507 auctoritate
506 4457 837 4509 teneantur.
871 4453 1154 4526 Scriptum
1197 4471 1446 4525 namque
1483 4457 1565 4508 est
1595 4454 1655 4508 in
1687 4471 1770 4510 se-

1794 3176 1849 3251 C

1869 1906 2024 1960 aliud
2039 1911 2304 1978 estquam
2317 1908 2506 1962 favere
2521 1923 2720 1962 eorum
2731 1908 3031 1979 impietati.
3061 1910 3170 1964 Nec
3189 1909 3345 1965 enim
3356 1917 3514 1966 caret

1870 2001 2134 2071 scrupulo
2179 2000 2457 2056 societatis
2500 2002 2732 2057 occulta
2760 2001 2857 2074 qui
2914 2002 3220 2057 manifesto
3253 2003 3513 2059 -facinori

1869 2095 2077 2149 desinit
2104 2095 2354 2151 obviare.
2379 2095 2510 2151 Sitis
2530 2101 2721 2151 autem
2754 2097 2994 2167 perfecti
3018 2101 3073 2152 et
3102 2098 3313 2170 integri
3338 2099 3398 2154 in
3416 2115 3508 2154 eo-

1871 2188 2002 2243 dem
2036 2205 2222 2257 sensu,
2255 2194 2311 2243 et
2335 2189 2393 2242 in
2421 2190 2621 2244 eadem
2647 2189 2878 2245 scientia
2905 2191 3137 2258 firmati,
3165 2195 3231 2246 ut
3256 2209 3358 2264 per
3384 2209 3509 2247 eam

1869 2283 1984 2337 vias
2022 2287 2236 2337 vestras
2264 2283 2576 2354 dirigentes
2602 2283 2661 2338 in
2687 2285 2956 2341 eumdem
2985 2285 3371 2341 inﬂexibiliter
3387 2305 3506 2343 om-

1872 2375 2037 2430 nibus
2062 2377 2368 2432 occurratis
2398 2377 2701 2449 oppressis,
2726 2379 2861 2450 quia
2881 2379 3040 2434 vobis
3064 2381 3313 2435 creditur
3333 2381 3512 2436 Domi«

1869 2487 1996 2538 nus,
2028 2471 2100 2526 ad
2126 2487 2300 2543 quem
2327 2471 2658 2527 accedentes
2682 2471 2933 2541 lapidem
2954 2474 3142 2528 vivum
3169 2475 3240 2529 ab
3265 2476 3508 2530 hominia

1867 2564 1973 2618 bus
2000 2564 2232 2636 quidem
2258 2565 2646 2636 reprobatum,
2679 2569 2735 2619 et
2765 2572 3000 2638 propter
3018 2568 3217 2623 talium
3247 2569 3508 2640 impieta—

1872 2661 2008 2726 tem,
2037 2675 2068 2712 a
2101 2660 2210 2713 Deo
2239 2663 2434 2714 autem
2459 2660 2726 2730 electum,
2760 2667 2816 2714 et
2843 2661 3300 2730 honorificatum,
3341 2679 3512 2735 super

1871 2769 2043 2823 quem
2087 2773 2114 2804 ‹‹
2145 2769 2244 2806 vos
2288 2758 2566 2824 tanquam
2611 2753 2824 2824 lapides
2875 2755 2982 2809 vivi
3035 2756 3396 2812 aedificamini
3453 2758 3510 2812 in

1873 2846 2108 2900 domum
2136 2846 2510 2917 spiritualem,
2556 2848 2614 2902 in
2640 2848 3020 2903 sacerdotium
3054 2854 3330 2918 sanctum,
3371 2852 3509 2905 olfe-

1871 2943 2062 2994 rentes
2104 2939 2422 3011 spirituales
2458 2941 2676 2996 hostias
2717 2941 2825 3013 ipsi
2853 2942 2911 2996 in
2962 2944 3197 2998 odorem
3231 2944 3516 3001 suavitatis

1873 3033 1945 3102 (ΙΙ
1971 3035 2114 3088 Petr.
2146 3049 2204 3100 ιι,
2245 3034 2318 3104 5).
2365 3056 2391 3083 ››
2425 3035 2656 3090 Gratum
2684 3035 2836 3089 enim
2861 3037 3170 3092 admodum
3203 3042 3290 3094 est
3308 3040 3516 3093 sacril'i‘

1873 3127 2024 3181 cium
2058 3126 2295 3182 Domino
2320 3129 2600 3200 oppressis
2630 3130 2947 3197 subvenire,
2976 3136 3187 3203 quanto
3234 3133 3418 3204 magis
3444 3133 3514 3187 de

1876 3221 2080 3292 quibus
2126 3221 2237 3276 ait:
2281 3221 2385 3286 Qui
2425 3238 2518 3276 vos
2565 3223 2744 3290 audit,
2790 3241 2880 3278 me
2923 3225 3116 3280 audit:
3165 3229 3223 3280 et
3269 3227 3367 3298 qui
3418 3245 3515 3281 vos

1874 3315 2090 3386 spernit
2114 3331 2206 3370 me
2249 3315 2482 3385 spernit,
2513 3320 2620 3371 etc.
2665 3318 2809 3386 (Luc.
2852 3335 2907 3386 x,
2946 3319 3052 3389 16).
3082 3319 3242 3374 Libat
3274 3322 3509 3391 quidem

1875 3409 2120 3463 Domino
2152 3424 2442 3480 prospera,
2474 3409 2572 3480 qui
2604 3410 2675 3463 ab
2711 3411 2934 3466 afﬂictis
2962 3417 3019 3467 et
3051 3414 3330 3484 oppressis
3359 3416 3517 3485 pellit

1877 3501 2128 3557 adversa.
2166 3503 2276 3558 Sed
2302 3507 2360 3556 et
2395 3519 2568 3570 nunc,
2599 3504 2826 3574 fratres,
2867 3527 2894 3554 «
2923 3507 3395 3563 commendamus
3420 3526 3516 3563 vos

1877 3598 1989 3652 Deo
2031 3602 2087 3651 et
2131 3596 2302 3651 verbo
2335 3596 2530 3668 gratiae
2574 3597 2716 3668 ejus,
2759 3599 2858 3669 qui
2899 3604 3080 3670 potest
3124 3602 3415 3672 perlicere,
3462 3609 3520 3658 et

1877 3690 2014 3744 dare
2060 3690 2449 3746 haereditatem
2474 3690 2532 3744 in
2573 3691 2837 3746 omnibus
2864 3694 3225 3750 sanctiﬁcatis
3260 3698 3396 3765 (Act.
3427 3714 3514 3765 xx,

1877 3783 1987 3855 32).
2023 3804 2050 3832 ››
2082 3803 2109 3835 «
2148 3785 2270 3854 ipse
2301 3788 2494 3839 autem
2539 3787 2687 3840 Deus
2711 3786 2866 3857 pacis
2895 3793 2951 3842 et
2991 3789 3390 3844 consolationis
3425 3791 3520 3846 det

1876 3877 2034 3932 vobis
2061 3877 2314 3948 idipsum
2334 3895 2530 3950 sapere
2552 3879 2610 3933 in
2627 3880 3050 3950 alterutrum,et
3065 3883 3123 3936 in
3139 3882 3264 3954 ipso
3285 3899 3518 3955 semper

1879 3971 2020 4026 etin
2063 3971 2348 4042 omnibus,
2375 3975 2440 4026 ut
2489 3973 2786 4029 unanimes
2825 3991 2942 4031 uno
2969 3992 3086 4045 ore,
3116 3979 3174 4031 et
3218 3994 3332 4033 uno
3353 3980 3518 4033 corde

1877 4065 2266 4120 bonoriﬁcetis
2309 4082 2440 4121 eum
2482 4067 2651 4135 (Rom.
2707 4085 2818 4138 x1v,
2864 4073 2894 4124 ξ’)
2936 4077 2986 4124 ct
3024 4072 3072 4140 6)
3108 4092 3136 4120 »
3188 4071 3247 4126 in
3279 4088 3514 4131 concor-

1880 4160 2055 4228 diam,
2088 4164 2146 4214 et
2173 4159 2450 4216 auxilium
2475 4160 2739 4230 fratrum,
2776 4184 2802 4214 «
2833 4165 2931 4236 qui
2961 4169 3165 4236 potens
3191 4171 3274 4222 est
3305 4168 3515 4223 confir-

1878 4270 2036 4309 mare
2077 4270 2296 4322 omnes,
2348 4259 2407 4310 et
2450 4257 2724 4310 consolari
2779 4259 3096 4313 secundum
3151 4261 3520 4333 Evangelium

1882 4349 2002 4419 ejus
2063 4352 2119 4403 et
2161 4348 2324 4420 juxta
2389 4350 2794 4406 revelationem
2859 4354 3114 4424 mysterii
3170 4356 3521 4427 temporibus

1880 4441 2108 4497 aeternis
2135 4443 2289 4497 taciti
2332 4443 2500 4513 (Rom.
2540 4459 2650 4513 xvr,
2688 4447 2796 4514 25),
2836 4467 2864 4494 »
2900 4448 3162 4518 patefacti
3192 4454 3386 4504 autem
3419 4468 3522 4522 per

165 4544 402 4600 cundaab
415 4547 950 4602 Thessalonicenses
963 4547 1379 4618 Epistola,etad
1395 4548 1774 4616 Timotheum,
1798 4554 1858 4627 D
1881 4536 2198 4607 scripturas
2229 4539 2454 4592 Sancus
2481 4542 2538 4592 et
2580 4543 2807 4610 Patrum
2837 4541 3281 4596 οτωοάοκοτυιῐι
3311 4544 3518 4599 ἀοοῖνί-

163 4635 407 4706 Apostolo
456 4645 765 4696 monente:
807 4663 834 4691 «
881 4642 1055 4711 State,
1106 4645 1163 4697 et
1211 4645 1403 4698 tenete
1449 4642 1780 4698 traditiones

165 4735 349 4788 vestras
389 4751 534 4806 quas
580 4735 870 4805 didicistis,
914 4753 1016 4791 seu
1077 4753 1182 4806 per
1224 4736 1477 4802 verbum,
1520 4753 1621 4790 seu
1678 4754 1783 4807 per

166 4823 437 4893 epistolam
465 4833 535 4898 (Il
569 4832 748 4885 Thess.
787 4847 846 4899 ιι,
893 4831 994 4900 14).
1031 4850 1057 4880 »
1090 4832 1225 4885 Item
1254 4830 1388 4884 alibi
1418 4847 1520 4901 per
1540 4831 1782 4902 praphe-

168 4919 296 4973 iam:
345 4945 371 4971 «
423 4925 757 4996 Exspectavi
828 4941 1078 4996 quoque,
1149 4925 1290 4980 sicut
1353 4925 1554 4979 beatus
1623 4925 1783 4978 lsaias

164 5010 411 5084 intonuit,
477 5024 537 5072 ut
603 5019 855 5073 facerent
892 5019 1195 5089 judicium,
1276 5019 1535 5073 fecerunt
1594 5023 1784 5074 autem

166 5103 506 5178 iniquitatem
553 5117 610 5166 et
634 5129 751 5166 non
771 5112 1074 5183 justitiam,
1108 5112 1207 5167 sed
1238 5113 1548 5166 clamorem
1586 5128 1783 5167 omnes

165 5198 275 5268 pios
309 5204 710 5260 conturbantes
743 5206 866 5268 (Isa.
901 5223 953 5275 v,
1000 5207 1072 5274 7),
1104 5228 1131 5255 »
1161 5212 1216 5262 et
1242 5206 1347 5260 hoc
1377 5205 1518 5260 scire
1543 5206 1785 5260 debeant

165 5296 416 5362 quoniam
441 5298 760 5369 «judicium
792 5301 886 5356 Dei
931 5304 1016 5355 est
1037 5301 1350 5356 secundum
1387 5300 1681 5355 veritatem
1724 5299 1782 5352 in

166 5399 250 5440 eos
279 5391 371 5460 qui
420 5392 558 5446 talia
586 5400 783 5464 agunt,
827 5395 958 5450 licet
1006 5394 1227 5449 divitias
1265 5393 1530 5450 bonitatis
1575 5393 1696 5461 Dei,
1730 5397 1787 5447 et

166 5486 594 5554 sustentationis,
639 5493 696 5542 et
742 5489 1035 5560 patientia:
1105 5489 1453 5561 ignorantes,
1509 5487 1784 5559 quoniam

165 5570 470 5647 benignitas
488 5580 589 5635 Dei
608 5582 677 5636 ad
691 5583 1084 5653 paenitentiam
1099 5599 1195 5638 cos
1217 5581 1787 5649 adducit,secundum

166 5667 419 5726 duritiam
451 5677 646 5730 autem
669 5692 891 5745 eorum,
914 5680 971 5732 et
997 5694 1092 5732 cor
1121 5677 1487 5748 impoenitens
1509 5675 1783 5731 thesauri-

169 5767 282 5818 zant
306 5767 411 5821 sibi
439 5768 580 5824 iram
604 5772 663 5826 in
694 5772 783 5826 die
806 5772 922 5841 irin,
952 5776 1008 5828 et
1034 5770 1401 5827 revelationis
1425 5769 1564 5841 justi
1585 5767 1788 5840 judicii

171 5854 274 5922 Dei,
295 5861 391 5932 qui
403 5863 601 5921 reddet
623 5865 928 5941 unicuique
947 5867 1260 5923 secundum
1273 5882 1450 5940 Opera
1470 5865 1592 5937 ejus
1610 5864 1778 5935 (Rom.

1880 4648 1982 4685 nas
2031 4630 2341 4686 secundum
2408 4638 2756 4703 praeceptum
2811 4635 3010 4688 interni
3085 4636 3204 4704 Dei,
3257 4638 3327 4692 ad
3383 4639 3518 4693 obes

1881 4724 2154 4780 diendum
2180 4725 2313 4779 fidei
2333 4725 2391 4778 in
2422 4725 2690 4780 omnibus
2717 4727 2962 4798 cognitis
2981 4729 3142 4784 nobis
3160 4729 3328 4800 (Rom.
3355 4749 3392 4800 ι,
3414 4734 3465 4805 5)
3489 4755 3516 4784 ››

1883 4819 1984 4873 soli
2013 4819 2255 4890 sapienti
2298 4821 2408 4874 Deo
2439 4819 2679 4874 Domino
2710 4824 2904 4876 nostro
2941 4824 3071 4877 Jesu
3097 4824 3338 4896 Christo,
3389 4844 3519 4882 cum

1883 4929 1994 4984 quo
2017 4912 2167 4966 Patri
2208 4915 2265 4966 et
2296 4913 2524 4984 Spiritui
2561 4920 2778 4985 sancto,
2809 4915 3005 4987 gloria,
3035 4918 3220 4974 honor
3253 4924 3310 4974 et
3334 4921 3518 4994 impe-

1883 5006 2034 5060 rium
2055 5011 2110 5062 et
2136 5010 2386 5078 potestas
2414 5007 2474 5062 in
2505 5010 2707 5064 saecula
2739 5011 3097 5068 saeculorum.
3135 5017 3316 5070 Amen
3348 5015 3519 5087 (Rom.

1885 5116 1993 5169 va,
2019 5103 2126 5170 27).
2160 5101 2432 5156 Dominus
2462 5118 2557 5157 vos
2601 5105 2898 5175 custodiat,
2927 5107 3271 5164 dilectissimi
3298 5111 3518 5175 fratres,

1884 5195 2193 5250 incolumes
2231 5212 2478 5268 semper.
2522 5199 2658 5252 Data
2684 5202 2715 5254 8
2767 5200 3118 5273 Novembris,
3166 5205 3428 5259 Flaviano
3468 5209 3523 5258 et

1885 5288 2174 5344 Stilocone
2205 5291 2268 5344 lV
2295 5291 2639 5360 consulibus,

1886 5415 2037 5482 Quod
2062 5429 2236 5470 omnes
2269 5417 2334 5471 de
2364 5398 2500 5472 Filio
2518 5419 2614 5473 Dei
2637 5424 2687 5472 et
2704 5419 2917 5489 Spiritu
2944 5424 3203 5482 sancto,et
3231 5421 3298 5476 de
3313 5425 3522 5479 unitate

1960 5490 2243 5542 Trinitatis
2281 5491 2421 5544 male
2448 5491 2733 5546 sentientes
2757 5493 2956 5546 similes
2985 5493 3095 5545 sint
3118 5492 3341 5557 Iudaeis,
3378 5500 3428 5550 et
3453 5497 3519 5551 de

1951 5562 2162 5614 unitate
2184 5561 2484 5616 Trinitatis.

1955 5670 2111 5734 Quod
2160 5669 2206 5723 si
2258 5670 2384 5742 quis
2431 5671 2677 5742 patiatur
2717 5672 2900 5725 Deum
2945 5673 3186 5741 Patrem,
3236 5678 3292 5728 et
3345 5675 3522 5733 Deum

1890 5765 2116 5834 Filium,
2147 5769 2204 5820 et
2223 5764 2496 5836 Spiritum
2523 5769 2780 5819 sanctum
2809 5764 2944 5820 deos
2965 5764 3094 5834 dici,
3127 5772 3182 5822 et
3205 5785 3319 5825 non
3346 5772 3526 5829 Deum

1887 5863 2124 5932 propter
2167 5875 2340 5914 unam
2369 5858 2741 5924 divinitatem,
2775 5862 2830 5913 et
2874 5860 3184 5930 potentiam
3210 5877 3384 5936 quam
3412 5885 3530 5925 cre.
