3946 6180
440 296 538 350 667

1335 293 1617 348 ΑΡΡΕΝΙ).
1659 294 1745 349 ΑΙ)
1785 293 1946 351 8ΑΞΟ.
1988 295 2071 349 ΙΧ.

2208 292 2454 351 ISIDORI
2489 289 2909 351 MEBCATORJS
3650 301 3729 355 668

361 400 365 404 ’
440 403 628 456 dimus
675 416 816 466 esse,
862 404 921 453 et
960 400 1165 454 scimus
1215 401 1413 467 Patris,
1449 407 1507 456 et
1546 402 1690 470 Filii,
1730 405 1788 456 et
1828 403 2070 474 Spiritus
2091 403 2273 487 ASed
2301 419 2414 456 non
2438 403 2667 470 mirum,
2700 401 2820 472 ipse
2865 400 3021 455 enim
3063 399 3291 455 Satanas
3330 399 3655 471 transﬁgurat
3685 422 3730 458 se

440 495 618 548 sancti
665 495 864 561 Deum,
893 493 1229 549 subtrahens
1272 497 1370 548 aut
1414 495 1640 564 Filium,
1676 502 1773 551 aut
1799 496 2072 567 Spiritum

438 592 717 655 sanctum,
741 586 820 641 ita
845 587 1030 641 solum
1057 587 1300 642 aestimet
1318 604 1457 658 esse,
1486 591 1665 644 Deum
1684 591 1915 645 Patrem
1940 589 2068 656 dici,

439 685 539 736 aut
580 680 736 735 credi
770 696 950 734 unum
988 681 1166 735 Deum
1198 683 1764 752 anathematizamus,
1809 682 2074 738 omnibus

440 776 556 830 imo
610 774 837 841 Iudaeis,
870 774 1022 845 quod
1047 791 1262 829 nomen
1307 776 1541 830 deorum
1572 777 1628 830 in
1673 777 1893 848 angelis
1931 779 1987 831 et
2015 776 2074 831 in

438 868 644 922 sanctis
674 867 936 922 omnibus
965 885 998 922 a
1028 870 1140 922 Deo
1171 871 1256 922 est
1286 869 1535 939 positum
1577 875 1633 925 et
1662 870 1958 925 donatum.
1996 871 2074 925 De

438 963 603 1017 Patre
624 964 818 1016 autem
844 966 900 1016 et
926 960 1088 1031 Filio,
1121 966 1178 1015 et
1196 962 1409 1032 Spiritu
1427 969 1622 1019 sancto
1642 967 1880 1036 propter
1898 979 2075 1018 unam

438 1059 495 1110 et
515 1056 797 1126 aequalem
817 1054 1172 1110 divinitatem
1198 1072 1315 1110 non
1342 1073 1554 1112 nomen
1569 1058 1830 1126 deorum,
1855 1057 1952 1112 sed
1972 1057 2075 1111 Dei

436 1148 599 1203 nobis
624 1149 959 1215 ostenditur,
992 1152 1164 1220 atque
1194 1150 1492 1217 indicatur,
1517 1155 1582 1206 ut
1605 1152 1910 1220 credimus,
1942 1149 2075 1222 quia

435 1242 495 1297 in
525 1241 661 1296 Filio
688 1247 744 1296 et
766 1242 976 1312 Spiritu
1003 1245 1198 1297 sancto
1227 1244 1592 1299 solummodo
1623 1245 1996 1316 baptizamus,
2021 1250 2077 1299 et

440 1335 646 1390 nonin
695 1335 1175 1407 archangelorum
1214 1337 1540 1392 nominibus
1581 1343 1680 1392 aut
1714 1339 2074 1410 angelorum,

437 1429 590 1501 quod
616 1429 890 1495 hazretici,
917 1430 1230 1497 autJudsei,
1264 1434 1360 1484 aut
1391 1431 1628 1502 gentiles
1654 1432 1953 1486 dementes
1991 1432 2072 1485 fa-

2171 498 2326 551 velut
2347 496 2619 566 angelum
2647 496 2881 550 lucis.Et
2908 510 3026 549 non
3058 493 3290 562 mirum,
3319 493 3361 547 si
3397 494 3614 549 ministri
3639 512 3736 566 ejus

2172 590 2652 661 transﬁgurantur
2677 589 2835 642 velut
2858 587 3106 641 ministri
3123 586 3371 656 justitiae,
3396 602 3610 658 quorum
3636 589 3739 642 ﬁnis

2173 683 2490 738 secundum
2518 699 2692 753 opera
2723 698 2917 736 eorum
2955 680 3029 749 (II
3058 682 3175 738 Cor.
3206 696 3263 746 ιι,
3304 683 3383 745 13,
3408 680 3504 749 tt).
3533 702 3556 729 ››
3579 680 3672 736 Sed
3696 687 3742 736 et

2176 777 2447 832 Dominus
2476 777 2535 830 in
2564 777 2668 830 hoc
2713 759 3100 846 prmmuniens
3143 790 3244 828 nos
3271 773 3375 827 ait:
3404 792 3427 823 α
3457 774 3742 829 Attenditea

2175 871 2329 925 falsis
2357 869 2665 941 prophetis,
2708 868 2807 940 qui
2836 868 3074 923 veniunt
3109 867 3181 921 ad
3223 883 3318 921 vos
3347 867 3398 920 in
3442 867 3743 922 vestimentis

2175 965 2386 1033 ovium,
2419 963 2761 1017 intrinsecus
2787 967 2979 1017 autem
3017 967 3150 1015 sunt
3173 961 3292 1031 lupi
3329 976 3560 1031 rapaces.
3585 964 3624 1013 A
3649 961 3741 1014 fru-

2176 1058 2358 1113 ctibus
2403 1073 2600 1112 eorum
2649 1055 3000 1127 cognoscetis
3045 1072 3140 1110 eos
3195 1054 3400 1123 (Matth.
3457 1071 3541 1119 v11,
3592 1056 3678 1124 l3).
3722 1074 3741 1103 η

2176 1154 2324 1222 Ergo
2340 1151 2398 1205 in
2425 1151 2671 1222 idipsum
2704 1167 2773 1205 ex
2799 1153 2918 1205 toto
2941 1150 3108 1204 corde
3123 1150 3425 1203 referentes
3453 1153 3570 1200 ante
3591 1147 3746 1201 omnia

2177 1262 2349 1316 super
2372 1245 2467 1299 tali
2488 1243 2800 1315 quiestione
2827 1242 3301 1314 deprecationem,
3326 1247 3380 1295 et
3403 1241 3628 1295 dicentes
3642 1256 3745 1294 cum

2176 1339 2378 1393 David:
2412 1360 2438 1387 (ι
2469 1338 2670 1392 Revela
2707 1337 2901 1391 oculos
2925 1349 3100 1403 meos,
3131 1340 3187 1390 et
3221 1333 3572 1390 considerabo
3606 1332 3745 1386 mira-

2175 1432 2310 1487 bilia
2341 1432 2409 1486 de
2437 1431 2562 1502 lege
2603 1434 2699 1484 tua
2730 1431 2891 1499 (Psal.
2935 1447 3122 1496 cxvm,
3159 1428 3264 1500 18).
3300 1450 3326 1476 ι)
3359 1449 3386 1478 α
3416 1428 3641 1481 Lucerna
3670 1443 3746 1496 pc-

439 1523 613 1577 ciunt.
637 1524 764 1576 Haec
786 1539 925 1593 ergo
948 1526 1032 1576 est
1051 1523 1200 1577 salus
1219 1524 1668 1580 Christianorum
1694 1528 1757 1579 ut
1778 1525 2077 1579 credentes
2177 1526 2340 1580 dibus
2360 1525 2504 1579 meis
2531 1524 2767 1579 verbum
2793 1527 2978 1592 tuum,
3009 1522 3268 1591 Domine,
3292 1527 3347 1577 et
3371 1522 3551 1576 lumen
3576 1519 3749 1574 semitis

438 1616 714 1683 Trinitati,
745 1616 805 1671 id
845 1619 931 1670 est
960 1617 1130 1684 Patri,
1164 1621 1218 1672 et
1248 1618 1404 1685 Filio,
1432 1624 1488 1672 et
1526 1618 1760 1690 Spiritui
1795 1623 1988 1674 sancto
2017 1618 2075 1672 in
2175 1619 2318 1674 meis
2350 1619 2508 1690 (Ibid.
2545 1619 2688 1688 105),
2724 1637 2751 1670 ››
2784 1617 3077 1688 quoniam,
3106 1617 3251 1670 sicut
3278 1616 3354 1669 ait
3381 1615 3564 1668 beatus
3595 1613 3747 1667 Daniel

438 1727 634 1765 veram
675 1710 966 1781 solamque
1009 1710 1382 1779 divinitatem,
1427 1728 1604 1766 unam
1648 1716 1705 1766 et
1743 1712 2074 1783 potentiam,
2177 1712 2474 1784 propheta,
2518 1732 2546 1761 ‹‹
2589 1711 2879 1782 Sapientia
2929 1715 2986 1765 et
3030 1710 3304 1765 fortitudo
3357 1708 3474 1778 ejus
3513 1711 3646 1775 sunt,
3681 1707 3751 1759 dat

435 1805 816 1874 majestatem,
868 1809 924 1858 et
967 1804 1347 1858 substantiam
1397 1805 1650 1876 ejusdem
1689 1805 1912 1860 deitatis
1953 1784 2154 1860 sineB
2178 1805 2514 1878 sapientiam
2543 1804 2914 1876 sapientibus,
2946 1808 3004 1858 et
3024 1803 3322 1858 scientiam
3360 1799 3751 1871 intelligentihus

436 1898 607 1952 dubio
630 1897 1104 1952 credamus.Dicit
1130 1915 1354 1969 quoque
1380 1899 1578 1953 beatus
1609 1899 1808 1953 Isaias:
1838 1901 2077 1970 Propter
2177 1899 2558 1970 disciplinam,
2581 1898 2699 1969 ipse
2725 1899 2938 1952 revelat
2973 1896 3258 1968 profunda
3291 1900 3348 1949 et
3376 1894 3686 1960 abscondita,
3711 1896 3752 1944 et

435 1991 574 2046 Sion
623 2008 736 2045 non
790 1991 1004 2058 tacebo,
1067 1994 1124 2045 et
1184 1994 1417 2062 propter
1464 1991 1890 2063 Hierosolymam
1957 2009 2073 2047 non
2174 1993 2333 2048 novit
2355 1993 2414 2046 in
2444 1992 2694 2046 tenebris
2720 1991 3048 2058 constituta,
3084 1994 3139 2045 et
3165 1991 3261 2044 lux
3287 2005 3413 2044 eum
3438 2004 3502 2042 eo
3537 1990 3628 2055 est,
3649 1985 3752 2056 quia

433 2085 738 2156 quiescam,
761 2085 942 2139 donec
969 2085 1301 2155 egrediatur
1332 2090 1395 2141 ut
1421 2086 1696 2156 splendor
1713 2087 1902 2156 justus
1928 2087 2072 2157 ejus,
2174 2086 2516 2159 sapientiam
2539 2091 2595 2140 et
2620 2085 3011 2140 fortitudinem
3033 2084 3233 2139 dedisti
3267 2082 3425 2149 mihi,
3448 2087 3502 2136 et
3515 2079 3752 2135 ostendisti

433 2179 674 2232 salvator
719 2178 838 2247 ejus
895 2181 960 2231 ut
996 2179 1215 2249 lampas
1265 2179 1610 2234 accendatur
1659 2180 1784 2248 (Isa.
1848 2196 1955 2235 Lxu
2002 2183 2072 2248 1).

433 2272 690 2326 Profecto
711 2271 1006 2325 catholica:
1029 2272 1306 2340 Ecclesiae,
1331 2289 1458 2343 quae
1483 2289 1618 2326 vera
1642 2273 1896 2327 consistit
1918 2273 2071 2340 Sion,

435 2365 629 2418 civitas
654 2365 861 2418 Christi
891 2366 1159 2419 cmlorum
1187 2365 1335 2436 regis
1355 2382 1457 2437 per
1478 2369 1561 2421 tot
1583 2383 1869 2421 annorum
1895 2367 2076 2438 spatia

438 2461 766 2529 expugnata
791 2458 860 2511 ab
879 2458 1308 2514 adversantibus
1326 2459 1498 2514 verbo
1525 2459 1676 2529 ﬁdei,
1710 2479 1739 2512 »
1762 2461 1860 2532 qui
1884 2476 2074 2531 neque

437 2554 616 2606 Deum
636 2552 1057 2622 timent,neque
1083 2552 1376 2608 hominem
1396 2560 1731 2609 reverentur
1752 2554 1898 2626 (Luc.
1921 2571 2072 2623 xvm,

435 2648 509 2716 2),
545 2667 572 2695 n
608 2645 705 2700 sed
734 2645 1018 2700 incassum
1046 2647 1490 2716 producentibus
1527 2648 1651 2719 pias
1691 2653 1748 2703 et
1773 2648 2076 2703 canonicas

437 2741 506 2794 de
538 2740 644 2794 hoc
687 2739 860 2794 verbo
899 2738 1203 2806 doctrinas,
1238 2740 1376 2794 dum
1419 2746 1474 2796 et
1519 2742 1768 2796 adversis
1793 2744 2076 2814 tantisque

440 2850 569 2904 qua:
602 2833 661 2886 in
693 2832 902 2904 scripto
935 2836 993 2887 et
1017 2833 1140 2888 sine
1172 2834 1380 2905 scripto
1410 2835 1915 2890 contestationibus
1938 2837 2078 2890 invi-

437 2928 539 2982 tati
568 2927 804 2982 fuissent
829 2928 1114 2998 corrigere
1145 2928 1434 2999 propriam
1461 2931 1518 2984 et
1532 2929 1768 3000 sepelire
1788 2930 2072 2997 haeresim,

439 3021 606 3076 sicuti
652 3023 709 3075 et
748 3038 852 3092 per
899 3021 1240 3076 anteriorem
1291 3022 1680 3093 cognitionem
1735 3023 2075 3078 luculentius

2175 2180 2319 2236 mihi
2353 2195 2479 2250 quae
2506 2178 2700 2250 rogavi
2726 2184 2782 2233 te
2818 2177 2973 2240 (Dan.
3013 2195 3072 2245 ιῐ,
3104 2179 3319 2248 20-24).
3349 2196 3376 2227 ››
3406 2177 3535 2230 Cum
3565 2189 3656 2244 cpe
3688 2171 3752 2224 di~

2173 2275 2304 2329 vina
2330 2273 2774 2344 uniuscujusque
2800 2289 3053 2343 persona:
3081 2270 3401 2341 conscripta
3425 2285 3520 2340 per
3542 2265 3754 2322 novitatis

2175 2369 2563 2423 commentum
2617 2365 2864 2420 accusati
2913 2369 3065 2434 sunt,
3121 2365 3192 2420 de
3252 2362 3548 2418 venerabili
3591 2358 3753 2414 scrinio

2175 2459 2691 2517 obsecundantibus
2719 2459 2884 2514 nobis
2911 2458 3309 2515 ordinabiliter
3334 2454 3668 2512 offerentibus
3688 2469 3751 2506 so-

2173 2555 2369 2611 lertius
2386 2553 2769 2609 intendamus.

2174 2675 2248 2730 De
2277 2672 2684 2742 chorepiscopis,
2715 2675 2765 2726 et
2793 2671 2889 2740 qui
2922 2669 3062 2742 idem
3088 2669 3222 2742 sint,
3264 2674 3362 2724 aut
3399 2671 3448 2723 si
3468 2665 3659 2736 aliquid
3675 2666 3756 2718 sint

2854 2745 2950 2795 aut
2976 2741 3134 2794 nihil.

2244 2836 2500 2892 Dominis
2527 2834 2946 2890 venerabilibus
2984 2833 3277 2901 fratribus,
3313 2834 3577 2888 Pnosrsno
3601 2827 3752 2885 Numi-

2173 2931 2279 2987 dia:
2307 2931 2510 3003 prima:
2530 2929 2677 2985 sedis
2707 2929 2988 3000 episeopo,
3023 2929 3212 2997 Leom,
3246 2929 3543 2992 Raram-ro,
3563 2927 3756 2978 Anaus-

2173 3041 2302 3093 DRO,
2337 3026 2665 3090 BENEDICTO,
2701 3024 2872 3091 Ruso,
2914 3028 2972 3077 et
3008 3021 3278 3076 omnibus
3321 3020 3548 3086 caneris,
3588 3016 3755 3086 ubique

439 3116 887 3171 demonstratum
914 3121 999 3169 est
1027 3120 1142 3169 tam
1165 3132 1266 3186 per
1285 3115 1503 3170 libellos
1524 3133 1693 3187 quam
1728 3133 1834 3187 per
1861 3133 2069 3189 sugge-
2095 3154 2150 3230 Ο
2175 3119 2235 3174 in
2259 3122 2414 3174 recta
2463 3120 2654 3172 sancta
2683 3122 2740 3171 et
2767 3115 3070 3188 apostolica
3116 3115 3228 3170 ﬁde
3271 3113 3670 3170 consistentibus
3688 3124 3753 3162 or-

438 3208 648 3264 stiones
691 3207 1294 3263 reverendissimorum
1338 3210 1690 3265 sacerdotum
1740 3213 1799 3265 et
1840 3227 2074 3266 venera-

436 3302 642 3357 bilium
674 3302 946 3357 abbatum
972 3303 1240 3374 Apostolo
1267 3306 1620 3373 protestante
1651 3305 1811 3359 nobis
1844 3327 1871 3354 «
1893 3305 2080 3359 Homi-

440 3413 576 3450 nem
620 3396 952 3451 hazreticum
1007 3399 1134 3467 post
1177 3396 1423 3467 primam
1470 3400 1528 3452 et
1562 3399 1867 3452 secundam
1898 3415 2079 3453 corre-

437 3491 701 3562 ptionem
743 3489 952 3544 evitare
987 3489 1294 3544 debeamus
1321 3490 1453 3559 (Tit.
1496 3507 1576 3559 ιη,
1625 3491 1730 3558 10),
1760 3512 1787 3543 »
1838 3491 2078 3548 scientes

439 3585 571 3656 quia
607 3583 904 3638 subversus
933 3587 1017 3637 est
1049 3583 1399 3654 hujusmodi,
1437 3587 1493 3639 et
1527 3585 1807 3657 delinquit
1846 3585 2076 3657 proprio

433 3675 1112 3750 judicio'condemnatus,
1145 3677 1303 3731 nullo
1334 3678 1509 3732 modo
1541 3683 1762 3750 oportet
1788 3695 1893 3734 nos
1914 3679 2073 3735 dein-

441 3789 571 3844 ceps
599 3775 782 3826 tacere
823 3775 921 3826 aut
947 3771 1262 3842 quiescere,
1313 3788 1386 3827 ne
1412 3789 1640 3844 quoquo
1679 3773 1850 3827 modo
1897 3773 2076 3844 iniqui

432 3866 756 3938 judicemur
782 3864 1053 3920 odibilem
1088 3865 1198 3920 Deo
1225 3881 1424 3936 pacem
1463 3866 1892 3938 amplectentes.
1923 3866 2073 3931 Quo-

439 3961 594 4016 niam
634 3959 909 4031 scriptum
937 3964 1055 4014 est:
1090 3981 1118 4009 ‹‹
1145 3959 1326 4015 Zelavi
1369 3959 1429 4013 in
1459 3959 1848 4031 peccatoribus
1874 3977 2075 4032 pacem

435 4058 798 4127 peccatorum
823 4053 1023 4107 videns
1049 4053 1214 4121 (Psal.
1243 4069 1406 4120 Lxxn,
1426 4053 1501 4124 3),
1523 4074 1550 4103 ››
1581 4056 1639 4108 et
1658 4053 1877 4108 dicatur
1899 4052 2075 4108 etiam

439 4148 510 4203 de
560 4148 761 4202 nobis:
818 4145 1151 4202 Sacerdotes
1197 4147 1310 4200 mei
1367 4149 1833 4217 contempserunt
1885 4147 2073 4218 legem

435 4256 650 4306 meam,
694 4245 749 4294 et
797 4240 1126 4310 polluerunt
1151 4240 1474 4294 sanctuaria
1513 4255 1641 4294 mea
1675 4241 1880 4308 (Ezech.
1917 4256 2072 4310 mn,

438 4336 545 4405 38),
577 4334 729 4388 inter
754 4336 1015 4387 sanctum
1040 4335 1098 4387 et
1118 4333 1424 4404 profanum
1451 4349 1567 4388 non
1590 4332 1838 4388 habuere
1865 4333 2074 4388 distan-

434 4429 596 4498 tiam,
620 4427 771 4481 inter
798 4426 1078 4498 pollutum
1103 4429 1160 4480 et
1189 4425 1472 4480 mundum
1500 4443 1615 4481 non
1643 4426 2069 4496 intellexerunt;

2178 3212 2440 3268 thodoxis
2468 3211 2764 3282 episcopis,
2800 3211 3073 3266 Damasus.

2247 3306 2420 3372 Licet,
2458 3305 2661 3360 fratres
2698 3303 3034 3371 charissimi,
3067 3302 3224 3358 vobis
3272 3303 3386 3357 sint
3422 3307 3550 3357 nota
3577 3299 3756 3354 Patrum

2177 3401 2422 3467 decreta,
2445 3399 2664 3468 mirari,
2697 3403 2888 3452 tamen
2912 3414 3027 3452 non
3055 3413 3366 3469 possumus
3379 3399 3606 3450 vestram
3628 3390 3757 3446 soler-

2177 3495 2314 3549 tiam
2339 3493 2488 3548 circa
2507 3492 2767 3547 instituta
2786 3491 3094 3562 majorum,
3123 3497 3186 3546 ut
3204 3494 3413 3546 cuncta
3435 3504 3553 3561 qua:
3572 3486 3760 3558 possunt

2179 3587 2227 3659 1
2245 3586 2370 3660 64
2388 3586 2640 3657 aliquam
2656 3585 2908 3657 recipere
2921 3584 3432 3655 dubitationem,ad
3449 3599 3546 3638 nos
3558 3577 3695 3652 quasi
3708 3574 3760 3629 ad

2176 3685 2365 3752 caput,
2398 3684 2461 3736 ut
2487 3696 2714 3752 semper
2732 3679 2840 3734 fuit
2877 3679 3255 3748 consuetudo,
3282 3679 3499 3734 deferre
3523 3691 3624 3729 non
3647 3668 3758 3726 desi-

2177 3775 2345 3842 natis,
2375 3778 2436 3830 ut
2455 3773 2588 3828 inde
2619 3773 2848 3844 capiatis
2877 3789 3146 3844 responsa
3171 3773 3328 3828 unde
3347 3769 3619 3842 accepistis
3635 3763 3758 3820 insti-

2173 3868 2456 3924 tutionem
2483 3871 2540 3922 et
2567 3882 2831 3922 normam
2854 3872 3004 3922 recte
3035 3865 3286 3922 vivendi.
3317 3866 3472 3922 Unde
3495 3869 3547 3920 et
3569 3878 3651 3916 vos
3671 3871 3758 3912 non

2174 3962 2542 4017 immemores
2559 3977 2844 4016 canonum
2870 3976 2989 4016 esse
3020 3960 3419 4028 recordamur,
3435 3957 3528 4031 qui
3545 3955 3758 4025 etipsum

2174 4055 2299 4110 ﬁeri
2328 4054 2671 4127 praecipiunt
2705 4071 2820 4109 non
2859 4058 2924 4109 ut
2947 4054 3107 4109 vobis
3138 4054 3390 4110 scientia:
3428 4045 3759 4108 ecclesiastica:

2174 4149 2391 4220 regula;
2433 4148 2662 4221 aliquod
2709 4148 2872 4216 desit,
2904 4148 3002 4204 sed
3033 4152 3097 4203 ut
3125 4146 3460 4203 auctoritate
3497 4143 3630 4200 sedis
3654 4153 3756 4211 apo-

2173 4242 2383 4298 stolica;
2409 4242 2538 4298 fulti
2563 4243 2620 4298 in
2646 4243 2804 4298 nullo
2834 4241 2906 4296 ab
2935 4243 3059 4314 ejus
3087 4241 3324 4297 devictis
3352 4239 3572 4314 regulis.

2243 4336 2423 4409 Igitur
2461 4337 2531 4392 de
2573 4335 2993 4408 chorepiscOpis
3020 4335 3089 4390 de
3115 4335 3326 4407 quibus
3373 4352 3486 4390 non
3522 4327 3759 4387 consulere

2174 4431 2343 4502 quale
2367 4431 2440 4486 sit
2471 4447 2673 4486 eorum
2699 4429 3107 4498 ministerium,
3139 4434 3240 4484 aut
3271 4429 3412 4501 quid
3440 4428 3519 4483 eis
3541 4437 3688 4497 agere
3707 4416 3757 4472 li-

433 4522 530 4578 sed
558 4538 901 4594 consurgere
931 4537 1063 4576 cum
1095 4521 1226 4586 Deo,
1255 4523 1311 4574 et
1349 4520 1653 4576 consistere
1692 4526 1955 4593 prompte
1982 4523 2071 4577 in-
2093 4528 2152 4600 D
2176 4529 2321 4592 ceat,
2341 4528 2442 4580 aut
2465 4541 2636 4596 quam
2657 4510 3051 4579 auctoritatem
3077 4522 3346 4594 habeant,
3377 4523 3460 4577 vel
3487 4521 3530 4575 si
3555 4519 3666 4573 licet
3687 4525 3759 4567 eos

435 4617 677 4672 duentes
706 4632 868 4670 arma
897 4614 1127 4686 spiritus
1151 4614 1418 4669 adversus
1463 4615 1838 4686 malignantes
1875 4621 2072 4672 contra

432 4710 608 4766 ﬁdem
645 4709 785 4781 ejus,
819 4713 885 4764 ut
923 4709 1232 4780 probemus
1271 4709 1501 4780 spiritus
1541 4709 1844 4781 sapienter,
1885 4710 1943 4765 id
1987 4716 2072 4766 est

431 4804 606 4859 verba
632 4803 880 4869 illorum,
904 4802 950 4856 si
979 4819 1047 4857 ex
1070 4804 1184 4858 Deo
1214 4806 1366 4858 sunt.
1400 4803 1683 4874 Scriptum
1713 4809 1796 4859 est
1823 4805 1976 4859 enim
2009 4805 2066 4858 in

429 4899 709 4966 Ieremia;
749 4918 776 4945 ‹‹
818 4897 1187 4951 l’robatorem
1217 4896 1350 4951 dedi
1377 4899 1430 4951 te
1460 4897 1520 4952 in
1561 4899 1777 4969 populo
1819 4915 1944 4954 meo
1975 4916 2065 4954 ro—

427 4993 746 5061 bustum,et
765 4991 906 5046 scies
921 4995 976 5045 et
990 4990 1254 5062 probabis
1273 4990 1423 5045 viam
1448 5008 1646 5047 eorum
1670 4991 1794 5062 (Je-r.
1820 5009 1895 5060 v1,
1919 4996 2002 5064 27)
2015 5016 2062 5048 .»

413 5087 665 5148 ,Multum
709 5100 958 5155 namque
987 5084 1150 5139 nobis
1195 5085 1515 5140 necessaria
1543 5091 1626 5140 est
1670 5085 1980 5158 vigilantia,
2011 5093 2068 5142 et

428 5185 649 5236 tantum
690 5179 945 5233 divinum
973 5177 1266 5250 sapientiae
1304 5177 1663 5234 discretionis
1691 5196 1819 5251 quae
1847 5182 2068 5236 occulta

425 5275 795 5330 tenebrarum
806 5273 1019 5327 revelat
1032 5273 1102 5327 ad
1114 5272 1541 5344 requisitionem
1555 5273 1652 5345 huj
1662 5275 1883 5329 usmodi
1896 5275 2067 5344 rei,et

427 5369 847 5434 scrutationem,
875 5367 1141 5439 quoniam
1161 5367 1299 5421 latet
1313 5367 1734 5439 quodammodo
1760 5373 1817 5422 et
1835 5368 2066 5422 abscon-

425 5464 580 5519 ditur
591 5463 793 5535 vixque
811 5460 1314 5533 comprehenditur
1333 5461 1528 5516 dolosa
1555 5461 1802 5518 existens
1822 5461 2060 5530 malitia,

421 5575 525 5629 pro
537 5575 604 5612 eo
633 5556 789 5628 quod
802 5555 1186 5627 sibipietatem
1210 5554 1410 5608 callide
1434 5555 1788 5624 blandiatur,
1806 5556 2065 5611 utvaleat

421 5651 798 5706 scrutantium
825 5653 1082 5704 mentem
1102 5649 1302 5718 latere,
1325 5648 1476 5720 quod
1495 5648 1694 5720 utique
1721 5650 1904 5704 sciens
1935 5650 2062 5706 bea-

417 5749 509 5799 tus
537 5744 834 5814 Apostolus
863 5742 970 5797 ait:
1007 5761 1034 5793 «
1067 5743 1207 5797 Nam
1242 5741 1572 5813 hujusmodi
1601 5743 2060 5816 pseudoapostoli

418 5835 662 5914 operarii
683 5835 902 5891 subdoli
933 5837 1343 5908 transﬁgurant
1361 5853 1420 5891 se
1442 5837 1500 5892 in
1527 5838 1810 5909 apostolos
1828 5838 2056 5896 Christi.

2172 4619 2296 4672 ﬁeri
2319 4635 2391 4673 an
2414 4635 2548 4687 non,
2602 4619 2736 4688 quia
2765 4615 3084 4672 audivimus
3113 4633 3210 4672 eos
3234 4617 3361 4687 jam
3397 4631 3513 4671 esse
3551 4604 3757 4684 prohibi-

2171 4715 2279 4780 tos,
2316 4716 2414 4766 aut
2454 4710 2589 4783 quid
2623 4710 2694 4766 de
2737 4711 2839 4782 eis,
2874 4711 2972 4782 qui
3003 4711 3124 4782 jam
3165 4710 3412 4766 ordinati
3459 4705 3760 4779 reperientur

2170 4805 2463 4878 agendum
2507 4805 2596 4866 sit,
2643 4805 2724 4860 nil
2772 4805 2930 4860 vobis
2958 4805 3163 4860 certius
3206 4804 3542 4876 respondere
3583 4796 3760 4852 videtur

2169 4916 2343 4972 quam
2379 4899 2513 4955 olim
2541 4916 2574 4954 a
2599 4898 3116 4972 praedecessoribus
3155 4896 3364 4953 nostris
3403 4898 3669 4953 decretum
3691 4903 3755 4941 rc-

2167 4993 2440 5065 perimus,
2491 4999 2557 5049 ut
2595 4993 2676 5048 eis
2714 4994 2784 5048 ad
2822 4993 3048 5048 veniam
3097 4992 3241 5047 nihil
3271 5008 3502 5064 prorsus
3541 4986 3607 5041 ad
3639 4977 3758 5038 aliud

2166 5095 2490 5147 reservetur
2519 5107 2688 5161 quam
2739 5088 2973 5161 privatio
3003 5091 3148 5144 sacri
3192 5086 3490 5143 ministerii
3533 5079 3670 5156 quod
3707 5075 3755 5129 i1-

2166 5184 2316 5240 licite
2347 5187 2797 5256 assumpserunt,
2831 5183 2966 5254 quia
3006 5181 3280 5254 prohibiti
3319 5185 3440 5237 tam
3469 5179 3535 5234 ab
3576 5176 3664 5230 hac
3687 5185 3755 5224 sa-

2165 5294 2259 5332 cra
2307 5279 2441 5333 sede
2493 5294 2667 5350 quam
2710 5293 2744 5332 a
2805 5277 2976 5331 totius
3024 5277 3176 5332 orbis
3226 5277 3456 5332 fuerant
3507 5262 3756 5341 episcopi!-

2164 5370 2342 5425 Nimis
2382 5387 2520 5442 ergo
2565 5387 2765 5426 eorum
2821 5370 3098 5425 institutio
3151 5369 3434 5441 improba,
3498 5360 3650 5420 nimis
3693 5357 3758 5410 est

2163 5481 2358 5536 prava,
2397 5466 2529 5537 quia
2562 5471 2628 5521 ut
2667 5465 2726 5519 hi
2769 5465 2840 5520 de
2888 5481 3114 5519 summo
3155 5461 3450 5519 sacerdotii
3489 5447 3756 5513 ministerio

2161 5559 2371 5631 aliquid
2402 5563 2755 5630 praesumant
2778 5559 2934 5614 omni
2963 5559 3295 5614 auctoritate
3337 5560 3506 5620 caret,
3543 5555 3595 5605 et
3617 5540 3755 5602 sacris

2163 5653 2479 5708 canonibus
2522 5654 2814 5709 invenitur
2837 5669 2958 5708 esse
3003 5653 3375 5718 contrarium,
3403 5654 3563 5718 atque
3607 5640 3667 5695 δά
3695 5640 3755 5689 ιο·

2161 5747 2275 5801 tius
2305 5747 2564 5802 Ecclesia:
2612 5746 3103 5821 perturbationem
3149 5743 3391 5818 superba
3419 5743 3476 5797 et
3512 5729 3754 5808 superﬂua

2158 5840 2344 5897 tendit
2381 5841 2569 5908 elatio,
2610 5847 2666 5898 et
2706 5857 2944 5899 vacuum
2985 5846 3069 5898 est
3108 5846 3167 5897 et
3204 5841 3371 5897 inane
3415 5826 3668 5910 quidquid
3705 5823 3754 5879 in
