3946 6180
156 336 242 388 669
1310 318 1782 383 DECRETALIUM
1818 320 2204 380 COLLECTIO.
3208 314 3215 319 ’
3361 322 3464 374 6‘70

152 437 385 513 praedicto
409 434 931 491 sacerdotiisummi
949 433 1545 506 egeruntministerio.
1565 432 1732 497 Quod
1754 432 2145 518 Aexstirpare
2202 443 2432 485 necesse
2481 435 2583 485 est.
2630 427 2793 494 Quod
2841 428 2995 483 enim
3045 428 3298 500 episcopi
3345 446 3463 484 non

148 532 237 605 ipsi
253 531 391 585 idem
406 529 511 584 sint
528 529 627 601 qui
653 533 710 583 et
733 529 1052 600 presbyteri
1077 528 1423 583 sufficienter
1446 527 1735 582 invenitur
1833 531 1947 586 sint
1972 530 2069 601 qui
2098 528 2289 583 minus
2317 545 2511 600 quam,
2545 546 2578 583 a
2608 528 2785 582 tribus
2812 532 2944 582 sunt
2970 527 3215 581 ordinati
3244 526 3459 598 episco-

149 626 226 699 qui
252 624 318 679 ad
339 625 575 678 formam
602 625 659 678 et
683 622 1015 693 exemplum
1042 622 1405 693 septuaginta
1430 620 1732 675 inveniun-
1832 625 1921 696 pis
1947 623 2210 679 omnibus
2252 626 2426 693 patet,
2480 622 2773 693 quoniam,
2821 625 2884 675 ut
2920 622 3067 675 bene
3110 620 3304 690 nostis,
3338 638 3469 692 pro-

148 726 225 776 tur
243 718 384 789 prius
407 716 665 770 instituti.
692 717 801 771 Sed
827 716 983 786 quia,
1018 717 1132 770 Deo
1163 716 1392 787 gratias,
1439 714 1611 769 modo
1640 728 1736 768 ne-
1835 718 2084 772 hibitum
2114 733 2147 770 a
2178 716 2348 770 sacris
2400 719 2487 769 est
2528 715 2805 783 Patribus,
2836 718 2903 769 ut
2943 715 3041 785 qui
3078 714 3149 768 ab
3178 730 3295 769 uno
3323 715 3467 768 vela

149 810 358 874 cessarii.
377 810 518 864 Sicut
543 810 602 863 in
633 809 922 881 primitiva
948 810 1193 864 EccleSia
1224 815 1455 881 propter
1480 807 1735 862 studium
1837 811 2061 865 duobus
2087 814 2221 864 sunt
2241 808 2489 864 ordinati
2509 808 2807 879 episcopis,
2830 824 2935 861 nec
2956 807 3334 863 nominentur
3353 809 3470 879 epi-

146 904 274 977 quod
299 919 424 974 erga
448 919 725 975 pauperes
744 903 1069 973 exigebant,
1095 919 1216 958 non
1236 904 1389 967 sunt,
1408 904 1467 957 et
1479 901 1615 973 quia
1634 899 1739 953 illi-
1839 905 2013 976 scopi.
2044 905 2100 960 Si
2125 920 2338 958 nomen
2386 919 2505 957 non
2552 902 2764 956 habent
2804 902 3051 972 qualiter
3091 901 3341 956 ofﬁcium
3372 902 3466 955 ha-

146 999 233 1053 cita
254 997 679 1069 przesumebant,
704 1000 763 1051 et
781 997 932 1068 quod
956 996 1201 1068 agebant
1223 1000 1415 1051 actum
1444 1011 1561 1049 non
1592 998 1736 1060 erat,
1838 999 2054 1054 bebunt
2071 999 2099 1052 ?
2126 995 2414 1068 Quidquid
2440 995 2594 1051 enim
2623 995 2775 1049 inter
2805 995 3121 1066 episcopos,
3151 1002 3249 1050 aut
3274 995 3343 1050 de
3375 1013 3465 1051 re-

145 1096 191 1147 et
210 1095 491 1163 propterea
518 1090 679 1145 multi
720 1090 778 1144 in
806 1091 1168 1145 securitatem
1192 1090 1337 1161 lapsi
1362 1086 1738 1144 ecclesiastico
1840 1092 1948 1147 bus
1993 1092 2068 1146 ad
2122 1107 2220 1147 eos
2268 1089 2627 1145 solummodo
2655 1087 3072 1160 pertinentibus
3098 1089 3339 1158 egerint,
3369 1108 3465 1145 ne-

144 1184 517 1240 fraudabantur
554 1190 613 1239 et
652 1184 1070 1240 frustrabantur
1098 1184 1437 1252 ministerio,
1465 1182 1594 1237 ideo
1619 1187 1739 1237 tam
1842 1202 1994 1242 cesse
2019 1190 2122 1255 est,
2148 1189 2213 1240 ut
2229 1184 2489 1257 superius
2506 1184 2627 1255 jam
2655 1182 3012 1253 praelibatum
3034 1188 3135 1249 est,
3168 1188 3228 1237 ut
3248 1183 3471 1238 irritum

146 1280 204 1333 ab
245 1279 339 1333 hac
389 1282 584 1332 sancta
635 1277 769 1332 sede
827 1278 910 1348 (ut
964 1278 1223 1349 superius
1280 1273 1741 1339 memoravimus)
1842 1280 1961 1351 ﬁat,
1988 1280 2124 1351 quia
2153 1278 2308 1351 quod
2349 1294 2468 1332 non
2511 1276 2749 1345 habent,
2779 1276 2914 1330 dare
2943 1292 3310 1347 nequaquam
3342 1293 3469 1347 pos-

144 1388 287 1444 quam
310 1372 376 1425 ab
401 1371 669 1426 omnibus
698 1372 874 1426 totius
900 1372 1053 1427 orbis
1079 1371 1358 1442 episcopis
1381 1387 1414 1424 a
1442 1368 1741 1441 pontiﬁca-
1843 1379 1995 1441 sunt,
2034 1372 2358 1446 praesertim
2390 1387 2520 1426 cum
2550 1371 2771 1424 nullum
2810 1386 2877 1423 ex
2908 1369 3271 1441 septuaginta
3316 1370 3476 1425 disci-

143 1467 268 1521 libus
290 1471 415 1520 sunt
437 1465 649 1520 remoti
680 1465 897 1520 ofﬁciis.
927 1467 1088 1533 Nam,
1114 1470 1175 1520 ut
1193 1465 1355 1520 nobis
1374 1465 1623 1519 relatum
1637 1465 1741 1532 est,
1844 1473 1992 1544 pulis
2015 1515 2029 1541 ,
2086 1487 2334 1544 quorum
2390 1470 2637 1541 speciem
2693 1468 2783 1523 isti
2840 1474 3149 1540 antequam
3206 1469 3473 1540 prohibe-

145 1560 346 1630 quidam
375 1559 770 1630 episcoporum
798 1564 1032 1631 propter
1056 1574 1218 1615 suam
1249 1558 1504 1630 quietem
1525 1556 1605 1612 eis
1630 1557 1746 1628 ΡῙΘ·
1846 1570 2066 1633 rentur,
2115 1569 2180 1619 ut
2225 1565 2485 1636 superius
2535 1566 2923 1619 memoratum
2969 1566 3069 1630 est,
3119 1564 3178 1617 in
3234 1564 3479 1618 Ecclesia

142 1653 364 1707 bessuas
388 1652 747 1708 committere
794 1670 912 1708 non
957 1653 1285 1717 formidant,
1336 1658 1394 1707 et
1442 1656 1508 1706 ut
1555 1650 1748 1705 illiCita
1849 1660 2139 1732 gerebant,
2172 1659 2252 1712 nil
2279 1659 2347 1713 de
2389 1659 2492 1712 hoc
2516 1657 2668 1728 quod
2697 1656 2969 1728 apostolis
3005 1672 3324 1728 eorumque
3349 1675 3476 1712 suc—

144 1752 286 1821 atjiue
298 1747 581 1819 prohibita
597 1752 793 1819 agant,
805 1747 865 1803 id
876 1752 982 1815 est,
1001 1764 1070 1802 ea
1086 1763 1215 1819 qua:
1227 1746 1366 1801 solis
1384 1744 1747 1817 poutiiictbus
1766 1818 1812 1823 _
1847 1753 2161 1809 cessoribus
2179 1752 2499 1823 specialiter
2522 1750 2853 1817 debebatur,
2867 1750 3079 1821 legitur
3091 1752 3478 1823 assumpsisse,

146 1818 393 1897 debentur
415 1841 523 1895 sibi
553 1846 850 1912 usurpant,
870 1840 1048 1912 etipsi
1077 1818 1137 1895 in
1153 1857 1256 1896 sua
1283 1840 1476 1912 quiete
1495 1841 1745 1910 torpent,
1766 1818 1824 1891 B
1849 1863 1951 1902 nec
1976 1848 2035 1901 in
2063 1848 2190 1917 lege
2208 1818 2439 1900 homini
2455 1861 2583 1916 qua:
2599 1843 2849 1915 Moysiab
2866 1818 2989 1914 ipso
3004 1844 3250 1898 Domino
3268 1818 3482 1915 legitur

146 1941 193 1989 et
222 1951 403 1989 curam
449 1934 557 1989 sibi
606 1952 639 1990 8
684 1935 801 1989 Deo
850 1934 1207 1989 commissam
1251 1934 1571 2005 negliguut,
1618 1947 1748 1986 cum
1850 1941 2084 2010 dictata,
2131 1940 2201 1995 de
2250 1940 2339 1993 his
2386 1954 2515 2011 quae
2559 1937 2797 1992 summis
2842 1936 3245 2006 sacerdotibus,
3291 1938 3351 1992 id
3400 1943 3485 1994 est

145 2029 381 2085 Dominus
407 2030 562 2084 dicat
589 2048 603 2084 τ
634 2051 662 2078 (ί
692 2029 875 2083 3011118
902 2032 1093 2100 PaStOI‘
1118 2029 1371 2082 animam
1398 2044 1557 2081 suam
1586 2027 1751 2097 ροηίῑ
1847 2039 2055 2110 Moysi,
2100 2039 2158 2091 et
2202 2037 2389 2089 Aaron
2441 2034 2603 2087 erant
2650 2030 2972 2102 specialiter
3024 2047 3288 2086 concessa
3309 2073 3323 2100 ,
3380 2031 3484 2087 ﬁlii

145 2139 231 2195 Ρτο
256 2124 440 2178 (“ibus
464 2123 605 2190 διιίδν
648 2128 706 2177 εἰ
733 2128 899 2177 Vocat
933 2139 1028 2177 eas
1055 2120 1415 2186 nominatim.
1448 2124 1507 2175 εἰ
1532 2136 1748 2190 εοΒἮΟ·
1849 2134 2035 2187 Aaron
2055 2128 2371 2203 quidquam
2388 2128 2758 2198 praesumant.
2776 2124 2925 2180 Nulli
2941 2124 3097 2179 enim
3118 2124 3359 2179 dubium
3378 2132 3483 2192 est,

146 2218 234 2272 δείῐ
259 2234 399 2285 ωδε,
430 2221 490 2272 et
539 2234 655 2271 sua?
710 2218 1032 2287 agnoscunt
1061 2232 1195 2270 eum
1221 2215 1395 2283 (Ῑοαηο
1426 2231 1478 2279 Χ,
1509 2213 1686 2283 2·¹¹)·
1720 2233 1747 2261 ’³
1851 2226 2007 2298 quod
2035 2225 2248 2295 Moyses
2276 2224 2337 2275 et
2361 2223 2552 2275 Aaron
2580 2219 2706 2287 soli,
2736 2216 3100 2289 praecipiente
3136 2218 3393 2285 Domino,
3427 2219 3487 2273 in

148 2313 201 2366 Εἴ
236 2312 360 2366 item
393 2328 406 2366 ε
444 2333 473 2359 (ί
508 2310 667 2366 Sicut
712 2310 869 2365 Πονίῐ
915 2326 1006 2365 me
1048 2311 1235 2377 Pater»
1270 2314 1326 2363 et
1354 2325 1463 2380 98°
1501 2322 1752 2378 38110300
1853 2316 2228 2373 tabernaculo
2278 2313 2375 2369 Dei
2429 2312 2730 2383 erigebant
2772 2313 2966 2378 altare,
3020 2310 3122 2365 soli
3177 2312 3486 2383 ungebant,

148 2406 365 2471 Ρὸιΐθηὶ,
398 2409 455 2459 εἰ
501 2404 758 2459 auium!“
800 2420 995 2459 meam
1041 2420 1192 2475 ροοο
1241 2420 1343 2474 PI‘O
1387 2402 1582 2456 ονίδιι8
1610 2399 1755 2454 limis
1856 2412 1956 2465 soli
1983 2409 2301 2466 sacerdotes
2349 2423 2507 2463 sacra
2557 2406 2823 2460 unctione
2871 2404 3261 2473 instituebant,
3294 2408 3353 2460 et
3377 2405 3490 2461 alia

149 2500 307 2567 (Ibid;
364 2500 469 2570 ll).
536 2521 563 2547 »ι
626 2499 701 2551 De
760 2497 1115 2553 mercenario
1171 2502 1365 2551 autem
1415 2495 1554 2567 quid
1605 2494 1759 2548 dicat
1855 2522 1982 2577 qua;
2010 2504 2083 2559 ad
2116 2518 2409 2558 summum
2440 2498 2814 2554 sacerdotium
2845 2497 3224 2570 pertinebant,
3254 2499 3323 2553 de
3363 2500 3487 2570 qui-

148 2590 271 2646 bene
289 2594 478 2659 nostis:
503 2592 641 2663 (Ιυίίι
663 2612 689 2643 (ι
718 2592 857 2645 Vidit
891 2592 1092 2663 lupum
1127 2589 1477 2657 venientem,
1500 2591 1557 2643 3i-
1573 2586 1759 2642 dimit‘
1855 2599 1963 2654 bus
1993 2596 2342 2652 sufficienter
2387 2594 2446 2648 in
2493 2592 2697 2647 divinis
2722 2593 2934 2663 legitur
2965 2591 3189 2661 litteris,
3220 2592 3489 2664 agebant,

149 2686 205 2739 tit
226 2703 364 2754 oves,
388 2690 443 2741 et
465 2687 637 2757 fugit,
661 2689 717 2740 et
755 2686 921 2756 lupus
960 2684 1127 2756 rapit,
1157 2688 1214 2739 et
1248 2682 1528 2755 dispergit
1566 2698 1700 2737 oves
1728 2702 1755 2729 υ
1858 2692 2131 2764 quoniam
2163 2688 2374 2744 summi
2404 2687 2636 2742 Domini
2671 2685 2998 2741 sacerdotes
3028 2689 3214 2755 erant,
3247 2685 3392 2741 sicut
3419 2688 3490 2742 de

152 2780 503 2848 (Ῑδὶάονίὲὶνθῑ
526 2777 1105 2851 reliqua-Protalibus
1128 2794 1262 2832 vero
1286 2777 1600 2849 negligitur
1628 2790 1762 2830 cum
1860 2786 1938 2841 eis
1976 2784 2252 2855 scriptum
2292 2785 2377 2837 est
2410 2798 2422 2835 :
2458 2801 2481 2833 ι
2512 2781 2725 2851 Moyses
2770 2783 2827 2834 et
2868 2783 3056 2834 Aaron
3102 2779 3163 2833 in
3194 2780 3495 2835 sacerdoti-

150 2873 397 2941 Ecclesiw,
442 2879 503 2929 et
550 2874 674 2943 ejus
721 2876 898 2927 status
940 2871 1323 2943 perturbatur,
1369 2874 1425 2924 et
1467 2869 1598 2924 ideo
1630 2873 1764 2923 sunt
1860 2880 1967 2935 bus
1996 2880 2118 2949 ejus
2144 2878 2311 2947 (Psal.
2338 2891 2526 2943 xcmi,
2549 2874 2620 2945 6),
2650 2896 2677 2921 ››
2708 2873 2787 2927 sic
2812 2878 2868 2927 et
2896 2874 3086 2943 modo,
3126 2874 3262 2945 quia
3289 2873 3495 2928 umbra

151 2966 412 3036 prohibiti,
450 2968 741 3021 intentum
776 2971 838 3021 ut
875 2966 921 3019 si
943 2965 1148 3037 aliquis
1173 2981 1241 3019 ex
1272 2965 1362 3019 his
1393 2963 1605 3036 reperti
1636 2963 1759 3017 fue—
1864 2973 2006 3045 legis
2030 2971 2273 3035 transiit,
2301 2974 2358 3025 et
2388 2970 2482 3023 lux
2511 2966 2803 3037 Evangelii
2826 2967 2884 3020 in
2919 2983 3023 3021 nos
3050 2967 3149 3021 Dei
3178 2968 3361 3039 gratia
3384 2985 3500 3023 ma-

151 3060 264 3126 rini.
292 3078 321 3115 ﬂ
349 3060 584 3133 ριόρτίο
604 3060 866 3115 deCidant
888 3060 1087 3131 gradu-
1118 3058 1200 3115 111i
1227 3074 1472 3129 namque
1491 3056 1762 3129 episcopi,
1864 3066 2065 3121 nifeste
2114 3068 2386 3131 coruscat,
2422 3062 2495 3117 de
2538 3061 2627 3116 his
2666 3076 2795 3131 quae
2838 3059 2896 3114 in
2947 3061 3187 3115 summis
3232 3062 3495 3117 sacerdo-

153 3153 235 3224 qui
262 3155 386 3209 talia
413 3154 523 3209 sibi
546 3159 920 3226 praesumunt,
949 3153 1213 3208 videntur
1237 3152 1379 3206 mihi
1409 3168 1527 3207 esse
1558 3166 1761 3205 moere-
1787 3191 1843 3266 Ο
1866 3160 2038 3225 tibus,
2084 3159 2141 3213 id
2180 3164 2266 3212 est
2310 3156 2588 3228 episcopis
2636 3170 2880 3226 quorum
2924 3154 3167 3225 ﬁguram
3204 3155 3415 3227 Moyses
3447 3159 3505 3212 et

402 3248 413 3259 .
487 3249 522 3266 -ι
811 3246 1743 3266 7.-.;,___:,__.g__._.-_----_
1882 3257 1893 3266 .
2088 3248 2113 3266 .-
2376 3254 2386 3266 .
2584 3265 2589 3266 ,
2639 3248 2667 3266 ν.
3115 3248 3151 3266 ι.
3200 3248 3231 3266 ν.
3316 3249 3331 3266 ι

153 3248 360 3303 tricibus
372 3248 615 3315 similes,
630 3264 779 3319 quas,
803 3247 995 3302 statim
1015 3253 1080 3301 ut
1099 3246 1331 3317 pariunt
1350 3246 1596 3300 infantes
1615 3260 1766 3311 suos,
1790 3246 1842 3266 ν
1867 3257 2054 3309 Aaron
2086 3248 2413 3317 fenuerunt,
2460 3248 2541 3303 illi
2574 3248 2672 3318 qui
2699 3248 3065 3319 septuaginta
3098 3248 3501 3320 discipulorum

153 3340 255 3396 aliis
292 3342 608 3398 nutricibus
655 3341 889 3397 tradunt
931 3340 1278 3407 educandos,
1310 3342 1376 3394 ut
1414 3355 1577 3394 suam
1606 3338 1772 3393 citius
1869 3348 2111 3402 formam
2141 3346 2386 3415 gestant,
2408 3343 2467 3397 in
2494 3358 2737 3414 quorum
2759 3340 3024 3395 videlicet
3041 3346 3175 3413 typo
3194 3342 3297 3396 filii
3316 3346 3502 3398 Aaron

153 3434 421 3492 libidinem
464 3436 702 3508 explere
750 3435 999 3504 valeant;
1031 3434 1109 3489 Sic
1142 3437 1201 3489 et
1228 3433 1321 3489 isti
1350 3433 1595 3488 infantes
1619 3448 1768 3498 $1109,
1871 3439 2199 3497 erantnihil
2248 3451 2594 3509 praesumere
2623 3435 2852 3502 debent,
2883 3434 3029 3489 sicut
3067 3451 3171 3489 nec
3219 3435 3302 3489 illi
3336 3437 3502 3507 quid-

154 3528 200 3583 id
224 3534 299 3585 est
320 3533 589 3603 populos,
631 3529 740 3584 sibi
785 3529 1127 3585 commissos
1154 3528 1278 3583 aliis
1307 3526 1631 3583 educandos
1652 3530 1770 3581 tra-
1871 3548 2047 3606 quam
2079 3532 2147 3587 de
2192 3530 2402 3586 summi
2441 3528 2739 3583 sacerdotii
2778 3527 3097 3583 ministerio
3124 3529 3508 3600 attingebant.

156 3622 295 3691 dunt,
325 3629 388 3679 ut
422 3641 556 3680 suas
597 3624 864 3679 libidines
904 3623 1198 3694 expleant,
1229 3622 1286 3676 id
1319 3624 1424 3690 est,
1449 3626 1516 3676 ut
1541 3637 1643 3675 suo
1670 3635 1774 3691 pro
1873 3628 2016 3682 Nam
2057 3625 2207 3697 quod
2254 3622 2647 3695 chorepiscopi
2700 3625 3004 3693 antequam
3043 3623 3282 3693 praefato
3310 3625 3506 3696 probi-

158 3716 295 3773 libitu
338 3717 709 3774 saecularibus
751 3717 903 3773 curis
932 3716 1178 3783 inhient,
1206 3721 1262 3770 et
1286 3715 1441 3787 quod
1463 3714 1776 3784 unicuique
1873 3722 2146 3776 herentur
2180 3723 2378 3774 tenore
2433 3715 2507 3771 ad
2557 3716 2801 3770 formam
2852 3716 3212 3787 septuaginta
3264 3717 3511 3773 instituti

159 3811 315 3868 visum
342 3814 517 3869 fuerit
546 3812 775 3867 liberius
799 3816 998 3884 agant;
1026 3826 1132 3882 pro
1158 3810 1365 3865 talibus
1385 3808 1545 3863 enim
1568 3807 1776 3862 animas
1876 3818 2057 3880 erant,
2086 3828 2269 3868 canon
2312 3810 2655 3865 sufﬁcienter
2680 3808 3027 3877 manifestat,
3056 3810 3151 3864 ubi
3176 3811 3256 3865 ait
3287 3828 3301 3866 ;
3334 3812 3511 3868 Chor-

161 3906 532 3979 negliguntur,
557 3922 690 3961 oves
710 3908 975 3978 pereunt,
1010 3904 1194 3960 morbi
1221 3907 1501 3969 crescunt,
1540 3902 1777 3956 haereses
1878 3906 2127 3981 episcopi
2152 3920 2382 3977 quoque
2430 3902 2504 3958 ad
2543 3904 2867 3973 exemplum
2921 3909 2977 3957 et
3011 3904 3258 3958 formam
3287 3911 3509 3977 sophia.

161 4002 208 4052 et
228 4001 531 4056 schismata
558 4000 864 4072 prodeunt,
887 3998 1149 4056 Ecclesiae
1176 3998 1567 4064 destruantur,
1597 4011 1778 4051 sacer-
1879 4002 2041 4073 ginta
2063 4000 2328 4055 videntur
2356 4014 2497 4067 esse,
2546 4002 2602 4052 et
2649 3996 2893 4068 reliqua.
2940 3996 3051 4051 Nec
3093 3997 3236 4053 illud
3276 4003 3511 4071 praeter-

164 4090 304 4148 dotes
341 4094 644 4163 vitiantur,
691 4099 748 4149 et
793 4093 1011 4164 reliqua
1058 4090 1211 4146 mala
1252 4089 1628 4162 proveniunt.‘
1655 4090 1780 4144 Non
1879 4095 2132 4151 eundum
2177 4093 2338 4147 nobis
2384 4091 2643 4160 videtur,
2693 4091 2842 4162 quod
2897 4089 3030 4146 alibi
3094 4092 3153 4146 in
3206 4094 3518 4150 canonibus

162 4187 324 4242 taliter
361 4188 645 4243 Dominus
692 4186 906 4257 docuit,
958 4202 1063 4241 nec
1106 4184 1347 4257 apostoli
1385 4185 1778 4249 instituerunt,
1881 4204 2210 4261 expressum
2238 4190 2323 4242 est
2352 4202 2366 4241 :
2399 4185 2506 4250 Qui
2531 4185 2590 4240 in
2615 4183 2753 4239 vicis
2777 4186 2835 4238 et
2872 4185 3319 4255 possessionibus
3349 4189 3514 4243 chor-

166 4280 247 4334 sed
272 4282 372 4354 ipsi
402 4283 504 4355 qui
539 4298 735 4336 curam
763 4280 1081 4351 suscipiunt
1104 4279 1209 4351 ipsi
1250 4282 1545 4351 peragant,
1574 4280 1632 4331 et
1657 4276 1780 4348 ipse
1884 4282 2135 4356 episcopi
2161 4281 2551 4349 nominantur,
2585 4280 2839 4350 quamvis
2865 4296 3067 4335 manus
3094 4280 3519 4353 impositionem

166 4376 399 4446 proprios
420 4375 750 4447 manipulos
769 4375 1012 4430 Domino
1037 4376 1469 4445 reprmsentent.
1490 4372 1637 4425 Nam
1664 4368 1786 4441 ipse
1884 4378 2280 4449 episcoporum
2319 4373 2695 4446 perceperint,
2731 4377 2789 4428 et
2819 4376 2882 4428 ut
2918 4374 3164 4445 episcopi
3214 4376 3521 4432 consecrati

168 4482 309 4524 Ovem
334 4470 626 4543 perditam
640 4469 944 4542 diligenter
972 4467 1249 4540 quwsivit,
1278 4467 1398 4538 ipse
1424 4464 1660 4532 invenit,
1679 4462 1786 4535 ipsi
1884 4471 2119 4538 fuerint,
2155 4475 2213 4525 ot
2237 4475 2461 4524 caetera.

167 4566 386 4635 prepriis
420 4564 681 4620 humeris
710 4561 1038 4635 reportavit,
1066 4577 1286 4634 nosque
1313 4560 1561 4631 idipsum
1603 4558 1867 4641 facereD
1961 4567 2070 4620 Nec
2099 4563 2169 4618 ab
2213 4579 2276 4617 re
2320 4562 2536 4617 dictum
2582 4557 2897 4631 perpendo,
2942 4576 3268 4633 quanquam
3317 4581 3525 4622 manus

171 4656 469 4726 perdocuit.
499 4657 561 4713 Si
592 4657 714 4730 ipse
741 4673 844 4729 pro
872 4656 1140 4712 omnibus
1186 4657 1404 4709 tantam
1444 4668 1641 4708 curam
1684 4652 1787 4706 ha-
1888 4654 2731 4732 impositionemepiscoporum
2749 4654 3128 4725 perceperint,
3157 4671 3287 4712 cum
3318 4660 3527 4731 episco-

170 4748 358 4820 buerit,
386 4754 512 4825 ipse
545 4751 757 4821 docuit,
804 4750 922 4822 ipse
950 4750 1187 4817 curavit,
1233 4748 1350 4820 ipse
1398 4746 1632 4815 sanavit,
1672 4747 1793 4817 ipse
1892 4769 2093 4828 porum
2118 4766 2329 4807 nomen
2357 4748 2636 4820 pluralem
2652 4746 2711 4801 in
2728 4764 2787 4801 se
2813 4749 3098 4804 contineat
3123 4766 3451 4825 numerum,
3470 4759 3529 4811 et

176 4846 399 4917 propriis
428 4846 691 4901 humeris
721 4844 1047 4917 reportavit,
1067 4846 1241 4915 atque
1260 4842 1550 4898 intentum
1575 4837 1790 4906 dilexit,
1895 4846 2050 4920 apud
2082 4842 2482 4917 grammaticos
2525 4840 2756 4912 pluralis
2797 4841 2871 4895 sit
2915 4841 3215 4913 genitivus,
3264 4852 3326 4902 ut
3363 4848 3530 4904 detur

175 4943 230 4991 ut
274 4942 446 4995 etiam
490 4939 752 4994 animam
802 4956 962 4993 suam
990 4939 1194 4993 multas
1222 4936 1508 4991 sustinens
1535 4932 1793 5004 injurias,
1896 4941 2055 4998 enim
2088 4938 2231 4994 mihi
2259 4936 2412 5009 quod
2455 4938 2592 4990 tunc
2619 4950 2735 4990 non
2782 4934 2851 4990 ab
2892 4951 3028 5007 uno,
3056 4935 3159 4992 sed
3200 4956 3234 4993 a
3277 4940 3532 5012 pluribus

177 5033 338 5087 multa
362 5032 698 5105 opprobria,
726 5032 1046 5103 multasque
1078 5029 1365 5103 passiones
1380 5044 1484 5100 pro
1509 5027 1673 5083 nobis
1692 5032 1800 5082 tra-
1898 5033 2326 5098 ordinabantur,
2353 5030 2490 5102 quia
2520 5029 2846 5084 nullatenus
2876 5030 3087 5086 diceret
3110 5032 3529 5108 episcoporum,

178 5122 340 5181 deret.
386 5126 556 5191 Quod
599 5142 707 5181 1105
752 5126 942 5180 miseri
987 5130 1044 5180 et
1086 5124 1306 5179 deeides
1336 5121 1542 5178 dicturi
1582 5137 1797 5188 30111113,
1900 5130 1947 5184 si
1974 5128 2044 5183 ab
2076 5143 2189 5181 uno
2212 5124 2374 5179 ﬁeret
2410 5123 2612 5178 talium
2645 5123 2951 5193 ordinatio,
2985 5141 3112 5180 cum
3140 5128 3533 5201 episcoporum

179 5218 265 5289 qui
292 5221 465 5276 etiam
486 5236 592 5293 pro
618 5220 814 5275 ovibus
842 5218 1004 5273 nobis
1028 5218 1343 5274 commissis
1362 5232 1560 5273 curam
1587 5216 1803 5286 impeu-
1902 5221 2202 5296 pluraliter
2226 5219 2443 5274 dictum
2480 5217 2572 5272 sit.
2603 5217 2744 5271 Cum
2779 5223 2970 5273 autem
3011 5219 3150 5275 dixit
3183 5222 3535 5293 chorepisco-

181 5311 303 5368 dere
331 5295 709 5386 negligimus,
742 5318 799 5369 et
827 5313 951 5368 aliis
979 5329 1077 5367 eas
1097 5312 1462 5367 deducendas
1483 5309 1805 5366 tradimus?
1903 5295 2065 5390 pum,
2097 5313 2354 5387 profecto
2378 5311 2654 5367 villanum
2693 5310 2867 5366 voluit
2905 5311 3143 5385 intelligi
3168 5315 3493 5385 episcopum
3516 5336 3532 5385 ;

182 5406 547 5480 Corrigantur
568 5409 712 5477 haec,
739 5407 964 5477 fratres,
995 5423 1227 5462 necesse
1254 5410 1357 5475 est,
1396 5405 1531 5477 quia
1554 5403 1652 5475 qui
1680 5402 1807 5474 plus
1907 5415 1966 5467 et
1994 5412 2040 5465 si
2076 5409 2337 5476 villanus,
2370 5405 2505 5478 quid
2535 5405 2656 5477 agit
2685 5404 2744 5460 in
2786 5405 3029 5472 civitate,
3075 5423 3202 5461 cum
3244 5407 3302 5462 in
3334 5426 3445 5465 una
3468 5410 3545 5467 oi.

182 5499 391 5556 laborat
415 5501 701 5573 majorem
726 5501 1051 5556 mercedem
1077 5499 1331 5571 accipiet.
1365 5500 1510 5553 Nam
1537 5514 1654 5553 non
1682 5512 1806 5550 am-
1907 5506 2077 5560 vitate
2120 5504 2232 5559 duo
2274 5501 2509 5556 omnino
2542 5499 2954 5571 prohibeantur
2994 5514 3111 5553 esse
3142 5501 3385 5573 episcopi
3405 5505 3433 5559 ?
3475 5508 3541 5562 Et

186 5594 323 5664 plius
358 5613 538 5668 quam
584 5596 728 5651 duos
773 5595 1002 5652 ordines
1048 5594 1196 5650 inter
1239 5592 1541 5664 discipulos
1581 5589 1811 5646 Domini
1911 5595 2036 5648 siin
2062 5592 2191 5647 villa
2220 5594 2277 5645 et
2302 5591 2358 5645 in
2388 5607 2454 5644 eo
2483 5589 2608 5643 loco
2641 5588 2737 5643 ubi
2764 5592 2928 5641 antea
2969 5588 3217 5660 episcOpi
3261 5607 3378 5646 non
3423 5594 3541 5651 fue-

189 5703 299 5743 esse
324 5689 717 5761 cognovimus,
764 5690 821 5745 id
859 5692 941 5744 est
969 5687 1268 5745 duodecim
1312 5687 1723 5759 apostolorum,
1756 5686 1816 5738 et
1915 5688 2065 5751 runt,
2100 5697 2230 5736 cum
2274 5684 2334 5734 et
2376 5680 2434 5733 in
2488 5678 2708 5732 modica
2748 5675 2995 5743 civitate,
3024 5678 3112 5731 vel
3159 5677 3217 5732 in
3258 5680 3411 5753 villa,
3445 5693 3544 5742 aut

193 5784 553 5855 septuaginta
576 5783 996 5856 discipulorum.
1030 5782 1191 5838 Unde
1228 5780 1332 5835 iste
1360 5781 1558 5835 tertius
1582 5793 1813 5851 proces-
1915 5771 2144 5827 castello
2184 5769 2480 5841 episcopus
2528 5766 2651 5821 ﬁeri
2676 5763 3068 5837 prohibeatur,
3102 5770 3160 5821 et
3194 5768 3252 5824 in
3282 5774 3545 5830 omnibus

195 5875 317 5930 serit
360 5877 618 5933 funditus
671 5878 1021 5950 ignoramus,
1076 5879 1134 5932 et
1187 5874 1338 5948 quod
1393 5873 1615 5930 ratione
1662 5874 1819 5929 caret
1916 5864 2150 5923 omnino
2187 5863 2346 5934 locis,
2394 5859 2490 5916 ubi
2527 5864 2690 5915 antea
2730 5857 2978 5933 episcopi
3025 5876 3141 5918 non
3186 5862 3441 5940 fuerunt,
3474 5886 3547 5934 ne
