3946 6180
444 265 535 320 671

1331 257 1614 314 ΑΡΡΕΝΙ).
1656 254 1745 314 AD
1784 255 1943 313 SEC.
1984 257 2072 314 lX.

2213 254 2456 316 ISIDORI
2497 255 2922 316 MERCATORIS
3667 269 3753 323 67')

442 374 670 427 vilescat
697 370 999 425 auctoritas
1027 370 1085 423 et
1105 382 1316 422 nomen
1349 367 1602 438 episcopi
1629 367 1844 422 fuerint
1869 366 2076 422 consti-
2097 392 2155 466 Α
2175 368 2304 436 sint,
2349 369 2443 423 sed
2494 369 2651 423 omni
2690 368 3060 424 ecclesiastico
3097 364 3350 426 funditus
3376 371 3647 442 priventur
3670 374 3754 428 ho-

441 467 568 534 tuti,
599 465 756 536 quid,
785 481 950 535 rogo,
983 463 1194 518 erunt?
1223 464 1358 517 Ecce
1382 478 1488 516 nec
1516 463 1670 516 locus
1695 477 1823 517 cum
1853 462 2076 517 ordina-

440 560 597 614 tione
625 558 950 624 concordat,
981 573 1084 612 nec
1115 555 1401 612 ordinatio
1441 572 1571 610 cum
1610 555 1754 612 loco.
1795 555 2076 620 Quoniam

443 654 490 707 si
520 653 913 724 episcoporum
959 668 1167 706 manus
1207 649 1634 721 impositionem
1677 653 2071 721 perceperunt,

445 750 500 802 et
528 751 592 802 ut
619 745 864 817 episcopi
903 751 1036 800 sunt
1067 743 1398 810 consecrati,
1443 743 1541 797 ubi
1584 748 1718 798 sunt
1764 741 2076 798 consecrati

443 842 511 896 ad
561 840 769 909 villam,
813 839 943 912 quia
986 839 1156 894 chore
1201 839 1330 892 villa
1379 843 1460 891 est
1502 837 1654 908 apud
1707 837 1962 903 Graecos,
2020 841 2078 890 et

444 936 688 1008 qualiter
717 934 792 988 ad
815 934 1028 1000 villam,
1061 933 1105 987 si
1133 949 1239 987 nec
1269 932 1326 986 in
1359 931 1605 1000 castello,
1638 934 1738 986 aut
1764 931 1824 986 in
1854 930 2077 985 modica

446 1029 671 1084 civitate
701 1027 830 1083 licet
854 1027 997 1094 ﬁeri,
1026 1043 1166 1098 rogo
1197 1030 1261 1081 ut
1289 1025 1582 1096 promatis,
1622 1029 1678 1080 et
1721 1024 1768 1079 si
1809 1040 2076 1096 promere

446 1140 562 1178 non
605 1121 861 1194 potestis,
909 1120 1044 1192 quia
1072 1120 1185 1174 scio
1228 1136 1332 1191 per
1360 1119 1660 1188 rationem,
1707 1122 1804 1172 aut
1848 1119 2076 1188 plenam

445 1217 838 1272 auctoritatem
866 1213 1101 1269 minime
1131 1215 1383 1286 potestis,
1407 1213 1652 1284 digitum
1671 1213 1755 1267 ori
1783 1211 2074 1283 imponite,

449 1317 504 1366 et
531 1327 626 1366 eos
657 1309 813 1364 omni
841 1308 1178 1364 auctoritate
1204 1325 1398 1362 carere
1424 1323 1539 1362 non
1566 1306 1837 1374 dubitate,
1868 1306 2080 1361 scilicet

449 1406 583 1477 quia
610 1404 721 1458 tria
749 1403 977 1458 obstant
1019 1402 1222 1474 quibus
1268 1418 1468 1457 eorum
1513 1403 1763 1456 cassatur
1808 1399 1952 1455 actio
1991 1399 2077 1453 vel

450 1498 752 1553 institutio.
800 1497 1007 1564 Unum,
1054 1495 1206 1568 quod
1253 1495 1322 1550 ab
1370 1511 1484 1550 uno
1529 1494 1791 1566 episcopo
1832 1491 2079 1548 ordinari

449 1593 649 1659 solent,
677 1591 736 1646 in
764 1607 875 1662 quo
901 1607 1101 1645 eorum
1134 1589 1417 1644 ordinatio
1459 1606 1493 1642 a
1531 1589 1840 1643 canonibus
1876 1587 2080 1642 discor-

450 1688 567 1754 dat,
597 1685 694 1756 qui
715 1701 816 1757 per
841 1701 1045 1739 manus
1063 1683 1458 1755 episcoporum
1486 1699 1580 1737 eos
1612 1682 1829 1738 institui
1849 1681 2076 1752 jubent.

2177 479 2338 517 nore.
2390 463 2550 527 Quod
2600 479 2734 517 vero
2791 462 2871 518 eis
2909 463 3229 519 nonliceat
3265 464 3563 520 sacerdotes
3596 482 3760 522 conse-

2176 573 2356 623 crare,
2388 572 2491 611 nec
2535 557 2818 624 diaconos,
2854 561 2954 612 aut
2978 557 3370 628 subdiaconos,
3401 575 3499 614 nec
3525 560 3758 631 virgines,

2179 667 2279 704 nec
2334 651 2508 705 altare
2546 651 2787 722 erigere,
2838 668 2943 705 nec
2991 668 3226 723 ungere,
3270 656 3369 707 aut
3414 669 3632 720 sacrare,
3676 671 3763 710 nec

2179 743 2438 798 ecclesias
2463 744 2751 812 dedicare,
2779 761 2884 800 nec
2914 744 3160 800 chrisma
3201 745 3492 813 conﬁcere,
3519 764 3615 801 nec
3638 747 3760 802 chri-

2177 840 2357 892 smate
2403 837 2818 908 baptizatorum
2865 839 3083 894 frontes
3131 839 3380 911 signare,
3426 856 3524 895 nec
3573 841 3762 912 publice

2178 932 2409 1003 quidem
2461 931 2518 986 in
2561 932 2730 987 missa
2757 950 3105 1005 quemquam
3143 934 3508 1005 poenitentem
3548 936 3762 989 reconci-

2177 1025 2338 1092 liare,
2370 1042 2473 1080 nec
2506 1027 2779 1082 formatas
2806 1027 3068 1100 epistolas
3114 1028 3362 1094 mittere,
3403 1043 3502 1083 nec
3529 1029 3764 1100 populum

2179 1119 2536 1189 benedicere,
2587 1137 2689 1174 nec
2733 1127 2863 1176 ante
2908 1123 3239 1194 episcopum
3271 1121 3329 1176 in
3356 1121 3664 1192 baptisterio
3691 1129 3767 1176 aut

2180 1213 2238 1267 in
2268 1214 2512 1268 sacrario
2551 1214 2804 1282 introire,
2847 1232 2948 1270 nec
2988 1219 3266 1287 praesente
3314 1215 3569 1287 episcopo
3613 1215 3763 1271 infan-

2179 1311 2297 1361 tem
2335 1307 2559 1379 tingere
2616 1313 2713 1363 aut
2773 1309 3038 1380 signare,
3095 1326 3198 1364 nec
3257 1309 3616 1381 pcenitentem
3669 1310 3764 1362 sine

2179 1402 2556 1473 praeceptione
2585 1402 2832 1473 episcopi
2877 1403 2965 1457 sui
2996 1403 3388 1471 reconciliare,
3429 1419 3528 1458 nec
3554 1419 3614 1457 eo
3645 1420 3765 1474 prie-

2181 1502 2358 1564 sente,
2392 1496 2499 1550 nisi
2527 1496 2626 1550 illo
2658 1496 2920 1566 jubente,
2951 1513 3174 1552 sacrum
3218 1497 3467 1568 corporis
3497 1501 3549 1551 et
3577 1497 3764 1567 sangui-

2178 1589 2266 1643 nis
2302 1588 2507 1670 Christi
2537 1590 2841 1660 conﬁcere,
2877 1606 2978 1645 nec
3008 1607 3074 1646 eo
3102 1608 3301 1646 coram
3329 1589 3507 1661 posito
3533 1590 3764 1662 populum

2180 1684 2404 1750 docere,
2447 1687 2547 1738 aut
2594 1684 2852 1753 salutare,
2901 1701 3003 1740 nec
3045 1684 3276 1756 plebem
3320 1685 3615 1739 exhortari.
3659 1683 3765 1748 Quae

451 1780 635 1847 Aliud,
679 1778 725 1832 si
773 1797 805 1832 a
847 1778 1105 1849 pluribus
1136 1776 1414 1848 episcopis
1447 1780 1580 1831 sunt
1609 1775 1874 1844 ordinati,
1908 1778 1965 1829 et
1986 1768 2159 1842 autB
2185 1776 2380 1832 omnia
2414 1778 2549 1832 solis
2575 1777 2937 1848 pontiﬁcibus
2968 1778 3159 1834 deberi
3187 1783 3309 1834 tam
3343 1795 3407 1832 ex
3435 1777 3768 1849 superioribus

451 1872 511 1928 in
538 1874 689 1942 villa,
741 1876 839 1926 aut
883 1873 1130 1940 castello,
1179 1888 1281 1924 seu
1322 1871 1380 1925 in
1426 1870 1644 1925 modica
1691 1868 1933 1936 civitate,
1983 1871 2083 1922 aut

451 1968 683 2023 omnino
716 1983 830 2020 non
860 1966 918 2020 in
945 1982 1012 2020 eo
1043 1966 1165 2020 loco
1209 1965 1447 2035 praeﬁxi,
1487 1981 1601 2036 quo
1639 1964 1791 2034 juste
1835 1960 2079 2034 episcopi

450 2062 573 2117 fieri
601 2061 828 2127 debent,
862 2063 961 2114 aut
987 2059 1207 2113 dudum
1248 2076 1362 2113 non
1405 2058 1638 2113 fuerunt
1673 2057 1766 2111 ubi
1797 2073 1911 2112 non
1941 2055 2079 2110 vile-

452 2161 571 2211 scat
597 2154 918 2221 auctoritas,
949 2159 1004 2207 et
1031 2169 1247 2208 nomen
1274 2151 1542 2223 episcopi,
1572 2156 1670 2206 aut
1697 2151 1741 2204 si
1773 2150 1829 2204 in
1856 2149 2081 2204 civitate

453 2266 582 2303 cum
615 2249 793 2301 altero
825 2247 1107 2317 episcopo,
1141 2263 1290 2313 cum,
1324 2248 1391 2300 ut
1414 2244 1748 2316 praedictum
1767 2247 1870 2311 est,
1893 2242 1952 2297 in
1974 2259 2083 2296 una

455 2342 676 2397 civitate
723 2341 835 2394 duo
882 2357 995 2394 non
1031 2339 1276 2394 debeant
1318 2337 1624 2393 consistere
1661 2336 1929 2409 episcopi.
1959 2337 2085 2390 Ter-

453 2434 596 2490 tium
626 2435 670 2488 si
700 2434 953 2488 absolute
992 2431 1208 2486 fuerint
1256 2431 1520 2499 instituti,
1547 2431 1690 2485 sicut
1731 2430 1799 2485 de
1848 2429 2082 2502 quibus-

455 2529 584 2584 dam
610 2527 946 2593 audivimus,
979 2543 1106 2598 qute
1155 2526 1349 2581 omnia
1392 2524 1692 2597 episcopali
1729 2524 1962 2579 omnino
1990 2540 2083 2579 ca-

453 2626 583 2678 rent
609 2621 960 2677 auctoritate.
988 2622 1058 2674 Et
1095 2620 1240 2674 illud
1268 2620 1450 2674 adhuc
1489 2623 1681 2687 restat,
1713 2618 1866 2690 quod
1887 2633 2085 2672 eorum

454 2718 593 2773 ordo
622 2733 736 2770 non
767 2715 1011 2770 habetin
1037 2713 1244 2768 divinis
1268 2713 1468 2770 litteris
1493 2713 1911 2778 auctoritatem,
1929 2711 2081 2782 quia,

457 2817 520 2867 ut
545 2812 838 2883 praeﬁxum
869 2814 972 2878 est,
1004 2809 1230 2864 ordines
1267 2811 1403 2863 sunt
1435 2809 1547 2862 duo
1573 2810 1794 2860 tantum
1819 2805 1995 2877 primi
2025 2804 2087 2859 in

456 2907 717 2973 Ecclesia,
746 2904 804 2958 id
834 2910 918 2958 est
948 2903 1359 2974 apostolorum,
1405 2907 1460 2956 et
1505 2899 1870 2971 septuaginta
1916 2897 2084 2953 disci-

455 3001 745 3072 pulorum.
776 2999 920 3054 Sane
967 2996 1012 3050 si
1054 3013 1159 3052 nec
1184 2995 1436 3068 episcopi
1461 2997 1616 3064 sunt,
1645 2993 1776 3066 quia
1806 3010 1908 3064 pro
1935 3009 2086 3063 prse-

456 3093 590 3150 fatis
616 3110 781 3148 causa
810 3090 1058 3163 episcopi
1101 3107 1221 3145 esse
1257 3106 1375 3144 non
1417 3092 1672 3160 possunt,
1720 3103 1823 3142 nec
1865 3086 2091 3159 presby-

456 3194 607 3244 teros
649 3205 705 3241 se
744 3185 1031 3240 nominari
1076 3185 1294 3250 volunt,
1342 3182 1476 3254 quia
1518 3181 1761 3253 amplius
1802 3196 1921 3236 esse
1965 3196 2088 3234 am-

457 3281 643 3347 biunt,
689 3285 856 3352 atque
905 3280 1213 3350 plusquam
1263 3276 1627 3348 septuaginta
1682 3274 2092 3347 discipulorum

458 3375 745 3446 fecissent,
798 3374 871 3428 ad
918 3389 1162 3444 quorum
1210 3371 1480 3441 formam,
1515 3374 1576 3425 ut
1617 3370 1787 3442 paulo
1832 3367 2092 3441 superius

459 3468 898 3544 praelibavimus,
918 3467 978 3522 hi
1004 3471 1309 3537 antequam
1338 3465 1779 3536 prohiberentur
1804 3481 1837 3518 a
1867 3463 2094 3534 quibus-

460 3567 594 3621 dam
623 3563 828 3633 stultis,
860 3567 915 3617 et
942 3582 969 3612 ι(
997 3577 1098 3615 sua
1126 3559 1534 3632 quaerentibus,
1564 3575 1684 3614 non
1714 3574 1840 3629 qua:
1885 3556 2094 3612 Christi

456 3663 588 3716 Jcsu
621 3658 779 3729 (Phil.
813 3673 870 3726 ιι,
898 3657 986 3727 2t)
1024 3677 1050 3703 ››
1083 3653 1546 3719 instituebantur,
1586 3667 1933 3724 praesumere
1975 3656 2094 3706 ten-

458 3757 601 3822 tant,
635 3757 692 3807 et
733 3750 929 3806 illicita
977 3754 1146 3820 atque
1184 3747 1467 3820 prohibita
1497 3762 1667 3818 agere
1716 3750 2090 3818 praesumunt,

462 3864 564 3904 nec
596 3845 699 3902 hoc
731 3844 840 3900 dici
871 3861 929 3899 se
959 3844 1158 3898 volunt
1184 3841 1337 3915 quod
1365 3845 1516 3912 sunt,
1545 3857 1682 3911 rogo
1708 3843 1772 3895 ut
1796 3839 2092 3894 manifeste

458 3941 714 4017 prodatis
745 3939 882 4012 quid
914 3938 1044 4004 sint,
1077 3937 1346 4010 quoniam
1394 3939 1494 3990 aut
1535 3933 1751 4006 aliquid
1797 3937 1948 4000 sunt,
1998 3935 2096 3986 aut

463 4037 626 4093 nihil.
667 4037 807 4090 Nam
841 4031 1138 4088 manifeste
1172 4035 1347 4102 patet,
1377 4029 1643 4102 quoniam
1686 4026 1932 4098 episcopi
1977 4042 2092 4080 non

464 4136 612 4198 sunt,
664 4133 720 4183 et
767 4129 811 4183 si
857 4125 1103 4198 episcopi
1147 4141 1262 4178 non
1307 4129 1456 4191 sunt,
1510 4127 1566 4178 et
1609 4119 1923 4194 presbyteri
1975 4134 2095 4174 esse

462 4223 799 4296 despiciunt,
826 4219 965 4292 quid
998 4219 1210 4273 erunt?
1250 4221 1361 4272 Aut
1399 4215 1617 4287 aliquid
1654 4229 1882 4285 prorsus
1905 4216 2092 4280 erunt,

465 4321 565 4373 aut
592 4315 756 4385 nihil,
779 4314 913 4386 quia
937 4312 1078 4367 nihil
1096 4314 1282 4383 potest
1309 4326 1432 4364 esse
1458 4307 1566 4363 nisi
1595 4308 1798 4363 habeat
1817 4306 1972 4362 unde
2000 4307 2090 4376 sit,

465 4417 522 4467 et
545 4411 590 4466 si
619 4426 738 4464 non
763 4407 969 4462 habeat
996 4404 1146 4460 unde
1172 4404 1260 4470 sit,
1290 4405 1389 4458 aut
1412 4401 1564 4457 unde
1595 4400 1876 4474 originem
1905 4401 2092 4471 ducat,

2183 1887 2354 1942 quam
2368 1887 2437 1924 ex
2461 1871 2584 1925 aliis
2601 1873 2836 1926 Patrum
2852 1873 3192 1941 constitutis,
3215 1876 3316 1927 aut
3328 1872 3494 1926 sacris
3505 1871 3767 1926 canonibus

2183 1964 2372 2019 edocti
2399 1965 2552 2035 estis,
2583 1970 2639 2020 et
2666 1966 2712 2020 si
2735 1981 2965 2021 necesse
2987 1969 3092 2033 est,
3116 1966 3458 2038 quibusdam
3483 1981 3672 2020 munus
3699 1962 3764 2036 [ᾖ.

2184 2058 2396 2129 minus]
2408 2058 2715 2113 scientibus
2729 2059 2918 2114 doceri
2931 2059 3263 2131 pleniter,et
3275 2059 3477 2114 instrui
3489 2064 3710 2130 possunt,
3720 2062 3769 2111 ut

2182 2168 2286 2223 per
2311 2152 2419 2206 hoc
2445 2155 2501 2206 et
2519 2152 2781 2207 discretio
2811 2152 3117 2224 graduum,
3134 2156 3192 2207 et
3208 2153 3500 2224 dignitatis
3525 2150 3766 2222 fastigium
3793 2205 3795 2207 ,

2184 2262 2538 2300 summorum
2588 2247 2919 2317 pontificum
2970 2247 3412 2303 demonstretur.
3462 2245 3701 2303 Similiter
3728 2248 3770 2299 et

2187 2339 2256 2394 de
2307 2340 2654 2412 presbyteris
2701 2341 2823 2395 haéc
2864 2341 3202 2410 habeantur,
3235 2346 3302 2396 nt
3344 2341 3460 2397 sine
3489 2341 3637 2412 jussu
3661 2355 3767 2411 pro-

2187 2433 2299 2505 prii
2328 2433 2579 2504 episcopi
2619 2434 2698 2488 nil
2746 2438 2938 2505 agant,
2967 2435 3103 2506 quia
3141 2435 3300 2506 quod
3353 2451 3539 2490 rarum
3581 2440 3653 2489 est
3689 2433 3768 2487 hoc

2187 2532 2244 2582 et
2272 2527 2563 2598 pulchrius
2591 2544 2710 2582 esse
2737 2527 2975 2583 videtur.
3010 2529 3077 2582 Et
3111 2529 3157 2583 si
3183 2545 3397 2584 nomen
3439 2528 3635 2584 vilescit
3659 2543 3766 2599 pon-

2185 2619 2421 2690 tificum,
2452 2621 2638 2676 omnis
2691 2624 2870 2676 status
2893 2622 3268 2693 perturbatur
3292 2623 3565 2678 Ecclesiae.
3589 2620 3768 2691 Triplex

2184 2713 2378 2786 itaque
2425 2713 2486 2768 in
2533 2714 2638 2768 hac
2672 2717 2836 2786 parte
2865 2719 3058 2770 reatus
3084 2721 3208 2771 est:
3246 2716 3398 2788 quod
3442 2721 3497 2771 et
3533 2712 3768 2787 prohibita

2188 2811 2396 2878 agunt;
2427 2811 2485 2861 et
2510 2807 2663 2879 quod
2707 2825 2932 2863 sacrum
2973 2809 3364 2865 ministerium
3403 2810 3522 2864 talis
3550 2805 3769 2863 consortii

2187 2901 2404 2956 vilitate
2433 2901 2710 2972 polluitur
2737 2920 2750 2956 :
2781 2907 2837 2957 et
2862 2903 3261 2975 episcoporum
3293 2906 3561 2976 quantum
3601 2901 3660 2956 ad
3693 2900 3769 2954 illi-

2187 2994 2311 3050 citae
2368 2995 2746 3067 usurpationis
2799 2996 3178 3052 temeritatem
3239 2997 3483 3069 pertinet
3525 2997 3641 3067 jura
3684 2993 3765 3046 sol-

2188 3092 2419 3144 vuntur.

2259 3182 2420 3247 Quod
2443 3187 2636 3238 autem
2671 3183 2806 3238 solis
2832 3183 3103 3255 apostolis
3142 3201 3458 3258 eorumque
3487 3179 3764 3239 successori-

2189 3277 2294 3332 bus
2319 3275 2536 3348 proprii
2556 3276 2626 3330 sit
2641 3277 2811 3332 ofﬁcii
2831 3277 3053 3332 tradere
3081 3278 3367 3349 Spiritum
3393 3275 3768 3345 sanctum,liher

2191 3373 2431 3425 Actuum
2450 3370 2840 3441 apostolorum
2861 3371 3043 3439 docet,
3058 3373 3382 3443 praesertim
3403 3389 3527 3428 cum
3547 3371 3706 3426 nullus
3721 3383 3766 3421 ex

2191 3463 2549 3535 septuaginta
2576 3463 2883 3535 discipulis,
2920 3481 3169 3536 quorum
3198 3466 3296 3521 isti
3331 3466 3388 3521 in
3421 3465 3644 3521 Ecclesia
3669 3478 3766 3534 spe-

2191 3557 2335 3612 ciem
2364 3561 2589 3628 gerunt,
2619 3559 2841 3630 legatur
2865 3558 3082 3613 donum
3111 3560 3294 3614 sancti
3321 3561 3552 3633 Spiritus
3577 3573 3664 3629 per
3686 3571 3768 3609 ma-

2191 3668 2299 3708 nus
2335 3650 2759 3724 impositionem
2793 3652 2873 3722 (ut
2899 3652 3235 3724 prazdictum
3279 3657 3381 3726 est)
3409 3653 3645 3709 tradisse.
3673 3650 3766 3703 Haec

2193 3763 2353 3818 ergo,
2398 3746 2531 3817 quia
2583 3745 2740 3800 omni
2784 3750 2980 3800 carent
3017 3747 3275 3818 ratione,
3326 3748 3509 3802 nullus
3554 3745 3766 3811 deinceps

2190 3845 2448 3912 usurpet,
2479 3843 2578 3894 aut
2614 3841 2929 3894 consentiat
2966 3841 3324 3896 sacerdotum
3363 3843 3457 3914 qui
3500 3837 3710 3896 noluerit
3743 3851 3766 3887 a

2197 3933 2244 4006 1
2262 3933 2386 4006 65
2412 3936 2606 3988 nostro
2635 3934 2967 3989 sacerdotali
2985 3934 3221 4006 collegio
3246 3934 3513 4008 separari.
3541 3935 3635 3989 Nec
3653 3925 3766 4001 quod

2192 4045 2225 4082 a
2252 4027 2416 4082 nobis
2441 4027 2842 4100 exstinguitur,
2893 4032 2950 4081 ct
2991 4045 3022 4084 a
3071 4028 3572 4101 praedecessoribus
3607 4021 3764 4081 nostris

2196 4138 2260 4177 ac
2285 4121 2537 4193 reliquis,
2561 4124 2624 4175 ut
2649 4122 2862 4177 dictum
2887 4125 2991 4192 est,
3025 4123 3192 4178 totius
3219 4124 3373 4179 orbis
3412 4120 3660 4195 episcOpis
3672 4118 3764 4188 jam

2195 4215 2532 4270 exstinctum
2569 4220 2671 4284 est,
2703 4216 2854 4287 apud
2893 4215 3108 4288 aliquos
3147 4218 3470 4274 tenebrosis
3511 4213 3766 4270 seminetur

2193 4309 2507 4376 radicibus;
2540 4309 2658 4376 sed,
2689 4325 2814 4381 qua:
2844 4309 2990 4365 male
3035 4311 3346 4382 pullulasse
3379 4315 3678 4374 noscuntur,
3699 4319 3762 4358 ra-

2195 4403 2393 4458 dicitus
2420 4402 2754 4471 avellantur,
2789 4421 2858 4459 ne
2890 4421 3138 4460 messem
3161 4406 3508 4461 Dominicam
3556 4402 3653 4458 ulla
3676 4411 3765 4452 cor-

464 4522 568 4562 nec
595 4501 991 4560 auctoritatem
1023 4499 1211 4567 habet,
1240 4514 1344 4553 nec
1369 4500 1520 4552 stare
1563 4496 1668 4551 rite
1705 4495 1934 4568 poterit,
1965 4494 2173 4589 quiaD
2195 4507 2467 4573 rumpant
2493 4502 2726 4557 zizania.
2764 4505 2846 4559 Ita
2871 4503 3024 4560 enim
3056 4506 3305 4560 fructum
3337 4505 3561 4560 uberem
3591 4491 3765 4554 Domini

466 4597 635 4655 inane
685 4600 791 4667 est,
839 4601 896 4651 et
941 4598 1005 4651 ut
1044 4595 1385 4661 destruatur,
1432 4593 1489 4646 et
1530 4591 1690 4645 cadat
1732 4607 1956 4645 necesse
1991 4594 2092 4656 est,

468 4691 742 4766 quoniam
785 4687 928 4745 nihil
979 4689 1082 4756 est,
1134 4691 1190 4741 et
1234 4687 1294 4741 in
1342 4684 1585 4740 nihilum
1629 4684 2005 4756 reputabitur.
2036 4683 2096 4740 Si

466 4804 598 4843 vero
627 4779 768 4840 nihil
798 4801 862 4839 ex
894 4783 982 4838 his
1013 4785 1161 4846 sunt,
1197 4797 1322 4851 quae
1349 4779 1608 4851 superius
1636 4777 2094 4846 memoravimus,

469 4885 602 4937 tunc
628 4895 854 4935 necesse
887 4879 972 4932 est
1019 4881 1080 4931 ut
1120 4875 1260 4929 nihil
1293 4874 1404 4929 sint
1447 4891 1516 4928 ex
1548 4872 1635 4928 his
1675 4889 1802 4946 quae
1832 4873 2094 4928 sacerdo-

469 4977 618 5031 tibus
645 4973 944 5039 debentur,
999 4976 1056 5025 et
1087 4969 1215 5024 ideo
1259 4985 1361 5024 nec
1388 4968 1446 5022 in
1479 4968 1811 5023 sacerdotali
1845 4967 2096 5039 catalogo

468 5069 808 5135 habeantur,
824 5066 930 5120 nisi
951 5067 1191 5132 tantum,
1213 5069 1274 5118 ut.
1292 5062 1479 5135 primo
1501 5061 2095 5130 commemoravimus,

469 5171 532 5220 ut
568 5179 672 5236 pro
721 5156 1108 5217 misericordia
1158 5157 1264 5212 illis
1313 5157 1410 5229 qui
1454 5156 1750 5212 humiliter
1793 5156 1900 5210 hoc
1950 5157 2097 5212 ferre

467 5258 767 5326 voluerint,
821 5270 922 5310 nec
967 5251 1209 5324 amplius
1245 5250 1570 5318 ambierint,
1603 5256 1659 5306 et
1689 5266 1790 5322 per
1826 5249 2098 5321 scriptum

467 5351 702 5429 propria
727 5365 900 5404 manu
939 5347 1132 5402 subter
1159 5345 1590 5401 corroboratum
1621 5344 1867 5416 idipsum
1898 5343 2098 5398 confir-

469 5447 770 5513 maverint,
805 5444 911 5498 hoc
938 5439 1293 5498 solummodo
1341 5438 1702 5508 concedatur,
1731 5441 1796 5492 ut
1832 5437 1979 5492 inter
2016 5454 2099 5492 sa-

471 5541 732 5596 cerdotes
759 5538 946 5592 locum
977 5535 1242 5602 habeant,
1283 5537 1340 5587 et
1382 5529 1702 5586 ministerio
1739 5530 2095 5604 presbytero-

471 5651 598 5688 rum
633 5630 888 5688 contenti
937 5629 1072 5696 sint,
1116 5632 1287 5698 atque
1325 5641 1537 5680 mensae
1584 5625 1808 5680 Domini
1857 5629 2099 5681 tantum-

471 5726 642 5781 modo
672 5724 976 5796 participes
1004 5721 1268 5778 existant.
1317 5719 1577 5791 Amplius
1626 5722 1818 5774 autem
1855 5720 1955 5791 qui
1976 5737 2095 5776 am-

471 5817 593 5876 bire
641 5817 943 5885 voluerint,
987 5831 1093 5884 nec
1145 5815 1254 5869 hoc
1302 5814 1605 5882 retineant,
1661 5816 1722 5868 ut
1779 5815 2097 5871 sacerdotes

2195 4595 2513 4651 sacerdotes
2551 4596 2924 4668 praestabunt,
2971 4600 3016 4654 si
3062 4615 3130 4656 ea
3173 4616 3300 4672 quae
3347 4605 3529 4655 natam
3567 4597 3765 4664 segetem

2194 4706 2430 4746 enecare
2486 4695 2835 4747 consuerunt
2874 4693 3144 4748 radicitus
3190 4695 3570 4767 amputentur.
3623 4686 3766 4742 Cesset

2197 4800 2335 4856 ergo
2357 4787 2443 4839 tot
2454 4783 2742 4856 judicibus
2768 4785 3055 4858 prohibita
3075 4792 3132 4842 et
3150 4787 3413 4842 damnata
3432 4775 3762 4858 praesumptio,

2196 4877 2607 4934 necimitentur
2624 4880 2831 4934 summi
2857 4880 3177 4936 sacerdotes
3194 4881 3461 4936 mulieres
3477 4872 3762 4932 meretrices,

2197 4989 2324 5045 quae
2351 4973 2596 5029 infantes
2621 4990 2753 5028 suos
2781 4975 3015 5046 praefata
3032 4975 3319 5046 voluptate
3339 4974 3460 5029 aliis
3477 4971 3542 5027 ad
3566 4965 3764 5024 nutrien-

2196 5065 2333 5120 dum
2361 5067 2638 5134 tribuunt,
2689 5067 2787 5122 sed
2830 5069 2950 5140 ipse
2993 5068 3232 5123 Domino
3271 5085 3371 5124 suo
3410 5064 3659 5127 nutriant,
3684 5051 3763 5127 ipsi

2198 5161 2443 5215 fructum
2493 5178 2621 5216 cum
2669 5175 2842 5216 usura
2884 5162 3144 5231 reddant,
3180 5163 3587 5232 fructuososque
3617 5148 3760 5209 mani-

2194 5255 2359 5326 pulos
2391 5259 2446 5310 et
2470 5272 2598 5310 cum
2625 5255 2807 5327 gloria
2831 5259 3263 5328 reprwsentent.
3295 5257 3433 5312 Nam
3469 5254 3510 5308 si
3537 5245 3762 5307 Dominus

2196 5347 2446 5418 leprosos
2482 5348 2636 5404 inter
2659 5352 2892 5405 caeteras
2921 5350 3112 5407 ovium
3157 5366 3387 5406 suarum
3432 5363 3579 5404 curas
3613 5334 3762 5408 tetigit

2199 5445 2256 5496 et
2291 5441 2604 5511 mundavit,
2655 5459 2755 5498 cur
2795 5458 2902 5499 nos
2940 5444 3141 5500 eadem
3187 5458 3355 5517 agere
3399 5425 3760 5510 dedignamur?

2196 5539 2295 5590 aut
2319 5551 2420 5590 cur
2457 5552 2558 5591 nos
2605 5535 2711 5608 ipsi
2742 5537 2840 5609 qui
2876 5540 3155 5610 pastorale
3190 5538 3431 5594 ofﬁcium
3467 5525 3758 5600 suscepimus

2199 5629 2325 5684 aliis
2350 5629 2582 5684 alendas
2612 5631 2892 5686 tradimus
2912 5633 2940 5687 ?
2983 5634 3228 5688 maxime
3258 5647 3382 5688 cum
3412 5626 3654 5686 Dominus
3677 5617 3755 5672 l’e-

2199 5725 2285 5777 tro
2336 5725 2672 5796 praeceptori
2724 5731 2918 5781 nostro
2962 5727 3164 5784 dixerit
3214 5746 3227 5783 :
3281 5749 3306 5778 ι(
3354 5725 3410 5781 Si
3459 5717 3624 5791 diligis
3663 5721 3751 5773 me,

2197 5833 2364 5891 pasce
2390 5834 2518 5874 oves
2545 5835 2722 5889 meas,
2749 5840 2776 5870 ι)
2811 5825 2869 5875 et
2901 5821 3074 5876 multa
3094 5822 3224 5878 talia
3244 5829 3296 5877 et
3313 5819 3396 5875 his
3415 5812 3593 5874 similia
3617 5809 3751 5878 (10ml.
