3946 6180
111 332 186 385 573
1260 320 1726 383 DECRETALIUM
1763 324 2147 383 COLLECTIO.
3287 322 3392 393 671'.

108 456 196 505 ιιι,
222 436 306 500 t7).
336 433 462 488 Nam
488 421 804 488 benedictio
828 443 1000 506 qnam
1029 433 1284 505 prmdicti
1311 435 1656 508 corepiscopi
1680 450 1738 523 Α
1760 451 1855 491 eas
1886 434 2242 505 nominatim,
2277 438 2336 491 et
2368 438 2721 510 cognoscunt
2745 455 2838 494 me
2865 456 3032 509 meas,
3075 446 3132 497 et
3169 443 3391 516 reliqua

104 535 203 584 ante
225 542 365 581 suam
390 524 822 597 prohibitionem
852 544 956 598 per
991 544 1192 582 manus
1227 528 1655 600 impositionem
1762 532 1934 596 (Joun.
1965 548 2017 597 x,
2052 533 2154 600 tl).
2195 552 2216 581 ι
2249 531 2314 585 Et
2342 531 2568 600 iterum,
2600 540 2872 590 monente
2903 535 3208 592 Dominicee
3237 540 3387 594 vocis

104 622 283 687 dabant,
326 619 493 690 magis
529 619 691 673 nobis
732 620 955 675 videtur
991 622 1193 676 vulnus
1230 622 1439 678 inferre
1486 640 1658 695 quam
1757 623 2021 695 imperio,
2049 641 2163 695 quo
2188 624 2544 681 beatissimus
2572 628 2862 698 apostolus
2889 631 3088 685 Petrus
3117 630 3266 686 trina
3290 649 3386 687 re-

102 716 313 782 salutem,
356 716 407 767 et
442 712 517 767 illi
560 713 657 784 qui
700 714 1062 784 pontiﬁcatus
1099 716 1319 787 apicem
1345 717 1654 787 habebant,
1756 716 2030 789 petitione
2074 718 2325 789 mysticae
2380 720 2683 774 sanctionis
2733 722 3030 791 imbuitur,
3084 729 3144 780 ut
3181 725 3388 780 Christi

104 808 333 881 quomodo
383 823 441 861 ea
488 823 615 877 qua":
660 824 773 862 non
826 808 1113 864 habebant
1159 810 1293 864 dare
1354 814 1653 881 poterant,
1759 828 1910 879 oves,
1939 811 2039 883 qui
2070 811 2353 866 Christum
2385 817 2537 866 amat
2577 814 2898 886 diligenter,
2932 821 2987 871 et
3016 834 3142 871 cum
3172 835 3387 891 magna

102 902 315 975 quoniam
342 900 471 955 nihil
501 901 657 955 danti
683 906 808 956 erat
833 902 983 973 quod
1006 904 1127 974 ipse
1153 903 1327 975 possit
1355 905 1610 975 accipere
1631 907 1657 960 ?
1757 921 1891 959 cura
1921 908 2129 975 pascat,
2159 905 2433 975 quoniam
2466 906 2639 977 ipsius
2689 914 2894 963 sanctae
2939 910 3089 964 sedis
3135 912 3223 966 cui
3269 914 3390 984 (per

102 1000 173 1050 aut
196 996 302 1066 quis
333 994 643 1061 hominum,
687 994 817 1050 licet
846 1013 1003 1051 more
1041 997 1299 1052 humano
1332 998 1653 1069 loquamur,
1755 997 2160 1053 abundantiam
2211 998 2415 1054 divinae
2465 1001 2667 1071 gratim
2722 1006 3051 1071 praesumus)
3091 1021 3282 1061 amore
3334 1011 3391 1060 et

98 1089 200 1143 dale
220 1091 379 1160 potest
396 1089 543 1160 quod
572 1105 690 1143 non
720 1089 934 1144 habet?
967 1092 1285 1146 Praesertim
1318 1108 1447 1146 cum
1470 1094 1657 1162 ponti-
1758 1092 2071 1147 reverentia
2099 1098 2469 1162 coarctamur,
2504 1099 2566 1148 ut
2595 1098 2764 1149 tanta:
2793 1097 3228 1167 superstitionis,
3260 1117 3387 1171 qua:

95 1184 196 1237 ﬁces
219 1200 313 1235 non
340 1186 516 1248 erant,
560 1199 626 1236 ea
650 1200 775 1253 qua:
806 1184 941 1238 solis
971 1185 1331 1255 pontificibus
1354 1186 1651 1255 debentur,
1756 1185 1910 1239 nulla
1948 1186 2031 1255 (ut
2058 1202 2229 1257 supra
2256 1186 2473 1240 dictum
2501 1191 2602 1256 est)
2632 1188 2865 1243 fulcitur
2899 1191 3252 1259 auctoritate,
3288 1210 3383 1263 pe-

96 1278 199 1330 dare
219 1293 315 1331 non
341 1279 617 1347 poterant.
649 1278 715 1331 Et
739 1281 1043 1348 propterea
1060 1279 1247 1350 magis
1277 1280 1656 1336 vulnerabant
1757 1278 2022 1348 riculum,
2053 1283 2334 1351 quantum
2374 1298 2693 1351 possumus,
2734 1282 3107 1351 declinemus,
3140 1302 3210 1339 ne
3240 1286 3389 1341 beati

95 1370 233 1440 capita
247 1385 358 1441 quae
378 1386 475 1441 per
493 1386 698 1424 manus
724 1370 1141 1442 impositioncm
1164 1374 1501 1444 tangebant,
1522 1392 1654 1430 cum
1757 1372 2016 1444 magistri
2040 1374 2240 1443 nostri,
2279 1376 2336 1428 et
2363 1375 2571 1429 summi
2619 1376 2858 1446 apostoli
2886 1376 3128 1447 dilectio,
3173 1395 3285 1450 qua
3329 1396 3388 1434 se

95 1484 140 1521 ea
161 1484 261 1538 quae
282 1467 353 1521 eis
376 1468 575 1521 collata
594 1486 709 1522 non
731 1474 892 1523 erant
906 1486 1007 1539 per
1032 1470 1286 1541 aliquam
1306 1471 1654 1527 benedictio.
1755 1469 2067 1521 amatorem
2103 1468 2199 1521 Dei
2239 1485 2362 1522 esse
2407 1472 2639 1523 testatus
2670 1475 2773 1536 est,
2807 1486 2950 1525 vana
2979 1471 3300 1528 inveniatur
3327 1474 3389 1528 in

95 1578 194 1614 nem
217 1561 414 1616 darent.
449 1564 514 1616 Et
544 1563 671 1617 ideo
700 1562 975 1635 quidquid
1001 1581 1071 1619 ex
1096 1565 1432 1635 supradictis
1463 1566 1656 1621 minis-
1757 1560 1949 1629 nobiS,
2002 1561 2272 1632 quoniam
2310 1562 2498 1617 omnis
2534 1563 2895 1635 negligenter
2944 1582 3176 1636 pascens
3224 1569 3389 1622 toties

96 1655 209 1709 teriis
244 1655 638 1726 pontificalibus
679 1658 1108 1729 praesumebant
1156 1658 1381 1714 irritum
1414 1663 1555 1730 erat,
1599 1665 1657 1715 et
1757 1654 1860 1709 sibi
1886 1655 2351 1711 commendatum
2380 1657 2737 1712 Dominicum
2770 1675 3007 1729 gregem
3035 1660 3391 1717 convincitur

97 1749 201 1802 nihil
222 1749 361 1803 tactis
388 1750 771 1821 perficiebant,
806 1752 902 1806 sed
928 1752 1110 1824 magis
1132 1752 1293 1823 juxta
1316 1754 1656 1826 prophetam
1757 1765 2047 1804 Summum
2093 1766 2207 1804 non
2254 1767 2447 1805 amare
2492 1754 2799 1822 pastorem,
2856 1770 2962 1807 nec
3010 1754 3132 1824 ejus
3160 1771 3217 1809 se
3242 1756 3386 1811 velle

97 1866 115 1891 ‹‹
132 1841 545 1899 maledictionem
576 1862 680 1915 pro
704 1844 1127 1914 benedictione,
1154 1846 1199 1901 si
1214 1850 1400 1902 ratum
1415 1848 1659 1904 estdice-
1680 1839 1734 1913 B
1759 1842 2094 1914 discipulum
2117 1842 2438 1915 fieri,cujus
2460 1846 2714 1917 exempla
2741 1846 2982 1917 negligit
3001 1847 3231 1913 imitari,
3254 1866 3388 1905 nam

92 1955 152 2003 re,
168 1939 492 1994 conferebant
517 1939 643 2009 (Jer.
678 1956 818 2006 xLiv,
843 1943 913 2009 8).
941 1960 968 1991 »
1000 1940 1354 2012 Quapropter
1382 1959 1485 2013 per
1505 1943 1656 1998 illam
1758 1937 1936 2007 gratia
1981 1954 2213 2008 prorsus
2256 1939 2440 2009 major
2477 1939 2822 2010 acquiretur,
2878 1942 2922 1995 si
2964 1942 3033 1996 de
3071 1943 3390 1996 commissis

89 2030 286 2087 illicitam
322 2049 523 2088 manus
566 2032 1012 2104 impositionem,
1070 2040 1131 2089 ut
1177 2036 1346 2106 paulo
1397 2038 1657 2107 superius
1758 2031 1958 2085 ovibus
2001 2031 2224 2086 lucrum
2262 2032 2461 2087 offerat
2500 2032 2740 2088 Domino
2778 2034 3089 2090 sollicitudo
3127 2036 3383 2107 pastoris.

91 2127 461 2194 praelibavimus,
490 2128 855 2182 vulneratum
889 2132 1057 2199 caput
1085 2129 1165 2183 illi
1192 2129 1289 2200 qui
1318 2129 1657 2185 videbantur
1756 2125 1896 2178 Nam
1926 2130 1983 2179 et
2007 2126 2237 2205 beatum
2264 2126 2456 2193 Jacob,
2487 2127 2586 2197 qui
2616 2144 2718 2198 pro
2756 2128 3025 2183 uxoribus
3052 2129 3146 2183 diu
3178 2130 3386 2187 servie-

89 2217 254 2291 aliquid
282 2221 553 2293 accepisse
596 2221 898 2277 habebant.
933 2223 998 2276 Et
1037 2222 1132 2277 ubi
1187 2224 1390 2278 vulnus
1420 2224 1655 2279 infixum
1757 2220 1865 2285 rat,
1896 2218 2104 2272 dixisse
2135 2220 2548 2275 meminimus:
2596 2241 2622 2271 α
2652 2221 2860 2292 Viginti
2881 2222 3043 2277 annis
3064 2223 3142 2277 fui
3171 2228 3383 2278 tecum.

91 2316 168 2377 est,
204 2331 402 2369 necesse
428 2318 517 2370 est
564 2314 904 2370 medicinam
934 2316 1206 2371 adhibere
1232 2334 1345 2389 qua
1374 2317 1547 2372 inﬁxa
1572 2335 1658 2373 sa-
1757 2312 1898 2365 Oves
1928 2318 2040 2367 tua?
2066 2316 2120 2367 et
2142 2330 2323 2383 capra:
2354 2315 2572 2369 steriles
2599 2331 2712 2369 non
2735 2316 2988 2382 fuerunt,
3020 2316 3223 2372 arietes
3255 2334 3385 2388 gre-

89 2412 217 2462 netur
234 2410 445 2476 macula,
482 2408 549 2463 id
576 2412 679 2473 est,
714 2409 970 2465 reiterari
998 2427 1225 2465 necesse
1256 2415 1358 2480 est,
1390 2412 1543 2482 quod
1577 2413 1652 2467 le-
1756 2404 1842 2475 gis
1874 2405 1953 2459 illi
1995 2423 2107 2461 non
2149 2407 2396 2476 comedi,
2446 2424 2551 2462 nec
2596 2411 2825 2479 captum
2870 2426 2902 2462 τι
2950 2409 3127 2465 bestia
3167 2411 3388 2465 ostendi

91 2501 242 2571 gitime
267 2507 462 2569 actum,
493 2508 599 2558 aut
628 2503 895 2558 collatum
937 2504 1174 2559 minime
1216 2500 1576 2577 approbatur,
1612 2507 1654 2561 si
1752 2498 1881 2553 iibi-
1928 2501 2044 2570 Ego
2087 2499 2364 2555 damnum
2415 2518 2586 2557 omne
2638 2502 2964 2572 reddebam,
3008 2510 3064 2558 et
3112 2504 3388 2576 quidquid

88 2594 341 2663 perfectum
389 2614 508 2652 esse
562 2597 809 2653 debebit.
863 2598 1005 2652 Nam
1053 2599 1337 2670 quomodo
1378 2600 1654 2655 honorem
1755 2591 1907 2647 furto
1951 2593 2199 2662 perierat
2243 2611 2275 2647 a
2321 2611 2414 2648 mc
2451 2595 2733 2666 exigebas,
2787 2596 2878 2650 die
2924 2602 3205 2668 nocteque
3246 2602 3387 2652 aestu

88 2689 219 2757 possit
240 2690 468 2745 retinere
501 2691 607 2761 qui
632 2691 705 2746 ab
734 2691 832 2746 illo
858 2693 1158 2763 acceperit,
1188 2693 1284 2764 qui
1309 2697 1653 2764 potestatem
1759 2686 1964 2740 urebar
2004 2690 2059 2741 et
2105 2687 2255 2757 gelu,
2304 2688 2560 2759 fugiebat
2615 2706 2848 2744 Somnus
2894 2691 2964 2745 ab
3013 2693 3189 2745 Οειιὶίδ
3246 2693 3387 2748 lueis

89 2780 186 2837 dare
228 2784 457 2855 legitime
508 2802 627 2839 non
678 2785 895 2853 habuit,
952 2786 1206 2840 invenire
1251 2804 1368 2842 non
1404 2804 1652 2859 possum,
1760 2782 1907 2849 (Gen.
1939 2796 2082 2847 xxxt,
2116 2784 2202 2847 38,
2232 2784 2340 2851 39).
2370 2804 2396 2829 ››
2439 2783 2498 2838 Si
2538 2800 2675 2855 ergo
2714 2784 2936 2839 laborat
2977 2791 3033 2839 et
3072 2785 3263 2856 vigilat
3288 2786 3387 2857 qui

89 2889 183 2929 cum
204 2876 282 2931 ille
304 2879 393 2949 qui
417 2878 700 2934 honorem
730 2879 1109 2949 pontificalem
1141 2896 1254 2934 non
1282 2880 1497 2947 habuit,
1520 2898 1656 2953 pon-
1756 2875 1933 2943 PaSCii
1960 2891 2091 2929 oves
2138 2875 2347 2942 Labeo.
2380 2880 2597 2947 quanto
2629 2877 2841 2948 labore,
2874 2879 3212 2950 quantisque
3241 2879 3384 2951 νίεί-

88 2968 262 3023 tiﬁcalia
282 2988 385 3025 non
417 2976 612 3045 potest
631 2973 763 3043 jura
793 2972 1063 3041 tribuere,
1092 2990 1197 3029 nec
1224 2975 1334 3029 hoc
1369 2975 1471 3029 sibi
1502 2982 1656 3046 pote-
1756 2968 1846 3022 liis
1889 2968 2058 3024 debet
2098 2969 2397 3025 intendere
2418 2969 2514 3042 qui
2556 2972 2733 3042 pascit
2752 2988 2881 3026 oves
2902 2974 3016 3028 Deo
3039 2972 3066 3028 7
3091 2973 3200 3028 Sed
3219 2973 3278 3028 in
3300 2974 3385 3028 his

89 3066 185 3116 rant
222 3065 505 3135 vindicare,
561 3067 723 3137 cujus
766 3083 1001 3139 capaces
1050 3083 1153 3139 per
1196 3068 1300 3123 hoc
1344 3069 1498 3140 quod
1547 3069 1656 3124 illis
1757 3064 2021 3119 omnibus
2048 3064 2171 3137 ipse
2200 3082 2302 3120 nos
2327 3066 2593 3134 instruat,
2619 3067 2715 3140 qui
2743 3085 2846 3140 pro
2866 3069 2983 3124 suis
3005 3070 3162 3126 dedit
3188 3070 3386 3126 ovibus

89 3154 322 3213 obstiterat
346 3177 454 3215 non
479 3160 675 3216 fuerit.
706 3161 881 3233 Hujus
907 3178 1044 3233 ergo
1072 3161 1435 3217 discussionis
1460 3179 1655 3218 curam
1682 3213 1730 3235 η
1756 3158 2028 3226 animam,
2052 3165 2108 3214 et
2123 3160 2350 3231 adjuvet
2367 3177 2473 3215 nos
2494 3167 2552 3215 ut
2578 3161 2647 3216 de
2675 3162 2761 3216 his
2777 3164 2874 3235 qui
2908 3163 3069 3218 nobis
3092 3165 3384 3219 commissi

441 3213 451 3215 ν
710 3213 741 3214 η
786 3213 806 3233 ..
840 3213 874 3215 κ-
916 3213 1035 3233 "o—
1468 3213 1655 3218 n--——-
2016 3213 2026 3226 τ
2133 3213 2251 3231 ηυη
2306 3213 2345 3215 η
2675 3213 2757 3216 --η
2782 3213 2874 3235 ιη
2908 3213 3066 3218 -τηπ
3098 3213 3384 3219 π-η---η-

90 3249 211 3304 nobis
243 3254 545 3324 specialiter
594 3254 947 3309 vindicantes
984 3255 1063 3310 ita
1089 3255 1537 3312 misericordiam
1562 3274 1652 3312 ro-
1678 3213 1733 3287 Ο
1758 3258 1918 3322 sunt,
1974 3254 2221 3308 fructum
2267 3255 2640 3326 multiplicem
2688 3273 2751 3310 ac
2812 3274 3140 3313 mensuram
3189 3275 3384 3330 super-

90 3356 243 3410 gumus
280 3351 334 3402 ut
357 3348 402 3402 si
425 3365 542 3420 qua
583 3348 825 3403 forsitan
852 3348 940 3403 his
978 3349 1280 3404 commissa
1304 3352 1438 3405 sunt
1478 3348 1652 3405 corri-
1758 3347 2091 3401 eftluentem
2138 3348 2207 3402 ad
2256 3353 2468 3402 (eterna
2510 3350 2718 3420 gaudia
2752 3355 3043 3420 reportare
3094 3352 3383 3421 concedat,

90 3442 267 3509 gantur,
309 3458 374 3497 ne
419 3442 558 3498 talia
600 3442 763 3497 liceat
798 3442 946 3498 ultra
976 3443 1278 3514 committi,
1335 3449 1391 3498 et
1438 3461 1510 3499 ne
1542 3461 1657 3517 qua
1756 3444 2056 3512 tantusque
2082 3441 2336 3496 vosbeati
2354 3443 2505 3496 Petri
2521 3444 2911 3513 apostolorum
2936 3444 3209 3516 principis
3225 3462 3388 3500 amor

88 3534 319 3588 excusatio
357 3535 423 3590 de
469 3536 831 3608 ignoratione
873 3540 1160 3604 nascatur,
1216 3536 1348 3608 quia
1390 3541 1455 3592 ut
1496 3538 1657 3593 nobis
1753 3534 2036 3604 incendat,
2060 3538 2123 3589 ut
2152 3534 2207 3589 in
2236 3535 2369 3589 ovili
2394 3535 2591 3606 ipsius,
2611 3538 2701 3590 cui
2729 3553 2928 3593 omnes
2946 3543 3225 3593 creatura
3252 3545 3386 3593 sunt

88 3628 460 3690 gratulationem
497 3630 635 3684 facit
671 3630 1047 3686 Ecclesiarum
1082 3635 1258 3686 status
1292 3631 1506 3686 salubri
1549 3632 1659 3686 dis-
1756 3628 2002 3696 traditae,
2060 3645 2259 3683 omnes
2306 3630 2493 3684 taliter
2545 3634 2833 3699 errantes,
2884 3638 2940 3687 et
2984 3632 3174 3686 illicita
3214 3637 3385 3705 atque

86 3718 311 3785 positione
359 3725 686 3791 attributus,
743 3725 832 3778 vel
890 3724 1215 3792 adornatus,
1260 3725 1340 3780 ita
1385 3742 1501 3780 non
1549 3725 1657 3781 levi
1757 3722 2461 3794 prohibitapraesumentes
2490 3724 2699 3779 sanctis
2724 3725 2923 3779 vestris
2952 3726 3385 3781 studiissummo

87 3824 158 3863 nos
193 3830 411 3872 maerore
438 3818 744 3873 contristat
788 3818 1009 3889 quoties
1053 3818 1269 3890 aliquid
1326 3825 1527 3875 contra
1573 3820 1657 3874 in-
1756 3815 2109 3888 reintegrare
2149 3833 2281 3871 cum
2300 3817 2575 3873 desiderio
2597 3818 2888 3888 festinetis,
2918 3819 3162 3890 qualiter
3181 3819 3387 3875 anima:

85 3903 231 3962 stituta
252 3926 524 3967 canonum
563 3913 649 3967 vel
670 3912 1099 3968 ecclesiasticam
1132 3912 1487 3984 disciplinam
1513 3931 1657 3986 praa-
1755 3911 2003 3981 pretioso
2025 3910 2232 3967 Christi
2261 3911 2539 3983 sanguine
2570 3911 2879 3983 redemptae
2916 3929 3115 3967 eorum
3145 3929 3262 3969 non
3287 3930 3384 3985 pe-

87 4006 335 4073 sumptum,
356 4011 454 4061 aut
474 4007 848 4063 commissum
871 4007 1288 4079 cognoscimus.
1315 4006 1454 4072 Quae
1475 4008 1519 4062 si
1540 4025 1654 4063 non
1758 4009 1922 4059 reaut
1945 4003 2295 4075 deceptione.

86 4105 167 4160 qua
203 4096 455 4156 debemus
502 4100 800 4173 vigilantia
848 4117 1169 4157 resecemus
1192 4144 1205 4169 ,
1251 4101 1377 4157 illos
1415 4103 1513 4175 qui
1552 4120 1658 4158 nas
1829 4098 2023 4153 Restat
2050 4098 2203 4152 enim
2236 4097 2388 4169 quod
2415 4115 2519 4170 per
2549 4099 2760 4153 ostium
2786 4099 2846 4154 hi
2864 4114 3230 4172 nequaquam
3253 4101 3384 4155 sub-

87 4189 395 4254 speculatores
431 4212 554 4251 esse
598 4195 792 4250 volunt
812 4211 1079 4250 excusare
1107 4212 1222 4251 non
1253 4212 1575 4267 possumus,
1609 4197 1657 4251 si
1758 4190 2061 4257 intrarunt,
2104 4192 2239 4263 quia
2278 4208 2396 4246 non
2432 4192 2720 4246 habebant
2748 4193 2956 4248 ostium
2988 4210 3089 4265 per
3114 4195 3269 4265 quod
3299 4195 3386 4249 in-

89 4277 177 4347 ejus
200 4283 485 4344 Ecclesiam
516 4305 649 4361 quae
680 4289 841 4344 nobis
872 4289 1216 4361 generaliter
1242 4290 1543 4345 commissa
1573 4294 1659 4345 est
1760 4285 2156 4357 graderentur,
2189 4286 2322 4358 quia
2357 4290 2423 4339 ut
2465 4285 2680 4341 dictum
2721 4292 2805 4342 est
2836 4303 2849 4340 :
2893 4287 2949 4343 Si
2997 4304 3101 4342 nec
3140 4287 3389 4360 episcopi

88 4371 130 4425 in
152 4385 397 4446 quantum
434 4382 812 4454 prmvalemus
850 4399 1051 4455 puram
1089 4400 1121 4438 a
1158 4389 1274 4438 tam
1320 4384 1528 4439 illicitis
1573 4401 1659 4439 su-
1759 4382 1910 4446 sunt,
1932 4385 1988 4434 et
2008 4380 2312 4451 plusquam
2338 4380 2652 4451 presbyteri
2674 4397 2795 4435 esse
2817 4380 3095 4450 ambiunt,
3117 4399 3220 4453 per
3237 4383 3391 4455 quod

87 4471 451 4535 perstitionibus
478 4494 601 4533 non
621 4477 1024 4548 custodiamus,
1042 4477 1175 4549 quia
1196 4494 1312 4533 non
1334 4477 1658 4532 aliterunus
1760 4472 1969 4527 ostium
1993 4473 2290 4528 intrabunt
2314 4475 2341 4529 ‘l
2386 4491 2515 4529 cum
2564 4474 2620 4528 hi
2667 4478 2894 4529 tantum
2938 4476 3053 4530 duo
3079 4476 3308 4530 ordines
3333 4477 3390 4530 in

87 4575 218 4633 grex,
254 4572 306 4622 et
331 4588 478 4627 unus
530 4574 725 4644 pastor
781 4588 1001 4640 sumus,
1032 4571 1139 4626 nisi
1168 4572 1657 4644 quemadmodum
1676 4589 1737 4664 Β
1758 4566 2002 4621 Ecclesia
2026 4568 2315 4638 leguntur,
2339 4584 2441 4622 nec
2462 4567 2709 4638 amplius
2734 4568 2807 4622 ad
2836 4570 3112 4638 pastorale
3141 4569 3392 4624 ofﬁcium

85 4654 322 4724 Apostolus
368 4664 535 4722 docet
574 4666 823 4738 idipsum
866 4666 1121 4722 dicamus
1168 4682 1387 4733 omnes,
1432 4689 1459 4715 ‹‹
1486 4654 1727 4720 δώως’
1763 4659 1993 4732 aliquod
2018 4665 2173 4731 patet
2196 4661 2403 4716 ostium
2425 4678 2528 4732 per
2552 4661 2703 4731 quod
2732 4665 2924 4732 pastor
2944 4662 3134 4717 intret.
3168 4663 3390 4734 Audite,

84 4754 230 4808 autem
254 4759 478 4827 perfecti
508 4761 572 4815 in
601 4760 801 4815 eodem
831 4777 1003 4815 sensu
1033 4764 1087 4815 et
1111 4760 1171 4814 in
1199 4760 1403 4815 eadem
1432 4759 1657 4832 sapien-
1762 4755 1983 4820 fratres,
2033 4771 2150 4809 non
2196 4771 2307 4822 me,
2349 4755 2450 4808 sed
2498 4754 2680 4825 ipsam
2711 4754 2999 4810 dicentem
3027 4756 3347 4812 Veritatem
3378 4775 3391 4812 :

86 4841 142 4896 tia
166 4848 200 4913 (l
218 4849 323 4906 Cor.
351 4871 387 4921 ι,
420 4856 528 4925 10),
566 4876 595 4903 ››
637 4855 748 4909 Nec
791 4854 953 4910 aliter
991 4853 1110 4909 veri
1148 4854 1411 4924 discipuli
1440 4853 1663 4909 Domini
1766 4871 1792 4899 α
1824 4848 1930 4917 Qui
1960 4865 2075 4903 non
2114 4848 2289 4903 intrat
2314 4864 2419 4919 per
2472 4847 2680 4903 ostium
2712 4848 2768 4902 in
2801 4849 2943 4903 ovile
2976 4850 3257 4921 omnium,
3296 4852 3395 4907 sed

86 4938 270 5011 erimus,
316 4947 419 5001 nisi
460 4948 709 5003 radicem
749 4948 1148 5003 amaritudinis
1200 4964 1422 5002 sursum
1450 4947 1660 5019 germi-
1762 4941 2017 4997 ascendit
2039 4941 2285 5010 aliunde,
2336 4941 2428 4995 hic
2459 4942 2552 4997 fur
2580 4947 2664 4996 cst
2687 4946 2743 4996 et
2780 4943 2925 4998 latro
2965 4947 3142 5014 (Joan.
3173 4961 3227 5015 χ,
3263 4946 3334 5018 t),
3365 4967 3392 4996 ››

86 5036 289 5107 nantem,
319 5040 457 5097 sicut
501 5042 645 5111 haec,
692 5044 754 5096 ut
794 5042 1039 5097 asseritis
1065 5041 1258 5109 modo,
1291 5041 1426 5095 facit
1456 5058 1528 5096 ne
1554 5057 1660 5095 no-
1765 5040 1823 5090 et
1851 5035 2093 5107 reliqua.
2129 5034 2270 5090 Cum
2316 5034 2487 5089 etiam
2521 5034 2789 5107 egregius
2810 5036 3150 5107 prazdicator
3195 5038 3346 5094 dicat
3379 5057 3391 5093 :

87 5136 181 5179 cere
218 5132 424 5189 valeant
468 5139 536 5190 ut
589 5135 904 5207 episcOpale
962 5135 1342 5190 ministerium
1402 5134 1663 5189 vilescere
1767 5147 1796 5180 «
1828 5128 2285 5184 Fundamentum
2332 5128 2489 5183 enim
2545 5129 2702 5184 aliud
2745 5146 2917 5186 nemo
2960 5136 3148 5202 potest
3184 5149 3395 5203 ponere

85 5213 215 5275 faciat
242 5241 335 5295 per
358 5245 558 5286 eorum
588 5229 1023 5301 negligentiam,
1060 5229 1120 5284 id
1151 5233 1232 5284 est
1271 5227 1533 5285 omnium
1572 5245 1662 5283 sa-
1764 5225 1977 5295 praeter
2024 5222 2083 5277 id
2124 5222 2278 5294 quod
2312 5223 2562 5295 positum
2590 5228 2673 5280 est
2704 5226 2749 5294 (Ι
2780 5227 2898 5283 Cor.
2943 5242 3022 5293 ui,
3055 5227 3159 5295 tl).
3191 5248 3217 5275 ››
3252 5226 3393 5280 Cum

86 5314 352 5390 Cerdotum,
392 5324 493 5395 qui
531 5324 772 5382 evellere
815 5324 982 5394 mala,
1036 5327 1094 5379 et
1129 5323 1366 5379 meliora
1409 5324 1664 5395 plantare
1764 5316 2038 5389 praedicta
2064 5316 2178 5372 duo
2210 5317 2584 5374 fundamenta
2612 5318 2671 5372 in
2703 5319 2945 5374 Ecclesia
2972 5326 3202 5389 tantum
3245 5319 3396 5372 invo-

86 5410 184 5461 ευηῑ
204 5410 267 5467 ab
292 5431 356 5471 eo
383 5417 700 5489 praepositi,
744 5417 1137 5489 unusquisque
1183 5434 1289 5489 pro
1321 5416 1532 5472 viribus
1567 5433 1663 5472 ex-
1764 5411 1996 5467 niantur
2024 5411 2228 5483 posita,
2259 5412 2536 5483 quidquid
2564 5413 2809 5484 amplius
2834 5413 3085 5484 positum
3109 5413 3169 5467 in
3195 5411 3283 5466 his
3308 5411 3393 5466 in-

86 5498 277 5571 s“mare
321 5510 571 5578 festinet,
620 5517 678 5566 et
720 5512 840 5583 ipse
881 5512 980 5584 qui
1022 5528 1125 5583 pro
1179 5512 1293 5566 suis
1344 5510 1542 5566 ovibus
1585 5515 1669 5565 est
1766 5505 2010 5574 venitur,
2034 5509 2185 5561 stare
2204 5507 2528 5563 nullatenus
2544 5508 2784 5579 poterit;
2819 5511 2876 5562 et
2902 5506 3028 5562 ideo
3053 5522 3182 5560 cum
3208 5505 3393 5560 omni-

87 5592 257 5653 ειεωο
274 5600 445 5671 judici
472 5604 760 5660 rationem
786 5605 1114 5661 redditurus
1131 5621 1227 5659 eas
1242 5605 1436 5660 fovere
1466 5604 1670 5659 etedu-
1767 5599 1874 5656 bus
1893 5600 2008 5656 suis
2025 5600 2413 5656 fundamentis
2442 5604 2499 5655 et
2527 5600 2864 5666 actionibus,
2892 5603 3061 5671 atque
3090 5599 3392 5668 radicibus,

89 5690 453 5753 cal‘edecertet.
483 5698 543 5753 Si
577 5698 797 5754 Domini
812 5698 1209 5755 desideramus
1234 5715 1355 5754 esse
1385 5697 1666 5769 discipuli,
1771 5697 1833 5749 ut
1872 5695 2146 5751 evellatur
2185 5711 2410 5751 necesse
2463 5700 2563 5765 est,
2608 5696 2685 5750 ita
2726 5698 2786 5748 ut
2839 5694 3080 5764 amplius
3117 5694 3397 5764 pullulare

90 5773 229 5848 ititius
253 5786 541 5847 imitemur
566 5793 821 5866 vestigia,
842 5796 905 5849 ut
923 5792 993 5849 de
1019 5793 1187 5849 nobis
1206 5792 1457 5849 dicatur:
1496 5793 1668 5864 «Ego
1772 5804 1874 5845 nec
1922 5790 2247 5861 germinare
2288 5792 2488 5846 valeat.
2529 5790 2665 5845 Non
2696 5804 2834 5860 ergo
2884 5794 3136 5859 generet,
3182 5793 3239 5843 et
3284 5807 3400 5847 non

92 5885 188 5928 sum
210 5885 388 5949 pastor
429 5886 637 5951 bonus,
666 5891 723 5942 et
755 5903 1035 5959 cognosco
1081 5904 1212 5943 ovrs
1245 5904 1420 5960 meas,
1451 5889 1509 5942 et
1532 5901 1670 5942 voco
1772 5883 1939 5941 faciat
1995 5883 2170 5955 vobis,
2229 5884 2450 5953 fratres,
2495 5883 2663 5939 toties
2701 5880 2940 5955 repetita
2982 5883 3192 5940 locutio
3248 5884 3402 5942 fasti-

447 5983 723 6051 PATROL.
773 5984 999 6052 CXXX.
3002 5986 3081 6046 22
