  <div class='ocr_page' id='page_1' title='image "/cluster/home/n/w/nwhite01/storage/ocr_20150623/130/hvd.32044054759915/367.png"; bbox 0 0 3946 6180; ppageno 0'>
   <div class='ocr_carea' id='block_1_1' title="bbox 581 296 680 350">
    <p class='ocr_par' dir='ltr' id='par_1_1' title="bbox 581 296 680 350">
     <span class='ocr_line' id='line_1_1' title="bbox 581 296 680 350; baseline 0 -1"><span class='ocrx_word' id='word_1_1' title='bbox 581 296 680 350; x_wconf 65' lang='lat'>675&#39;</span> 
     </span>
    </p>
   </div>
   <div class='ocr_carea' id='block_1_2' title="bbox 1407 264 3806 366">
    <p class='ocr_par' dir='ltr' id='par_1_2' title="bbox 1407 264 3806 366">
     <span class='ocr_line' id='line_1_2' title="bbox 1407 264 3806 366; baseline -0.008 -14"><span class='ocrx_word' id='word_1_2' title='bbox 1407 359 1416 366; x_wconf 86' lang='lat'><strong>_</strong></span> <span class='ocrx_word' id='word_1_3' title='bbox 1472 293 1758 353; x_wconf 80' lang='lat' dir='ltr'>APPEND.</span> <span class='ocrx_word' id='word_1_4' title='bbox 1798 292 1884 352; x_wconf 83' lang='lat' dir='ltr'>AD</span> <span class='ocrx_word' id='word_1_5' title='bbox 1924 264 2083 352; x_wconf 57' lang='lat' dir='ltr'>sane.</span> <span class='ocrx_word' id='word_1_6' title='bbox 2123 295 2211 350; x_wconf 80' lang='grc' dir='ltr'>ιχ.</span> <span class='ocrx_word' id='word_1_7' title='bbox 2240 322 2310 333; x_wconf 82' lang='grc'>-</span> <span class='ocrx_word' id='word_1_8' title='bbox 2347 292 2591 349; x_wconf 82' lang='lat' dir='ltr'>1smon1</span> <span class='ocrx_word' id='word_1_9' title='bbox 2631 290 3057 349; x_wconf 68' lang='lat' dir='ltr'>nancnoms</span> <span class='ocrx_word' id='word_1_10' title='bbox 3733 312 3806 363; x_wconf 46' lang='grc' dir='ltr'>(πυ</span> 
     </span>
    </p>
   </div>
   <div class='ocr_carea' id='block_1_3' title="bbox 578 398 3809 487">
    <p class='ocr_par' dir='ltr' id='par_1_3' title="bbox 578 398 3809 487">
     <span class='ocr_line' id='line_1_3' title="bbox 578 398 3809 487; baseline 0.003 -29"><span class='ocrx_word' id='word_1_11' title='bbox 578 404 759 473; x_wconf 75' lang='lat' dir='ltr'>dium,</span> <span class='ocrx_word' id='word_1_12' title='bbox 787 401 923 474; x_wconf 84' lang='lat' dir='ltr'>quia</span> <span class='ocrx_word' id='word_1_13' title='bbox 952 414 1174 458; x_wconf 81' lang='lat' dir='ltr'>summa</span> <span class='ocrx_word' id='word_1_14' title='bbox 1199 403 1504 460; x_wconf 69' lang='lat' dir='ltr'>necessitas</span> <span class='ocrx_word' id='word_1_15' title='bbox 1535 398 1639 475; x_wconf 77' lang='lat' dir='ltr'>est,</span> <span class='ocrx_word' id='word_1_16' title='bbox 1678 405 1883 477; x_wconf 80' lang='lat' dir='ltr'>saepius</span> <span class='ocrx_word' id='word_1_17' title='bbox 1920 403 2203 476; x_wconf 79' lang='lat' dir='ltr'>prohiberi</span> <span class='ocrx_word' id='word_1_18' title='bbox 2230 415 2287 487; x_wconf 77' lang='grc' dir='ltr'><strong>Α</strong></span> <span class='ocrx_word' id='word_1_19' title='bbox 2308 401 2505 468; x_wconf 83' lang='lat' dir='ltr'>nostri,</span> <span class='ocrx_word' id='word_1_20' title='bbox 2536 401 2773 454; x_wconf 78' lang='lat' dir='ltr'>trecenti</span> <span class='ocrx_word' id='word_1_21' title='bbox 2803 401 3000 455; x_wconf 88' lang='lat' dir='ltr'>decem</span> <span class='ocrx_word' id='word_1_22' title='bbox 3030 404 3088 456; x_wconf 85' lang='lat' dir='ltr'>et</span> <span class='ocrx_word' id='word_1_23' title='bbox 3114 403 3238 455; x_wconf 92' lang='lat' dir='ltr'>octo</span> <span class='ocrx_word' id='word_1_24' title='bbox 3265 401 3432 471; x_wconf 82' lang='lat' dir='ltr'>electi,</span> <span class='ocrx_word' id='word_1_25' title='bbox 3459 405 3617 463; x_wconf 83' lang='lat' dir='ltr'>habito</span> <span class='ocrx_word' id='word_1_26' title='bbox 3638 413 3809 469; x_wconf 78' lang='lat' dir='ltr'>tractatu</span> 
     </span>
    </p>
   </div>
   <div class='ocr_carea' id='block_1_4' title="bbox 574 496 2203 570">
    <p class='ocr_par' dir='ltr' id='par_1_4' title="bbox 574 496 2203 570">
     <span class='ocr_line' id='line_1_4' title="bbox 574 496 2203 570; baseline 0.001 -19"><span class='ocrx_word' id='word_1_27' title='bbox 574 496 729 570; x_wconf 80' lang='lat' dir='ltr'>quod</span> <span class='ocrx_word' id='word_1_28' title='bbox 775 496 942 551; x_wconf 82' lang='lat' dir='ltr'>toties</span> <span class='ocrx_word' id='word_1_29' title='bbox 969 513 1003 551; x_wconf 89' lang='lat' dir='ltr'>a</span> <span class='ocrx_word' id='word_1_30' title='bbox 1032 498 1189 552; x_wconf 84' lang='lat' dir='ltr'>vobis</span> <span class='ocrx_word' id='word_1_31' title='bbox 1226 500 1289 552; x_wconf 91' lang='lat' dir='ltr'>ut</span> <span class='ocrx_word' id='word_1_32' title='bbox 1323 499 1696 570; x_wconf 77' lang='lat' dir='ltr'>cognovimus</span> <span class='ocrx_word' id='word_1_33' title='bbox 1742 499 1935 554; x_wconf 90' lang='lat' dir='ltr'>illicite</span> <span class='ocrx_word' id='word_1_34' title='bbox 1966 516 2203 570; x_wconf 88' lang='lat' dir='ltr'>usurpa-</span> 
     </span>
    </p>
   </div>
   <div class='ocr_carea' id='block_1_5' title="bbox 575 590 2210 665">
    <p class='ocr_par' dir='ltr' id='par_1_5' title="bbox 575 590 2210 665">
     <span class='ocr_line' id='line_1_5' title="bbox 575 590 2210 665; baseline 0 -20"><span class='ocrx_word' id='word_1_35' title='bbox 575 594 697 657; x_wconf 80' lang='lat' dir='ltr'>tur,</span> <span class='ocrx_word' id='word_1_36' title='bbox 756 595 815 644; x_wconf 89' lang='lat' dir='ltr'>et</span> <span class='ocrx_word' id='word_1_37' title='bbox 861 590 1129 661; x_wconf 82' lang='lat' dir='ltr'>quoniam</span> <span class='ocrx_word' id='word_1_38' title='bbox 1182 592 1397 647; x_wconf 81' lang='lat' dir='ltr'>Veritas</span> <span class='ocrx_word' id='word_1_39' title='bbox 1444 594 1650 665; x_wconf 78' lang='lat' dir='ltr'>saepius</span> <span class='ocrx_word' id='word_1_40' title='bbox 1694 592 1975 664; x_wconf 77' lang='lat' dir='ltr'>exagitata</span> <span class='ocrx_word' id='word_1_41' title='bbox 2024 592 2210 663; x_wconf 91' lang='lat' dir='ltr'>magis</span> 
     </span>
    </p>
   </div>
   <div class='ocr_carea' id='block_1_6' title="bbox 575 680 2209 759">
    <p class='ocr_par' dir='ltr' id='par_1_6' title="bbox 575 680 2209 759">
     <span class='ocr_line' id='line_1_6' title="bbox 575 680 2209 759; baseline 0.002 -22"><span class='ocrx_word' id='word_1_42' title='bbox 575 680 917 755; x_wconf 79' lang='lat' dir='ltr'>splendescit</span> <span class='ocrx_word' id='word_1_43' title='bbox 954 687 1019 738; x_wconf 91' lang='lat' dir='ltr'>ut</span> <span class='ocrx_word' id='word_1_44' title='bbox 1052 686 1266 753; x_wconf 80' lang='lat' dir='ltr'>lumen,</span> <span class='ocrx_word' id='word_1_45' title='bbox 1302 693 1361 741; x_wconf 91' lang='lat' dir='ltr'>et</span> <span class='ocrx_word' id='word_1_46' title='bbox 1386 688 1541 759; x_wconf 90' lang='lat' dir='ltr'>quod</span> <span class='ocrx_word' id='word_1_47' title='bbox 1571 687 1735 742; x_wconf 80' lang='lat' dir='ltr'>toties</span> <span class='ocrx_word' id='word_1_48' title='bbox 1766 686 2079 758; x_wconf 90' lang='lat' dir='ltr'>repetendo</span> <span class='ocrx_word' id='word_1_49' title='bbox 2117 687 2209 741; x_wconf 87' lang='lat' dir='ltr'>ad-</span> 
     </span>
    </p>
   </div>
   <div class='ocr_carea' id='block_1_7' title="bbox 577 776 2209 852">
    <p class='ocr_par' dir='ltr' id='par_1_7' title="bbox 577 776 2209 852">
     <span class='ocr_line' id='line_1_7' title="bbox 577 776 2209 852; baseline 0.002 -22"><span class='ocrx_word' id='word_1_50' title='bbox 577 779 861 836; x_wconf 69' lang='lat' dir='ltr'>monetun</span> <span class='ocrx_word' id='word_1_51' title='bbox 892 776 1063 831; x_wconf 89' lang='lat' dir='ltr'>nimis</span> <span class='ocrx_word' id='word_1_52' title='bbox 1106 786 1431 850; x_wconf 77' lang='lat' dir='ltr'>usurpatur.</span> <span class='ocrx_word' id='word_1_53' title='bbox 1490 780 1679 852; x_wconf 82' lang='lat' dir='ltr'><strong>Super</strong></span> <span class='ocrx_word' id='word_1_54' title='bbox 1714 779 1801 833; x_wconf 91' lang='lat' dir='ltr'>his</span> <span class='ocrx_word' id='word_1_55' title='bbox 1844 780 1999 834; x_wconf 89' lang='lat' dir='ltr'>enim</span> <span class='ocrx_word' id='word_1_56' title='bbox 2028 780 2209 834; x_wconf 90' lang='lat' dir='ltr'>multa</span> 
     </span>
    </p>
   </div>
   <div class='ocr_carea' id='block_1_8' title="bbox 568 870 2208 944">
    <p class='ocr_par' dir='ltr' id='par_1_8' title="bbox 568 870 2208 944">
     <span class='ocr_line' id='line_1_8' title="bbox 568 870 2208 944; baseline 0.002 -21"><span class='ocrx_word' id='word_1_57' title='bbox 568 870 689 943; x_wconf 86' lang='lat' dir='ltr'>jam</span> <span class='ocrx_word' id='word_1_58' title='bbox 718 870 789 924; x_wconf 88' lang='lat' dir='ltr'>ab</span> <span class='ocrx_word' id='word_1_59' title='bbox 816 872 1262 927; x_wconf 83' lang='lat' dir='ltr'>antecessoribus</span> <span class='ocrx_word' id='word_1_60' title='bbox 1288 874 1497 929; x_wconf 76' lang='lat' dir='ltr'>nostris</span> <span class='ocrx_word' id='word_1_61' title='bbox 1535 874 1683 929; x_wconf 90' lang='lat' dir='ltr'>dicta</span> <span class='ocrx_word' id='word_1_62' title='bbox 1729 877 1881 941; x_wconf 90' lang='lat' dir='ltr'>sunt,</span> <span class='ocrx_word' id='word_1_63' title='bbox 1926 890 1959 927; x_wconf 92' lang='lat' dir='ltr'>a</span> <span class='ocrx_word' id='word_1_64' title='bbox 2004 872 2208 944; x_wconf 85' lang='lat' dir='ltr'>quibus</span> 
     </span>
    </p>
   </div>
   <div class='ocr_carea' id='block_1_9' title="bbox 576 963 2209 1036">
    <p class='ocr_par' dir='ltr' id='par_1_9' title="bbox 576 963 2209 1036">
     <span class='ocr_line' id='line_1_9' title="bbox 576 963 2209 1036; baseline 0.001 -18"><span class='ocrx_word' id='word_1_65' title='bbox 576 963 686 1035; x_wconf 90' lang='lat' dir='ltr'><strong>ipsi</strong></span> <span class='ocrx_word' id='word_1_66' title='bbox 720 963 863 1018; x_wconf 85' lang='lat' dir='ltr'>sicut</span> <span class='ocrx_word' id='word_1_67' title='bbox 899 980 1050 1019; x_wconf 89' lang='lat' dir='ltr'>nunc</span> <span class='ocrx_word' id='word_1_68' title='bbox 1076 982 1109 1019; x_wconf 91' lang='lat' dir='ltr'>a</span> <span class='ocrx_word' id='word_1_69' title='bbox 1151 966 1336 1036; x_wconf 88' lang='lat' dir='ltr'>nobis,</span> <span class='ocrx_word' id='word_1_70' title='bbox 1365 968 1445 1022; x_wconf 87' lang='lat' dir='ltr'>ita</span> <span class='ocrx_word' id='word_1_71' title='bbox 1483 966 1717 1027; x_wconf 71' lang='lat' dir='ltr'>olim,ab</span> <span class='ocrx_word' id='word_1_72' title='bbox 1746 967 1827 1022; x_wconf 88' lang='lat' dir='ltr'>eis</span> <span class='ocrx_word' id='word_1_73' title='bbox 1855 967 2127 1022; x_wconf 89' lang='lat' dir='ltr'>damnata</span> <span class='ocrx_word' id='word_1_74' title='bbox 2153 969 2209 1021; x_wconf 86' lang='lat' dir='ltr'>et</span> 
     </span>
    </p>
   </div>
   <div class='ocr_carea' id='block_1_10' title="bbox 571 1056 2207 1133">
    <p class='ocr_par' dir='ltr' id='par_1_10' title="bbox 571 1056 2207 1133">
     <span class='ocr_line' id='line_1_10' title="bbox 571 1056 2207 1133; baseline 0.002 -22"><span class='ocrx_word' id='word_1_75' title='bbox 571 1056 860 1129; x_wconf 84' lang='lat' dir='ltr'>prohibita</span> <span class='ocrx_word' id='word_1_76' title='bbox 879 1061 1031 1113; x_wconf 85' lang='lat' dir='ltr'>sunt.</span> <span class='ocrx_word' id='word_1_77' title='bbox 1056 1058 1205 1129; x_wconf 81' lang='lat' dir='ltr'>Ideo,</span> <span class='ocrx_word' id='word_1_78' title='bbox 1227 1060 1434 1131; x_wconf 67' lang='lat' dir='ltr'>saepius</span> <span class='ocrx_word' id='word_1_79' title='bbox 1450 1063 1775 1133; x_wconf 71' lang='lat' dir='ltr'>repetentes</span> <span class='ocrx_word' id='word_1_80' title='bbox 1795 1077 1996 1115; x_wconf 90' lang='lat' dir='ltr'>omnes</span> <span class='ocrx_word' id='word_1_81' title='bbox 2012 1076 2207 1115; x_wconf 83' lang='lat' dir='ltr'>mone-</span> 
     </span>
    </p>
   </div>
   <div class='ocr_carea' id='block_1_11' title="bbox 577 1150 2203 1224">
    <p class='ocr_par' dir='ltr' id='par_1_11' title="bbox 577 1150 2203 1224">
     <span class='ocr_line' id='line_1_11' title="bbox 577 1150 2203 1224; baseline 0.002 -19"><span class='ocrx_word' id='word_1_82' title='bbox 577 1167 708 1206; x_wconf 86' lang='lat' dir='ltr'>mus</span> <span class='ocrx_word' id='word_1_83' title='bbox 728 1156 788 1205; x_wconf 87' lang='lat' dir='ltr'>ut</span> <span class='ocrx_word' id='word_1_84' title='bbox 808 1151 1057 1207; x_wconf 76' lang='lat' dir='ltr'>vitentur</span> <span class='ocrx_word' id='word_1_85' title='bbox 1075 1153 1420 1224; x_wconf 85' lang='lat' dir='ltr'>hujusmodi,</span> <span class='ocrx_word' id='word_1_86' title='bbox 1436 1161 1498 1210; x_wconf 86' lang='lat' dir='ltr'>et</span> <span class='ocrx_word' id='word_1_87' title='bbox 1513 1171 1546 1209; x_wconf 89' lang='lat' dir='ltr'>a</span> <span class='ocrx_word' id='word_1_88' title='bbox 1564 1150 1767 1210; x_wconf 81' lang='lat' dir='ltr'>talibus</span> <span class='ocrx_word' id='word_1_89' title='bbox 1783 1169 1841 1210; x_wconf 86' lang='lat' dir='ltr'>se</span> <span class='ocrx_word' id='word_1_90' title='bbox 1863 1155 2203 1222; x_wconf 78' lang='lat' dir='ltr'>abstineant,</span> 
     </span>
    </p>
   </div>
   <div class='ocr_carea' id='block_1_12' title="bbox 576 1243 2202 1316">
    <p class='ocr_par' dir='ltr' id='par_1_12' title="bbox 576 1243 2202 1316">
     <span class='ocr_line' id='line_1_12' title="bbox 576 1243 2202 1316; baseline 0.002 -18"><span class='ocrx_word' id='word_1_91' title='bbox 576 1243 675 1316; x_wconf 88' lang='lat' dir='ltr'>qui</span> <span class='ocrx_word' id='word_1_92' title='bbox 696 1245 992 1300; x_wconf 76' lang='lat' dir='ltr'>noluerint</span> <span class='ocrx_word' id='word_1_93' title='bbox 1023 1262 1134 1301; x_wconf 86' lang='lat' dir='ltr'>una</span> <span class='ocrx_word' id='word_1_94' title='bbox 1173 1260 1305 1303; x_wconf 86' lang='lat' dir='ltr'>cum</span> <span class='ocrx_word' id='word_1_95' title='bbox 1338 1249 1418 1303; x_wconf 86' lang='lat' dir='ltr'>eis</span> <span class='ocrx_word' id='word_1_96' title='bbox 1446 1266 1479 1303; x_wconf 87' lang='lat' dir='ltr'>a</span> <span class='ocrx_word' id='word_1_97' title='bbox 1503 1248 1837 1304; x_wconf 82' lang='lat' dir='ltr'>sacerdotali</span> <span class='ocrx_word' id='word_1_98' title='bbox 1863 1249 2202 1314; x_wconf 86' lang='lat' dir='ltr'>ministerio,</span> 
     </span>
    </p>
   </div>
   <div class='ocr_carea' id='block_1_13' title="bbox 574 1339 2201 1414">
    <p class='ocr_par' dir='ltr' id='par_1_13' title="bbox 574 1339 2201 1414">
     <span class='ocr_line' id='line_1_13' title="bbox 574 1339 2201 1414; baseline 0.002 -22"><span class='ocrx_word' id='word_1_99' title='bbox 574 1344 638 1392; x_wconf 88' lang='lat' dir='ltr'>ut</span> <span class='ocrx_word' id='word_1_100' title='bbox 668 1339 908 1394; x_wconf 82' lang='lat' dir='ltr'>rebelles</span> <span class='ocrx_word' id='word_1_101' title='bbox 935 1341 1057 1395; x_wconf 84' lang='lat' dir='ltr'>ﬁeri</span> <span class='ocrx_word' id='word_1_102' title='bbox 1086 1341 1279 1412; x_wconf 86' lang='lat' dir='ltr'>alieni,</span> <span class='ocrx_word' id='word_1_103' title='bbox 1307 1342 1460 1413; x_wconf 89' lang='lat' dir='ltr'>quod</span> <span class='ocrx_word' id='word_1_104' title='bbox 1487 1343 1565 1396; x_wconf 87' lang='lat' dir='ltr'>ita</span> <span class='ocrx_word' id='word_1_105' title='bbox 1591 1343 1824 1398; x_wconf 86' lang='lat' dir='ltr'>demum</span> <span class='ocrx_word' id='word_1_106' title='bbox 1849 1343 2083 1414; x_wconf 88' lang='lat' dir='ltr'>probare</span> <span class='ocrx_word' id='word_1_107' title='bbox 2103 1359 2201 1413; x_wconf 83' lang='lat' dir='ltr'>po-</span> 
     </span>
    </p>
   </div>
   <div class='ocr_carea' id='block_1_14' title="bbox 574 1431 2206 1507">
    <p class='ocr_par' dir='ltr' id='par_1_14' title="bbox 574 1431 2206 1507">
     <span class='ocr_line' id='line_1_14' title="bbox 574 1431 2206 1507; baseline 0.002 -22"><span class='ocrx_word' id='word_1_108' title='bbox 574 1431 832 1499; x_wconf 81' lang='lat' dir='ltr'>terimus,</span> <span class='ocrx_word' id='word_1_109' title='bbox 876 1433 921 1487; x_wconf 87' lang='lat' dir='ltr'>si</span> <span class='ocrx_word' id='word_1_110' title='bbox 950 1435 1091 1488; x_wconf 80' lang='lat' dir='ltr'>tales</span> <span class='ocrx_word' id='word_1_111' title='bbox 1110 1436 1442 1507; x_wconf 79' lang='lat' dir='ltr'>exstirpare,</span> <span class='ocrx_word' id='word_1_112' title='bbox 1486 1439 1543 1490; x_wconf 89' lang='lat' dir='ltr'>et</span> <span class='ocrx_word' id='word_1_113' title='bbox 1559 1453 1673 1490; x_wconf 92' lang='lat' dir='ltr'>non</span> <span class='ocrx_word' id='word_1_114' title='bbox 1693 1436 1774 1491; x_wconf 88' lang='lat' dir='ltr'>eis</span> <span class='ocrx_word' id='word_1_115' title='bbox 1801 1434 1990 1491; x_wconf 85' lang='lat' dir='ltr'>favere</span> <span class='ocrx_word' id='word_1_116' title='bbox 2013 1436 2206 1491; x_wconf 81' lang='lat' dir='ltr'>decer-</span> 
     </span>
    </p>
   </div>
   <div class='ocr_carea' id='block_1_15' title="bbox 573 1526 2206 1601">
    <p class='ocr_par' dir='ltr' id='par_1_15' title="bbox 573 1526 2206 1601">
     <span class='ocr_line' id='line_1_15' title="bbox 573 1526 2206 1601; baseline 0.002 -21"><span class='ocrx_word' id='word_1_117' title='bbox 573 1526 844 1594; x_wconf 78' lang='lat' dir='ltr'>taveritis,</span> <span class='ocrx_word' id='word_1_118' title='bbox 894 1533 952 1582; x_wconf 88' lang='lat' dir='ltr'>et</span> <span class='ocrx_word' id='word_1_119' title='bbox 1000 1528 1080 1582; x_wconf 87' lang='lat' dir='ltr'>ita</span> <span class='ocrx_word' id='word_1_120' title='bbox 1119 1528 1176 1582; x_wconf 91' lang='lat' dir='ltr'>in</span> <span class='ocrx_word' id='word_1_121' title='bbox 1218 1530 1589 1600; x_wconf 73' lang='lat' dir='ltr'>postmodum</span> <span class='ocrx_word' id='word_1_122' title='bbox 1629 1530 1699 1584; x_wconf 90' lang='lat' dir='ltr'>de</span> <span class='ocrx_word' id='word_1_123' title='bbox 1756 1530 1855 1584; x_wconf 88' lang='lat' dir='ltr'>tali</span> <span class='ocrx_word' id='word_1_124' title='bbox 1886 1546 1948 1585; x_wconf 89' lang='lat' dir='ltr'>re</span> <span class='ocrx_word' id='word_1_125' title='bbox 1974 1531 2206 1601; x_wconf 82' lang='lat' dir='ltr'>querela</span> 
     </span>
    </p>
   </div>
   <div class='ocr_carea' id='block_1_16' title="bbox 572 1619 2202 1695">
    <p class='ocr_par' dir='ltr' id='par_1_16' title="bbox 572 1619 2202 1695">
     <span class='ocr_line' id='line_1_16' title="bbox 572 1619 2202 1695; baseline 0.004 -23"><span class='ocrx_word' id='word_1_126' title='bbox 572 1619 827 1687; x_wconf 79' lang='lat' dir='ltr'>cessabit,</span> <span class='ocrx_word' id='word_1_127' title='bbox 857 1620 991 1693; x_wconf 83' lang='lat' dir='ltr'>quia</span> <span class='ocrx_word' id='word_1_128' title='bbox 1011 1623 1373 1678; x_wconf 69' lang='lat' dir='ltr'>contumelias</span> <span class='ocrx_word' id='word_1_129' title='bbox 1401 1622 1584 1679; x_wconf 87' lang='lat' dir='ltr'>studio</span> <span class='ocrx_word' id='word_1_130' title='bbox 1614 1623 1696 1693; x_wconf 84' lang='lat' dir='ltr'>ﬁt,</span> <span class='ocrx_word' id='word_1_131' title='bbox 1726 1623 2202 1695; x_wconf 74' lang='lat' dir='ltr'>quidquidinter-</span> 
     </span>
    </p>
   </div>
   <div class='ocr_carea' id='block_1_17' title="bbox 570 1711 2205 1787">
    <p class='ocr_par' dir='ltr' id='par_1_17' title="bbox 570 1711 2205 1787">
     <span class='ocr_line' id='line_1_17' title="bbox 570 1711 2205 1787; baseline 0.002 -20"><span class='ocrx_word' id='word_1_132' title='bbox 570 1711 785 1768; x_wconf 88' lang='lat' dir='ltr'>dictum</span> <span class='ocrx_word' id='word_1_133' title='bbox 830 1714 994 1769; x_wconf 87' lang='lat' dir='ltr'>toties</span> <span class='ocrx_word' id='word_1_134' title='bbox 1018 1722 1347 1787; x_wconf 77' lang='lat' dir='ltr'>usurpatur.</span> <span class='ocrx_word' id='word_1_135' title='bbox 1394 1717 1599 1771; x_wconf 84' lang='lat' dir='ltr'>Omnia</span> <span class='ocrx_word' id='word_1_136' title='bbox 1649 1716 1770 1770; x_wconf 85' lang='lat' dir='ltr'>haec</span> <span class='ocrx_word' id='word_1_137' title='bbox 1805 1716 2205 1785; x_wconf 74' lang='lat' dir='ltr'>decretaliaet</span> 
     </span>
    </p>
   </div>
   <div class='ocr_carea' id='block_1_18' title="bbox 2308 494 3810 562">
    <p class='ocr_par' dir='ltr' id='par_1_18' title="bbox 2308 494 3810 562">
     <span class='ocr_line' id='line_1_18' title="bbox 2308 494 3810 562; baseline 0.008 -14"><span class='ocrx_word' id='word_1_138' title='bbox 2308 495 2369 548; x_wconf 90' lang='lat' dir='ltr'>in</span> <span class='ocrx_word' id='word_1_139' title='bbox 2399 494 2535 548; x_wconf 89' lang='lat' dir='ltr'>urbe</span> <span class='ocrx_word' id='word_1_140' title='bbox 2573 494 2821 562; x_wconf 79' lang='lat' dir='ltr'>Nicaena,</span> <span class='ocrx_word' id='word_1_141' title='bbox 2867 494 3021 548; x_wconf 90' lang='lat' dir='ltr'>hunc</span> <span class='ocrx_word' id='word_1_142' title='bbox 3070 511 3295 550; x_wconf 88' lang='lat' dir='ltr'>murum</span> <span class='ocrx_word' id='word_1_143' title='bbox 3327 495 3643 555; x_wconf 83' lang='lat' dir='ltr'>fortissimum</span> <span class='ocrx_word' id='word_1_144' title='bbox 3671 511 3810 561; x_wconf 72' lang='lat' dir='ltr'>contra</span> 
     </span>
    </p>
   </div>
   <div class='ocr_carea' id='block_1_19' title="bbox 2308 586 3809 655">
    <p class='ocr_par' dir='ltr' id='par_1_19' title="bbox 2308 586 3809 655">
     <span class='ocr_line' id='line_1_19' title="bbox 2308 586 3809 655; baseline 0.007 -14"><span class='ocrx_word' id='word_1_145' title='bbox 2308 604 2470 641; x_wconf 89' lang='lat' dir='ltr'>arma</span> <span class='ocrx_word' id='word_1_146' title='bbox 2498 586 2775 641; x_wconf 87' lang='lat' dir='ltr'>diabolica</span> <span class='ocrx_word' id='word_1_147' title='bbox 2802 589 3147 655; x_wconf 86' lang='lat' dir='ltr'>statuerunt,</span> <span class='ocrx_word' id='word_1_148' title='bbox 3191 594 3244 642; x_wconf 89' lang='lat' dir='ltr'>et</span> <span class='ocrx_word' id='word_1_149' title='bbox 3281 589 3377 643; x_wconf 90' lang='lat' dir='ltr'>hoc</span> <span class='ocrx_word' id='word_1_150' title='bbox 3415 594 3624 647; x_wconf 83' lang='lat' dir='ltr'>remedio</span> <span class='ocrx_word' id='word_1_151' title='bbox 3658 612 3809 652; x_wconf 73' lang='lat' dir='ltr'>venena</span> 
     </span>
    </p>
   </div>
   <div class='ocr_carea' id='block_1_20' title="bbox 2309 680 3810 752">
    <p class='ocr_par' dir='ltr' id='par_1_20' title="bbox 2309 680 3810 752">
     <span class='ocr_line' id='line_1_20' title="bbox 2309 680 3810 752; baseline 0.005 -17"><span class='ocrx_word' id='word_1_152' title='bbox 2309 682 2602 736; x_wconf 86' lang='lat' dir='ltr'>mortifera</span> <span class='ocrx_word' id='word_1_153' title='bbox 2634 683 2766 734; x_wconf 88' lang='lat' dir='ltr'>sunt</span> <span class='ocrx_word' id='word_1_154' title='bbox 2808 680 3068 752; x_wconf 84' lang='lat' dir='ltr'>depulsa,</span> <span class='ocrx_word' id='word_1_155' title='bbox 3096 686 3163 735; x_wconf 89' lang='lat' dir='ltr'>ut</span> <span class='ocrx_word' id='word_1_156' title='bbox 3189 683 3347 736; x_wconf 86' lang='lat' dir='ltr'>Pater</span> <span class='ocrx_word' id='word_1_157' title='bbox 3371 689 3421 737; x_wconf 87' lang='lat' dir='ltr'>et</span> <span class='ocrx_word' id='word_1_158' title='bbox 3446 685 3589 738; x_wconf 81' lang='lat' dir='ltr'>Filius</span> <span class='ocrx_word' id='word_1_159' title='bbox 3613 689 3739 742; x_wconf 85' lang='lat' dir='ltr'>unius</span> <span class='ocrx_word' id='word_1_160' title='bbox 3758 691 3810 743; x_wconf 89' lang='lat' dir='ltr'>di-</span> 
     </span>
    </p>
   </div>
   <div class='ocr_carea' id='block_1_21' title="bbox 2308 774 3812 847">
    <p class='ocr_par' dir='ltr' id='par_1_21' title="bbox 2308 774 3812 847">
     <span class='ocr_line' id='line_1_21' title="bbox 2308 774 3812 847; baseline 0.005 -20"><span class='ocrx_word' id='word_1_161' title='bbox 2308 774 2575 841; x_wconf 87' lang='lat' dir='ltr'>vinitatis,</span> <span class='ocrx_word' id='word_1_162' title='bbox 2607 774 2775 828; x_wconf 90' lang='lat' dir='ltr'>unius</span> <span class='ocrx_word' id='word_1_163' title='bbox 2805 774 3043 841; x_wconf 86' lang='lat' dir='ltr'>virtutis,</span> <span class='ocrx_word' id='word_1_164' title='bbox 3072 775 3344 847; x_wconf 85' lang='lat' dir='ltr'>uniusque</span> <span class='ocrx_word' id='word_1_165' title='bbox 3384 779 3729 847; x_wconf 81' lang='lat' dir='ltr'>magnitudinis</span> <span class='ocrx_word' id='word_1_166' title='bbox 3755 784 3812 837; x_wconf 75' lang='lat' dir='ltr'>de-</span> 
     </span>
    </p>
   </div>
   <div class='ocr_carea' id='block_1_22' title="bbox 2307 868 3811 938">
    <p class='ocr_par' dir='ltr' id='par_1_22' title="bbox 2307 868 3811 938">
     <span class='ocr_line' id='line_1_22' title="bbox 2307 868 3811 938; baseline 0.003 -15"><span class='ocrx_word' id='word_1_167' title='bbox 2307 868 2438 923; x_wconf 87' lang='lat' dir='ltr'>beat</span> <span class='ocrx_word' id='word_1_168' title='bbox 2460 868 2635 937; x_wconf 88' lang='lat' dir='ltr'>credi,</span> <span class='ocrx_word' id='word_1_169' title='bbox 2668 868 2951 938; x_wconf 89' lang='lat' dir='ltr'>uniusque</span> <span class='ocrx_word' id='word_1_170' title='bbox 2981 868 3238 923; x_wconf 72' lang='lat' dir='ltr'>essentia:</span> <span class='ocrx_word' id='word_1_171' title='bbox 3268 869 3373 923; x_wconf 86' lang='lat' dir='ltr'>sive</span> <span class='ocrx_word' id='word_1_172' title='bbox 3390 870 3678 926; x_wconf 70' lang='lat' dir='ltr'>substantia:</span> <span class='ocrx_word' id='word_1_173' title='bbox 3698 876 3811 927; x_wconf 84' lang='lat' dir='ltr'>simul</span> 
     </span>
    </p>
   </div>
   <div class='ocr_carea' id='block_1_23' title="bbox 2309 961 3813 1035">
    <p class='ocr_par' dir='ltr' id='par_1_23' title="bbox 2309 961 3813 1035">
     <span class='ocr_line' id='line_1_23' title="bbox 2309 961 3813 1035; baseline 0.003 -19"><span class='ocrx_word' id='word_1_174' title='bbox 2309 966 2365 1016; x_wconf 86' lang='lat' dir='ltr'>et</span> <span class='ocrx_word' id='word_1_175' title='bbox 2404 961 2648 1033; x_wconf 80' lang='lat' dir='ltr'>Spiritus</span> <span class='ocrx_word' id='word_1_176' title='bbox 2692 965 2940 1016; x_wconf 85' lang='lat' dir='ltr'>sanctus.</span> <span class='ocrx_word' id='word_1_177' title='bbox 2982 962 3159 1016; x_wconf 86' lang='lat' dir='ltr'>Aliter</span> <span class='ocrx_word' id='word_1_178' title='bbox 3202 962 3348 1016; x_wconf 86' lang='lat' dir='ltr'>enim</span> <span class='ocrx_word' id='word_1_179' title='bbox 3389 965 3635 1035; x_wconf 84' lang='lat' dir='ltr'>sapientes</span> <span class='ocrx_word' id='word_1_180' title='bbox 3667 967 3813 1021; x_wconf 80' lang='lat' dir='ltr'>alienus</span> 
     </span>
    </p>
   </div>
   <div class='ocr_carea' id='block_1_24' title="bbox 2306 1055 3813 1125">
    <p class='ocr_par' dir='ltr' id='par_1_24' title="bbox 2306 1055 3813 1125">
     <span class='ocr_line' id='line_1_24' title="bbox 2306 1055 3813 1125; baseline 0.003 -16"><span class='ocrx_word' id='word_1_181' title='bbox 2306 1072 2427 1110; x_wconf 86' lang='lat' dir='ltr'>esse</span> <span class='ocrx_word' id='word_1_182' title='bbox 2456 1072 2490 1109; x_wconf 90' lang='lat' dir='ltr'>a</span> <span class='ocrx_word' id='word_1_183' title='bbox 2515 1058 2708 1109; x_wconf 88' lang='lat' dir='ltr'>nostra</span> <span class='ocrx_word' id='word_1_184' title='bbox 2736 1055 3142 1109; x_wconf 81' lang='lat' dir='ltr'>communione</span> <span class='ocrx_word' id='word_1_185' title='bbox 3160 1055 3550 1125; x_wconf 80' lang='lat' dir='ltr'>judicaverunt.</span> <span class='ocrx_word' id='word_1_186' title='bbox 3576 1058 3720 1121; x_wconf 85' lang='lat' dir='ltr'>Quem</span> <span class='ocrx_word' id='word_1_187' title='bbox 3743 1066 3813 1113; x_wconf 75' lang='lat' dir='ltr'>ler—</span> 
     </span>
    </p>
   </div>
   <div class='ocr_carea' id='block_1_25' title="bbox 2307 1148 3813 1221">
    <p class='ocr_par' dir='ltr' id='par_1_25' title="bbox 2307 1148 3813 1221">
     <span class='ocr_line' id='line_1_25' title="bbox 2307 1148 3813 1221; baseline 0.002 -19"><span class='ocrx_word' id='word_1_188' title='bbox 2307 1149 2530 1203; x_wconf 88' lang='lat' dir='ltr'>minum</span> <span class='ocrx_word' id='word_1_189' title='bbox 2591 1150 2905 1202; x_wconf 88' lang='lat' dir='ltr'>salutarem</span> <span class='ocrx_word' id='word_1_190' title='bbox 2957 1148 3407 1221; x_wconf 88' lang='lat' dir='ltr'>adorabilemque</span> <span class='ocrx_word' id='word_1_191' title='bbox 3453 1150 3813 1205; x_wconf 71' lang='lat' dir='ltr'>deliberationum</span> 
     </span>
    </p>
   </div>
   <div class='ocr_carea' id='block_1_26' title="bbox 2304 1241 3815 1314">
    <p class='ocr_par' dir='ltr' id='par_1_26' title="bbox 2304 1241 3815 1314">
     <span class='ocr_line' id='line_1_26' title="bbox 2304 1241 3815 1314; baseline 0 -17"><span class='ocrx_word' id='word_1_192' title='bbox 2304 1258 2673 1313; x_wconf 82' lang='lat' dir='ltr'>corrumpere</span> <span class='ocrx_word' id='word_1_193' title='bbox 2695 1241 2934 1313; x_wconf 80' lang='lat' dir='ltr'>quidam</span> <span class='ocrx_word' id='word_1_194' title='bbox 2954 1243 3078 1296; x_wconf 88' lang='lat' dir='ltr'>aliis</span> <span class='ocrx_word' id='word_1_195' title='bbox 3106 1243 3535 1313; x_wconf 80' lang='lat' dir='ltr'>cogitationibus,</span> <span class='ocrx_word' id='word_1_196' title='bbox 3552 1248 3815 1314; x_wconf 81' lang='lat' dir='ltr'>atqueteme-</span> 
     </span>
    </p>
   </div>
   <div class='ocr_carea' id='block_1_27' title="bbox 2304 1336 3815 1407">
    <p class='ocr_par' dir='ltr' id='par_1_27' title="bbox 2304 1336 3815 1407">
     <span class='ocr_line' id='line_1_27' title="bbox 2304 1336 3815 1407; baseline -0.001 -17"><span class='ocrx_word' id='word_1_197' title='bbox 2304 1353 2430 1391; x_wconf 87' lang='lat' dir='ltr'>rare</span> <span class='ocrx_word' id='word_1_198' title='bbox 2487 1336 2815 1405; x_wconf 89' lang='lat' dir='ltr'>voluerunt,</span> <span class='ocrx_word' id='word_1_199' title='bbox 2867 1336 2965 1390; x_wconf 90' lang='lat' dir='ltr'>sed</span> <span class='ocrx_word' id='word_1_200' title='bbox 3008 1336 3067 1389; x_wconf 90' lang='lat' dir='ltr'>in</span> <span class='ocrx_word' id='word_1_201' title='bbox 3108 1336 3228 1407; x_wconf 90' lang='lat' dir='ltr'>ipso</span> <span class='ocrx_word' id='word_1_202' title='bbox 3268 1336 3523 1407; x_wconf 90' lang='lat' dir='ltr'>principio</span> <span class='ocrx_word' id='word_1_203' title='bbox 3558 1337 3616 1390; x_wconf 87' lang='lat' dir='ltr'>ab</span> <span class='ocrx_word' id='word_1_204' title='bbox 3646 1336 3815 1407; x_wconf 75' lang='lat' dir='ltr'>hisipsis</span> 
     </span>
    </p>
   </div>
   <div class='ocr_carea' id='block_1_28' title="bbox 2304 1430 3814 1501">
    <p class='ocr_par' dir='ltr' id='par_1_28' title="bbox 2304 1430 3814 1501">
     <span class='ocr_line' id='line_1_28' title="bbox 2304 1430 3814 1501; baseline 0 -17"><span class='ocrx_word' id='word_1_205' title='bbox 2304 1431 2402 1501; x_wconf 89' lang='lat' dir='ltr'>qui</span> <span class='ocrx_word' id='word_1_206' title='bbox 2446 1430 2504 1484; x_wconf 90' lang='lat' dir='ltr'>in</span> <span class='ocrx_word' id='word_1_207' title='bbox 2550 1430 2808 1484; x_wconf 81' lang='lat' dir='ltr'>Arimino</span> <span class='ocrx_word' id='word_1_208' title='bbox 2857 1430 3124 1496; x_wconf 88' lang='lat' dir='ltr'>revocari,</span> <span class='ocrx_word' id='word_1_209' title='bbox 3166 1434 3265 1484; x_wconf 89' lang='lat' dir='ltr'>aut</span> <span class='ocrx_word' id='word_1_210' title='bbox 3292 1434 3573 1485; x_wconf 86' lang='lat' dir='ltr'>retractare</span> <span class='ocrx_word' id='word_1_211' title='bbox 3597 1432 3814 1500; x_wconf 66' lang='lat' dir='ltr'>compelle-</span> 
     </span>
    </p>
   </div>
   <div class='ocr_carea' id='block_1_29' title="bbox 2303 1523 3814 1595">
    <p class='ocr_par' dir='ltr' id='par_1_29' title="bbox 2303 1523 3814 1595">
     <span class='ocr_line' id='line_1_29' title="bbox 2303 1523 3814 1595; baseline -0.001 -16"><span class='ocrx_word' id='word_1_212' title='bbox 2303 1525 2533 1591; x_wconf 88' lang='lat' dir='ltr'>bantur,</span> <span class='ocrx_word' id='word_1_213' title='bbox 2558 1540 2740 1595; x_wconf 85' lang='lat' dir='ltr'>usque</span> <span class='ocrx_word' id='word_1_214' title='bbox 2769 1524 2842 1578; x_wconf 88' lang='lat' dir='ltr'>ad</span> <span class='ocrx_word' id='word_1_215' title='bbox 2871 1523 2977 1578; x_wconf 89' lang='lat' dir='ltr'>hoc</span> <span class='ocrx_word' id='word_1_216' title='bbox 3006 1540 3175 1578; x_wconf 86' lang='lat' dir='ltr'>causa</span> <span class='ocrx_word' id='word_1_217' title='bbox 3213 1530 3460 1595; x_wconf 84' lang='lat' dir='ltr'>correpta</span> <span class='ocrx_word' id='word_1_218' title='bbox 3483 1528 3559 1577; x_wconf 87' lang='lat' dir='ltr'>est</span> <span class='ocrx_word' id='word_1_219' title='bbox 3584 1527 3635 1581; x_wconf 86' lang='lat' dir='ltr'>ut</span> <span class='ocrx_word' id='word_1_220' title='bbox 3655 1525 3814 1577; x_wconf 77' lang='lat' dir='ltr'>coclite-</span> 
     </span>
    </p>
   </div>
   <div class='ocr_carea' id='block_1_30' title="bbox 2300 1617 3815 1689">
    <p class='ocr_par' dir='ltr' id='par_1_30' title="bbox 2300 1617 3815 1689">
     <span class='ocr_line' id='line_1_30' title="bbox 2300 1617 3815 1689; baseline -0.002 -18"><span class='ocrx_word' id='word_1_221' title='bbox 2300 1620 2505 1672; x_wconf 87' lang='lat' dir='ltr'>rentur</span> <span class='ocrx_word' id='word_1_222' title='bbox 2528 1617 2639 1671; x_wconf 86' lang='lat' dir='ltr'>alia</span> <span class='ocrx_word' id='word_1_223' title='bbox 2657 1617 2764 1671; x_wconf 92' lang='lat' dir='ltr'>sibi</span> <span class='ocrx_word' id='word_1_224' title='bbox 2777 1617 3261 1672; x_wconf 87' lang='lat' dir='ltr'>circumventione</span> <span class='ocrx_word' id='word_1_225' title='bbox 3281 1617 3610 1689; x_wconf 88' lang='lat' dir='ltr'>subreptum,</span> <span class='ocrx_word' id='word_1_226' title='bbox 3629 1622 3705 1670; x_wconf 86' lang='lat' dir='ltr'>aut</span> <span class='ocrx_word' id='word_1_227' title='bbox 3720 1621 3815 1670; x_wconf 73' lang='lat' dir='ltr'>certe</span> 
     </span>
    </p>
   </div>
   <div class='ocr_carea' id='block_1_31' title="bbox 2306 1709 3817 1782">
    <p class='ocr_par' dir='ltr' id='par_1_31' title="bbox 2306 1709 3817 1782">
     <span class='ocr_line' id='line_1_31' title="bbox 2306 1709 3817 1782; baseline -0.002 -18"><span class='ocrx_word' id='word_1_228' title='bbox 2306 1710 2438 1782; x_wconf 90' lang='lat' dir='ltr'>quia</span> <span class='ocrx_word' id='word_1_229' title='bbox 2463 1728 2577 1765; x_wconf 90' lang='lat' dir='ltr'>non</span> <span class='ocrx_word' id='word_1_230' title='bbox 2609 1709 3018 1766; x_wconf 89' lang='lat' dir='ltr'>intellexerunt</span> <span class='ocrx_word' id='word_1_231' title='bbox 3041 1712 3271 1765; x_wconf 86' lang='lat' dir='ltr'>Patrum</span> <span class='ocrx_word' id='word_1_232' title='bbox 3307 1710 3578 1765; x_wconf 78' lang='lat' dir='ltr'>sententiae</span> <span class='ocrx_word' id='word_1_233' title='bbox 3598 1709 3647 1763; x_wconf 91' lang='lat' dir='ltr'>in</span> <span class='ocrx_word' id='word_1_234' title='bbox 3667 1709 3817 1763; x_wconf 71' lang='lat' dir='ltr'>Nicena</span> 
     </span>
    </p>
   </div>
   <div class='ocr_carea' id='block_1_32' title="bbox 571 1802 3818 1881">
    <p class='ocr_par' dir='ltr' id='par_1_32' title="bbox 571 1802 3818 1881">
     <span class='ocr_line' id='line_1_32' title="bbox 571 1802 3818 1881; baseline 0 -21"><span class='ocrx_word' id='word_1_235' title='bbox 571 1811 907 1863; x_wconf 86' lang='lat' dir='ltr'>cunctorum</span> <span class='ocrx_word' id='word_1_236' title='bbox 961 1810 1322 1864; x_wconf 86' lang='lat' dir='ltr'>decessorum</span> <span class='ocrx_word' id='word_1_237' title='bbox 1348 1816 1677 1866; x_wconf 86' lang='lat' dir='ltr'>nostrorum</span> <span class='ocrx_word' id='word_1_238' title='bbox 1717 1811 2040 1881; x_wconf 76' lang='lat' dir='ltr'>constituta,</span> <span class='ocrx_word' id='word_1_239' title='bbox 2077 1827 2204 1881; x_wconf 64' lang='lat' dir='ltr'>qua:</span> <span class='ocrx_word' id='word_1_240' title='bbox 2223 1804 2281 1876; x_wconf 88' lang='lat' dir='ltr'><strong>B</strong></span> <span class='ocrx_word' id='word_1_241' title='bbox 2305 1804 2625 1859; x_wconf 58' lang='lat' dir='ltr'>constituta</span> <span class='ocrx_word' id='word_1_242' title='bbox 2652 1804 2762 1858; x_wconf 86' lang='lat' dir='ltr'>hoc</span> <span class='ocrx_word' id='word_1_243' title='bbox 2800 1820 2918 1859; x_wconf 82' lang='lat' dir='ltr'>esse</span> <span class='ocrx_word' id='word_1_244' title='bbox 2944 1804 3314 1873; x_wconf 86' lang='lat' dir='ltr'>contrarium,</span> <span class='ocrx_word' id='word_1_245' title='bbox 3340 1820 3510 1875; x_wconf 89' lang='lat' dir='ltr'>neque</span> <span class='ocrx_word' id='word_1_246' title='bbox 3533 1803 3664 1857; x_wconf 87' lang='lat' dir='ltr'>enim</span> <span class='ocrx_word' id='word_1_247' title='bbox 3686 1802 3818 1872; x_wconf 58' lang='lat' dir='ltr'>prmiu-</span> 
     </span>
    </p>
   </div>
   <div class='ocr_carea' id='block_1_33' title="bbox 569 1898 2205 1976">
    <p class='ocr_par' dir='ltr' id='par_1_33' title="bbox 569 1898 2205 1976">
     <span class='ocr_line' id='line_1_33' title="bbox 569 1898 2205 1976; baseline 0.001 -20"><span class='ocrx_word' id='word_1_248' title='bbox 569 1898 643 1957; x_wconf 81' lang='lat' dir='ltr'>de</span> <span class='ocrx_word' id='word_1_249' title='bbox 674 1901 1064 1958; x_wconf 78' lang='lat' dir='ltr'>ecclesiasticis</span> <span class='ocrx_word' id='word_1_250' title='bbox 1109 1903 1406 1959; x_wconf 89' lang='lat' dir='ltr'>ordinibus</span> <span class='ocrx_word' id='word_1_251' title='bbox 1448 1910 1503 1959; x_wconf 89' lang='lat' dir='ltr'>et</span> <span class='ocrx_word' id='word_1_252' title='bbox 1531 1918 1816 1959; x_wconf 69' lang='lat' dir='ltr'>canonum</span> <span class='ocrx_word' id='word_1_253' title='bbox 1846 1905 2205 1976; x_wconf 77' lang='lat' dir='ltr'>promulgata</span> 
     </span>
    </p>
   </div>
   <div class='ocr_carea' id='block_1_34' title="bbox 571 1995 2202 2070">
    <p class='ocr_par' dir='ltr' id='par_1_34' title="bbox 571 1995 2202 2070">
     <span class='ocr_line' id='line_1_34' title="bbox 571 1995 2202 2070; baseline 0.001 -19"><span class='ocrx_word' id='word_1_254' title='bbox 571 1999 705 2051; x_wconf 88' lang='lat' dir='ltr'>sunt</span> <span class='ocrx_word' id='word_1_255' title='bbox 731 1995 1062 2067; x_wconf 83' lang='lat' dir='ltr'>disciplinis,</span> <span class='ocrx_word' id='word_1_256' title='bbox 1104 1998 1181 2052; x_wconf 86' lang='lat' dir='ltr'>ita</span> <span class='ocrx_word' id='word_1_257' title='bbox 1222 1998 1385 2052; x_wconf 88' lang='lat' dir='ltr'>vobis</span> <span class='ocrx_word' id='word_1_258' title='bbox 1426 2003 1484 2053; x_wconf 91' lang='lat' dir='ltr'>et</span> <span class='ocrx_word' id='word_1_259' title='bbox 1520 1998 1788 2053; x_wconf 86' lang='lat' dir='ltr'>omnibus</span> <span class='ocrx_word' id='word_1_260' title='bbox 1829 1998 2102 2070; x_wconf 90' lang='lat' dir='ltr'>episcopis</span> <span class='ocrx_word' id='word_1_261' title='bbox 2140 2015 2202 2053; x_wconf 88' lang='lat' dir='ltr'>ac</span> 
     </span>
    </p>
   </div>
   <div class='ocr_carea' id='block_1_35' title="bbox 569 2090 2202 2157">
    <p class='ocr_par' dir='ltr' id='par_1_35' title="bbox 569 2090 2202 2157">
     <span class='ocr_line' id='line_1_35' title="bbox 569 2090 2202 2157; baseline 0.001 -13"><span class='ocrx_word' id='word_1_262' title='bbox 569 2090 785 2145; x_wconf 89' lang='lat' dir='ltr'>cunctis</span> <span class='ocrx_word' id='word_1_263' title='bbox 840 2090 1184 2157; x_wconf 69' lang='lat' dir='ltr'>generaliter</span> <span class='ocrx_word' id='word_1_264' title='bbox 1240 2091 1627 2147; x_wconf 82' lang='lat' dir='ltr'>sacerdotibus</span> <span class='ocrx_word' id='word_1_265' title='bbox 1677 2092 1945 2147; x_wconf 84' lang='lat' dir='ltr'>custodiri</span> <span class='ocrx_word' id='word_1_266' title='bbox 1999 2092 2202 2147; x_wconf 87' lang='lat' dir='ltr'>debere</span> 
     </span>
    </p>
   </div>
   <div class='ocr_carea' id='block_1_36' title="bbox 568 2183 2200 2254">
    <p class='ocr_par' dir='ltr' id='par_1_36' title="bbox 568 2183 2200 2254">
     <span class='ocr_line' id='line_1_36' title="bbox 568 2183 2200 2254; baseline 0.001 -16"><span class='ocrx_word' id='word_1_267' title='bbox 568 2183 925 2251; x_wconf 89' lang='lat' dir='ltr'>mandamus,</span> <span class='ocrx_word' id='word_1_268' title='bbox 953 2185 1085 2238; x_wconf 89' lang='lat' dir='ltr'>utsi</span> <span class='ocrx_word' id='word_1_269' title='bbox 1106 2184 1235 2254; x_wconf 87' lang='lat' dir='ltr'>quis</span> <span class='ocrx_word' id='word_1_270' title='bbox 1255 2184 1313 2239; x_wconf 91' lang='lat' dir='ltr'>in</span> <span class='ocrx_word' id='word_1_271' title='bbox 1338 2184 1436 2239; x_wconf 93' lang='lat' dir='ltr'>illa</span> <span class='ocrx_word' id='word_1_272' title='bbox 1460 2185 1832 2253; x_wconf 88' lang='lat' dir='ltr'>commiserit,</span> <span class='ocrx_word' id='word_1_273' title='bbox 1854 2185 2079 2240; x_wconf 84' lang='lat' dir='ltr'>veniam</span> <span class='ocrx_word' id='word_1_274' title='bbox 2096 2185 2200 2240; x_wconf 89' lang='lat' dir='ltr'>sibi</span> 
     </span>
    </p>
   </div>
   <div class='ocr_carea' id='block_1_37' title="bbox 569 2276 2201 2349">
    <p class='ocr_par' dir='ltr' id='par_1_37' title="bbox 569 2276 2201 2349">
     <span class='ocr_line' id='line_1_37' title="bbox 569 2276 2201 2349; baseline 0.001 -18"><span class='ocrx_word' id='word_1_275' title='bbox 569 2276 834 2348; x_wconf 90' lang='lat' dir='ltr'>deinceps</span> <span class='ocrx_word' id='word_1_276' title='bbox 862 2276 1086 2332; x_wconf 88' lang='lat' dir='ltr'>noverit</span> <span class='ocrx_word' id='word_1_277' title='bbox 1114 2277 1408 2349; x_wconf 88' lang='lat' dir='ltr'>denegari,</span> <span class='ocrx_word' id='word_1_278' title='bbox 1429 2279 1695 2349; x_wconf 89' lang='lat' dir='ltr'>quoniam</span> <span class='ocrx_word' id='word_1_279' title='bbox 1724 2281 2043 2334; x_wconf 89' lang='lat' dir='ltr'>occurreret</span> <span class='ocrx_word' id='word_1_280' title='bbox 2062 2279 2201 2334; x_wconf 90' lang='lat' dir='ltr'>veri-</span> 
     </span>
    </p>
   </div>
   <div class='ocr_carea' id='block_1_38' title="bbox 567 2370 2199 2443">
    <p class='ocr_par' dir='ltr' id='par_1_38' title="bbox 567 2370 2199 2443">
     <span class='ocr_line' id='line_1_38' title="bbox 567 2370 2199 2443; baseline 0.002 -18"><span class='ocrx_word' id='word_1_281' title='bbox 567 2376 674 2439; x_wconf 86' lang='lat' dir='ltr'>tas,</span> <span class='ocrx_word' id='word_1_282' title='bbox 705 2370 751 2424; x_wconf 90' lang='lat' dir='ltr'>si</span> <span class='ocrx_word' id='word_1_283' title='bbox 785 2370 999 2424; x_wconf 77' lang='lat' dir='ltr'>falsitas</span> <span class='ocrx_word' id='word_1_284' title='bbox 1018 2370 1361 2442; x_wconf 84' lang='lat' dir='ltr'>displiceret,</span> <span class='ocrx_word' id='word_1_285' title='bbox 1389 2377 1445 2427; x_wconf 90' lang='lat' dir='ltr'>et</span> <span class='ocrx_word' id='word_1_286' title='bbox 1472 2373 1679 2428; x_wconf 90' lang='lat' dir='ltr'>merito</span> <span class='ocrx_word' id='word_1_287' title='bbox 1708 2386 1814 2426; x_wconf 83' lang='lat' dir='ltr'>nos</span> <span class='ocrx_word' id='word_1_288' title='bbox 1847 2372 1942 2443; x_wconf 85' lang='lat' dir='ltr'>qui</span> <span class='ocrx_word' id='word_1_289' title='bbox 1974 2388 2199 2428; x_wconf 89' lang='lat' dir='ltr'>summa</span> 
     </span>
    </p>
   </div>
   <div class='ocr_carea' id='block_1_39' title="bbox 562 2464 2195 2537">
    <p class='ocr_par' dir='ltr' id='par_1_39' title="bbox 562 2464 2195 2537">
     <span class='ocr_line' id='line_1_39' title="bbox 562 2464 2195 2537; baseline 0.002 -19"><span class='ocrx_word' id='word_1_290' title='bbox 562 2464 823 2519; x_wconf 63' lang='lat' dir='ltr'>Ecclesia:</span> <span class='ocrx_word' id='word_1_291' title='bbox 847 2468 1040 2519; x_wconf 90' lang='lat' dir='ltr'>tenere</span> <span class='ocrx_word' id='word_1_292' title='bbox 1066 2465 1343 2520; x_wconf 89' lang='lat' dir='ltr'>debemus</span> <span class='ocrx_word' id='word_1_293' title='bbox 1362 2466 1747 2537; x_wconf 83' lang='lat' dir='ltr'>gubernacula</span> <span class='ocrx_word' id='word_1_294' title='bbox 1765 2483 1933 2521; x_wconf 91' lang='lat' dir='ltr'>causa</span> <span class='ocrx_word' id='word_1_295' title='bbox 1950 2465 2195 2537; x_wconf 89' lang='lat' dir='ltr'>respicit,</span> 
     </span>
    </p>
   </div>
   <div class='ocr_carea' id='block_1_40' title="bbox 567 2557 2194 2629">
    <p class='ocr_par' dir='ltr' id='par_1_40' title="bbox 567 2557 2194 2629">
     <span class='ocr_line' id='line_1_40' title="bbox 567 2557 2194 2629; baseline 0.001 -17"><span class='ocrx_word' id='word_1_296' title='bbox 567 2557 610 2612; x_wconf 89' lang='lat' dir='ltr'>si</span> <span class='ocrx_word' id='word_1_297' title='bbox 661 2557 888 2613; x_wconf 87' lang='lat' dir='ltr'>silentio</span> <span class='ocrx_word' id='word_1_298' title='bbox 933 2558 1222 2613; x_wconf 83' lang='lat' dir='ltr'>faveamus</span> <span class='ocrx_word' id='word_1_299' title='bbox 1269 2560 1468 2615; x_wconf 89' lang='lat' dir='ltr'>errori.</span> <span class='ocrx_word' id='word_1_300' title='bbox 1518 2561 1656 2615; x_wconf 86' lang='lat' dir='ltr'>Data</span> <span class='ocrx_word' id='word_1_301' title='bbox 1702 2560 1983 2615; x_wconf 85' lang='lat' dir='ltr'>Kalendas</span> <span class='ocrx_word' id='word_1_302' title='bbox 2022 2561 2194 2629; x_wconf 85' lang='lat' dir='ltr'>Junii,</span> 
     </span>
    </p>
   </div>
   <div class='ocr_carea' id='block_1_41' title="bbox 562 2651 1740 2709">
    <p class='ocr_par' dir='ltr' id='par_1_41' title="bbox 562 2651 1740 2709">
     <span class='ocr_line' id='line_1_41' title="bbox 562 2651 1740 2709; baseline 0.002 -3"><span class='ocrx_word' id='word_1_303' title='bbox 562 2651 722 2708; x_wconf 81' lang='lat' dir='ltr'>Libio</span> <span class='ocrx_word' id='word_1_304' title='bbox 752 2657 808 2707; x_wconf 82' lang='lat' dir='ltr'>et</span> <span class='ocrx_word' id='word_1_305' title='bbox 835 2652 1152 2708; x_wconf 88' lang='lat' dir='ltr'>Theodosio</span> <span class='ocrx_word' id='word_1_306' title='bbox 1184 2655 1248 2707; x_wconf 89' lang='lat' dir='ltr'>IV</span> <span class='ocrx_word' id='word_1_307' title='bbox 1278 2671 1358 2708; x_wconf 91' lang='lat' dir='ltr'>cc.</span> <span class='ocrx_word' id='word_1_308' title='bbox 1394 2654 1740 2709; x_wconf 89' lang='lat' dir='ltr'>consulibus.</span> 
     </span>
    </p>
   </div>
   <div class='ocr_carea' id='block_1_42' title="bbox 638 2770 2134 2842">
    <p class='ocr_par' dir='ltr' id='par_1_42' title="bbox 638 2770 2134 2842">
     <span class='ocr_line' id='line_1_42' title="bbox 638 2770 2134 2842; baseline 0.001 -18"><span class='ocrx_word' id='word_1_309' title='bbox 638 2772 767 2825; x_wconf 85' lang='lat' dir='ltr'>Item</span> <span class='ocrx_word' id='word_1_310' title='bbox 795 2770 861 2824; x_wconf 86' lang='lat' dir='ltr'>de</span> <span class='ocrx_word' id='word_1_311' title='bbox 884 2770 1254 2825; x_wconf 80' lang='lat' dir='ltr'>sacerdotibus</span> <span class='ocrx_word' id='word_1_312' title='bbox 1279 2773 1376 2842; x_wconf 79' lang='lat' dir='ltr'>qui</span> <span class='ocrx_word' id='word_1_313' title='bbox 1401 2772 1466 2826; x_wconf 77' lang='lat' dir='ltr'>de</span> <span class='ocrx_word' id='word_1_314' title='bbox 1493 2772 1725 2826; x_wconf 77' lang='lat' dir='ltr'>ecclesiis</span> <span class='ocrx_word' id='word_1_315' title='bbox 1753 2774 1864 2827; x_wconf 80' lang='lat' dir='ltr'>suis</span> <span class='ocrx_word' id='word_1_316' title='bbox 1889 2773 1964 2827; x_wconf 85' lang='lat' dir='ltr'>ad</span> <span class='ocrx_word' id='word_1_317' title='bbox 1992 2773 2134 2828; x_wconf 79' lang='lat' dir='ltr'>alias</span> 
     </span>
    </p>
   </div>
   <div class='ocr_carea' id='block_1_43' title="bbox 1113 2842 1641 2911">
    <p class='ocr_par' dir='ltr' id='par_1_43' title="bbox 1113 2842 1641 2911">
     <span class='ocr_line' id='line_1_43' title="bbox 1113 2842 1641 2911; baseline 0 -16"><span class='ocrx_word' id='word_1_318' title='bbox 1113 2842 1641 2911; x_wconf 64' lang='lat' dir='ltr'>migrant&#39;ecclesias.</span> 
     </span>
    </p>
   </div>
   <div class='ocr_carea' id='block_1_44' title="bbox 637 2941 2195 3016">
    <p class='ocr_par' dir='ltr' id='par_1_44' title="bbox 637 2941 2195 3016">
     <span class='ocr_line' id='line_1_44' title="bbox 637 2941 2195 3016; baseline 0.004 -21"><span class='ocrx_word' id='word_1_319' title='bbox 637 2941 745 2996; x_wconf 87' lang='lat' dir='ltr'>Eos</span> <span class='ocrx_word' id='word_1_320' title='bbox 792 2944 984 2997; x_wconf 83' lang='lat' dir='ltr'>autem</span> <span class='ocrx_word' id='word_1_321' title='bbox 1038 2942 1357 2998; x_wconf 79' lang='lat' dir='ltr'>sacerdotes</span> <span class='ocrx_word' id='word_1_322' title='bbox 1405 2944 1503 3016; x_wconf 87' lang='lat' dir='ltr'>qui</span> <span class='ocrx_word' id='word_1_323' title='bbox 1551 2944 1621 3000; x_wconf 91' lang='lat' dir='ltr'>de</span> <span class='ocrx_word' id='word_1_324' title='bbox 1670 2945 1922 3000; x_wconf 88' lang='lat' dir='ltr'>ecclesiis</span> <span class='ocrx_word' id='word_1_325' title='bbox 1965 2947 2082 3001; x_wconf 90' lang='lat' dir='ltr'>suis</span> <span class='ocrx_word' id='word_1_326' title='bbox 2125 2948 2195 3002; x_wconf 91' lang='lat' dir='ltr'>ad</span> 
     </span>
    </p>
   </div>
   <div class='ocr_carea' id='block_1_45' title="bbox 562 3034 2194 3106">
    <p class='ocr_par' dir='ltr' id='par_1_45' title="bbox 562 3034 2194 3106">
     <span class='ocr_line' id='line_1_45' title="bbox 562 3034 2194 3106; baseline 0.004 -17"><span class='ocrx_word' id='word_1_327' title='bbox 562 3034 697 3089; x_wconf 81' lang='lat' dir='ltr'>alias</span> <span class='ocrx_word' id='word_1_328' title='bbox 726 3035 1133 3106; x_wconf 81' lang='lat' dir='ltr'>migraverunt,</span> <span class='ocrx_word' id='word_1_329' title='bbox 1165 3038 1369 3093; x_wconf 87' lang='lat' dir='ltr'>tandiu</span> <span class='ocrx_word' id='word_1_330' title='bbox 1386 3053 1418 3092; x_wconf 88' lang='lat' dir='ltr'>a</span> <span class='ocrx_word' id='word_1_331' title='bbox 1443 3038 1848 3094; x_wconf 90' lang='lat' dir='ltr'>communione</span> <span class='ocrx_word' id='word_1_332' title='bbox 1878 3043 2072 3096; x_wconf 89' lang='lat' dir='ltr'>nostra</span> <span class='ocrx_word' id='word_1_333' title='bbox 2093 3040 2194 3095; x_wconf 78' lang='lat' dir='ltr'>ha-</span> 
     </span>
    </p>
   </div>
   <div class='ocr_carea' id='block_1_46' title="bbox 560 3129 2193 3203">
    <p class='ocr_par' dir='ltr' id='par_1_46' title="bbox 560 3129 2193 3203">
     <span class='ocr_line' id='line_1_46' title="bbox 560 3129 2193 3203; baseline 0.003 -19"><span class='ocrx_word' id='word_1_334' title='bbox 560 3129 761 3185; x_wconf 85' lang='lat' dir='ltr'>bemus</span> <span class='ocrx_word' id='word_1_335' title='bbox 780 3129 1013 3197; x_wconf 89' lang='lat' dir='ltr'>alienos,</span> <span class='ocrx_word' id='word_1_336' title='bbox 1036 3130 1287 3202; x_wconf 88' lang='lat' dir='ltr'>quandiu</span> <span class='ocrx_word' id='word_1_337' title='bbox 1311 3132 1384 3187; x_wconf 91' lang='lat' dir='ltr'>ad</span> <span class='ocrx_word' id='word_1_338' title='bbox 1412 3149 1507 3187; x_wconf 89' lang='lat' dir='ltr'>eas</span> <span class='ocrx_word' id='word_1_339' title='bbox 1534 3132 1807 3188; x_wconf 87' lang='lat' dir='ltr'>redierint</span> <span class='ocrx_word' id='word_1_340' title='bbox 1834 3133 2108 3203; x_wconf 88' lang='lat' dir='ltr'>civitates,</span> <span class='ocrx_word' id='word_1_341' title='bbox 2135 3134 2193 3190; x_wconf 90' lang='lat' dir='ltr'>in</span> 
     </span>
    </p>
   </div>
   <div class='ocr_carea' id='block_1_47' title="bbox 2303 1894 3818 1969">
    <p class='ocr_par' dir='ltr' id='par_1_47' title="bbox 2303 1894 3818 1969">
     <span class='ocr_line' id='line_1_47' title="bbox 2303 1894 3818 1969; baseline -0.004 -17"><span class='ocrx_word' id='word_1_342' title='bbox 2303 1898 2516 1953; x_wconf 89' lang='lat' dir='ltr'>dicium</span> <span class='ocrx_word' id='word_1_343' title='bbox 2553 1896 2785 1968; x_wconf 84' lang='lat' dir='ltr'>aliquod</span> <span class='ocrx_word' id='word_1_344' title='bbox 2824 1898 2948 1951; x_wconf 74' lang='lat' dir='ltr'>fieri</span> <span class='ocrx_word' id='word_1_345' title='bbox 2982 1898 3181 1969; x_wconf 91' lang='lat' dir='ltr'>potuit,</span> <span class='ocrx_word' id='word_1_346' title='bbox 3213 1915 3316 1969; x_wconf 89' lang='lat' dir='ltr'>per</span> <span class='ocrx_word' id='word_1_347' title='bbox 3346 1912 3618 1951; x_wconf 88' lang='lat' dir='ltr'>numerum</span> <span class='ocrx_word' id='word_1_348' title='bbox 3643 1894 3818 1949; x_wconf 83' lang='lat' dir='ltr'>Arimino</span> 
     </span>
    </p>
   </div>
   <div class='ocr_carea' id='block_1_48' title="bbox 2302 1986 3817 2063">
    <p class='ocr_par' dir='ltr' id='par_1_48' title="bbox 2302 1986 3817 2063">
     <span class='ocr_line' id='line_1_48' title="bbox 2302 1986 3817 2063; baseline -0.004 -18"><span class='ocrx_word' id='word_1_349' title='bbox 2302 1996 2737 2062; x_wconf 83' lang='lat' dir='ltr'>congregatum,</span> <span class='ocrx_word' id='word_1_350' title='bbox 2765 1991 2994 2063; x_wconf 89' lang='lat' dir='ltr'>quando</span> <span class='ocrx_word' id='word_1_351' title='bbox 3022 1995 3241 2047; x_wconf 79' lang='lat' dir='ltr'>constat</span> <span class='ocrx_word' id='word_1_352' title='bbox 3259 2007 3437 2063; x_wconf 87' lang='lat' dir='ltr'>neque</span> <span class='ocrx_word' id='word_1_353' title='bbox 3455 1992 3729 2045; x_wconf 81' lang='lat' dir='ltr'>Romanum</span> <span class='ocrx_word' id='word_1_354' title='bbox 3741 1986 3817 2057; x_wconf 83' lang='lat' dir='ltr'>epi-</span> 
     </span>
    </p>
   </div>
   <div class='ocr_carea' id='block_1_49' title="bbox 2300 2085 3819 2156">
    <p class='ocr_par' dir='ltr' id='par_1_49' title="bbox 2300 2085 3819 2156">
     <span class='ocr_line' id='line_1_49' title="bbox 2300 2085 3819 2156; baseline -0.005 -17"><span class='ocrx_word' id='word_1_355' title='bbox 2300 2101 2539 2156; x_wconf 88' lang='lat' dir='ltr'>scopum</span> <span class='ocrx_word' id='word_1_356' title='bbox 2575 2085 2736 2155; x_wconf 87' lang='lat' dir='ltr'>cujus</span> <span class='ocrx_word' id='word_1_357' title='bbox 2773 2090 2904 2140; x_wconf 89' lang='lat' dir='ltr'>ante</span> <span class='ocrx_word' id='word_1_358' title='bbox 2949 2086 3145 2139; x_wconf 87' lang='lat' dir='ltr'>omnia</span> <span class='ocrx_word' id='word_1_359' title='bbox 3184 2086 3418 2140; x_wconf 88' lang='lat' dir='ltr'>decebat</span> <span class='ocrx_word' id='word_1_360' title='bbox 3458 2101 3545 2139; x_wconf 90' lang='lat' dir='ltr'>cos</span> <span class='ocrx_word' id='word_1_361' title='bbox 3592 2086 3819 2152; x_wconf 77' lang='lat' dir='ltr'>exspectare</span> 
     </span>
    </p>
   </div>
   <div class='ocr_carea' id='block_1_50' title="bbox 2300 2174 3821 2250">
    <p class='ocr_par' dir='ltr' id='par_1_50' title="bbox 2300 2174 3821 2250">
     <span class='ocr_line' id='line_1_50' title="bbox 2300 2174 3821 2250; baseline -0.006 -17"><span class='ocrx_word' id='word_1_362' title='bbox 2300 2179 2611 2246; x_wconf 85' lang='lat' dir='ltr'>decretum,</span> <span class='ocrx_word' id='word_1_363' title='bbox 2660 2195 2846 2249; x_wconf 91' lang='lat' dir='ltr'>neque</span> <span class='ocrx_word' id='word_1_364' title='bbox 2894 2178 3254 2234; x_wconf 89' lang='lat' dir='ltr'>Vincentium</span> <span class='ocrx_word' id='word_1_365' title='bbox 3288 2180 3385 2250; x_wconf 90' lang='lat' dir='ltr'>qui</span> <span class='ocrx_word' id='word_1_366' title='bbox 3421 2177 3575 2232; x_wconf 85' lang='lat' dir='ltr'>tantis</span> <span class='ocrx_word' id='word_1_367' title='bbox 3603 2175 3732 2230; x_wconf 89' lang='lat' dir='ltr'>annis</span> <span class='ocrx_word' id='word_1_368' title='bbox 3752 2174 3821 2242; x_wconf 83' lang='lat' dir='ltr'>epi-</span> 
     </span>
    </p>
   </div>
   <div class='ocr_carea' id='block_1_51' title="bbox 2299 2266 3821 2343">
    <p class='ocr_par' dir='ltr' id='par_1_51' title="bbox 2299 2266 3821 2343">
     <span class='ocr_line' id='line_1_51' title="bbox 2299 2266 3821 2343; baseline -0.005 -17"><span class='ocrx_word' id='word_1_369' title='bbox 2299 2277 2598 2343; x_wconf 88' lang='lat' dir='ltr'>scopatum</span> <span class='ocrx_word' id='word_1_370' title='bbox 2628 2272 3025 2328; x_wconf 87' lang='lat' dir='ltr'>inviolabiliter</span> <span class='ocrx_word' id='word_1_371' title='bbox 3058 2273 3381 2343; x_wconf 90' lang='lat' dir='ltr'>custodivit,</span> <span class='ocrx_word' id='word_1_372' title='bbox 3412 2288 3583 2343; x_wconf 89' lang='lat' dir='ltr'>neque</span> <span class='ocrx_word' id='word_1_373' title='bbox 3610 2269 3719 2324; x_wconf 86' lang='lat' dir='ltr'>alios</span> <span class='ocrx_word' id='word_1_374' title='bbox 3740 2266 3821 2320; x_wconf 78' lang='lat' dir='ltr'>tali-</span> 
     </span>
    </p>
   </div>
   <div class='ocr_carea' id='block_1_52' title="bbox 2298 2358 3823 2437">
    <p class='ocr_par' dir='ltr' id='par_1_52' title="bbox 2298 2358 3823 2437">
     <span class='ocr_line' id='line_1_52' title="bbox 2298 2358 3823 2437; baseline -0.007 -17"><span class='ocrx_word' id='word_1_375' title='bbox 2298 2365 2405 2421; x_wconf 89' lang='lat' dir='ltr'>bus</span> <span class='ocrx_word' id='word_1_376' title='bbox 2469 2365 2773 2437; x_wconf 68' lang='lat' dir='ltr'>praabuisse</span> <span class='ocrx_word' id='word_1_377' title='bbox 2818 2383 3160 2421; x_wconf 90' lang='lat' dir='ltr'>consensum</span> <span class='ocrx_word' id='word_1_378' title='bbox 3187 2409 3200 2435; x_wconf 91' lang='lat'>,</span> <span class='ocrx_word' id='word_1_379' title='bbox 3262 2366 3494 2422; x_wconf 84' lang='lat' dir='ltr'>maxime</span> <span class='ocrx_word' id='word_1_380' title='bbox 3547 2364 3664 2419; x_wconf 89' lang='lat' dir='ltr'>dum</span> <span class='ocrx_word' id='word_1_381' title='bbox 3703 2358 3823 2433; x_wconf 70' lang='lat' dir='ltr'>(siculi</span> 
     </span>
    </p>
   </div>
   <div class='ocr_carea' id='block_1_53' title="bbox 2299 2455 3822 2532">
    <p class='ocr_par' dir='ltr' id='par_1_53' title="bbox 2299 2455 3822 2532">
     <span class='ocr_line' id='line_1_53' title="bbox 2299 2455 3822 2532; baseline -0.006 -18"><span class='ocrx_word' id='word_1_382' title='bbox 2299 2460 2684 2532; x_wconf 70' lang='lat' dir='ltr'>praediximus)</span> <span class='ocrx_word' id='word_1_383' title='bbox 2732 2459 2822 2514; x_wconf 91' lang='lat' dir='ltr'>isti</span> <span class='ocrx_word' id='word_1_384' title='bbox 2854 2460 2962 2531; x_wconf 90' lang='lat' dir='ltr'>ipsi</span> <span class='ocrx_word' id='word_1_385' title='bbox 3007 2461 3103 2531; x_wconf 92' lang='lat' dir='ltr'>qui</span> <span class='ocrx_word' id='word_1_386' title='bbox 3150 2478 3257 2531; x_wconf 88' lang='lat' dir='ltr'>per</span> <span class='ocrx_word' id='word_1_387' title='bbox 3287 2459 3687 2516; x_wconf 89' lang='lat' dir='ltr'>conventionem</span> <span class='ocrx_word' id='word_1_388' title='bbox 3711 2455 3822 2509; x_wconf 80' lang='lat' dir='ltr'>decli-</span> 
     </span>
    </p>
   </div>
   <div class='ocr_carea' id='block_1_54' title="bbox 2297 2550 3825 2625">
    <p class='ocr_par' dir='ltr' id='par_1_54' title="bbox 2297 2550 3825 2625">
     <span class='ocr_line' id='line_1_54' title="bbox 2297 2550 3825 2625; baseline -0.005 -18"><span class='ocrx_word' id='word_1_389' title='bbox 2297 2570 2460 2609; x_wconf 89' lang='lat' dir='ltr'>nasse</span> <span class='ocrx_word' id='word_1_390' title='bbox 2488 2553 2843 2619; x_wconf 86' lang='lat' dir='ltr'>videbantur,</span> <span class='ocrx_word' id='word_1_391' title='bbox 2891 2554 3001 2625; x_wconf 91' lang='lat' dir='ltr'>ipsi</span> <span class='ocrx_word' id='word_1_392' title='bbox 3046 2555 3239 2609; x_wconf 90' lang='lat' dir='ltr'>denuo</span> <span class='ocrx_word' id='word_1_393' title='bbox 3292 2558 3504 2609; x_wconf 87' lang='lat' dir='ltr'>utentes</span> <span class='ocrx_word' id='word_1_394' title='bbox 3533 2550 3717 2606; x_wconf 83' lang='lat' dir='ltr'>meliori</span> <span class='ocrx_word' id='word_1_395' title='bbox 3743 2564 3825 2601; x_wconf 85' lang='lat' dir='ltr'>con-</span> 
     </span>
    </p>
   </div>
   <div class='ocr_carea' id='block_1_55' title="bbox 2297 2644 3827 2719">
    <p class='ocr_par' dir='ltr' id='par_1_55' title="bbox 2297 2644 3827 2719">
     <span class='ocr_line' id='line_1_55' title="bbox 2297 2644 3827 2719; baseline -0.007 -17"><span class='ocrx_word' id='word_1_396' title='bbox 2297 2647 2423 2702; x_wconf 88' lang='lat' dir='ltr'>silio</span> <span class='ocrx_word' id='word_1_397' title='bbox 2453 2649 2572 2702; x_wconf 77' lang='lat' dir='ltr'>haec</span> <span class='ocrx_word' id='word_1_398' title='bbox 2596 2647 2705 2702; x_wconf 89' lang='lat' dir='ltr'>sibi</span> <span class='ocrx_word' id='word_1_399' title='bbox 2733 2647 3029 2719; x_wconf 89' lang='lat' dir='ltr'>displicere</span> <span class='ocrx_word' id='word_1_400' title='bbox 3054 2649 3245 2703; x_wconf 85' lang='lat' dir='ltr'>testati</span> <span class='ocrx_word' id='word_1_401' title='bbox 3274 2651 3421 2703; x_wconf 89' lang='lat' dir='ltr'>sunt.</span> <span class='ocrx_word' id='word_1_402' title='bbox 3447 2644 3827 2718; x_wconf 82' lang='lat' dir='ltr'>Perspicititaque</span> 
     </span>
    </p>
   </div>
   <div class='ocr_carea' id='block_1_56' title="bbox 2296 2735 3828 2810">
    <p class='ocr_par' dir='ltr' id='par_1_56' title="bbox 2296 2735 3828 2810">
     <span class='ocr_line' id='line_1_56' title="bbox 2296 2735 3828 2810; baseline -0.005 -16"><span class='ocrx_word' id='word_1_403' title='bbox 2296 2746 2482 2796; x_wconf 90' lang='lat' dir='ltr'>vestra</span> <span class='ocrx_word' id='word_1_404' title='bbox 2533 2740 2831 2795; x_wconf 88' lang='lat' dir='ltr'>salubritas</span> <span class='ocrx_word' id='word_1_405' title='bbox 2890 2741 3037 2794; x_wconf 88' lang='lat' dir='ltr'>hanc</span> <span class='ocrx_word' id='word_1_406' title='bbox 3100 2742 3287 2796; x_wconf 91' lang='lat' dir='ltr'>solam</span> <span class='ocrx_word' id='word_1_407' title='bbox 3340 2741 3509 2796; x_wconf 86' lang='lat' dir='ltr'>tidem</span> <span class='ocrx_word' id='word_1_408' title='bbox 3554 2755 3661 2810; x_wconf 74' lang='lat' dir='ltr'>qua:</span> <span class='ocrx_word' id='word_1_409' title='bbox 3703 2735 3828 2789; x_wconf 69' lang='lat' dir='ltr'>Nicaea</span> 
     </span>
    </p>
   </div>
   <div class='ocr_carea' id='block_1_57' title="bbox 2296 2830 3827 2905">
    <p class='ocr_par' dir='ltr' id='par_1_57' title="bbox 2296 2830 3827 2905">
     <span class='ocr_line' id='line_1_57' title="bbox 2296 2830 3827 2905; baseline -0.004 -16"><span class='ocrx_word' id='word_1_410' title='bbox 2296 2834 2685 2905; x_wconf 88' lang='lat' dir='ltr'>apostolorum</span> <span class='ocrx_word' id='word_1_411' title='bbox 2734 2835 3069 2890; x_wconf 86' lang='lat' dir='ltr'>auctoritate</span> <span class='ocrx_word' id='word_1_412' title='bbox 3098 2836 3339 2890; x_wconf 85' lang='lat' dir='ltr'>fundata</span> <span class='ocrx_word' id='word_1_413' title='bbox 3373 2838 3456 2890; x_wconf 91' lang='lat' dir='ltr'>est</span> <span class='ocrx_word' id='word_1_414' title='bbox 3499 2849 3606 2889; x_wconf 86' lang='lat' dir='ltr'>esse</span> <span class='ocrx_word' id='word_1_415' title='bbox 3632 2830 3827 2902; x_wconf 74' lang='lat' dir='ltr'>perpetua</span> 
     </span>
    </p>
   </div>
   <div class='ocr_carea' id='block_1_58' title="bbox 2296 2924 3828 2997">
    <p class='ocr_par' dir='ltr' id='par_1_58' title="bbox 2296 2924 3828 2997">
     <span class='ocr_line' id='line_1_58' title="bbox 2296 2924 3828 2997; baseline -0.007 -15"><span class='ocrx_word' id='word_1_416' title='bbox 2296 2928 2566 2984; x_wconf 74' lang='lat' dir='ltr'>firmitate</span> <span class='ocrx_word' id='word_1_417' title='bbox 2596 2929 2951 2997; x_wconf 84' lang='lat' dir='ltr'>servandam,</span> <span class='ocrx_word' id='word_1_418' title='bbox 2984 2934 3043 2983; x_wconf 89' lang='lat' dir='ltr'>et</span> <span class='ocrx_word' id='word_1_419' title='bbox 3070 2929 3239 2984; x_wconf 88' lang='lat' dir='ltr'>simul</span> <span class='ocrx_word' id='word_1_420' title='bbox 3275 2929 3565 2984; x_wconf 89' lang='lat' dir='ltr'>orientales</span> <span class='ocrx_word' id='word_1_421' title='bbox 3599 2926 3685 2979; x_wconf 84' lang='lat' dir='ltr'>hoc</span> <span class='ocrx_word' id='word_1_422' title='bbox 3706 2924 3828 2977; x_wconf 73' lang='lat' dir='ltr'>facere</span> 
     </span>
    </p>
   </div>
   <div class='ocr_carea' id='block_1_59' title="bbox 2294 3012 3828 3094">
    <p class='ocr_par' dir='ltr' id='par_1_59' title="bbox 2294 3012 3828 3094">
     <span class='ocr_line' id='line_1_59' title="bbox 2294 3012 3828 3094; baseline -0.007 -17"><span class='ocrx_word' id='word_1_423' title='bbox 2294 3022 2592 3078; x_wconf 89' lang='lat' dir='ltr'>nobiscum</span> <span class='ocrx_word' id='word_1_424' title='bbox 2631 3023 2729 3094; x_wconf 91' lang='lat' dir='ltr'>qui</span> <span class='ocrx_word' id='word_1_425' title='bbox 2773 3039 2831 3078; x_wconf 90' lang='lat' dir='ltr'>se</span> <span class='ocrx_word' id='word_1_426' title='bbox 2876 3023 3181 3078; x_wconf 86' lang='lat' dir='ltr'>catholicos</span> <span class='ocrx_word' id='word_1_427' title='bbox 3218 3040 3341 3078; x_wconf 88' lang='lat' dir='ltr'>esse</span> <span class='ocrx_word' id='word_1_428' title='bbox 3391 3020 3714 3094; x_wconf 87' lang='lat' dir='ltr'>cognoscunt,</span> <span class='ocrx_word' id='word_1_429' title='bbox 3734 3012 3828 3068; x_wconf 85' lang='lat' dir='ltr'>occi-</span> 
     </span>
    </p>
   </div>
   <div class='ocr_carea' id='block_1_60' title="bbox 2296 3111 3828 3187">
    <p class='ocr_par' dir='ltr' id='par_1_60' title="bbox 2296 3111 3828 3187">
     <span class='ocr_line' id='line_1_60' title="bbox 2296 3111 3828 3187; baseline -0.008 -15"><span class='ocrx_word' id='word_1_430' title='bbox 2296 3117 2551 3172; x_wconf 88' lang='lat' dir='ltr'>dentales</span> <span class='ocrx_word' id='word_1_431' title='bbox 2576 3119 2751 3171; x_wconf 88' lang='lat' dir='ltr'>etiam</span> <span class='ocrx_word' id='word_1_432' title='bbox 2770 3116 3027 3187; x_wconf 85' lang='lat' dir='ltr'>gloriari.</span> <span class='ocrx_word' id='word_1_433' title='bbox 3051 3117 3352 3172; x_wconf 81' lang='lat' dir='ltr'>Credimus</span> <span class='ocrx_word' id='word_1_434' title='bbox 3368 3122 3555 3172; x_wconf 89' lang='lat' dir='ltr'>autem</span> <span class='ocrx_word' id='word_1_435' title='bbox 3577 3111 3828 3182; x_wconf 73' lang='lat' dir='ltr'>languentes</span> 
     </span>
    </p>
   </div>
   <div class='ocr_carea' id='block_1_61' title="bbox 562 3180 3829 3299">
    <p class='ocr_par' dir='ltr' id='par_1_61' title="bbox 562 3180 3829 3299">
     <span class='ocr_line' id='line_1_61' title="bbox 562 3180 3681 3203; baseline 0.004 -20"><span class='ocrx_word' id='word_1_436' title='bbox 562 3180 757 3185; x_wconf 49' lang='grc' dir='ltr'>ηηη-</span> <span class='ocrx_word' id='word_1_437' title='bbox 1041 3180 1287 3202; x_wconf 37' lang='lat' dir='ltr'>iam“-</span> <span class='ocrx_word' id='word_1_438' title='bbox 1312 3180 1384 3187; x_wconf 58' lang='grc' dir='ltr'><strong><em>η</em></strong></span> <span class='ocrx_word' id='word_1_439' title='bbox 1415 3180 1505 3187; x_wconf 61' lang='grc' dir='ltr'>η-</span> <span class='ocrx_word' id='word_1_440' title='bbox 1536 3180 1806 3188; x_wconf 71' lang='lat'>--_----.--</span> <span class='ocrx_word' id='word_1_441' title='bbox 1837 3180 2108 3203; x_wconf 68' lang='lat'>-..--...--,</span> <span class='ocrx_word' id='word_1_442' title='bbox 2774 3180 2802 3187; x_wconf 65' lang='grc' dir='ltr'>ν</span> <span class='ocrx_word' id='word_1_443' title='bbox 3668 3180 3681 3182; x_wconf 52' lang='lat'>~</span> 
     </span>
     <span class='ocr_line' id='line_1_62' title="bbox 562 3180 3829 3299; baseline 0.004 -21"><span class='ocrx_word' id='word_1_444' title='bbox 562 3222 766 3295; x_wconf 89' lang='lat' dir='ltr'>quibus</span> <span class='ocrx_word' id='word_1_445' title='bbox 799 3224 1050 3295; x_wconf 74' lang='lat' dir='ltr'>primum</span> <span class='ocrx_word' id='word_1_446' title='bbox 1102 3227 1235 3280; x_wconf 89' lang='lat' dir='ltr'>sunt</span> <span class='ocrx_word' id='word_1_447' title='bbox 1281 3226 1590 3295; x_wconf 88' lang='lat' dir='ltr'>constituti,</span> <span class='ocrx_word' id='word_1_448' title='bbox 1641 3228 1914 3299; x_wconf 89' lang='lat' dir='ltr'>quoniam</span> <span class='ocrx_word' id='word_1_449' title='bbox 1953 3229 1997 3283; x_wconf 90' lang='lat' dir='ltr'>si</span> <span class='ocrx_word' id='word_1_450' title='bbox 2051 3180 2271 3284; x_wconf 79' lang='lat' dir='ltr'>aliusC</span> <span class='ocrx_word' id='word_1_451' title='bbox 2300 3210 2356 3264; x_wconf 67' lang='lat' dir='ltr'><strong>in</strong></span> <span class='ocrx_word' id='word_1_452' title='bbox 2400 3211 2509 3266; x_wconf 65' lang='grc' dir='ltr'>ίδῖυ</span> <span class='ocrx_word' id='word_1_453' title='bbox 2563 3211 2861 3265; x_wconf 67' lang='lat' dir='ltr'>conamine</span> <span class='ocrx_word' id='word_1_454' title='bbox 2910 3228 3025 3265; x_wconf 73' lang='lat' dir='ltr'>n0“</span> <span class='ocrx_word' id='word_1_455' title='bbox 3071 3212 3235 3267; x_wconf 66' lang='lat' dir='ltr'>tarde</span> <span class='ocrx_word' id='word_1_456' title='bbox 3272 3229 3307 3266; x_wconf 72' lang='lat' dir='ltr'><strong>a</strong></span> <span class='ocrx_word' id='word_1_457' title='bbox 3355 3216 3540 3267; x_wconf 61' lang='lat' dir='ltr'>nostra</span> <span class='ocrx_word' id='word_1_458' title='bbox 3575 3201 3829 3277; x_wconf 56' lang='lat' dir='ltr'>separandos</span> 
     </span>
    </p>
   </div>
   <div class='ocr_carea' id='block_1_62' title="bbox 558 3316 2190 3393">
    <p class='ocr_par' dir='ltr' id='par_1_62' title="bbox 558 3316 2190 3393">
     <span class='ocr_line' id='line_1_63' title="bbox 558 3316 2190 3393; baseline 0.003 -21"><span class='ocrx_word' id='word_1_459' title='bbox 558 3317 672 3372; x_wconf 80' lang='lat' dir='ltr'>alio</span> <span class='ocrx_word' id='word_1_460' title='bbox 708 3316 1150 3388; x_wconf 87' lang='lat' dir='ltr'>transmigrante</span> <span class='ocrx_word' id='word_1_461' title='bbox 1196 3317 1255 3374; x_wconf 89' lang='lat' dir='ltr'>in</span> <span class='ocrx_word' id='word_1_462' title='bbox 1284 3320 1471 3374; x_wconf 89' lang='lat' dir='ltr'>locum</span> <span class='ocrx_word' id='word_1_463' title='bbox 1502 3320 1739 3376; x_wconf 90' lang='lat' dir='ltr'>viventis</span> <span class='ocrx_word' id='word_1_464' title='bbox 1768 3322 2062 3376; x_wconf 89' lang='lat' dir='ltr'>ordinatus</span> <span class='ocrx_word' id='word_1_465' title='bbox 2088 3329 2190 3393; x_wconf 89' lang='lat' dir='ltr'>est,</span> 
     </span>
    </p>
   </div>
   <div class='ocr_carea' id='block_1_63' title="bbox 560 3409 2196 3487">
    <p class='ocr_par' dir='ltr' id='par_1_63' title="bbox 560 3409 2196 3487">
     <span class='ocr_line' id='line_1_64' title="bbox 560 3409 2196 3487; baseline 0.004 -22"><span class='ocrx_word' id='word_1_466' title='bbox 560 3409 761 3466; x_wconf 85' lang='lat' dir='ltr'>tandiu</span> <span class='ocrx_word' id='word_1_467' title='bbox 783 3414 946 3465; x_wconf 83' lang='lat' dir='ltr'>vacet</span> <span class='ocrx_word' id='word_1_468' title='bbox 970 3410 1269 3467; x_wconf 80' lang='lat' dir='ltr'>sacerdotii</span> <span class='ocrx_word' id='word_1_469' title='bbox 1298 3412 1578 3484; x_wconf 82' lang='lat' dir='ltr'>dignitate</span> <span class='ocrx_word' id='word_1_470' title='bbox 1608 3413 1707 3487; x_wconf 87' lang='lat' dir='ltr'>qui</span> <span class='ocrx_word' id='word_1_471' title='bbox 1751 3432 1915 3471; x_wconf 89' lang='lat' dir='ltr'>suam</span> <span class='ocrx_word' id='word_1_472' title='bbox 1943 3415 2196 3472; x_wconf 90' lang='lat' dir='ltr'>deseruit</span> 
     </span>
    </p>
   </div>
   <div class='ocr_carea' id='block_1_64' title="bbox 559 3503 2190 3581">
    <p class='ocr_par' dir='ltr' id='par_1_64' title="bbox 559 3503 2190 3581">
     <span class='ocr_line' id='line_1_65' title="bbox 559 3503 2190 3581; baseline 0.004 -22"><span class='ocrx_word' id='word_1_473' title='bbox 559 3503 872 3573; x_wconf 89' lang='lat' dir='ltr'>civitatem,</span> <span class='ocrx_word' id='word_1_474' title='bbox 919 3505 1173 3577; x_wconf 88' lang='lat' dir='ltr'>quandin</span> <span class='ocrx_word' id='word_1_475' title='bbox 1226 3522 1508 3563; x_wconf 85' lang='lat' dir='ltr'>successor</span> <span class='ocrx_word' id='word_1_476' title='bbox 1550 3508 1673 3580; x_wconf 86' lang='lat' dir='ltr'>ejus</span> <span class='ocrx_word' id='word_1_477' title='bbox 1723 3509 1975 3581; x_wconf 85' lang='lat' dir='ltr'>quiescat</span> <span class='ocrx_word' id='word_1_478' title='bbox 1998 3511 2058 3565; x_wconf 92' lang='lat' dir='ltr'>in</span> <span class='ocrx_word' id='word_1_479' title='bbox 2083 3513 2190 3566; x_wconf 91' lang='lat' dir='ltr'>Do-</span> 
     </span>
    </p>
   </div>
   <div class='ocr_carea' id='block_1_65' title="bbox 560 3597 739 3653">
    <p class='ocr_par' dir='ltr' id='par_1_65' title="bbox 560 3597 739 3653">
     <span class='ocr_line' id='line_1_66' title="bbox 560 3597 739 3653; baseline 0.006 -1"><span class='ocrx_word' id='word_1_480' title='bbox 560 3597 739 3653; x_wconf 88' lang='lat' dir='ltr'>mino.</span> 
     </span>
    </p>
   </div>
   <div class='ocr_carea' id='block_1_66' title="bbox 558 3716 2192 3790">
    <p class='ocr_par' dir='ltr' id='par_1_66' title="bbox 558 3716 2192 3790">
     <span class='ocr_line' id='line_1_67' title="bbox 558 3716 2192 3790; baseline 0.002 -18"><span class='ocrx_word' id='word_1_481' title='bbox 558 3716 690 3773; x_wconf 87' lang='lat' dir='ltr'>Item</span> <span class='ocrx_word' id='word_1_482' title='bbox 738 3716 967 3790; x_wconf 71' lang='lat' dir='ltr'>epistola</span> <span class='ocrx_word' id='word_1_483' title='bbox 1022 3719 1242 3773; x_wconf 80' lang='lat' dir='ltr'>Damasi</span> <span class='ocrx_word' id='word_1_484' title='bbox 1283 3722 1333 3774; x_wconf 83' lang='lat' dir='ltr'>et</span> <span class='ocrx_word' id='word_1_485' title='bbox 1372 3721 1742 3790; x_wconf 81' lang='lat' dir='ltr'>episcoporum</span> <span class='ocrx_word' id='word_1_486' title='bbox 1796 3722 1893 3789; x_wconf 78' lang='lat' dir='ltr'>qui</span> <span class='ocrx_word' id='word_1_487' title='bbox 1947 3720 2022 3774; x_wconf 90' lang='lat' dir='ltr'>ad</span> <span class='ocrx_word' id='word_1_488' title='bbox 2074 3736 2192 3775; x_wconf 87' lang='lat' dir='ltr'>eum</span> 
     </span>
    </p>
   </div>
   <div class='ocr_carea' id='block_1_67' title="bbox 632 3788 2194 3914">
    <p class='ocr_par' dir='ltr' id='par_1_67' title="bbox 632 3788 2194 3914">
     <span class='ocr_line' id='line_1_68' title="bbox 632 3788 2194 3914; baseline 0.004 -73"><span class='ocrx_word' id='word_1_489' title='bbox 632 3789 690 3842; x_wconf 78' lang='lat' dir='ltr'>in</span> <span class='ocrx_word' id='word_1_490' title='bbox 739 3788 1040 3914; x_wconf 44' lang='lat' dir='ltr'>itemanam</span> <span class='ocrx_word' id='word_1_491' title='bbox 1090 3789 1276 3845; x_wconf 83' lang='lat' dir='ltr'>urbem</span> <span class='ocrx_word' id='word_1_492' title='bbox 1325 3788 1415 3845; x_wconf 60' lang='grc' dir='ltr'>δαί</span> <span class='ocrx_word' id='word_1_493' title='bbox 1439 3791 1601 3847; x_wconf 73' lang='lat' dir='ltr'>Italia</span> <span class='ocrx_word' id='word_1_494' title='bbox 1636 3796 1688 3845; x_wconf 82' lang='lat' dir='ltr'>et</span> <span class='ocrx_word' id='word_1_495' title='bbox 1722 3788 1909 3846; x_wconf 67' lang='lat' dir='ltr'>Gallia</span> <span class='ocrx_word' id='word_1_496' title='bbox 1942 3806 2194 3847; x_wconf 82' lang='lat' dir='ltr'>convene-</span> 
     </span>
     <span class='ocr_line' id='line_1_69' title="bbox 632 3875 780 3914; baseline 0 0"><span class='ocrx_word' id='word_1_497' title='bbox 632 3875 736 3914; x_wconf 85' lang='lat' dir='ltr'>ran</span> <span class='ocrx_word' id='word_1_498' title='bbox 767 3900 780 3914; x_wconf 91' lang='lat'>.</span> 
     </span>
    </p>
   </div>
   <div class='ocr_carea' id='block_1_68' title="bbox 629 3875 780 3915">
    <p class='ocr_par' dir='ltr' id='par_1_68' title="bbox 629 3875 780 3915">
     <span class='ocr_line' id='line_1_70' title="bbox 629 3875 780 3915; baseline 0.007 -1"><span class='ocrx_word' id='word_1_499' title='bbox 629 3875 780 3915; x_wconf 81' lang='lat' dir='ltr'>ram.</span> 
     </span>
    </p>
   </div>
   <div class='ocr_carea' id='block_1_69' title="bbox 631 3967 2190 4041">
    <p class='ocr_par' dir='ltr' id='par_1_69' title="bbox 631 3967 2190 4041">
     <span class='ocr_line' id='line_1_71' title="bbox 631 3967 2190 4041; baseline 0.001 -17"><span class='ocrx_word' id='word_1_500' title='bbox 631 3968 887 4024; x_wconf 78' lang='lat' dir='ltr'>DAMASUS</span> <span class='ocrx_word' id='word_1_501' title='bbox 916 3971 973 4021; x_wconf 90' lang='lat' dir='ltr'>et</span> <span class='ocrx_word' id='word_1_502' title='bbox 996 3967 1186 4022; x_wconf 89' lang='lat' dir='ltr'>caeteri</span> <span class='ocrx_word' id='word_1_503' title='bbox 1212 3968 1463 4041; x_wconf 84' lang='lat' dir='ltr'>episcopi</span> <span class='ocrx_word' id='word_1_504' title='bbox 1502 3971 1699 4025; x_wconf 70' lang='lat' dir='ltr'>Romaa</span> <span class='ocrx_word' id='word_1_505' title='bbox 1726 3969 2081 4041; x_wconf 78' lang='lat' dir='ltr'>congregati,</span> <span class='ocrx_word' id='word_1_506' title='bbox 2105 3970 2190 4025; x_wconf 85' lang='lat' dir='ltr'>di-</span> 
     </span>
    </p>
   </div>
   <div class='ocr_carea' id='block_1_70' title="bbox 560 4059 2189 4136">
    <p class='ocr_par' dir='ltr' id='par_1_70' title="bbox 560 4059 2189 4136">
     <span class='ocr_line' id='line_1_72' title="bbox 560 4059 2189 4136; baseline -0.001 -17"><span class='ocrx_word' id='word_1_507' title='bbox 560 4060 876 4119; x_wconf 78' lang='lat' dir='ltr'>l-ectissimis</span> <span class='ocrx_word' id='word_1_508' title='bbox 906 4059 1176 4116; x_wconf 85' lang='lat' dir='ltr'>fratribus</span> <span class='ocrx_word' id='word_1_509' title='bbox 1208 4062 1267 4118; x_wconf 92' lang='lat' dir='ltr'>in</span> <span class='ocrx_word' id='word_1_510' title='bbox 1293 4063 1512 4135; x_wconf 83' lang='lat' dir='ltr'>Illyrico</span> <span class='ocrx_word' id='word_1_511' title='bbox 1542 4062 1864 4119; x_wconf 89' lang='lat' dir='ltr'>constitutis</span> <span class='ocrx_word' id='word_1_512' title='bbox 1895 4063 2189 4136; x_wconf 82' lang='lat' dir='ltr'>episcOpis,</span> 
     </span>
    </p>
   </div>
   <div class='ocr_carea' id='block_1_71' title="bbox 560 4154 1180 4211">
    <p class='ocr_par' dir='ltr' id='par_1_71' title="bbox 560 4154 1180 4211">
     <span class='ocr_line' id='line_1_73' title="bbox 560 4154 1180 4211; baseline 0.002 -1"><span class='ocrx_word' id='word_1_513' title='bbox 560 4156 620 4210; x_wconf 88' lang='lat' dir='ltr'>in</span> <span class='ocrx_word' id='word_1_514' title='bbox 648 4154 883 4209; x_wconf 90' lang='lat' dir='ltr'>Domino</span> <span class='ocrx_word' id='word_1_515' title='bbox 913 4154 1180 4211; x_wconf 90' lang='lat' dir='ltr'>salutem.</span> 
     </span>
    </p>
   </div>
   <div class='ocr_carea' id='block_1_72' title="bbox 625 4247 2190 4321">
    <p class='ocr_par' dir='ltr' id='par_1_72' title="bbox 625 4247 2190 4321">
     <span class='ocr_line' id='line_1_74' title="bbox 625 4247 2190 4321; baseline 0.003 -19"><span class='ocrx_word' id='word_1_516' title='bbox 625 4248 918 4303; x_wconf 84' lang='lat' dir='ltr'>Credimus</span> <span class='ocrx_word' id='word_1_517' title='bbox 947 4253 1200 4302; x_wconf 88' lang='lat' dir='ltr'>sanctam</span> <span class='ocrx_word' id='word_1_518' title='bbox 1242 4247 1416 4303; x_wconf 82' lang='lat' dir='ltr'>ﬁdem</span> <span class='ocrx_word' id='word_1_519' title='bbox 1442 4252 1687 4304; x_wconf 80' lang='lat' dir='ltr'>vestram</span> <span class='ocrx_word' id='word_1_520' title='bbox 1712 4248 1771 4305; x_wconf 92' lang='lat' dir='ltr'>in</span> <span class='ocrx_word' id='word_1_521' title='bbox 1802 4251 2190 4321; x_wconf 85' lang='lat' dir='ltr'>apostolorum</span> 
     </span>
    </p>
   </div>
   <div class='ocr_carea' id='block_1_73' title="bbox 556 4341 2190 4417">
    <p class='ocr_par' dir='ltr' id='par_1_73' title="bbox 556 4341 2190 4417">
     <span class='ocr_line' id='line_1_75' title="bbox 556 4341 2190 4417; baseline 0.001 -19"><span class='ocrx_word' id='word_1_522' title='bbox 556 4341 877 4398; x_wconf 89' lang='lat' dir='ltr'>eruditione</span> <span class='ocrx_word' id='word_1_523' title='bbox 909 4341 1208 4396; x_wconf 87' lang='lat' dir='ltr'>fundatam</span> <span class='ocrx_word' id='word_1_524' title='bbox 1236 4342 1381 4397; x_wconf 88' lang='lat' dir='ltr'>hanc</span> <span class='ocrx_word' id='word_1_525' title='bbox 1428 4346 1645 4413; x_wconf 66' lang='lat' dir='ltr'>tenere,</span> <span class='ocrx_word' id='word_1_526' title='bbox 1696 4347 1755 4398; x_wconf 90' lang='lat' dir='ltr'>et</span> <span class='ocrx_word' id='word_1_527' title='bbox 1784 4344 1935 4400; x_wconf 91' lang='lat' dir='ltr'>hanc</span> <span class='ocrx_word' id='word_1_528' title='bbox 1966 4346 2190 4417; x_wconf 84' lang='lat' dir='ltr'>populis</span> 
     </span>
    </p>
   </div>
   <div class='ocr_carea' id='block_1_74' title="bbox 554 4435 2188 4508">
    <p class='ocr_par' dir='ltr' id='par_1_74' title="bbox 554 4435 2188 4508">
     <span class='ocr_line' id='line_1_76' title="bbox 554 4435 2188 4508; baseline 0.002 -16"><span class='ocrx_word' id='word_1_529' title='bbox 554 4435 829 4492; x_wconf 87' lang='lat' dir='ltr'>universis</span> <span class='ocrx_word' id='word_1_530' title='bbox 854 4451 1160 4508; x_wconf 83' lang='lat' dir='ltr'>exponere,</span> <span class='ocrx_word' id='word_1_531' title='bbox 1192 4452 1321 4508; x_wconf 77' lang='lat' dir='ltr'>quae</span> <span class='ocrx_word' id='word_1_532' title='bbox 1356 4436 1617 4493; x_wconf 89' lang='lat' dir='ltr'>videlicet</span> <span class='ocrx_word' id='word_1_533' title='bbox 1654 4455 1687 4492; x_wconf 91' lang='lat' dir='ltr'>a</span> <span class='ocrx_word' id='word_1_534' title='bbox 1718 4439 2040 4495; x_wconf 91' lang='lat' dir='ltr'>constitutis</span> <span class='ocrx_word' id='word_1_535' title='bbox 2084 4440 2188 4495; x_wconf 87' lang='lat' dir='ltr'>Pa-</span> 
     </span>
    </p>
   </div>
   <div class='ocr_carea' id='block_1_75' title="bbox 2294 3304 3897 3383">
    <p class='ocr_par' dir='ltr' id='par_1_75' title="bbox 2294 3304 3897 3383">
     <span class='ocr_line' id='line_1_77' title="bbox 2294 3304 3897 3383; baseline -0.006 -25"><span class='ocrx_word' id='word_1_536' title='bbox 2294 3320 2413 3359; x_wconf 89' lang='lat' dir='ltr'>esse</span> <span class='ocrx_word' id='word_1_537' title='bbox 2435 3304 2856 3374; x_wconf 88' lang='lat' dir='ltr'>communione,</span> <span class='ocrx_word' id='word_1_538' title='bbox 2886 3310 2943 3360; x_wconf 88' lang='lat' dir='ltr'>et</span> <span class='ocrx_word' id='word_1_539' title='bbox 2966 3305 3035 3360; x_wconf 88' lang='lat' dir='ltr'>ab</span> <span class='ocrx_word' id='word_1_540' title='bbox 3074 3306 3158 3360; x_wconf 90' lang='lat' dir='ltr'>eis</span> <span class='ocrx_word' id='word_1_541' title='bbox 3181 3307 3540 3377; x_wconf 86' lang='lat' dir='ltr'>episcopatus</span> <span class='ocrx_word' id='word_1_542' title='bbox 3575 3314 3744 3356; x_wconf 86' lang='lat' dir='ltr'>nomen</span> <span class='ocrx_word' id='word_1_543' title='bbox 3765 3308 3825 3349; x_wconf 83' lang='lat' dir='ltr'>au-</span> 
     </span>
    </p>
   </div>
   <div class='ocr_carea' id='block_1_76' title="bbox 2292 3398 3826 3471">
    <p class='ocr_par' dir='ltr' id='par_1_76' title="bbox 2292 3398 3826 3471">
     <span class='ocr_line' id='line_1_78' title="bbox 2292 3398 3826 3471; baseline -0.005 -18"><span class='ocrx_word' id='word_1_544' title='bbox 2292 3398 2446 3467; x_wconf 88' lang='lat' dir='ltr'>ferri,</span> <span class='ocrx_word' id='word_1_545' title='bbox 2476 3405 2759 3470; x_wconf 85' lang='lat' dir='ltr'>quatenus</span> <span class='ocrx_word' id='word_1_546' title='bbox 2791 3400 2987 3471; x_wconf 87' lang='lat' dir='ltr'>populi</span> <span class='ocrx_word' id='word_1_547' title='bbox 3028 3416 3231 3454; x_wconf 88' lang='lat' dir='ltr'>eorum</span> <span class='ocrx_word' id='word_1_548' title='bbox 3274 3398 3495 3455; x_wconf 87' lang='lat' dir='ltr'>liberati</span> <span class='ocrx_word' id='word_1_549' title='bbox 3522 3410 3689 3452; x_wconf 85' lang='lat' dir='ltr'>errore</span> <span class='ocrx_word' id='word_1_550' title='bbox 3710 3403 3826 3457; x_wconf 81' lang='lat' dir='ltr'>respl-</span> 
     </span>
    </p>
   </div>
   <div class='ocr_carea' id='block_1_77' title="bbox 2292 3489 3897 3569">
    <p class='ocr_par' dir='ltr' id='par_1_77' title="bbox 2292 3489 3897 3569">
     <span class='ocr_line' id='line_1_79' title="bbox 2292 3489 3897 3569; baseline -0.006 -21"><span class='ocrx_word' id='word_1_551' title='bbox 2292 3497 2439 3548; x_wconf 88' lang='lat' dir='ltr'>rent.</span> <span class='ocrx_word' id='word_1_552' title='bbox 2471 3494 2634 3548; x_wconf 89' lang='lat' dir='ltr'>Nullo</span> <span class='ocrx_word' id='word_1_553' title='bbox 2657 3493 2812 3547; x_wconf 91' lang='lat' dir='ltr'>enim</span> <span class='ocrx_word' id='word_1_554' title='bbox 2833 3494 3000 3548; x_wconf 90' lang='lat' dir='ltr'>modo</span> <span class='ocrx_word' id='word_1_555' title='bbox 3019 3510 3054 3547; x_wconf 87' lang='lat' dir='ltr'>a</span> <span class='ocrx_word' id='word_1_556' title='bbox 3080 3493 3424 3565; x_wconf 89' lang='lat' dir='ltr'>deceptione</span> <span class='ocrx_word' id='word_1_557' title='bbox 3480 3489 3713 3563; x_wconf 89' lang='lat' dir='ltr'>poterunt</span> <span class='ocrx_word' id='word_1_558' title='bbox 3748 3496 3826 3536; x_wconf 63' lang='grc' dir='ltr'>θον·</span> <span class='ocrx_word' id='word_1_559' title='bbox 3896 3502 3897 3569; x_wconf 59' lang='lat' dir='ltr'>l</span> 
     </span>
    </p>
   </div>
   <div class='ocr_carea' id='block_1_78' title="bbox 2293 3574 3897 3659">
    <p class='ocr_par' dir='ltr' id='par_1_78' title="bbox 2293 3574 3897 3659">
     <span class='ocr_line' id='line_1_80' title="bbox 2293 3574 3897 3659; baseline -0.009 -18"><span class='ocrx_word' id='word_1_560' title='bbox 2293 3587 2478 3658; x_wconf 87' lang='lat' dir='ltr'>rigere</span> <span class='ocrx_word' id='word_1_561' title='bbox 2513 3588 2814 3659; x_wconf 86' lang='lat' dir='ltr'>populum,</span> <span class='ocrx_word' id='word_1_562' title='bbox 2864 3586 2963 3659; x_wconf 91' lang='lat' dir='ltr'>qui</span> <span class='ocrx_word' id='word_1_563' title='bbox 3007 3588 3367 3659; x_wconf 89' lang='lat' dir='ltr'>deceptionis</span> <span class='ocrx_word' id='word_1_564' title='bbox 3422 3587 3614 3658; x_wconf 89' lang='lat' dir='ltr'>laqueo</span> <span class='ocrx_word' id='word_1_565' title='bbox 3655 3579 3830 3635; x_wconf 83' lang='lat' dir='ltr'>detinen-</span> 
     </span>
    </p>
   </div>
   <div class='ocr_carea' id='block_1_79' title="bbox 2292 3670 3897 3763">
    <p class='ocr_par' dir='ltr' id='par_1_79' title="bbox 2292 3670 3897 3763">
     <span class='ocr_line' id='line_1_81' title="bbox 2292 3670 3897 3763; baseline -0.008 -28"><span class='ocrx_word' id='word_1_566' title='bbox 2292 3687 2404 3738; x_wconf 90' lang='lat' dir='ltr'>tur.</span> <span class='ocrx_word' id='word_1_567' title='bbox 2432 3682 2749 3738; x_wconf 89' lang='lat' dir='ltr'>Concordet</span> <span class='ocrx_word' id='word_1_568' title='bbox 2772 3682 2945 3736; x_wconf 85' lang='lat' dir='ltr'>etiam</span> <span class='ocrx_word' id='word_1_569' title='bbox 2969 3698 3100 3737; x_wconf 90' lang='lat' dir='ltr'>cum</span> <span class='ocrx_word' id='word_1_570' title='bbox 3128 3682 3401 3737; x_wconf 87' lang='lat' dir='ltr'>omnibus</span> <span class='ocrx_word' id='word_1_571' title='bbox 3420 3680 3516 3735; x_wconf 89' lang='lat' dir='ltr'>Dei</span> <span class='ocrx_word' id='word_1_572' title='bbox 3533 3670 3829 3733; x_wconf 58' lang='lat' dir='ltr'>sacerdotibus</span> 
     </span>
    </p>
   </div>
   <div class='ocr_carea' id='block_1_80' title="bbox 2292 3770 3829 3847">
    <p class='ocr_par' dir='ltr' id='par_1_80' title="bbox 2292 3770 3829 3847">
     <span class='ocr_line' id='line_1_82' title="bbox 2292 3770 3829 3847; baseline -0.012 -16"><span class='ocrx_word' id='word_1_573' title='bbox 2292 3776 2465 3831; x_wconf 90' lang='lat' dir='ltr'>etiam</span> <span class='ocrx_word' id='word_1_574' title='bbox 2509 3776 2798 3831; x_wconf 90' lang='lat' dir='ltr'>charitatis</span> <span class='ocrx_word' id='word_1_575' title='bbox 2817 3778 3017 3832; x_wconf 81' lang='lat' dir='ltr'>vestrae</span> <span class='ocrx_word' id='word_1_576' title='bbox 3038 3778 3329 3832; x_wconf 89' lang='lat' dir='ltr'>sententia</span> <span class='ocrx_word' id='word_1_577' title='bbox 3357 3777 3420 3831; x_wconf 91' lang='lat' dir='ltr'>in</span> <span class='ocrx_word' id='word_1_578' title='bbox 3445 3790 3556 3847; x_wconf 87' lang='lat' dir='ltr'>qua</span> <span class='ocrx_word' id='word_1_579' title='bbox 3582 3788 3665 3826; x_wconf 87' lang='lat' dir='ltr'>vos</span> <span class='ocrx_word' id='word_1_580' title='bbox 3685 3770 3829 3822; x_wconf 73' lang='lat' dir='ltr'>ﬁxosac</span> 
     </span>
    </p>
   </div>
   <div class='ocr_carea' id='block_1_81' title="bbox 2291 3862 3831 3942">
    <p class='ocr_par' dir='ltr' id='par_1_81' title="bbox 2291 3862 3831 3942">
     <span class='ocr_line' id='line_1_83' title="bbox 2291 3862 3831 3942; baseline -0.008 -17"><span class='ocrx_word' id='word_1_581' title='bbox 2291 3870 2486 3925; x_wconf 86' lang='lat' dir='ltr'>ﬁrmos</span> <span class='ocrx_word' id='word_1_582' title='bbox 2512 3871 2752 3926; x_wconf 82' lang='lat' dir='ltr'>existere</span> <span class='ocrx_word' id='word_1_583' title='bbox 2788 3871 3193 3942; x_wconf 87' lang='lat' dir='ltr'>judicavimus.</span> <span class='ocrx_word' id='word_1_584' title='bbox 3241 3871 3300 3928; x_wconf 90' lang='lat' dir='ltr'>Si</span> <span class='ocrx_word' id='word_1_585' title='bbox 3340 3887 3479 3942; x_wconf 91' lang='lat' dir='ltr'>ergo</span> <span class='ocrx_word' id='word_1_586' title='bbox 3508 3885 3600 3925; x_wconf 90' lang='lat' dir='ltr'>nos</span> <span class='ocrx_word' id='word_1_587' title='bbox 3622 3862 3831 3919; x_wconf 81' lang='lat' dir='ltr'>vobiscum</span> 
     </span>
    </p>
   </div>
   <div class='ocr_carea' id='block_1_82' title="bbox 2291 3948 3832 4039">
    <p class='ocr_par' dir='ltr' id='par_1_82' title="bbox 2291 3948 3832 4039">
     <span class='ocr_line' id='line_1_84' title="bbox 2291 3948 3832 4039; baseline -0.011 -20"><span class='ocrx_word' id='word_1_588' title='bbox 2291 3967 2444 4019; x_wconf 92' lang='lat' dir='ltr'>recte</span> <span class='ocrx_word' id='word_1_589' title='bbox 2470 3964 2704 4019; x_wconf 83' lang='lat' dir='ltr'>credere</span> <span class='ocrx_word' id='word_1_590' title='bbox 2734 3965 3026 4033; x_wconf 90' lang='lat' dir='ltr'>debemus,</span> <span class='ocrx_word' id='word_1_591' title='bbox 3060 3964 3109 4037; x_wconf 77' lang='grc'><strong>1</strong></span> <span class='ocrx_word' id='word_1_592' title='bbox 3126 3964 3256 4039; x_wconf 83' lang='grc'>66</span> <span class='ocrx_word' id='word_1_593' title='bbox 3285 3970 3485 4021; x_wconf 77' lang='lat' dir='ltr'>vestrae</span> <span class='ocrx_word' id='word_1_594' title='bbox 3514 3978 3607 4017; x_wconf 89' lang='lat' dir='ltr'>nos</span> <span class='ocrx_word' id='word_1_595' title='bbox 3630 3948 3832 4013; x_wconf 64' lang='lat' dir='ltr'>charitatis</span> 
     </span>
    </p>
   </div>
   <div class='ocr_carea' id='block_1_83' title="bbox 2290 4044 3897 4131">
    <p class='ocr_par' dir='ltr' id='par_1_83' title="bbox 2290 4044 3897 4131">
     <span class='ocr_line' id='line_1_85' title="bbox 2290 4044 3897 4131; baseline -0.009 -18"><span class='ocrx_word' id='word_1_596' title='bbox 2290 4059 2492 4114; x_wconf 90' lang='lat' dir='ltr'>litteris</span> <span class='ocrx_word' id='word_1_597' title='bbox 2522 4059 2804 4114; x_wconf 81' lang='lat' dir='ltr'>lcetiﬁcate</span> <span class='ocrx_word' id='word_1_598' title='bbox 2833 4059 3152 4131; x_wconf 87' lang='lat' dir='ltr'>reciprocis.</span> <span class='ocrx_word' id='word_1_599' title='bbox 3185 4060 3404 4129; x_wconf 84' lang='lat' dir='ltr'>Valete,</span> <span class='ocrx_word' id='word_1_600' title='bbox 3434 4059 3622 4113; x_wconf 85' lang='lat' dir='ltr'>fratres</span> <span class='ocrx_word' id='word_1_601' title='bbox 3643 4044 3832 4106; x_wconf 77' lang='lat' dir='ltr'>charissi-</span> <span class='ocrx_word' id='word_1_602' title='bbox 3896 4086 3897 4093; x_wconf 54' lang='grc' dir='ltr'><strong>η</strong></span> 
     </span>
    </p>
   </div>
   <div class='ocr_carea' id='block_1_84' title="bbox 2291 4141 3897 4218">
    <p class='ocr_par' dir='ltr' id='par_1_84' title="bbox 2291 4141 3897 4218">
     <span class='ocr_line' id='line_1_86' title="bbox 2291 4141 3897 4218; baseline -0.002 -11"><span class='ocrx_word' id='word_1_603' title='bbox 2291 4154 2391 4207; x_wconf 90' lang='lat' dir='ltr'>mi.</span> <span class='ocrx_word' id='word_1_604' title='bbox 2457 4154 2601 4208; x_wconf 91' lang='lat' dir='ltr'>Data</span> <span class='ocrx_word' id='word_1_605' title='bbox 2642 4169 2757 4207; x_wconf 85' lang='lat' dir='ltr'>xvn</span> <span class='ocrx_word' id='word_1_606' title='bbox 2799 4153 3182 4208; x_wconf 86' lang='lat' dir='ltr'>Kalendarum</span> <span class='ocrx_word' id='word_1_607' title='bbox 3224 4152 3569 4218; x_wconf 82' lang='lat' dir='ltr'>Novembris,</span> <span class='ocrx_word' id='word_1_608' title='bbox 3611 4142 3760 4204; x_wconf 82' lang='lat' dir='ltr'>Siritio</span> <span class='ocrx_word' id='word_1_609' title='bbox 3800 4141 3835 4188; x_wconf 69' lang='grc' dir='ltr'>θί</span> <span class='ocrx_word' id='word_1_610' title='bbox 3896 4198 3897 4203; x_wconf 45' lang='grc' dir='ltr'><strong>η</strong></span> 
     </span>
    </p>
   </div>
   <div class='ocr_carea' id='block_1_85' title="bbox 2288 4246 3152 4304">
    <p class='ocr_par' dir='ltr' id='par_1_85' title="bbox 2288 4246 3152 4304">
     <span class='ocr_line' id='line_1_87' title="bbox 2288 4246 3152 4304; baseline 0.003 -4"><span class='ocrx_word' id='word_1_611' title='bbox 2288 4246 2582 4304; x_wconf 81' lang='lat' dir='ltr'>Ardabure</span> <span class='ocrx_word' id='word_1_612' title='bbox 2610 4249 2676 4302; x_wconf 87' lang='lat' dir='ltr'>IV</span> <span class='ocrx_word' id='word_1_613' title='bbox 2696 4263 2777 4303; x_wconf 93' lang='lat' dir='ltr'>cc.</span> <span class='ocrx_word' id='word_1_614' title='bbox 2809 4247 3152 4303; x_wconf 81' lang='lat' dir='ltr'>consulibus.</span> 
     </span>
    </p>
   </div>
   <div class='ocr_carea' id='block_1_86' title="bbox 2481 4336 3707 4415">
    <p class='ocr_par' dir='ltr' id='par_1_86' title="bbox 2481 4336 3707 4415">
     <span class='ocr_line' id='line_1_88' title="bbox 2481 4336 3707 4415; baseline -0.006 -19"><span class='ocrx_word' id='word_1_615' title='bbox 2481 4343 2614 4396; x_wconf 80' lang='lat' dir='ltr'>Item</span> <span class='ocrx_word' id='word_1_616' title='bbox 2643 4343 2867 4412; x_wconf 82' lang='lat' dir='ltr'>epistola</span> <span class='ocrx_word' id='word_1_617' title='bbox 2892 4344 3116 4397; x_wconf 81' lang='lat' dir='ltr'>Damasi</span> <span class='ocrx_word' id='word_1_618' title='bbox 3140 4344 3218 4398; x_wconf 86' lang='lat' dir='ltr'>ad</span> <span class='ocrx_word' id='word_1_619' title='bbox 3249 4347 3520 4415; x_wconf 79' lang='lat' dir='ltr'>episcopos</span> <span class='ocrx_word' id='word_1_620' title='bbox 3544 4336 3707 4397; x_wconf 64' lang='lat' dir='ltr'>Italis.</span> 
     </span>
    </p>
   </div>
   <div class='ocr_carea' id='block_1_87' title="bbox 2362 4422 3834 4510">
    <p class='ocr_par' dir='ltr' id='par_1_87' title="bbox 2362 4422 3834 4510">
     <span class='ocr_line' id='line_1_89' title="bbox 2362 4422 3834 4510; baseline -0.013 -19"><span class='ocrx_word' id='word_1_621' title='bbox 2362 4435 2642 4491; x_wconf 85' lang='lat' dir='ltr'>Universis</span> <span class='ocrx_word' id='word_1_622' title='bbox 2665 4435 2939 4508; x_wconf 87' lang='lat' dir='ltr'>episcopis</span> <span class='ocrx_word' id='word_1_623' title='bbox 2968 4453 3071 4508; x_wconf 90' lang='lat' dir='ltr'>per</span> <span class='ocrx_word' id='word_1_624' title='bbox 3109 4438 3287 4493; x_wconf 70' lang='lat' dir='ltr'>ltalize</span> <span class='ocrx_word' id='word_1_625' title='bbox 3311 4434 3619 4510; x_wconf 84' lang='lat' dir='ltr'>provincias</span> <span class='ocrx_word' id='word_1_626' title='bbox 3634 4422 3834 4485; x_wconf 85' lang='lat' dir='ltr'>constitu-</span> 
     </span>
    </p>
   </div>
   <div class='ocr_carea' id='block_1_88' title="bbox 554 4530 3685 4628">
    <p class='ocr_par' dir='ltr' id='par_1_88' title="bbox 554 4530 3685 4628">
     <span class='ocr_line' id='line_1_90' title="bbox 554 4530 3685 4628; baseline -0.002 -41"><span class='ocrx_word' id='word_1_627' title='bbox 554 4538 708 4587; x_wconf 87' lang='lat' dir='ltr'>trum</span> <span class='ocrx_word' id='word_1_628' title='bbox 744 4530 902 4586; x_wconf 91' lang='lat' dir='ltr'>nulla</span> <span class='ocrx_word' id='word_1_629' title='bbox 947 4530 1163 4586; x_wconf 80' lang='lat' dir='ltr'>ratione</span> <span class='ocrx_word' id='word_1_630' title='bbox 1192 4530 1473 4601; x_wconf 85' lang='lat' dir='ltr'>dissentit,</span> <span class='ocrx_word' id='word_1_631' title='bbox 1516 4548 1621 4603; x_wconf 92' lang='lat' dir='ltr'>per</span> <span class='ocrx_word' id='word_1_632' title='bbox 1662 4547 1807 4604; x_wconf 90' lang='lat' dir='ltr'>quos</span> <span class='ocrx_word' id='word_1_633' title='bbox 1845 4534 2067 4604; x_wconf 88' lang='lat' dir='ltr'>justum</span> <span class='ocrx_word' id='word_1_634' title='bbox 2103 4538 2267 4628; x_wconf 82' lang='lat' dir='ltr'>estD</span> <span class='ocrx_word' id='word_1_635' title='bbox 2289 4531 2447 4597; x_wconf 86' lang='lat' dir='ltr'>tntis,</span> <span class='ocrx_word' id='word_1_636' title='bbox 2482 4531 2732 4587; x_wconf 75' lang='lat' dir='ltr'>DAMASUS</span> <span class='ocrx_word' id='word_1_637' title='bbox 2757 4531 3053 4602; x_wconf 88' lang='lat' dir='ltr'>episcopus</span> <span class='ocrx_word' id='word_1_638' title='bbox 3082 4531 3141 4586; x_wconf 92' lang='lat' dir='ltr'>in</span> <span class='ocrx_word' id='word_1_639' title='bbox 3171 4533 3425 4588; x_wconf 89' lang='lat' dir='ltr'>Domino</span> <span class='ocrx_word' id='word_1_640' title='bbox 3448 4531 3685 4586; x_wconf 86' lang='lat' dir='ltr'>salutem.</span> 
     </span>
    </p>
   </div>
   <div class='ocr_carea' id='block_1_89' title="bbox 557 4624 2190 4699">
    <p class='ocr_par' dir='ltr' id='par_1_89' title="bbox 557 4624 2190 4699">
     <span class='ocr_line' id='line_1_91' title="bbox 557 4624 2190 4699; baseline 0.001 -18"><span class='ocrx_word' id='word_1_641' title='bbox 557 4629 789 4699; x_wconf 62' lang='lat' dir='ltr'>caeteros</span> <span class='ocrx_word' id='word_1_642' title='bbox 841 4624 1075 4680; x_wconf 87' lang='lat' dir='ltr'>erudiri.</span> <span class='ocrx_word' id='word_1_643' title='bbox 1137 4624 1252 4681; x_wconf 88' lang='lat' dir='ltr'>Sed</span> <span class='ocrx_word' id='word_1_644' title='bbox 1302 4625 1576 4681; x_wconf 86' lang='lat' dir='ltr'>relatione</span> <span class='ocrx_word' id='word_1_645' title='bbox 1629 4626 2074 4699; x_wconf 87' lang='lat' dir='ltr'>Gallicanorum,</span> <span class='ocrx_word' id='word_1_646' title='bbox 2134 4633 2190 4684; x_wconf 84' lang='lat' dir='ltr'>et</span> 
     </span>
    </p>
   </div>
   <div class='ocr_carea' id='block_1_90' title="bbox 556 4719 2188 4791">
    <p class='ocr_par' dir='ltr' id='par_1_90' title="bbox 556 4719 2188 4791">
     <span class='ocr_line' id='line_1_92' title="bbox 556 4719 2188 4791; baseline 0.002 -18"><span class='ocrx_word' id='word_1_647' title='bbox 556 4719 1019 4776; x_wconf 86' lang='lat' dir='ltr'>venerandorum</span> <span class='ocrx_word' id='word_1_648' title='bbox 1065 4719 1311 4773; x_wconf 88' lang='lat' dir='ltr'>fratrum</span> <span class='ocrx_word' id='word_1_649' title='bbox 1356 4721 1629 4791; x_wconf 90' lang='lat' dir='ltr'>quosdam</span> <span class='ocrx_word' id='word_1_650' title='bbox 1662 4720 1971 4777; x_wconf 66' lang='lat' dir='ltr'>haeresibus</span> <span class='ocrx_word' id='word_1_651' title='bbox 1996 4722 2188 4778; x_wconf 88' lang='lat' dir='ltr'>favere</span> 
     </span>
    </p>
   </div>
   <div class='ocr_carea' id='block_1_91' title="bbox 556 4812 2189 4886">
    <p class='ocr_par' dir='ltr' id='par_1_91' title="bbox 556 4812 2189 4886">
     <span class='ocr_line' id='line_1_93' title="bbox 556 4812 2189 4886; baseline 0.001 -16"><span class='ocrx_word' id='word_1_652' title='bbox 556 4812 946 4886; x_wconf 87' lang='lat' dir='ltr'>cognovimus.</span> <span class='ocrx_word' id='word_1_653' title='bbox 971 4813 1135 4878; x_wconf 89' lang='lat' dir='ltr'>Quod</span> <span class='ocrx_word' id='word_1_654' title='bbox 1160 4814 1377 4869; x_wconf 91' lang='lat' dir='ltr'>malum</span> <span class='ocrx_word' id='word_1_655' title='bbox 1408 4831 1519 4869; x_wconf 87' lang='lat' dir='ltr'>non</span> <span class='ocrx_word' id='word_1_656' title='bbox 1547 4816 1731 4871; x_wconf 89' lang='lat' dir='ltr'>solum</span> <span class='ocrx_word' id='word_1_657' title='bbox 1765 4832 1961 4871; x_wconf 90' lang='lat' dir='ltr'>cavere</span> <span class='ocrx_word' id='word_1_658' title='bbox 1979 4816 2189 4872; x_wconf 90' lang='lat' dir='ltr'>debent</span> 
     </span>
    </p>
   </div>
   <div class='ocr_carea' id='block_1_92' title="bbox 554 4907 2188 4983">
    <p class='ocr_par' dir='ltr' id='par_1_92' title="bbox 554 4907 2188 4983">
     <span class='ocr_line' id='line_1_94' title="bbox 554 4907 2188 4983; baseline 0.001 -20"><span class='ocrx_word' id='word_1_659' title='bbox 554 4907 823 4981; x_wconf 88' lang='lat' dir='ltr'>episcopi,</span> <span class='ocrx_word' id='word_1_660' title='bbox 850 4908 950 4963; x_wconf 89' lang='lat' dir='ltr'>sed</span> <span class='ocrx_word' id='word_1_661' title='bbox 978 4908 1153 4962; x_wconf 92' lang='lat' dir='ltr'>etiam</span> <span class='ocrx_word' id='word_1_662' title='bbox 1192 4909 1455 4963; x_wconf 88' lang='lat' dir='ltr'>reluctari</span> <span class='ocrx_word' id='word_1_663' title='bbox 1495 4915 1690 4965; x_wconf 85' lang='lat' dir='ltr'>contra</span> <span class='ocrx_word' id='word_1_664' title='bbox 1741 4926 1806 4965; x_wconf 88' lang='lat' dir='ltr'>ea</span> <span class='ocrx_word' id='word_1_665' title='bbox 1844 4926 1978 4983; x_wconf 77' lang='lat' dir='ltr'>quae</span> <span class='ocrx_word' id='word_1_666' title='bbox 2026 4914 2188 4982; x_wconf 87' lang='lat' dir='ltr'>gesta</span> 
     </span>
    </p>
   </div>
   <div class='ocr_carea' id='block_1_93' title="bbox 555 5006 2187 5081">
    <p class='ocr_par' dir='ltr' id='par_1_93' title="bbox 555 5006 2187 5081">
     <span class='ocr_line' id='line_1_95' title="bbox 555 5006 2187 5081; baseline 0.002 -20"><span class='ocrx_word' id='word_1_667' title='bbox 555 5011 687 5062; x_wconf 87' lang='lat' dir='ltr'>sunt</span> <span class='ocrx_word' id='word_1_668' title='bbox 711 5006 1017 5079; x_wconf 88' lang='lat' dir='ltr'>imperitia,</span> <span class='ocrx_word' id='word_1_669' title='bbox 1051 5010 1159 5061; x_wconf 85' lang='lat' dir='ltr'>aut</span> <span class='ocrx_word' id='word_1_670' title='bbox 1194 5006 1556 5079; x_wconf 84' lang='lat' dir='ltr'>simplicitate</span> <span class='ocrx_word' id='word_1_671' title='bbox 1582 5009 1970 5080; x_wconf 84' lang='lat' dir='ltr'>quorumdam</span> <span class='ocrx_word' id='word_1_672' title='bbox 1998 5011 2187 5081; x_wconf 89' lang='lat' dir='ltr'>pravis</span> 
     </span>
    </p>
   </div>
   <div class='ocr_carea' id='block_1_94' title="bbox 555 5099 2186 5177">
    <p class='ocr_par' dir='ltr' id='par_1_94' title="bbox 555 5099 2186 5177">
     <span class='ocr_line' id='line_1_96' title="bbox 555 5099 2186 5177; baseline 0.001 -20"><span class='ocrx_word' id='word_1_673' title='bbox 555 5099 1126 5174; x_wconf 87' lang='lat' dir='ltr'>interpretationibus</span> <span class='ocrx_word' id='word_1_674' title='bbox 1143 5101 1528 5173; x_wconf 87' lang='lat' dir='ltr'>deceptorum.</span> <span class='ocrx_word' id='word_1_675' title='bbox 1557 5103 1736 5157; x_wconf 89' lang='lat' dir='ltr'>Variis</span> <span class='ocrx_word' id='word_1_676' title='bbox 1755 5119 1893 5177; x_wconf 87' lang='lat' dir='ltr'>ergo</span> <span class='ocrx_word' id='word_1_677' title='bbox 1910 5105 2186 5161; x_wconf 84' lang='lat' dir='ltr'>doctrinis</span> 
     </span>
    </p>
   </div>
   <div class='ocr_carea' id='block_1_95' title="bbox 555 5195 2184 5268">
    <p class='ocr_par' dir='ltr' id='par_1_95' title="bbox 555 5195 2184 5268">
     <span class='ocr_line' id='line_1_97' title="bbox 555 5195 2184 5268; baseline 0.002 -16"><span class='ocrx_word' id='word_1_678' title='bbox 555 5212 672 5252; x_wconf 89' lang='lat' dir='ltr'>non</span> <span class='ocrx_word' id='word_1_679' title='bbox 703 5196 865 5251; x_wconf 88' lang='lat' dir='ltr'>decet</span> <span class='ocrx_word' id='word_1_680' title='bbox 886 5195 1230 5266; x_wconf 86' lang='lat' dir='ltr'>labefactari,</span> <span class='ocrx_word' id='word_1_681' title='bbox 1263 5197 1360 5251; x_wconf 86' lang='lat' dir='ltr'>sed</span> <span class='ocrx_word' id='word_1_682' title='bbox 1387 5195 1571 5268; x_wconf 86' lang='lat' dir='ltr'>magis</span> <span class='ocrx_word' id='word_1_683' title='bbox 1598 5197 1828 5252; x_wconf 85' lang='lat' dir='ltr'>Patrum</span> <span class='ocrx_word' id='word_1_684' title='bbox 1854 5205 2184 5255; x_wconf 84' lang='lat' dir='ltr'>nostrorum</span> 
     </span>
    </p>
   </div>
   <div class='ocr_carea' id='block_1_96' title="bbox 549 5288 2185 5362">
    <p class='ocr_par' dir='ltr' id='par_1_96' title="bbox 549 5288 2185 5362">
     <span class='ocr_line' id='line_1_98' title="bbox 549 5288 2185 5362; baseline 0 -14"><span class='ocrx_word' id='word_1_685' title='bbox 549 5290 805 5348; x_wconf 73' lang='lat' dir='ltr'>laborare</span> <span class='ocrx_word' id='word_1_686' title='bbox 863 5288 1181 5345; x_wconf 87' lang='lat' dir='ltr'>sententiis.</span> <span class='ocrx_word' id='word_1_687' title='bbox 1231 5290 1580 5346; x_wconf 88' lang='lat' dir='ltr'>Auxentium</span> <span class='ocrx_word' id='word_1_688' title='bbox 1624 5306 1771 5362; x_wconf 79' lang='lat' dir='ltr'>ergo</span> <span class='ocrx_word' id='word_1_689' title='bbox 1804 5292 2185 5348; x_wconf 84' lang='lat' dir='ltr'>Mediolanum</span> 
     </span>
    </p>
   </div>
   <div class='ocr_carea' id='block_1_97' title="bbox 553 5382 2183 5460">
    <p class='ocr_par' dir='ltr' id='par_1_97' title="bbox 553 5382 2183 5460">
     <span class='ocr_line' id='line_1_99' title="bbox 553 5382 2183 5460; baseline 0 -19"><span class='ocrx_word' id='word_1_690' title='bbox 553 5384 841 5460; x_wconf 72' lang='lat' dir='ltr'>praecipue</span> <span class='ocrx_word' id='word_1_691' title='bbox 869 5383 932 5439; x_wconf 93' lang='lat' dir='ltr'>in</span> <span class='ocrx_word' id='word_1_692' title='bbox 961 5382 1070 5439; x_wconf 85' lang='lat' dir='ltr'>hac</span> <span class='ocrx_word' id='word_1_693' title='bbox 1095 5399 1262 5439; x_wconf 88' lang='lat' dir='ltr'>causa</span> <span class='ocrx_word' id='word_1_694' title='bbox 1292 5382 1628 5441; x_wconf 84' lang='lat' dir='ltr'>damnatum</span> <span class='ocrx_word' id='word_1_695' title='bbox 1648 5401 1767 5441; x_wconf 87' lang='lat' dir='ltr'>esse</span> <span class='ocrx_word' id='word_1_696' title='bbox 1784 5386 1992 5458; x_wconf 69' lang='lat' dir='ltr'>liquet.</span> <span class='ocrx_word' id='word_1_697' title='bbox 2024 5387 2183 5443; x_wconf 84' lang='lat' dir='ltr'>Unde</span> 
     </span>
    </p>
   </div>
   <div class='ocr_carea' id='block_1_98' title="bbox 546 5476 2186 5553">
    <p class='ocr_par' dir='ltr' id='par_1_98' title="bbox 546 5476 2186 5553">
     <span class='ocr_line' id='line_1_100' title="bbox 546 5476 2186 5553; baseline 0.001 -18"><span class='ocrx_word' id='word_1_698' title='bbox 546 5478 768 5552; x_wconf 85' lang='lat' dir='ltr'>justum</span> <span class='ocrx_word' id='word_1_699' title='bbox 792 5480 850 5534; x_wconf 92' lang='lat' dir='ltr'>et</span> <span class='ocrx_word' id='word_1_700' title='bbox 872 5476 1138 5533; x_wconf 89' lang='lat' dir='ltr'>universo</span> <span class='ocrx_word' id='word_1_701' title='bbox 1157 5479 1545 5534; x_wconf 86' lang='lat' dir='ltr'>Romanorum</span> <span class='ocrx_word' id='word_1_702' title='bbox 1575 5479 1721 5535; x_wconf 79' lang='lat' dir='ltr'>orbe</span> <span class='ocrx_word' id='word_1_703' title='bbox 1754 5480 2015 5535; x_wconf 83' lang='lat' dir='ltr'>doctores</span> <span class='ocrx_word' id='word_1_704' title='bbox 2042 5480 2186 5553; x_wconf 80' lang='lat' dir='ltr'>legis</span> 
     </span>
    </p>
   </div>
   <div class='ocr_carea' id='block_1_99' title="bbox 553 5572 2182 5647">
    <p class='ocr_par' dir='ltr' id='par_1_99' title="bbox 553 5572 2182 5647">
     <span class='ocr_line' id='line_1_101' title="bbox 553 5572 2182 5647; baseline 0 -17"><span class='ocrx_word' id='word_1_705' title='bbox 553 5587 621 5630; x_wconf 87' lang='lat' dir='ltr'>ea</span> <span class='ocrx_word' id='word_1_706' title='bbox 644 5586 774 5647; x_wconf 81' lang='lat' dir='ltr'>quae</span> <span class='ocrx_word' id='word_1_707' title='bbox 798 5572 940 5644; x_wconf 85' lang='lat' dir='ltr'>legis</span> <span class='ocrx_word' id='word_1_708' title='bbox 961 5576 1095 5628; x_wconf 76' lang='lat' dir='ltr'>sunt</span> <span class='ocrx_word' id='word_1_709' title='bbox 1118 5584 1338 5645; x_wconf 83' lang='lat' dir='ltr'>sapere,</span> <span class='ocrx_word' id='word_1_710' title='bbox 1366 5578 1422 5629; x_wconf 88' lang='lat' dir='ltr'>et</span> <span class='ocrx_word' id='word_1_711' title='bbox 1448 5589 1563 5628; x_wconf 89' lang='lat' dir='ltr'>non</span> <span class='ocrx_word' id='word_1_712' title='bbox 1591 5573 1765 5629; x_wconf 80' lang='lat' dir='ltr'>ﬁdem</span> <span class='ocrx_word' id='word_1_713' title='bbox 1798 5574 2066 5630; x_wconf 81' lang='lat' dir='ltr'>doctrinis</span> <span class='ocrx_word' id='word_1_714' title='bbox 2085 5590 2182 5631; x_wconf 60' lang='lat' dir='ltr'>va-</span> 
     </span>
    </p>
   </div>
   <div class='ocr_carea' id='block_1_100' title="bbox 549 5664 2183 5739">
    <p class='ocr_par' dir='ltr' id='par_1_100' title="bbox 549 5664 2183 5739">
     <span class='ocr_line' id='line_1_102' title="bbox 549 5664 2183 5739; baseline 0.001 -15"><span class='ocrx_word' id='word_1_715' title='bbox 549 5667 652 5724; x_wconf 89' lang='lat' dir='ltr'>riis</span> <span class='ocrx_word' id='word_1_716' title='bbox 686 5667 988 5723; x_wconf 89' lang='lat' dir='ltr'>maculare.</span> <span class='ocrx_word' id='word_1_717' title='bbox 1034 5667 1227 5739; x_wconf 87' lang='lat' dir='ltr'>Itaque</span> <span class='ocrx_word' id='word_1_718' title='bbox 1282 5664 1422 5722; x_wconf 89' lang='lat' dir='ltr'>dum</span> <span class='ocrx_word' id='word_1_719' title='bbox 1476 5666 1729 5739; x_wconf 89' lang='lat' dir='ltr'>primum</span> <span class='ocrx_word' id='word_1_720' title='bbox 1778 5668 2183 5725; x_wconf 74' lang='lat' dir='ltr'>haereticorum</span> 
     </span>
    </p>
   </div>
   <div class='ocr_carea' id='block_1_101' title="bbox 555 5759 2183 5832">
    <p class='ocr_par' dir='ltr' id='par_1_101' title="bbox 555 5759 2183 5832">
     <span class='ocr_line' id='line_1_103' title="bbox 555 5759 2183 5832; baseline 0.002 -17"><span class='ocrx_word' id='word_1_721' title='bbox 555 5759 819 5831; x_wconf 87' lang='lat' dir='ltr'>coepisset</span> <span class='ocrx_word' id='word_1_722' title='bbox 852 5759 1112 5832; x_wconf 89' lang='lat' dir='ltr'>nequitia</span> <span class='ocrx_word' id='word_1_723' title='bbox 1152 5759 1453 5832; x_wconf 89' lang='lat' dir='ltr'>pullulare,</span> <span class='ocrx_word' id='word_1_724' title='bbox 1502 5761 1646 5818; x_wconf 83' lang='lat' dir='ltr'>sicut</span> <span class='ocrx_word' id='word_1_725' title='bbox 1675 5762 1846 5819; x_wconf 76' lang='lat' dir='ltr'>etiam</span> <span class='ocrx_word' id='word_1_726' title='bbox 1877 5779 2031 5819; x_wconf 90' lang='lat' dir='ltr'>nunc</span> <span class='ocrx_word' id='word_1_727' title='bbox 2056 5763 2183 5820; x_wconf 87' lang='lat' dir='ltr'>bla-</span> 
     </span>
    </p>
   </div>
   <div class='ocr_carea' id='block_1_102' title="bbox 2361 4608 3835 4698">
    <p class='ocr_par' dir='ltr' id='par_1_102' title="bbox 2361 4608 3835 4698">
     <span class='ocr_line' id='line_1_104' title="bbox 2361 4608 3835 4698; baseline -0.012 -19"><span class='ocrx_word' id='word_1_728' title='bbox 2361 4624 2721 4697; x_wconf 89' lang='lat' dir='ltr'>Optaveram,</span> <span class='ocrx_word' id='word_1_729' title='bbox 2754 4625 3124 4695; x_wconf 89' lang='lat' dir='ltr'>dilectissimi,</span> <span class='ocrx_word' id='word_1_730' title='bbox 3152 4644 3260 4698; x_wconf 86' lang='lat' dir='ltr'>pro</span> <span class='ocrx_word' id='word_1_731' title='bbox 3292 4627 3472 4684; x_wconf 90' lang='lat' dir='ltr'>nostri</span> <span class='ocrx_word' id='word_1_732' title='bbox 3502 4621 3739 4680; x_wconf 82' lang='lat' dir='ltr'>charitate</span> <span class='ocrx_word' id='word_1_733' title='bbox 3759 4608 3835 4666; x_wconf 72' lang='lat' dir='ltr'>cnl-</span> 
     </span>
    </p>
   </div>
   <div class='ocr_carea' id='block_1_103' title="bbox 2287 4704 3838 4792">
    <p class='ocr_par' dir='ltr' id='par_1_103' title="bbox 2287 4704 3838 4792">
     <span class='ocr_line' id='line_1_105' title="bbox 2287 4704 3838 4792; baseline -0.01 -18"><span class='ocrx_word' id='word_1_734' title='bbox 2287 4719 2424 4792; x_wconf 88' lang='lat' dir='ltr'>legii</span> <span class='ocrx_word' id='word_1_735' title='bbox 2460 4736 2657 4775; x_wconf 89' lang='lat' dir='ltr'>omnes</span> <span class='ocrx_word' id='word_1_736' title='bbox 2697 4720 2922 4775; x_wconf 90' lang='lat' dir='ltr'>Domini</span> <span class='ocrx_word' id='word_1_737' title='bbox 2955 4722 3301 4790; x_wconf 88' lang='lat' dir='ltr'>sacerdotes,</span> <span class='ocrx_word' id='word_1_738' title='bbox 3350 4722 3496 4777; x_wconf 89' lang='lat' dir='ltr'>sicut</span> <span class='ocrx_word' id='word_1_739' title='bbox 3540 4720 3593 4773; x_wconf 91' lang='lat' dir='ltr'>in</span> <span class='ocrx_word' id='word_1_740' title='bbox 3626 4704 3838 4787; x_wconf 44' lang='lat' dir='ltr'>primitiis!</span> 
     </span>
    </p>
   </div>
   <div class='ocr_carea' id='block_1_104' title="bbox 2285 4812 3838 4885">
    <p class='ocr_par' dir='ltr' id='par_1_104' title="bbox 2285 4812 3838 4885">
     <span class='ocr_line' id='line_1_106' title="bbox 2285 4812 3838 4885; baseline -0.004 -16"><span class='ocrx_word' id='word_1_741' title='bbox 2285 4814 2396 4870; x_wconf 91' lang='lat' dir='ltr'>fuit</span> <span class='ocrx_word' id='word_1_742' title='bbox 2443 4816 2699 4885; x_wconf 84' lang='lat' dir='ltr'>Ecclesia,</span> <span class='ocrx_word' id='word_1_743' title='bbox 2760 4835 2788 4868; x_wconf 76' lang='grc' dir='ltr'>ε(</span> <span class='ocrx_word' id='word_1_744' title='bbox 2825 4831 3006 4871; x_wconf 90' lang='lat' dir='ltr'>unum</span> <span class='ocrx_word' id='word_1_745' title='bbox 3048 4832 3167 4871; x_wconf 89' lang='lat' dir='ltr'>esse</span> <span class='ocrx_word' id='word_1_746' title='bbox 3205 4834 3308 4873; x_wconf 91' lang='lat' dir='ltr'>cor</span> <span class='ocrx_word' id='word_1_747' title='bbox 3361 4821 3419 4872; x_wconf 92' lang='lat' dir='ltr'>et</span> <span class='ocrx_word' id='word_1_748' title='bbox 3462 4815 3691 4871; x_wconf 83' lang='lat' dir='ltr'>animam</span> <span class='ocrx_word' id='word_1_749' title='bbox 3723 4812 3838 4858; x_wconf 67' lang='grc' dir='ltr'>ιιιὶεειι</span> 
     </span>
    </p>
   </div>
   <div class='ocr_carea' id='block_1_105' title="bbox 2287 4904 3839 4982">
    <p class='ocr_par' dir='ltr' id='par_1_105' title="bbox 2287 4904 3839 4982">
     <span class='ocr_line' id='line_1_107' title="bbox 2287 4904 3839 4982; baseline -0.006 -17"><span class='ocrx_word' id='word_1_750' title='bbox 2287 4910 2429 4982; x_wconf 81' lang='lat' dir='ltr'>(Act.</span> <span class='ocrx_word' id='word_1_751' title='bbox 2459 4909 2657 4981; x_wconf 75' lang='lat' dir='ltr'>Iv,32),</span> <span class='ocrx_word' id='word_1_752' title='bbox 2686 4932 2715 4961; x_wconf 85' lang='grc'><strong>››</strong></span> <span class='ocrx_word' id='word_1_753' title='bbox 2746 4916 2916 4980; x_wconf 88' lang='lat' dir='ltr'>atque</span> <span class='ocrx_word' id='word_1_754' title='bbox 2937 4911 2997 4965; x_wconf 89' lang='lat' dir='ltr'>in</span> <span class='ocrx_word' id='word_1_755' title='bbox 3010 4927 3125 4965; x_wconf 91' lang='lat' dir='ltr'>una</span> <span class='ocrx_word' id='word_1_756' title='bbox 3144 4912 3458 4967; x_wconf 84' lang='lat' dir='ltr'>devotione</span> <span class='ocrx_word' id='word_1_757' title='bbox 3472 4906 3757 4982; x_wconf 83' lang='lat' dir='ltr'>persistere,</span> <span class='ocrx_word' id='word_1_758' title='bbox 3771 4904 3839 4947; x_wconf 59' lang='lat' dir='ltr'>nec</span> 
     </span>
    </p>
   </div>
   <div class='ocr_carea' id='block_1_106' title="bbox 2285 4999 3839 5077">
    <p class='ocr_par' dir='ltr' id='par_1_106' title="bbox 2285 4999 3839 5077">
     <span class='ocr_line' id='line_1_108' title="bbox 2285 4999 3839 5077; baseline -0.008 -18"><span class='ocrx_word' id='word_1_759' title='bbox 2285 5020 2630 5077; x_wconf 87' lang='lat' dir='ltr'>quemquam</span> <span class='ocrx_word' id='word_1_760' title='bbox 2658 5004 3020 5059; x_wconf 89' lang='lat' dir='ltr'>sacerdotum</span> <span class='ocrx_word' id='word_1_761' title='bbox 3048 5006 3249 5075; x_wconf 85' lang='lat' dir='ltr'>gratia,</span> <span class='ocrx_word' id='word_1_762' title='bbox 3286 4999 3699 5060; x_wconf 66' lang='lat' dir='ltr'>aut&#39;formidine</span> <span class='ocrx_word' id='word_1_763' title='bbox 3719 5001 3839 5047; x_wconf 63' lang='lat' dir='ltr'>smul-</span> 
     </span>
    </p>
   </div>
   <div class='ocr_carea' id='block_1_107' title="bbox 2285 5078 3842 5171">
    <p class='ocr_par' dir='ltr' id='par_1_107' title="bbox 2285 5078 3842 5171">
     <span class='ocr_line' id='line_1_109' title="bbox 2285 5078 3842 5171; baseline -0.009 -18"><span class='ocrx_word' id='word_1_764' title='bbox 2285 5099 2492 5153; x_wconf 91' lang='lat' dir='ltr'>larium</span> <span class='ocrx_word' id='word_1_765' title='bbox 2522 5098 2836 5171; x_wconf 86' lang='lat' dir='ltr'>depravari,</span> <span class='ocrx_word' id='word_1_766' title='bbox 2867 5102 2966 5154; x_wconf 89' lang='lat' dir='ltr'>aut</span> <span class='ocrx_word' id='word_1_767' title='bbox 3013 5116 3047 5154; x_wconf 90' lang='lat' dir='ltr'>a</span> <span class='ocrx_word' id='word_1_768' title='bbox 3085 5097 3174 5153; x_wconf 87' lang='lat' dir='ltr'>via</span> <span class='ocrx_word' id='word_1_769' title='bbox 3208 5098 3468 5154; x_wconf 86' lang='lat' dir='ltr'>veritatis</span> <span class='ocrx_word' id='word_1_770' title='bbox 3494 5106 3701 5168; x_wconf 87' lang='lat' dir='ltr'>quoquo</span> <span class='ocrx_word' id='word_1_771' title='bbox 3721 5078 3842 5139; x_wconf 78' lang='lat' dir='ltr'>mod0</span> 
     </span>
    </p>
   </div>
   <div class='ocr_carea' id='block_1_108' title="bbox 2287 5174 3843 5273">
    <p class='ocr_par' dir='ltr' id='par_1_108' title="bbox 2287 5174 3843 5273">
     <span class='ocr_line' id='line_1_110' title="bbox 2287 5174 3843 5273; baseline -0.012 -26"><span class='ocrx_word' id='word_1_772' title='bbox 2287 5192 2615 5247; x_wconf 89' lang='lat' dir='ltr'>abscedere.</span> <span class='ocrx_word' id='word_1_773' title='bbox 2645 5192 2752 5247; x_wconf 93' lang='lat' dir='ltr'>Sed</span> <span class='ocrx_word' id='word_1_774' title='bbox 2782 5192 2918 5264; x_wconf 90' lang='lat' dir='ltr'>quia</span> <span class='ocrx_word' id='word_1_775' title='bbox 2961 5193 3161 5263; x_wconf 90' lang='lat' dir='ltr'>multa,</span> <span class='ocrx_word' id='word_1_776' title='bbox 3211 5210 3347 5265; x_wconf 65' lang='lat' dir='ltr'>quae</span> <span class='ocrx_word' id='word_1_777' title='bbox 3411 5187 3615 5261; x_wconf 87' lang='lat' dir='ltr'>corrigi</span> <span class='ocrx_word' id='word_1_778' title='bbox 3652 5174 3843 5273; x_wconf 54' lang='lat' dir='ltr'>possunt.</span> 
     </span>
    </p>
   </div>
   <div class='ocr_carea' id='block_1_109' title="bbox 2287 5274 3844 5367">
    <p class='ocr_par' dir='ltr' id='par_1_109' title="bbox 2287 5274 3844 5367">
     <span class='ocr_line' id='line_1_111' title="bbox 2287 5274 3844 5367; baseline -0.01 -24"><span class='ocrx_word' id='word_1_779' title='bbox 2287 5286 2644 5359; x_wconf 88' lang='lat' dir='ltr'>proveniunt,</span> <span class='ocrx_word' id='word_1_780' title='bbox 2667 5291 2969 5358; x_wconf 87' lang='lat' dir='ltr'>exsuperat</span> <span class='ocrx_word' id='word_1_781' title='bbox 2996 5288 3186 5359; x_wconf 88' lang='lat' dir='ltr'>culpas</span> <span class='ocrx_word' id='word_1_782' title='bbox 3211 5283 3662 5358; x_wconf 88' lang='lat' dir='ltr'>delinquentium</span> <span class='ocrx_word' id='word_1_783' title='bbox 3685 5274 3844 5367; x_wconf 42' lang='lat' dir='ltr'>miseri:</span> 
     </span>
    </p>
   </div>
   <div class='ocr_carea' id='block_1_110' title="bbox 2286 5362 3847 5454">
    <p class='ocr_par' dir='ltr' id='par_1_110' title="bbox 2286 5362 3847 5454">
     <span class='ocr_line' id='line_1_112' title="bbox 2286 5362 3847 5454; baseline -0.006 -19"><span class='ocrx_word' id='word_1_784' title='bbox 2286 5380 2479 5437; x_wconf 89' lang='lat' dir='ltr'>cordia</span> <span class='ocrx_word' id='word_1_785' title='bbox 2507 5380 2628 5451; x_wconf 91' lang='lat' dir='ltr'>Dei,</span> <span class='ocrx_word' id='word_1_786' title='bbox 2660 5385 2828 5453; x_wconf 88' lang='lat' dir='ltr'>atque</span> <span class='ocrx_word' id='word_1_787' title='bbox 2856 5381 2987 5438; x_wconf 93' lang='lat' dir='ltr'>ideo</span> <span class='ocrx_word' id='word_1_788' title='bbox 3015 5382 3388 5454; x_wconf 90' lang='lat' dir='ltr'>suspenditur</span> <span class='ocrx_word' id='word_1_789' title='bbox 3423 5378 3585 5446; x_wconf 87' lang='lat' dir='ltr'>ultio,</span> <span class='ocrx_word' id='word_1_790' title='bbox 3625 5377 3683 5430; x_wconf 91' lang='lat' dir='ltr'>ut</span> <span class='ocrx_word' id='word_1_791' title='bbox 3722 5362 3847 5440; x_wconf 50' lang='lat' dir='ltr'>pos“?lt</span> 
     </span>
    </p>
   </div>
   <div class='ocr_carea' id='block_1_111' title="bbox 2285 5458 3847 5560">
    <p class='ocr_par' dir='ltr' id='par_1_111' title="bbox 2285 5458 3847 5560">
     <span class='ocr_line' id='line_1_113' title="bbox 2285 5458 3847 5560; baseline -0.01 -29"><span class='ocrx_word' id='word_1_792' title='bbox 2285 5477 2474 5532; x_wconf 91' lang='lat' dir='ltr'>locum</span> <span class='ocrx_word' id='word_1_793' title='bbox 2502 5476 2714 5533; x_wconf 85' lang='lat' dir='ltr'>habere</span> <span class='ocrx_word' id='word_1_794' title='bbox 2731 5476 3025 5532; x_wconf 91' lang='lat' dir='ltr'>correctio.</span> <span class='ocrx_word' id='word_1_795' title='bbox 3057 5476 3317 5532; x_wconf 83' lang='lat' dir='ltr'>Relatum</span> <span class='ocrx_word' id='word_1_796' title='bbox 3337 5480 3425 5531; x_wconf 91' lang='lat' dir='ltr'>est</span> <span class='ocrx_word' id='word_1_797' title='bbox 3450 5472 3605 5529; x_wconf 88' lang='lat' dir='ltr'>enim</span> <span class='ocrx_word' id='word_1_798' title='bbox 3627 5466 3688 5522; x_wconf 88' lang='lat' dir='ltr'>ad</span> <span class='ocrx_word' id='word_1_799' title='bbox 3706 5458 3847 5560; x_wconf 54' lang='lat' dir='ltr'>sedetIl</span> 
     </span>
    </p>
   </div>
   <div class='ocr_carea' id='block_1_112' title="bbox 2285 5554 3851 5643">
    <p class='ocr_par' dir='ltr' id='par_1_112' title="bbox 2285 5554 3851 5643">
     <span class='ocr_line' id='line_1_114' title="bbox 2285 5554 3851 5643; baseline -0.004 -17"><span class='ocrx_word' id='word_1_800' title='bbox 2285 5571 2650 5643; x_wconf 86' lang='lat' dir='ltr'>apostolicam</span> <span class='ocrx_word' id='word_1_801' title='bbox 2689 5587 2789 5627; x_wconf 90' lang='lat' dir='ltr'>vos</span> <span class='ocrx_word' id='word_1_802' title='bbox 2830 5571 3218 5627; x_wconf 85' lang='lat' dir='ltr'>accusationes</span> <span class='ocrx_word' id='word_1_803' title='bbox 3274 5571 3529 5626; x_wconf 89' lang='lat' dir='ltr'>fratrum</span> <span class='ocrx_word' id='word_1_804' title='bbox 3572 5579 3665 5637; x_wconf 84' lang='lat' dir='ltr'>per</span> <span class='ocrx_word' id='word_1_805' title='bbox 3696 5554 3851 5621; x_wconf 64' lang='grc' dir='ltr'>εετίιτίθ·</span> 
     </span>
    </p>
   </div>
   <div class='ocr_carea' id='block_1_113' title="bbox 2285 5652 3849 5738">
    <p class='ocr_par' dir='ltr' id='par_1_113' title="bbox 2285 5652 3849 5738">
     <span class='ocr_line' id='line_1_115' title="bbox 2285 5652 3849 5738; baseline -0.006 -17"><span class='ocrx_word' id='word_1_806' title='bbox 2285 5665 2566 5738; x_wconf 87' lang='lat' dir='ltr'>suscipere</span> <span class='ocrx_word' id='word_1_807' title='bbox 2586 5667 2800 5737; x_wconf 90' lang='lat' dir='ltr'>absque</span> <span class='ocrx_word' id='word_1_808' title='bbox 2820 5665 3077 5738; x_wconf 88' lang='lat' dir='ltr'>legitimo</span> <span class='ocrx_word' id='word_1_809' title='bbox 3099 5667 3451 5722; x_wconf 83' lang='lat' dir='ltr'>accusatore.</span> <span class='ocrx_word' id='word_1_810' title='bbox 3476 5658 3630 5727; x_wconf 87' lang='lat' dir='ltr'>Quod</span> <span class='ocrx_word' id='word_1_811' title='bbox 3646 5652 3849 5712; x_wconf 67' lang='grc' dir='ltr'>ἀείηοεῬέ</span> 
     </span>
    </p>
   </div>
   <div class='ocr_carea' id='block_1_114' title="bbox 2282 5740 3852 5831">
    <p class='ocr_par' dir='ltr' id='par_1_114' title="bbox 2282 5740 3852 5831">
     <span class='ocr_line' id='line_1_116' title="bbox 2282 5740 3852 5831; baseline -0.015 -15"><span class='ocrx_word' id='word_1_812' title='bbox 2282 5761 2343 5816; x_wconf 90' lang='lat' dir='ltr'>in</span> <span class='ocrx_word' id='word_1_813' title='bbox 2393 5760 2553 5816; x_wconf 89' lang='lat' dir='ltr'>omni</span> <span class='ocrx_word' id='word_1_814' title='bbox 2580 5760 2723 5815; x_wconf 87' lang='lat' dir='ltr'>orbe</span> <span class='ocrx_word' id='word_1_815' title='bbox 2770 5765 3055 5816; x_wconf 82' lang='lat' dir='ltr'>terrarum</span> <span class='ocrx_word' id='word_1_816' title='bbox 3083 5759 3207 5816; x_wconf 83' lang='lat' dir='ltr'>ﬁeri</span> <span class='ocrx_word' id='word_1_817' title='bbox 3236 5755 3551 5831; x_wconf 75' lang='lat' dir='ltr'>apostolica</span> <span class='ocrx_word' id='word_1_818' title='bbox 3579 5740 3852 5831; x_wconf 68' lang='lat' dir='ltr'>auctoritate</span> 
     </span>
    </p>
   </div>
   <div class='ocr_carea' id='block_1_115' title="bbox 556 5830 3853 5931">
    <p class='ocr_par' dir='ltr' id='par_1_115' title="bbox 556 5830 3853 5931">
     <span class='ocr_line' id='line_1_117' title="bbox 556 5830 3853 5931; baseline -0.002 -25"><span class='ocrx_word' id='word_1_819' title='bbox 556 5830 816 5924; x_wconf 86' lang='lat' dir='ltr'>sphemia</span> <span class='ocrx_word' id='word_1_820' title='bbox 849 5830 1127 5925; x_wconf 87' lang='lat' dir='ltr'>pullulare</span> <span class='ocrx_word' id='word_1_821' title='bbox 1142 5830 1171 5922; x_wconf 25' lang='grc' dir='ltr'>,τ</span> <span class='ocrx_word' id='word_1_822' title='bbox 1210 5858 1364 5926; x_wconf 84' lang='lat' dir='ltr'>patet</span> <span class='ocrx_word' id='word_1_823' title='bbox 1405 5856 1762 5926; x_wconf 81' lang='lat' dir='ltr'>Arianorum,</span> <span class='ocrx_word' id='word_1_824' title='bbox 1815 5863 1951 5914; x_wconf 90' lang='lat' dir='ltr'>tunc</span> <span class='ocrx_word' id='word_1_825' title='bbox 1994 5859 2183 5915; x_wconf 82' lang='lat' dir='ltr'>Patres</span> <span class='ocrx_word' id='word_1_826' title='bbox 2278 5855 2651 5929; x_wconf 75' lang='lat' dir='ltr'>prohibemus</span> <span class='ocrx_word' id='word_1_827' title='bbox 2678 5859 2736 5911; x_wconf 87' lang='lat' dir='ltr'>et</span> <span class='ocrx_word' id='word_1_828' title='bbox 2757 5854 2908 5929; x_wconf 89' lang='lat' dir='ltr'>quod</span> <span class='ocrx_word' id='word_1_829' title='bbox 2952 5871 3138 5931; x_wconf 86' lang='lat' dir='ltr'>nuper</span> <span class='ocrx_word' id='word_1_830' title='bbox 3176 5854 3395 5910; x_wconf 85' lang='lat' dir='ltr'>factum</span> <span class='ocrx_word' id='word_1_831' title='bbox 3433 5852 3520 5907; x_wconf 88' lang='lat' dir='ltr'>est</span> <span class='ocrx_word' id='word_1_832' title='bbox 3559 5847 3750 5917; x_wconf 80' lang='lat' dir='ltr'>absque</span> <span class='ocrx_word' id='word_1_833' title='bbox 3773 5830 3853 5887; x_wconf 67' lang='grc' dir='ltr'>ιιυίι</span> 
     </span>
    </p>
   </div>
  </div>
