3946 6180
108 353 183 405 677
1267 340 1736 402 DECRETALIUM
1775 336 2164 402 COLLECTIO.

3288 353 3391 406 678

106 454 417 512 rctardatione
443 452 724 525 corrigere
754 468 1048 524 rogamus,
1084 469 1188 510 nec
1213 469 1469 526 unquam
1501 455 1657 525 prius
1681 469 1738 541 Α
1757 454 1966 522 facere,
1989 455 2146 524 leges
2173 452 2326 508 enim
2355 453 2545 510 saeculi
2572 454 2924 510 accusatores
2950 455 3260 526 praesentes
3283 459 3392 512 exi-

101 569 177 624 per
195 550 371 621 scripta
393 564 587 604 eorum
606 548 703 619 qui
725 553 1065 603 accusantur
1093 563 1322 603 causam
1355 549 1655 616 discutere,

98 646 181 700 nisi
201 661 287 716 per
311 644 653 714 querelarum
678 642 1066 698 institutiones
1097 643 1278 697 vocati
1303 641 1572 696 canonice
1589 642 1658 696 ad

98 737 322 809 synodum
336 736 574 802 veniant,
587 741 646 790 et
660 752 910 806 prmsens
925 752 1028 807 per
1043 741 1376 807 praesentem
1391 738 1660 807 agnoscat

97 833 335 897 veraciter,
353 835 406 884 et
423 829 706 901 intelligat
726 847 853 901 quze
872 829 920 885 ei
940 829 1307 901 objiciuntur.
1328 829 1492 894 Quod
1509 829 1659 884 bene

95 929 135 979 et
165 941 248 996 per
275 923 596 994 sapientiam
627 922 945 978 Salomonis
973 923 1181 978 dicitur
1219 941 1232 977 :
1276 944 1302 972 ‹‹
1342 925 1660 994 Antequam

94 1016 304 1072 scrutaris
345 1033 412 1070 ne
454 1017 862 1087 reprehendas,
908 1015 1167 1088 intellige
1211 1016 1389 1087 prius,
1419 1019 1476 1071 et
1523 1019 1659 1070 tunc

91 1113 287 1182 increpa,
319 1114 625 1181 antequam
673 1110 924 1165 audieris
971 1126 1043 1165 ne
1079 1110 1432 1181 respondeas
1471 1111 1655 1179 (Eccli.

85 1221 146 1272 xx,
169 1204 285 1274 7-8).
313 1226 338 1252 »
367 1205 432 1258 Et
471 1204 603 1258 licet
646 1204 938 1275 aptissima
981 1206 1054 1258 sit
1101 1203 1522 1259 contrariorum
1569 1219 1656 1259 re-

88 1297 350 1369 prehensio,
377 1301 767 1352 verumtamen
793 1303 1017 1370 oportet
1043 1297 1130 1352 his
1155 1297 1254 1370 qui
1276 1299 1412 1352 elati
1438 1302 1568 1352 sunt
1586 1298 1658 1352 ad

88 1408 242 1446 eorum
265 1391 742 1446 exanimationem
774 1392 1039 1446 ordinem
1070 1391 1281 1447 servari
1333 1393 1402 1446 ab
1441 1392 1530 1446 his
1559 1392 1659 1463 qui

86 1485 341 1540 secundum
364 1486 541 1540 Deum
562 1485 904 1557 perscrutari
927 1486 1183 1558 deputati
1204 1491 1356 1555 sunt,
1378 1490 1659 1558 quatenus

86 1579 146 1632 ita
167 1596 271 1634 cum
299 1581 624 1651 operatione
652 1587 998 1653 cooperante
1031 1581 1408 1650 inveniamus,
1437 1585 1492 1635 et
1521 1597 1655 1634 con-

85 1672 301 1728 fessorem
341 1673 521 1728 Deum
557 1674 654 1745 qui
686 1674 823 1728 dicit
857 1691 870 1728 :
907 1696 934 1722 ‹‹
965 1674 1068 1728 Ubi
1105 1672 1217 1728 duo
1249 1677 1380 1729 sunt
1410 1675 1496 1727 vel
1543 1678 1657 1728 tres

87 1767 356 1838 congregati
386 1767 442 1820 in
468 1768 706 1822 nomine
735 1767 985 1836 meo,-ibi
1007 1783 1134 1822 sum
1161 1767 1220 1822 in
1248 1767 1435 1822 medio
1456 1783 1656 1822 eorum

1761 553 1925 618 gunt,
1955 553 2013 602 et
2043 563 2157 602 non
2197 563 2306 618 per
2333 549 2540 620 scripta
2585 549 2865 604 absentes.
2916 549 3076 605 Unde
3119 553 3391 606 canonica

1761 644 1993 697 Patrum
2021 643 2324 696 constituta
2353 657 2469 697 non
2493 644 2683 711 semel,
2699 644 2798 698 sed
2816 642 3121 715 sapissime
3143 646 3391 701 clamant

1761 752 1864 790 nec
1912 735 2317 807 accusationes,
2345 752 2448 790 nec
2501 735 2826 791 testimonia
2875 738 2986 792 ulla
3034 755 3138 809 per
3186 738 3392 810 scripta

1759 845 1924 901 posse
1950 829 2211 900 proferri,
2234 845 2337 884 nec
2369 829 2440 882 de
2469 829 2591 883 aliis
2621 831 2866 901 negotiis
2892 831 3216 903 quicunque
3239 832 3393 886 testi-

1761 923 2019 977 monium
2040 923 2247 988 dicant,
2277 923 2377 976 nisi
2407 924 2476 976 de
2507 924 2592 977 his
2607 940 2734 994 quae
2757 925 2860 978 sub
2879 925 3176 994 przesentia
3195 943 3391 980 eorum

1757 1031 1882 1071 esse
1912 1022 2244 1072 noscuntur.
2275 1016 2551 1071 Similiter
2573 1022 2629 1071 et
2658 1017 2755 1088 qui
2784 1017 2959 1071 alium
2992 1035 3253 1073 accusare
3277 1021 3390 1074 ele-

1761 1111 1928 1182 gerit,
1960 1127 2208 1181 prresens
2231 1127 2331 1182 per
2353 1127 2411 1164 se
2445 1117 2501 1165 et
2523 1127 2635 1164 non
2667 1128 2773 1182 per
2797 1111 2967 1165 alium
2997 1117 3241 1181 accuset,
3265 1113 3396 1168 scri-

1759 1207 1956 1276 ptione
1977 1206 2235 1260 videlicet
2256 1205 2568 1276 praemissa,
2584 1223 2769 1277 neque
2796 1207 2945 1260 ullus
2967 1224 3219 1278 unquam
3235 1208 3389 1278 judi-

1760 1303 1938 1368 cetur,
1985 1305 2295 1370 antequam
2342 1299 2625 1370 legitimos
2677 1306 3030 1355 accusatores
3084 1305 3396 1373 praesentes

1759 1393 1988 1459 habeat,
2018 1394 2317 1464 locumque
2349 1393 2697 1448 defendendi
2724 1394 2966 1466 accipiat
3005 1394 3075 1448 ad
3109 1395 3395 1449 abluenda

1759 1487 2020 1542 crimina.
2043 1487 2370 1543 Curandum
2394 1503 2620 1558 quoque
2649 1493 2732 1542 est
2753 1504 2822 1542 ne
2843 1488 2919 1542 ita
2946 1487 3246 1560 quisquam
3269 1489 3401 1543 sub-

1758 1587 1937 1651 repat,
1973 1580 2254 1652 faciatque
2281 1581 2447 1635 citius
2473 1581 2625 1652 quod
2668 1598 2781 1635 non
2821 1582 2970 1635 licet.
3017 1582 3393 1653 Omnipotens

1759 1675 1904 1729 Deus
1930 1675 2052 1728 haec
2069 1691 2164 1728 vos
2183 1679 2238 1728 et
2257 1680 2457 1728 cuncta
2487 1673 2674 1728 divina
2703 1674 2974 1729 mandata
3002 1679 3060 1730 et
3087 1677 3396 1747 apostolica

1757 1771 2039 1840 praecepta
2067 1768 2445 1822 custodientes
2474 1768 2532 1822 in
2559 1768 2776 1822 cunctis
2805 1768 3026 1824 actibus
3053 1769 3248 1824 vestris
3276 1787 3389 1824 coe-

84 1861 252 1927 (Matth.
281 1877 426 1930 xvm,
451 1861 570 1932 20).
606 1883 634 1911 υ
669 1863 804 1916 Nam
859 1866 916 1916 et
961 1860 1234 1916 Dominus
1279 1867 1474 1917 noster
1497 1863 1656 1916 Jesus
1674 1849 1732 1922 B
1757 1862 1909 1917 testis
1934 1862 2149 1916 brachii
2176 1861 2505 1916 extensione
2531 1866 2813 1933 protegat,
2845 1866 3014 1933 atque
3046 1863 3120 1917 ad
3149 1863 3389 1918 caelestis

83 1954 282 2008 Christus
297 1956 320 2009 J
327 1955 493 2010 udam
515 1955 704 2011 furem
732 1972 856 2010 esse
878 1955 1106 2025 sciebat,
1127 1955 1227 2009 sed
1254 1954 1521 2026 quoniam
1545 1971 1657 2010 non

79 2051 144 2100 est
176 2048 590 2118 praesentialiter
636 2056 947 2117 accusatus,
979 2048 1109 2103 ideo
1134 2065 1253 2104 non
1298 2053 1382 2104 est
1423 2048 1654 2120 ejectus.

1757 1955 2285 2010 remunerationem
2315 1955 2511 2026 patriae
2559 1971 2689 2009 cum
2738 1955 3034 2027 multiplici
3067 1957 3390 2011 animarum

1757 2050 1948 2104 fructu
1975 2048 2273 2120 perducat,
2305 2054 2504 2104 Amen.
2533 2049 2670 2103 Data
2701 2065 2760 2104 ιιι
2785 2048 2916 2104 Idus
2941 2049 3163 2120 Aprilis,
3197 2050 3389 2105 Siricio

80 2139 165 2194 Nec
186 2156 270 2196 vos
287 2143 400 2197 ullo
435 2143 612 2198 modo
653 2159 827 2216 agere
861 2147 1108 2215 oportet,
1137 2143 1291 2215 quod
1336 2143 1430 2198 ille
1479 2142 1660 2198 noluit
1761 2148 1818 2198 et
1839 2142 2127 2198 Ardabure
2157 2144 2220 2196 ιν
2252 2159 2332 2197 cc.
2365 2141 2709 2198 consulibus.

646 2507 1223 2601 INCIPIUNT
1327 2506 1848 2599 DECRETA
1946 2507 2317 2598 SlRICll
2426 2505 2792 2597 PAP/E.

131 2709 168 2758 t.
195 2706 259 2760 De
283 2708 498 2763 Arianis
532 2708 820 2764 catholicis
849 2726 964 2764 non
997 2711 1367 2782 baptizandis.

128 2801 167 2851 2.
195 2799 252 2854 Ut
269 2807 468 2872 praeter
488 2803 704 2858 Pascha
731 2808 787 2858 et
805 2803 1174 2859 Pentecosten
1205 2803 1517 2875 baptismus
1538 2819 1654 2858 non

78 2890 356 2949 celebretur.

129 2987 167 3038 3.
198 2987 261 3040 De
287 2989 556 3060 apostatis
585 2991 653 3044 ab
684 2992 925 3047 Ecclesia
953 2993 1305 3064 separandis.

128 3079 168 3132 4.
204 3081 307 3135 Non
337 3083 508 3138 liceat
537 3083 770 3139 alterius
809 3103 1078 3158 sponsam
1117 3087 1175 3140 in
1217 3085 1652 3140 matrimonium

77 3186 228 3227 SOClal'l
237 3217 248 3228 .

196 3268 259 3321 De
288 3270 370 3324 his
394 3272 494 3344 qui
520 3278 811 3344 acceptam
845 3274 1240 3344 paenitentiam
1267 3274 1499 3330 minime
1529 3290 1648 3329 ser-

76 3367 312 3418 raverunt;

125 3456 165 3507 6.
189 3456 256 3510 De
284 3460 578 3515 monachis
599 3466 654 3516 et
673 3460 992 3533 virginibus
1016 3463 1369 3534 propositum
1400 3478 1511 3517 non
1539 3479 1652 3517 ser-

73 3549 298 3607 vantibus.

121 3645 163 3696 τ.
187 3643 250 3698 De
276 3647 550 3704 ministris
579 3649 1078 3704 incontinentibus.

122 3736 161 3788 8.
187 3736 368 3801 Quales
393 3743 646 3797 debeant
681 3743 755 3797 ad
801 3743 1098 3799 clericatus
1146 3744 1401 3800 officium
1450 3760 1648 3816 perve-

74 3840 178 3882 nire.

124 3925 164 3977 9.
189 3925 254 3981 De
290 3929 373 3984 his
402 3930 502 4002 qui
539 3930 830 4003 grandaevi
859 3929 928 3985 ad
961 3948 1174 3987 sacram
1201 3932 1466 3988 militiam
1511 3950 1644 3989 con-

73 4021 332 4076 vertuntur.

124 4113 189 4166 10.
217 4115 285 4169 De
315 4118 532 4174 clericis
561 4118 658 4192 qui
691 4121 762 4175 ad
786 4119 1063 4175 secundas
1095 4120 1322 4193 nuptias
1351 4125 1649 4177 transeunt

71 4206 114 4254 ut
137 4205 481 4278 deponantur.

123 4302 186 4354 Η.
213 4303 283 4358 De
314 4305 547 4361 feminis
592 4321 720 4378 quas
766 4324 894 4363 cum
942 4309 1158 4364 clericis
1185 4309 1436 4364 debeant
1484 4308 1641 4364 habi-

68 4392 171 4448 tare.

120 4491 186 4544 t2.
213 4490 280 4547 De
313 4495 729 4551 monachorum
756 4497 1115 4569 promotione
1142 4497 1213 4552 ad
1239 4498 1475 4552 clerum.

1673 3223 1727 3297 C

1756 2724 2117 2780 cognoscere.
2151 2711 2219 2762 Et
2243 2709 2376 2780 quia
2402 2725 2627 2764 necesse
2661 2724 2764 2762 nos
2793 2707 2995 2762 eratin
3017 2707 3138 2778 ejus
3166 2707 3386 2762 labores

1753 2819 2035 2874 curasque
2062 2802 2366 2858 succedere
2395 2803 2484 2856 cui
2511 2818 2614 2874 per
2636 2802 2729 2858 Dei
2753 2802 2997 2872 gratiam
3017 2801 3387 2857 successimus

1754 2898 1813 2952 in
1841 2898 2139 2965 honorem,
2169 2897 2318 2952 facto
2349 2901 2414 2951 ut
2443 2895 2744 2968 oportebat
2785 2895 3052 2967 primitus
3079 2911 3221 2950 mese
3249 2911 3382 2966 pro-

1753 2991 2021 3046 vectionis
2048 2990 2282 3061 indicio,
2305 2990 2376 3046 ad
2403 2989 2624 3062 singula
2642 2995 2813 3062 prout
2843 2989 3116 3045 Dominus
3135 2989 3385 3062 aspirare

1751 3086 2020 3157 dignatus
2035 3087 2140 3155 est,
2157 3084 2551 3140 consultationi
2575 3088 2686 3138 tua;
2707 3100 3041 3156 responsum
3057 3087 3386 3155 competens

1751 3195 1867 3235 non
1892 3195 2192 3250 negamus,
2215 3178 2353 3250 quia
2377 3178 2547 3233 ofﬁcii
2580 3178 2758 3233 nostri
2787 3176 3247 3233 consideratione
3267 3194 3385 3233 non

1754 3277 1840 3328 est
1861 3272 2021 3328 nobis
2047 3272 2428 3337 dissimulare,
2450 3288 2566 3326 non
2592 3277 2678 3326 est
2697 3277 2887 3326 tacere
2907 3271 3157 3338 libertas,
3181 3271 3386 3342 quibus

1751 3367 1936 3438 major
1964 3365 2178 3422 cunctis
2207 3365 2546 3421 Christiana
2572 3365 2866 3436 religionis
2905 3365 3054 3420 zelus
3086 3364 3382 3419 incumbit.

1751 3462 2050 3515 Portamus
2061 3476 2237 3515 onera
2248 3459 2504 3514 omnium
2526 3459 2624 3530 qui
2641 3463 2972 3529 gravantur,
2989 3457 3250 3529 quinimo
3263 3457 3384 3512 haec

1752 3558 1940 3624 portat
1965 3555 2025 3608 in
2056 3552 2240 3619 nobis,
2269 3552 2466 3608 beatus
2494 3552 2780 3624 apostolus
2805 3553 3022 3619 Petrus,
3058 3550 3158 3622 qui
3183 3567 3290 3606 nos
3325 3551 3384 3606 in

1751 3647 2018 3703 omnibus
2045 3648 2126 3716 (ut
2149 3645 2500 3716 conﬁdimus)
2525 3644 3035 3700 administrationis
3064 3644 3311 3717 protegit
3328 3648 3384 3700 et

1748 3745 1944 3796 tuetur
1972 3741 2250 3796 hmredes.

1821 3836 1950 3891 CAP.
1982 3835 2020 3889 Ι.
2052 3835 2244 3889 Prima
2273 3834 2464 3906 itaque
2491 3832 2715 3904 paginae
2753 3836 2867 3887 tua;
2906 3833 3096 3886 fronte
3143 3832 3381 3902 signasti

1748 3929 2066 4002 baptizatos
2093 3928 2164 3983 ab
2187 3927 2378 4000 impiis
2402 3925 2628 3981 Arianis
2676 3925 2952 3996 plurimos
2979 3925 3051 3979 ad
3081 3923 3253 3981 fidem
3282 3941 3377 3980 ca-

1739 4024 2016 4079 tholicam
2040 4022 2330 4089 festinare,
2359 4024 2417 4076 et
2446 4019 2725 4092 quosdam
2752 4019 2823 4074 de
2861 4019 3129 4074 fratribus
3173 4019 3381 4075 nostris

1748 4135 1846 4175 eos
1871 4119 2058 4174 denuo
2083 4115 2369 4189 baptizare
2395 4114 2562 4182 velle,
2589 4113 2745 4186 quod
2775 4129 2890 4168 non
2933 4113 3084 4182 licet,
3115 4129 3243 4168 cum
3274 4113 3380 4170 hoc

1747 4212 1871 4268 ﬁeri
1898 4218 1955 4269 et
1982 4211 2271 4284 apostolus
2302 4212 2471 4279 vetet,
2505 4213 2562 4264 et
2598 4223 2843 4264 canones
2885 4207 3297 4274 contradicant,
3327 4214 3384 4264 et

1743 4310 1876 4378 post
1902 4309 2182 4362 cassatum
2213 4303 2575 4359 Ariminense
2602 4301 2912 4357 concilium
2943 4301 3116 4356 missa
3139 4301 3212 4356 ad
3241 4317 3372 4374 pro-

1741 4401 1956 4456 vincias
1997 4417 2030 4454 a
2057 4399 2398 4456 venerandae
2441 4397 2733 4452 memoriae
2779 4395 3201 4468 praedecessore
3250 4412 3378 4451 meo

1746 4495 1966 4550 Liberio
1987 4493 2276 4566 generalia
2296 4493 2524 4547 decreta
2545 4490 2885 4562 prohibeant
2907 4506 2920 4544 :
2945 4489 3097 4560 quod
3121 4505 3225 4543 nos
3245 4505 3375 4544 cum

121 4583 187 4636 t3.
212 4587 277 4640 De
305 4590 524 4645 clericis
553 4595 619 4644 ut
644 4591 1039 4662 paenitentiam
1083 4609 1185 4663 per
1223 4591 1641 4664 impositionem
1663 4600 1722 4674 ι)
1744 4587 2059 4643 Novatianis
2083 4586 2318 4657 aliisque
2348 4583 2644 4652 haereticis,
2663 4583 2806 4636 sicut
2830 4581 2992 4636 estin
3011 4582 3227 4652 synodo
3245 4597 3380 4638 con-

66 4685 221 4732 manus
247 4685 608 4739 sacerdotum
637 4685 930 4756 accipiant.

122 4771 188 4824 tt.
213 4772 282 4827 De
309 4777 715 4847 paenitentibus
741 4781 796 4832 et
819 4778 1067 4850 bigamis
1092 4795 1192 4834 seu
1208 4779 1508 4834 viduarum
1533 4797 1647 4834 ma-

64 4858 170 4929 ritis,
207 4871 265 4922 ut
311 4887 427 4926 non
477 4873 890 4943 permittantur
931 4874 997 4928 ad
1046 4874 1340 4929 clericatus
1385 4874 1645 4929 ordinem

64 4952 260 5005 admitti

64 4957 262 5014 admitti.

61 5068 213 5141 Incipit
252 5082 476 5149 epistola
522 5080 706 5136 Stricti
747 5097 908 5167 papa?
957 5082 1032 5138 ad
1085 5085 1390 5142 Camertum
1441 5086 1641 5139 Tarra-

521 5169 788 5208 conensem
814 5169 1134 5224 episcopum.

112 5234 323 5298 Snucxcs
377 5246 627 5302 Centenio
683 5248 1088 5302 Tarraconensi
1163 5249 1424 5320 episcopo
1492 5249 1641 5304 salu-

60 5330 164 5384 tem.

110 5423 303 5485 Directa
329 5434 400 5488 ad
437 5434 790 5492 decessorem
837 5441 1096 5492 nostrum
1127 5439 1340 5493 sancte
1389 5437 1647 5493 recorda-

59 5513 196 5574 tionis
217 5523 520 5582 Damasum
544 5530 914 5586 fraternitatis
939 5535 1053 5586 tua:
1080 5531 1281 5586 relatio
1303 5531 1426 5602 jam
1459 5547 1554 5587 me
1584 5531 1643 5586 in

59 5610 212 5669 sedem
241 5618 417 5689 ipsius
442 5624 836 5694 constitutum,
859 5626 993 5697 quia
1013 5626 1094 5680 sic
1125 5624 1396 5680 Dominus
1419 5625 1645 5680 ordina-

59 5701 134 5768 vit,
160 5706 379 5768 invenit.
411 5715 593 5779 Quam
623 5734 753 5773 cum
780 5719 836 5773 in
868 5725 1146 5774 conventu
1171 5719 1413 5774 fratrum
1443 5718 1646 5774 sollici-

58 5794 146 5851 tius
157 5800 486 5876 legeremus,
495 5814 652 5867 tanta
663 5812 984 5868 invenimus
993 5829 1120 5886 quas
1133 5812 1576 5884 reprehensione
1587 5816 1647 5867 et

59 5898 363 5956 correctione
387 5907 526 5957 sunt
554 5904 742 5979 digna,
767 5913 984 5980 quanta
1010 5914 1338 5982 optaremus
1359 5907 1645 5964 laudanda

1745 4683 2025 4748 stitutum,
2058 4697 2162 4752 per
2187 4678 2605 4734 invocationem
2633 4677 2814 4730 solum
2847 4675 3191 4746 septiformis
3205 4675 3376 4746 Spiri-

1745 4780 1858 4846 tus,
1873 4781 1929 4831 et
1941 4774 2276 4847 episcopalis
2295 4788 2503 4827 manus
2522 4769 2945 4842 impositionem
2961 4768 3373 4826 catholicorum

1746 4868 2046 4926 conventui
2078 4867 2375 4936 sociamus,
2405 4864 2556 4937 quod
2593 4862 2764 4918 etiam
2796 4867 2948 4917 totus
2983 4863 3185 4918 Oriens
3212 4864 3371 4920 Occi-

1748 4964 2000 5036 densque
2042 4959 2308 5030 custodit,
2345 4976 2378 5014 a
2413 4974 2526 5031 quo
2568 4957 2798 5012 tramite
2843 4972 2940 5012 vos
2983 4973 3213 5029 quoque
3251 4961 3378 5030 post

1747 5059 1868 5113 haec
1897 5057 2134 5112 minime
2164 5053 2426 5110 convenit
2450 5052 2698 5122 deviare,
2719 5050 2763 5105 si
2792 5067 2911 5106 non
2936 5050 3106 5106 vultis
3126 5068 3158 5105 a
3181 5057 3375 5107 nostro

1745 5152 1982 5223 collegio
2009 5149 2262 5222 synodali
2299 5145 2545 5219 separari
2571 5144 2874 5202 sententia.

1816 5248 1878 5302 ll.
1906 5244 2170 5317 Sequitur
2198 5243 2268 5299 de
2298 5241 2578 5298 universis
2601 5239 3074 5312 baptizandorum
3103 5239 3373 5311 tempori-

1730 5342 1868 5409 ~bus,
1897 5344 2070 5412 prout
2093 5337 2396 5409 unicuique
2426 5335 2648 5390 libitum
2675 5334 2866 5401 fuerit,
2898 5332 3289 5406 improbabilia
3315 5337 3371 5388 et

1745 5434 2100 5491 emendanda
2129 5431 2406 5500 confusio,
2424 5446 2553 5503 quas
2570 5446 2602 5484 a
2624 5427 2828 5484 nostris
2858 5425 3367 5493 consacerdotibus,

1735 5529 1899 5601 quod
1923 5527 2189 5583 commoti
2221 5525 2479 5592 dicimus,
2504 5539 2620 5579 non
2648 5521 2870 5578 ratione
2898 5518 3251 5576 auctoritatis
3275 5519 3371 5574 ali-

1744 5623 1922 5694 cujus,
1956 5622 2051 5678 sed
2081 5621 2199 5676 sola
2222 5617 2546 5676 temeritate
2572 5615 2963 5690 praesumitur,
2988 5617 3051 5668 ut
3079 5611 3284 5684 passim
3303 5629 3368 5668 ac

1743 5717 1921 5772 libere
1947 5715 2216 5771 natalitiis
2253 5712 2480 5782 Christi,
2511 5727 2610 5766 seu
2645 5705 3033 5780 apparitionis,
3065 5722 3287 5762 necnon
3314 5712 3371 5762 et

1742 5811 2146 5884 apostolorum,
2167 5825 2269 5864 seu
2292 5809 2613 5878 martyrum
2641 5800 3034 5858 festivitatibus
3055 5801 3372 5857 innumerae

1745 5906 1827 5978 (ut
1848 5904 2066 5976 asseris)
2083 5903 2276 5976 plebes
2290 5898 2553 5972 baptismi
2575 5894 2910 5970 mysterium
2931 5900 3372 5972 consequantur,
