3946 6180
606 315 705 376 679

1497 316 1778 374 APPEND.
1821 304 1907 374 AD
1945 316 2102 372 SAEC.
2145 313 2234 370 IX.
2257 342 2326 355 ——
2363 312 2606 370 lSIDORl
2647 307 3073 370 MERCATORIS
3766 327 3843 380 530

605 445 734 482 cum
768 427 873 482 hoc
916 425 1022 481 sibi
1064 424 1428 499 privilegium
1454 427 1606 498 apud
1647 436 1747 481 nos
1774 430 1832 480 et
1856 425 2006 497 apud
2038 442 2233 479 omnes
2255 437 2313 510 Α
2333 423 2605 495 quoniam
2641 421 2858 476 carnali
2883 420 3192 492 fragilitate
3229 420 3531 477 ceciderunt
3566 427 3730 483 viatico
3753 447 3843 484 mu-

602 522 864 577 ecclesias
896 521 1249 576 Dominicum
1275 521 1594 592 specialiter
1623 537 1752 574 cum
1779 521 2109 575 Pentecoste
2136 537 2235 574 sua

602 615 817 670 Pascha
843 615 1146 683 defendat;
1172 615 1377 686 quibus
1406 614 1535 668 solis
1565 630 1668 684 per
1691 630 1908 668 annum
1938 613 2137 668 diebus
2165 615 2233 668 ad

601 708 773 762 ﬁdem
788 709 1203 763 confluentibus
1216 708 1505 780 generalia
1517 707 1870 778 baptismatis
1881 707 2027 762 tradi
2039 722 2236 762 conve-

599 803 686 857 nit
701 807 1077 870 sacramenta,
1097 802 1185 856 his
1211 803 1484 858 duntaxat
1502 801 1694 856 electis
1721 801 1819 872 qui
1846 805 1974 855 ante
1996 801 2236 872 quadra-

601 897 781 968 ginta,
815 897 899 950 vel
928 913 992 950 eo
1023 896 1272 967 amplius
1304 895 1423 950 dies
1451 911 1660 949 nomen
1689 895 1967 965 dederint,
1993 898 2050 949 et
2079 911 2236 949 exor-

595 991 786 1044 cismis
809 990 1269 1062 quotidianisqne
1291 989 1647 1044 orationibus
1671 993 1843 1060 atque
1865 989 2101 1059 jcjuniis
2118 989 2237 1044 fue-

600 1084 715 1138 rint
737 1083 970 1155 expiati,
996 1089 1278 1154 quatenus
1305 1084 1617 1155 apostolica
1649 1083 1953 1154 impleatur
1982 1082 2075 1137 illa
2097 1099 2237 1153 pra:-

600 1183 803 1252 ceptio,
836 1188 896 1236 ut
930 1203 956 1231 «
989 1185 1307 1252 expurgato
1334 1181 1617 1236 fermento
1645 1181 1824 1235 veteri
1845 1197 1984 1235 nova
2008 1180 2237 1252 incipiat

599 1292 717 1329 esse
765 1275 1091 1346 conspersio
1131 1275 1175 1342 (l
1221 1278 1338 1332 Cor.
1372 1292 1427 1342 v,
1459 1275 1532 1344 7).
1567 1297 1594 1324 η
1642 1274 1796 1330 Sicut
1836 1291 2051 1329 sacram
2099 1291 2235 1346 ergo

601 1370 921 1439 pasclialem
967 1369 1344 1423 reverentiam
1397 1368 1454 1422 in
1501 1369 1656 1423 nullo
1686 1369 1926 1423 dicimus
1961 1385 2082 1423 esse
2127 1369 2235 1422 mi-

601 1462 913 1532 nuendam,
932 1462 1013 1516 ita
1040 1462 1352 1518 infantibus
1373 1463 1468 1534 qui
1495 1463 1754 1517 nondum
1774 1463 1926 1534 loqui
1952 1463 2238 1534 potuerint

601 1573 704 1627 per
734 1562 986 1622 aetatem,
1015 1558 1102 1610 vel
1137 1557 1221 1610 his
1248 1556 1455 1627 quibus
1505 1556 1564 1610 in
1609 1556 1862 1627 qualibet
1902 1557 2234 1612 necessitate

602 1667 742 1720 opus
764 1649 956 1716 fuerit,
985 1649 1130 1704 sacri
1176 1649 1327 1704 unda
1373 1649 1733 1721 baptismatis
1780 1650 1934 1704 omni
1975 1649 2236 1705 volumus

601 1743 885 1798 celeritate
904 1744 1174 1812 succurri,
1192 1759 1266 1798 ne
1281 1743 1354 1797 ad
1370 1748 1694 1797 nostrarum
1719 1743 2024 1814 perniciem
2040 1745 2238 1800 tendat

2338 531 2473 569 nere
2493 531 2624 569 cum
2641 515 2714 570 ad
2735 515 3039 570 Dominum
3074 515 3340 586 coeperint
3366 516 3626 587 proﬁcisci,
3643 536 3726 591 per
3740 538 3846 577 com-

2334 609 2624 663 munionis
2641 609 2887 680 gratiam
2907 609 3176 664 volumus
3194 609 3481 664 subveniri.
3496 612 3648 675 Quam
3665 615 3844 670 formam

2335 705 2392 756 et
2429 702 2579 756 circa
2621 703 2887 757 mulieres
2927 719 3056 774 quas
3102 719 3161 757 se
3204 706 3326 774 post
3373 704 3718 774 penitentiam
3759 710 3844 762 tali-

2333 796 2438 851 bus
2461 796 2867 868 pollutionibus
2897 797 3292 868 devinxerunt,
3323 798 3625 852 servandam
3647 815 3744 855 esse
3765 818 3846 856 cen-

2335 905 2541 944 scmus.

2407 985 2490 1037 Vl.
2516 986 2798 1039 Praeterea
2826 985 3240 1041 monachorum
3263 985 3520 1056 quosdam
3543 990 3688 1057 atque
3711 1004 3847 1042 mona-

2335 1078 2592 1144 charum,
2608 1079 2828 1149 abjecto
2851 1079 3142 1150 proposito
3169 1079 3484 1148 sanctitatis,
3501 1079 3554 1134 in
3571 1085 3748 1135 tantam
3765 1099 3848 1152 pro

2334 1171 2561 1226 testaris
2587 1171 2878 1227 demersos
2913 1189 3036 1228 esse
3079 1173 3380 1240 lasciviam,
3403 1179 3466 1228 ut
3499 1173 3637 1244 prius
3668 1174 3847 1228 clanculo

2334 1265 2488 1319 velut
2510 1265 2614 1319 sub
2646 1266 3122 1321 monasteriorum
3152 1270 3423 1338 praetextu
3463 1265 3635 1320 illicita
3657 1283 3708 1321 ac
3729 1269 3846 1321 sacri-

2335 1359 2464 1430 lega
2492 1376 2550 1414 se
2578 1360 2920 1430 contagione
2951 1360 3298 1416 miscuerint.
3328 1362 3511 1414 Postea
3532 1376 3649 1414 vero
3674 1361 3719 1414 in
3742 1361 3850 1414 abru.

2334 1458 2499 1524 ptum
2529 1453 2892 1509 conscientiae
2923 1454 3313 1525 desperatione
3349 1454 3609 1525 producti,
3633 1453 3690 1507 de
3712 1453 3849 1507 illicitis

2335 1547 2720 1617 complexibus
2779 1548 2957 1602 libere
3020 1548 3168 1602 filios
3217 1548 3629 1619 procreaverint,
3667 1546 3782 1617 quod
3816 1553 3849 1599 et

2335 1640 2578 1712 publicae
2611 1642 2763 1712 leges
2801 1645 2858 1696 et
2886 1641 3260 1697 ecclesiastica
3277 1642 3406 1712 jura
3428 1641 3768 1708 condemnant,
3787 1640 3848 1692 has

2335 1751 2473 1806 ergo
2496 1734 2813 1806 impudicas
2843 1736 3316 1808 detestabilesque
3343 1751 3594 1807 personas
3609 1751 3636 1788 a
3657 1741 3850 1788 monaste

601 1837 938 1903 animarum,
969 1838 1014 1891 si
1061 1841 1266 1909 negato
1295 1836 1748 1891 desiderantibus
1781 1838 1938 1892 fonte
1977 1837 2231 1907 salutari,
2254 1820 2312 1892 B
2335 1829 2550 1884 riorum
2581 1834 2729 1884 cuitu
2757 1830 3239 1902 coelesiarumque
3265 1829 3610 1884 conventibus
3637 1828 3847 1883 eliminan-

601 1929 796 1984 exiens
843 1931 1231 2002 unusquisque
1278 1931 1346 1986 de
1386 1930 1616 1998 sesculo,
1653 1947 1898 2002 regnum
1941 1932 2145 2004 perdat
2178 1937 2234 1986 et

600 2024 793 2078 vitam.
826 2024 1158 2096 Quicunque
1192 2024 1364 2079 etiam
1392 2025 1698 2080 discrimen
1727 2025 2028 2096 naufragii,
2058 2026 2230 2081 hosti-

598 2117 769 2171 litatis
784 2117 1093 2186 incursum,
1116 2117 1427 2172 obsidionis
1444 2118 1804 2189 ambiguum,
1822 2119 1911 2172 vel
1927 2119 2233 2190 cujuslibet

601 2211 907 2282 corporalis
935 2210 1338 2281 aegritudinem
1375 2211 1784 2283 desperationis
1825 2212 2145 2282 inciderint,
2176 2218 2233 2268 et

601 2304 708 2358 sibi
739 2303 904 2358 unico
932 2303 1273 2359 credulitatis
1299 2304 1510 2359 auxilio
1530 2305 1900 2377 poposcerint
1923 2305 2228 2375 subveniri,

603 2397 803 2452 eodem
830 2413 942 2468 quo
973 2402 1211 2468 poscunt
1240 2403 1530 2452 momento
1558 2399 1828 2470 temporis
1854 2399 2120 2470 expetitae
2150 2416 2232 2455 re-

602 2491 981 2562 generationis
1021 2490 1257 2562 prmmia
1288 2497 1725 2563 consequantur.
1761 2492 2037 2548 Hactenus
2073 2509 2228 2548 erra-

601 2591 722 2638 tum
751 2584 810 2638 in
838 2585 943 2638 hac
975 2589 1134 2656 parte
1161 2585 1424 2652 sufficiat,
1452 2602 1604 2640 nunc
1633 2586 1931 2657 praefatam
1975 2587 2230 2659 regulam

598 2693 800 2732 omnes
829 2681 1066 2734 teneant
1097 2678 1434 2748 sacerdotes,
1454 2680 1554 2751 qui
1578 2680 1782 2735 nolunt
1807 2680 1878 2735 ab
1903 2681 2227 2751 apostolicae

600 2775 779 2842 petras
808 2787 976 2843 super
1007 2789 1178 2842 quam
1208 2773 1462 2828 Christus
1498 2773 1871 2830 universalem
1916 2776 2230 2830 construxit

597 2865 926 2934 Ecclesiam,
957 2865 1237 2921 soliditate
1267 2865 1474 2921 divelli.

675 2959 760 3012 Ill.
795 2958 1089 3030 Adjectum
1121 2963 1204 3013 est
1240 2959 1411 3014 etiam
1457 2961 1731 3032 quosdam
1777 2961 2126 3018 Christianos
2157 2964 2228 3019 ad

591 3052 939 3123 apostasiam
961 3052 1135 3123 (quod
1166 3052 1274 3107 dici
1303 3054 1464 3108 nefas
1491 3055 1592 3126 est)
1621 3058 2004 3124 transeuntes,
2028 3062 2084 3113 et
2109 3057 2229 3113 ido-

596 3146 784 3201 lorum
810 3147 966 3200 cultu
987 3162 1051 3200 ac
1079 3146 1480 3202 sacriﬁciorum
1519 3149 2001 3206 contaminatione
2036 3153 2224 3222 profa-

597 3243 779 3307 natos,
807 3256 946 3312 quos
972 3257 1005 3294 a
1029 3240 1236 3295 Christi
1266 3258 1519 3312 corpore,
1551 3248 1607 3298 et
1649 3244 1926 3314 sanguine
1965 3262 2077 3317 quo
2121 3246 2225 3302 du-

596 3334 734 3389 dum
758 3334 1039 3405 redempti
1067 3334 1295 3390 fuerant
1338 3337 1618 3391 nascendo
1647 3337 1917 3408 jubemus
1953 3339 2225 3408 abscindi,

596 3433 654 3482 et
678 3427 724 3482 si
742 3427 1134 3499 resipiscentes
1149 3428 1297 3484 forte
1317 3429 1387 3484 ad
1410 3429 1660 3486 lamenta
1686 3431 1902 3487 fuerint
1921 3433 2226 3504 aliquando

596 3521 865 3590 conversi,
888 3522 978 3576 his
1008 3522 1261 3594 quandiu
1289 3522 1481 3578 vivunt
1509 3525 1731 3595 agenda
1764 3526 2096 3595 poenitentia
2123 3531 2225 3596 est,

597 3618 656 3670 et
690 3616 747 3668 in
795 3615 999 3670 ultimo
1051 3616 1166 3670 fine
1216 3633 1318 3671 suo
1369 3617 1836 3672 reconciliationis
1887 3620 2067 3690 gratia
2125 3621 2226 3675 tri-

593 3708 844 3776 buenda,
873 3709 1006 3782 quia
1040 3709 1261 3766 dicente
1306 3709 1540 3765 Domino
1568 3727 1581 3765 :
1618 3732 1646 3760 ‹‹
1676 3711 1952 3767 Nolumus
1980 3718 2228 3770 mortem

590 3807 976 3875 peccatorum,
1009 3803 1108 3858 sed
1154 3806 1219 3858 ut
1262 3807 1670 3860 convertantur
1715 3811 1771 3862 et
1794 3807 1982 3864 vivant
2013 3808 2222 3879 (Ezech.

595 3913 753 3965 xvul,
790 3901 899 3968 32).
943 3919 969 3947 »

671 3992 835 4048 lV.De
853 3991 1138 4063 conjugali
1152 3995 1343 4046 autem
1355 3993 1632 4049 vetatione
1645 3995 1922 4068 requisiti,
1937 3996 1982 4051 si
1994 3997 2228 4068 despon-

594 4090 778 4142 satam
819 4085 916 4140 alii
963 4086 1237 4157 puellam,
1269 4087 1414 4141 alter
1461 4087 1520 4141 in
1571 4089 2006 4144 matrimonium
2058 4092 2230 4162 possit

584 4179 872 4250 accipere,
893 4179 997 4232 hoc
1020 4195 1090 4232 ne
1117 4178 1214 4232 fiat
1233 4179 1496 4234 omnibus
1517 4181 1704 4236 modis
1729 4182 2075 4252 inhibemus,
2093 4185 2228 4257 quia

593 4272 686 4327 illa
703 4270 1021 4326 benedictio
1037 4287 1209 4342 quam
1229 4277 1492 4343 nupturas
1515 4274 1770 4329 sacerdos
1795 4275 2056 4347 imponit,
2076 4279 2228 4350 apud

594 4363 792 4419 fideles
819 4363 1115 4435 cujusdam
1157 4365 1436 4436 sacrilegii
1480 4365 1657 4421 instar
1682 4372 1785 4436 est,
1814 4369 1860 4424 si
1895 4370 2012 4425 ulla
2038 4376 2223 4426 trans~

596 4457 888 4530 gressione
927 4458 1190 4514 violetur.

2248 3193 2304 3268 C

2332 1923 2433 1977 das
2463 1939 2585 1978 esse
2614 1924 2976 1995 mandamus,
3000 1931 3281 1996 quatenus
3309 1930 3534 1979 retrusze
3553 1924 3607 1977 in
3632 1922 3724 1976 suis
3747 1937 3848 1989 erga-

2332 2017 2489 2072 stulis
2504 2020 2723 2072 tantum
2739 2019 2959 2073 facinus
2969 2019 3244 2074 continua
3254 2017 3632 2074 lamentatione
3642 2015 3848 2078 deflentes,

2330 2111 2716 2181 purificatorio
2737 2112 2952 2183 possint
2979 2113 3346 2184 paenitudinis
3365 2113 3493 2184 igne
3513 2109 3732 2181 decoqui,
3745 2113 3790 2161 ut
3802 2107 3849 2158 eis

2333 2205 2418 2259 vel
2445 2205 2520 2259 ad
2549 2210 2796 2261 mortem
2820 2207 2993 2261 solius
3023 2207 3426 2262 misericordiae
3455 2205 3642 2260 intuitu
3659 2217 3740 2274 per
3755 2215 3849 2254 οοιιι·

2331 2299 2619 2354 munionis
2645 2301 2888 2370 gratiam
2915 2300 3272 2372 indulgentia
3300 2300 3582 2355 subvenire
3609 2297 3764 2370 possit.

2404 2395 2508 2449 VII.
2558 2395 2858 2449 Veniamus
2915 2411 3068 2449 nunc
3131 2395 3205 2449 ad
3271 2393 3654 2449 sacratissimos
3696 2387 3850 2444 ordines

2330 2487 2667 2544 clericorum
2707 2506 2848 2560 quos
2873 2489 2931 2543 in
2956 2489 3299 2545 veneranda:
3330 2487 3602 2560 religionis
3639 2483 3849 2555 injuriam,

2331 2580 2410 2636 ita
2462 2597 2565 2652 per
2617 2589 2827 2638 vestras
2877 2582 3193 2654 provincias
3251 2581 3484 2636 calcatos
3529 2585 3675 2651 atque
3718 2574 3850 2630 coniu-

2331 2691 2440 2745 sos,
2483 2675 2755 2732 charitate
2806 2681 2906 2732 tua
2950 2677 3278 2732 insinuante
3326 2675 3641 2747 reperimus,
3676 2675 3726 2724 ut
3751 2671 3852 2723 lere-

2331 2769 2465 2824 mias
2494 2769 2659 2824 nobis
2687 2770 2992 2825 dicendum
3025 2771 3099 2825 sit
3125 2787 3262 2827 voce
3295 2787 3308 2825 :
3341 2791 3370 2819 ‹‹
3396 2769 3527 2834 Quis
3568 2765 3704 2821 dabit
3741 2759 3855 2832 capiti

2328 2879 2460 2917 meo
2484 2879 2712 2934 aquam,
2734 2867 2832 2918 aut
2861 2863 3036 2918 oculis
3065 2863 3206 2920 meis
3237 2865 3456 2919 fontem
3479 2858 3856 2931 lact'ymal‘llm,‘3t

2328 2956 2475 3011 ﬂebo
2504 2958 2782 3027 populum
2814 2958 2967 3012 hunc
2999 2958 3090 3012 die
3117 2975 3181 3012 ac
3212 2957 3430 3013 nocte?
3456 2979 3482 3006 ››
3513 2959 3625 3026 (Jer.
3644 2946 3856 3020 x1x,l.}5i

2329 3066 2465 3122 ergo
2480 3050 2680 3107 beatus
2705 3052 2983 3124 propheta
3007 3052 3078 3106 ad
3103 3053 3358 3124 lugenda
3381 3051 3564 3123 populi
3581 3051 3764 3121 peccata
3785 3056 3855 3093 non

2328 3144 2435 3198 sibi
2475 3145 2554 3200 ait
2583 3147 2859 3216 lacrymas
2901 3162 3065 3217 posse
3108 3147 3394 3215 sufficere,
3425 3149 3622 3218 quanto
3663 3155 3744 3194 nos
3773 3149 3854 3207 P09

2329 3254 2528 3293 sumus
2549 3239 2742 3294 dolore
2761 3240 3013 3312 percelli,
3034 3256 3165 3296 cum
3193 3257 3400 3296 eorum
3420 3239 3514 3312 qui
3534 3239 3587 3292 in
3605 3241 3758 3291 nostro
3773 3233 3854 3282 sunt

2329 3348 2564 3403 corpore
2588 3333 3256 3404 compellimurfacinora
3271 3334 3577 3406 deplorare,
3592 3328 3758 3401 quibus
3767 3336 3855 3395 pm

2329 3425 2516 3497 cipue,
2545 3427 2859 3482 secundum
2882 3427 3117 3483 beatum
3143 3429 3412 3498 Paulum,
3439 3448 3466 3477 «
3492 3422 3724 3480 instantia
3742 3413 3856 3488 quoti-

2331 3520 2492 3575 diana
2505 3524 2561 3574 et
2571 3520 2889 3576 sollicitudo
2909 3521 3166 3576 omnium
3181 3522 3556 3578 Ecclesiarum
3569 3513 3856 3573 indesinenter

2328 3613 2627 3685 incumbit,
2643 3613 2692 3687 1
2709 3614 2830 3688 67
2852 3615 2980 3687 quis
3001 3616 3156 3672 enim
3178 3616 3526 3684 infirmatur,
3541 3617 3589 3668 et
3604 3626 3696 3682 ego
3710 3621 3792 3662 non
3803 3602 3854 3655 in-

2330 3707 2567 3763 ﬁrmor?
2579 3709 2705 3780 quis
2721 3710 3146 3779 scandalizatur,
3165 3715 3224 3766 et
3244 3727 3357 3782 ego
3376 3726 3490 3765 non
3510 3705 3661 3762 uror?
3677 3727 3700 3751 ‹‹
3719 3701 3773 3771 (ll
3783 3699 3854 3754 Cor.

2327 3817 2387 3870 ιι,
2405 3805 2494 3873 28,
2510 3803 2622 3874 29.)
2645 3803 2923 3860 Plurimos
2941 3804 3096 3860 enim
3123 3806 3452 3860 sacerdotes
3470 3800 3653 3860 Christi
3668 3802 3794 3865 atque
3811 3791 3855 3840 iis

2328 3895 2471 3950 vitas
2496 3900 2626 3968 post
2649 3897 2825 3969 longa
2850 3899 3298 3954 consecrationis
3320 3914 3440 3955 sum
3464 3903 3701 3966 tempore
3720 3880 3855 3942 tamde

2327 3990 2664 4062 conjugibus
2692 3993 2933 4064 propriis
2963 4009 3138 4065 quam
3167 3993 3348 4048 etiam
3379 3994 3450 4049 de
3491 3989 3632 4060 turpi
3670 3983 3855 4039 coitusc

2327 4082 2519 4138 bolem
2557 4085 2860 4141 didicimus
2888 4103 3250 4158 procreasse;
3280 4093 3340 4144 et
3380 4087 3590 4142 crimen
3629 4091 3761 4136 suum
3791 4071 3856 4123 hac

2327 4180 2774 4250 praesumptione
2801 4180 3126 4250 defendere,
3151 4182 3294 4254 quia
3319 4183 3379 4236 in
3403 4179 3583 4236 veteri
3599 4168 3857 4231 Testamento

2328 4273 2715 4329 sacerdotibus
2736 4291 2799 4328 ac
2831 4275 3109 4330 ministris
3138 4275 3458 4347 generandi
3495 4271 3702 4329 facultas
3721 4260 3858 4331 legitur

2325 4367 2612 4422 attributa.
2641 4367 2800 4424 Dicat
2834 4369 2979 4423 mihi
3008 4385 3158 4425 nunc
3189 4370 3455 4442 quisquis
3482 4369 3570 4423 ille
3598 4367 3671 4419 est
3691 4358 3858 4442 sectator

2325 4459 2650 4532 libidinum,
2680 4466 3112 4535 prteceptorque
3138 4441 3439 4534 vitiorum,
3467 4462 3512 4518 si
3538 4457 3745 4515 aestimat
3762 4441 3858 4519 ‘1“0d

667 4555 726 4608 V.
759 4554 832 4608 De
854 4553 944 4608 his
973 4569 1107 4608 vero
1137 4569 1254 4608 non
1276 4553 1590 4627 incongrue
1619 4557 1846 4613 dilectio
1874 4562 1969 4613 tua
1994 4564 2222 4632 aposto-
2243 4555 2386 4643 Din
2410 4555 2533 4626 lege
2558 4556 2730 4628 Moysi
2767 4557 2976 4628 passim
3005 4559 3180 4614 sacris
3221 4558 3523 4614 ordinibus
3544 4572 3576 4609 a
3602 4555 3695 4606 Deo
3730 4545 3858 4643 n03?"

596 4649 759 4704 licam
777 4647 971 4704 sedem
989 4647 1170 4702 credit
1189 4649 1622 4721 consulendam,
1637 4651 1735 4722 qui
1753 4657 1875 4707 acta
1896 4654 2228 4724 pcenitentia
2245 4637 2290 4643 —
2329 4650 2520 4704 laxata
2545 4649 2658 4706 Sint
2681 4650 2845 4705 frena
2871 4651 3135 4721 luxurias,
3162 4669 3267 4708 cur
3293 4669 3392 4708 eos
3417 4651 3614 4724 quibus
3639 4637 3861 4700 commit”

592 4748 869 4813 tanquam
895 4758 1062 4796 canes
1089 4758 1153 4796 ac
1175 4758 1303 4798 sues
1334 4743 1404 4798 ad
1438 4744 1681 4799 vomitus
1707 4745 1975 4816 pristinos
2001 4753 2059 4803 et
2077 4750 2228 4804 volu-

593 4835 752 4889 tabra
780 4835 1099 4904 redeuntes,
1123 4839 1181 4892 et
1205 4837 1424 4892 militias
1457 4838 1774 4909 cingulum,
1799 4845 1853 4895 et
1867 4841 2115 4898 ludicras
2136 4859 2227 4899 vo-

593 4928 862 4999 luptates,
883 4931 941 4983 et
959 4945 1103 4983 nova
1128 4930 1413 5001 conjugia,
1429 4936 1485 4985 et
1503 4931 1777 4987 inhibitos
1796 4933 1982 4989 denuo
2005 4937 2224 5007 appeti-

595 5038 726 5077 vere
747 5021 1098 5077 concubitus.
1123 5022 1381 5086 Quorum
1412 5025 1721 5094 professam
1749 5026 2226 5086 incontinentiam

596 5115 849 5188 generati
877 5118 1002 5186 post
1027 5114 1437 5170 absolutionem
1471 5117 1570 5172 filii
1597 5120 1984 5190 perdiderunt,
2007 5123 2078 5177 de
2105 5124 2226 5194 qui-

594 5210 700 5266 bus
723 5210 870 5281 jam,
907 5209 1039 5280 quia
1063 5208 1374 5280 suffugium
1411 5226 1524 5265 non
1556 5211 1769 5268 habent
1803 5215 2136 5285 paenitendi,
2169 5217 2224 5272 id

595 5305 856 5362 duximus
887 5302 1334 5369 decernendum,
1369 5307 1431 5357 ut
1453 5305 1573 5359 sola
1598 5305 1746 5360 intra
1771 5307 2062 5364 ecclesiam
2093 5311 2226 5366 ﬁde-

591 5399 741 5456 libus
766 5397 1017 5453 oratione
1053 5395 1390 5466 junguntur,
1420 5397 1592 5452 sacris
1636 5401 2038 5471 mysteriorum
2075 5403 2222 5460 cele-

589 5492 914 5559 britatibus,
943 5489 1201 5563 quamvis
1232 5506 1348 5545 non
1376 5497 1720 5563 mereantur,
1746 5494 2034 5565 intersint;
2065 5513 2100 5553 a
2120 5499 2223 5555 Do-

589 5587 818 5644 minicas
843 5589 1036 5642 autem
1064 5601 1275 5640 mensae
1307 5585 1564 5641 convivio
1593 5593 1988 5660 segregentnr,
2010 5594 2091 5661 ut,
2116 5593 2222 5648 hac

589 5681 791 5737 saltem
823 5680 1172 5736 districtione
1207 5679 1478 5752 correpti,
1507 5685 1562 5735 et
1587 5679 1692 5752 ipsi
1722 5682 1782 5737 in
1814 5699 1873 5737 se
1905 5701 2007 5738 sua
2037 5690 2223 5748 errata

589 5774 886 5843 castigent,
919 5777 976 5828 et
1001 5774 1126 5828 aliis
1167 5774 1492 5846 exemplum
1537 5773 1808 5846 tribuant,
1843 5782 2122 5849 quatenus
2152 5780 2221 5836 ab

591 5864 845 5942 obscenis
892 5867 1296 5944 cupiditatibus
1345 5869 1729 5939 retrahantur,
1775 5872 1982 5946 quibus
2029 5879 2222 5930 tamen

2327 4743 2538 4798 bantur
2558 4746 2762 4800 Sancta
2779 4749 3105 4801 sanctorum
3124 4750 3450 4818 praemonet
3469 4746 3677 4800 dicens:
3699 4758 3722 4785 ι(
3736 4731 3859 4787 Sam“

2329 4844 2526 4908 estote,
2559 4841 2696 4912 quia
2720 4844 2778 4897 et
2807 4857 2913 4912 ego
2939 4844 3163 4896 sanctus
3204 4858 3358 4910 sum,
3387 4839 3650 4896 Dominus
3677 4833 3860 4918 Deus“?-

2326 4937 2444 4987 ster
2468 4933 2656 5005 (Leuit.
2686 4951 2745 5003 ιι,
2772 4935 2883 5004 44),
2918 4955 2946 4985 ››
2979 4951 3080 4989 cur
3107 4935 3282 4989 etiam
3310 4934 3510 5006 procul
3550 4949 3581 4986 a
3605 4927 3704 4983 suis
3736 4921 3861 4974 donn-

2326 5026 2433 5082 bus
2456 5043 2607 5083 anno
2636 5028 2772 5082 vicis
2798 5045 2914 5083 suae
2938 5029 2997 5084 in
3029 5029 3244 5102 templo
3273 5029 3534 5085 habitare
3553 5022 3683 5098 jussi
3702 5018 3865 5073 sunm'

2325 5123 2600 5190 cerdotes,
2633 5123 2739 5177 hac
2763 5122 3022 5180 videlicet
3047 5124 3287 5194 ratione,
3315 5141 3391 5180 ne
3416 5123 3504 5178 vel
3528 5135 3646 5176 cum
3673 5106 3864 5169 uxorib'”

2326 5217 2544 5286 possint
2573 5219 2798 5273 carnale
2825 5234 3088 5275 exercere
3115 5219 3554 5287 commercium,
3579 5219 3638 5270 ut
3658 5202 3864 5266 causam

2324 5311 2420 5365 tiae
2473 5311 2798 5381 integritate
2845 5313 3146 5384 fulgentes,
3189 5312 3532 5386 acceptabile
3576 5310 3679 5363 Deo
3720 5304 3864 5354 Imm“5

2325 5403 2612 5460 offerrent.
2632 5406 2863 5475 Quibus,
2883 5409 3104 5479 expleto
3125 5407 3517 5464 deservitionis
3542 5419 3648 5460 sua:
3665 5399 3864 5463 tempore:

2323 5500 2516 5556 uxoris
2544 5516 2681 5556 usus
2707 5501 2882 5556 solius
2911 5503 3281 5558 successionis
3310 5517 3478 5557 causa
3506 5497 3674 5554 fuerat
3708 5486 3862 5544 Γεωίν

2323 5598 2434 5661 tus,
2459 5594 2590 5666 quia
2614 5611 2728 5651 non
2755 5611 2824 5651 ex
2850 5595 2983 5663 alia,
3012 5596 3121 5651 nisi
3165 5613 3233 5653 ex
3280 5596 3433 5651 tribu
3479 5591 3601 5649 Levi
3636 5584 3863 5666 quisquam

2325 5686 2398 5741 ad
2428 5665 2526 5744 Dei
2553 5689 2931 5746 ministerium
2957 5691 3144 5746 fuerat
3180 5694 3498 5763 praeceptus
3523 5678 3737 5744 admitti,
3759 5665 3865 5726 uﬂd‘

2317 5785 2382 5835 et
2410 5782 2681 5838 Dominus
2707 5786 2865 5841 Jesus
2895 5801 3026 5840 cum
3056 5802 3158 5842 nos
3185 5800 3289 5841 suo
3317 5782 3644 5839 illustrasset
3663 5764 3865 5830 adventu.

2322 5875 2384 5930 in
2409 5878 2705 5950 evangelio
2724 5883 3093 5952 protestetur,
3107 5881 3241 5956 quia
3259 5899 3291 5934 α
3307 5880 3494 5958 legem
3518 5868 3710 5930 venerit
3727 5853 3868 5935 imPl"
