3946 6180
104 295 170 348 881
1277 288 1747 344 DECRETALIUM
1787 289 2176 346 COLLECTIO.

3305 295 3406 353 682

106 415 284 464 re,non
305 397 439 452 solve
457 410 516 448 re
546 395 761 463 (Matth.
794 411 846 462 v,
881 396 985 466 l7),
1025 417 1052 443 »
1099 399 1157 450 et
1180 394 1313 450 ideo
1346 396 1672 465 Ecclesiam,
1698 407 1756 481 Α
1778 414 1811 452 a
1841 415 1940 452 sua
1970 399 2214 455 infantia
2239 406 2372 457 ante
2418 402 2735 474 pubertatis
2777 419 2959 460 annos
3004 402 3303 476 baptizari,
3352 410 3410 460 et

115 495 240 564 cujus
262 507 478 561 sponsus
504 492 587 543 est
614 489 900 560 speciosus
941 489 1145 556 forma,
1195 489 1460 545 castitatis
1503 491 1678 546 voluit

113 585 362 658 splendore
391 582 624 651 radiare,
655 587 717 637 ut
741 583 796 637 in
829 584 919 637 die
945 583 1163 654 judicii,
1203 602 1332 640 cum
1362 602 1555 640 rursus
1581 585 1677 640 ad-

113 678 287 734 venerit
315 699 339 727 ‹‹
367 677 478 732 sine
506 678 725 732 macula
755 681 811 732 et
839 694 1004 749 ruga,
1037 695 1160 733 eam
1190 679 1364 750 possit
1389 679 1551 750 (sicut
1577 694 1676 749 per

110 771 386 845 Apostolum
411 770 664 841 instituit)
690 771 940 842 reperire
963 771 1118 842 (Eph.
1147 789 1200 840 v,
1223 775 1332 841 27).
1367 793 1393 822 »
1422 773 1674 837 Quarum

110 867 409 921 sanctionum
429 865 745 920 sacerdotes
763 881 961 920 omnes
978 869 1149 937 atque
1177 866 1359 920 levitze
1386 865 1674 920 insolubili

107 965 201 1032 lege
225 959 648 1029 constringimur
670 963 790 1014 uta
822 959 915 1014 die
943 959 1314 1014 ordinationis
1342 964 1552 1015 nostra:
1578 977 1672 1016 so-

103 1053 303 1121 brietati,
331 1070 391 1108 ac
414 1052 699 1126 pudicitiae
737 1057 794 1109 et
839 1053 1015 1108 corda
1058 1058 1246 1109 nostra
1283 1054 1675 1126 mancipemus

102 1156 143 1204 et
165 1164 389 1220 corpora,
420 1147 727 1203 dummodo
753 1163 858 1219 per
886 1149 1077 1202 omnia
1121 1149 1234 1204 Deo
1277 1153 1470 1203 nostro
1502 1148 1558 1202 in
1590 1147 1675 1202 his

101 1259 198 1313 qua:
219 1241 447 1314 quotidie
477 1241 787 1309 offerimus,
816 1241 1104 1297 sacriﬁciis
1129 1242 1472 1315 placeamus.
1515 1263 1541 1292 ‹‹
1565 1241 1674 1306 Qui

97 1340 250 1390 autem
293 1335 345 1389 in
390 1351 563 1390 carne
593 1340 742 1404 sunt,
777 1336 998 1390 dicente
1047 1336 1340 1392 electionis
1370 1337 1526 1403 Vase,
1561 1337 1672 1391 Deo

98 1431 276 1501 placere
316 1445 424 1483 non
471 1434 724 1500 possunt,
771 1445 869 1484 vos
918 1435 1108 1485 autem
1139 1430 1263 1500 jam
1298 1446 1413 1484 non
1448 1430 1580 1484 estis
1612 1429 1672 1484 in

97 1540 230 1577 carne
257 1523 348 1577 sed
384 1522 440 1577 in
468 1523 696 1595 spiritu,
735 1523 779 1578 si
831 1528 1022 1579 tamen
1049 1523 1290 1596 Spiritus
1317 1523 1415 1579 Dei
1462 1523 1676 1578 habitat

99 1616 287 1671 invobis
327 1618 491 1686 (Rom.
542 1633 659 1686 vm,
692 1617 824 1689 8-9).
872 1639 900 1667 ››
950 1620 1016 1672 Et.
1061 1617 1159 1672 ubi
1199 1619 1424 1689 poterit,
1463 1618 1573 1673 nisi
1614 1617 1673 1672 in

96 1710 388 1781 corporibus,
429 1711 575 1765 sicut
603 1711 866 1782 legimus,
897 1711 1102 1766 sanctis
1141 1711 1240 1766 Dei
1285 1711 1526 1783 Spiritus
1568 1713 1670 1767 ha-

1776 492 2050 547 lectorum
2084 493 2253 549 debet
2279 495 2596 552 ministerio
2625 497 2848 564 sociari,
2882 497 3019 570 quia
3064 498 3134 553 ab
3181 513 3405 553 accessu

1776 586 2172 642 adolescentiae
2201 605 2380 660 usque
2408 590 2478 644 ad
2505 591 2857 646 tricesimum
2887 591 3070 646 aetatis
3097 608 3332 660 annum,
3361 593 3404 646 si

1775 680 2139 751 probabiliter
2155 681 2374 747 vixerit,
2389 700 2506 737 una
2521 689 2764 751 tantum,
2782 688 2837 740 et
2857 702 2922 739 ea
2939 702 3108 756 quam
3125 685 3404 756 virginem

1775 775 2063 828 communi
2131 792 2233 846 per
2287 777 2638 831 sacerdotem
2699 777 3091 833 benedictione
3153 780 3406 850 percepit

1775 884 1954 923 uxore
1987 873 2308 936 contentus,
2340 871 2632 942 acolythus
2662 877 2719 925 et
2745 871 3121 926 subdiaconus
3148 889 3270 926 esse
3301 873 3401 927 de-

1774 962 1947 1030 bebit,
1976 967 2278 1036 postquam
2306 964 2376 1019 ad
2406 964 2644 1019 diaconii
2688 965 2956 1036 gradum,
2980 966 3026 1019 si
3055 983 3111 1021 se
3140 966 3260 1037 ipse
3286 967 3399 1038 pri-

1773 1057 1947 1112 mitus
1981 1057 2324 1113 continentia
2353 1063 2644 1130 praeeunte
2673 1058 2907 1130 dignum
2943 1059 3283 1130 probaverit,
3309 1077 3401 1114 ac-

1774 1149 1950 1204 cedat.
2017 1150 2120 1205 Ubi
2190 1152 2235 1206 si
2305 1151 2453 1205 ultra
2509 1151 2759 1223 quinque
2820 1167 2998 1206 annos
3051 1152 3406 1208 laudabiliter

1773 1243 2052 1299 vixeritet
2079 1245 2484 1300 ministraverit
2525 1262 2795 1317 congrue,
2829 1246 3240 1317 presbyterium
3271 1263 3401 1301 con-

1774 1343 2065 1408 sequatur.
2095 1338 2308 1394 Exinde
2357 1344 2484 1409 post
2514 1339 2853 1394 decennium
2903 1339 3275 1410 episcopalem
3311 1357 3403 1395 ca-

1772 1431 2035 1486 thedram
2064 1431 2271 1502 poterit
2289 1432 2544 1503 adipisci,
2575 1432 2621 1486 si
2655 1437 2843 1487 tamen
2878 1449 2979 1504 per
3004 1433 3126 1487 haec
3153 1436 3405 1506 tempora

1773 1524 2072 1596 integritas
2105 1526 2229 1580 vitae
2257 1543 2320 1582 ac
2346 1525 2475 1580 fidei
2505 1526 2628 1596 ejus
2656 1525 2829 1580 fuerit
2857 1527 3187 1598 approbata.

1846 1619 1928 1672 IX.
1951 1619 2054 1682 Qui
2079 1635 2210 1674 vero
2231 1619 2353 1689 jam
2388 1625 2550 1674 astate
2584 1619 2934 1690 grandznvus,
2986 1621 3237 1676 melioris
3282 1637 3408 1692 pro-

1775 1713 1940 1784 positi
1968 1713 2392 1768 conversatione
2436 1717 2785 1784 provocatus,
2814 1731 2878 1768 ex
2915 1713 3059 1769 laico
3085 1715 3156 1770 ad
3187 1713 3418 1770 sacram'

94 1805 348 1859 bitare?Et
380 1805 514 1875 quia
534 1805 912 1876 aliquanti,de
929 1806 1134 1877 quibus
1156 1805 1468 1878 loquimur,
1485 1811 1549 1862 ut
1578 1812 1671 1862 tua
1693 1793 1749 1865 B
1774 1807 2033 1861 militiam
2064 1807 2368 1878 pervenire
2415 1806 2661 1876 festinat,
2710 1806 2979 1862 desiderii
3024 1809 3110 1862 sui
3154 1808 3402 1864 fructum

93 1899 307 1952 sanctitas
342 1899 555 1964 retulit,
602 1899 934 1969 ignoranter
962 1916 1020 1954 se
1044 1900 1232 1970 lapsos
1275 1916 1396 1954 esse
1439 1900 1670 1967 deflent,

93 1993 158 2046 his
197 1993 286 2046 hac
321 1993 646 2048 conditione
687 1993 1136 2048 misericordiam
1163 1993 1406 2049 dicimus
1436 2010 1549 2048 non
1577 2011 1674 2049 ne-

91 2086 307 2156 gandam,
336 2089 394 2140 ut
420 2087 548 2142 sine
571 2088 687 2141 ullo
714 2087 946 2142 honoris
971 2093 1284 2159 augmento
1330 2087 1389 2142 in
1424 2089 1532 2143 hoc
1557 2105 1671 2161 quo

92 2180 255 2234 detecti
299 2183 444 2248 sunt,
477 2180 739 2252 quandiu
773 2181 1040 2251 vixerint,
1075 2182 1264 2237 ofﬁcio
1286 2186 1670 2253 perseverent,

90 2274 122 2326 si
143 2279 306 2329 tamen
346 2281 467 2346 post
513 2274 640 2329 haec
688 2275 1045 2331 continentes
1072 2292 1128 2330 se
1155 2275 1478 2330 studuerint
1509 2276 1671 2332 exhi-

89 2366 280 2422 bere.Hi
301 2384 430 2423 vero
457 2367 561 2440 qui
581 2367 762 2424 illiciti
787 2368 1073 2440 privilegii
1100 2368 1456 2424 excusatione
1487 2369 1675 2424 nitun-

88 2464 173 2527 tur,
202 2466 250 2517 et
275 2462 372 2516 sibi
401 2465 670 2518 asserunt
695 2463 873 2518 veteri
899 2463 1009 2517 hoc
1033 2462 1161 2534 lege
1187 2479 1542 2532 concessum,
1575 2480 1676 2518 no-

89 2555 232 2610 verint
257 2573 311 2611 se
339 2556 408 2611 ab
438 2557 603 2611 omni
629 2556 1002 2612 ecclesiastico
1028 2557 1266 2626 honore,
1293 2573 1408 2629 quo
1435 2555 1673 2629 indigne

87 2649 153 2702 usi
188 2655 322 2714 sunt,
365 2651 688 2724 apostolicae
719 2651 867 2706 sedis
903 2651 1240 2706 auctoritate
1268 2651 1536 2722 dejectos,
1565 2667 1673 2706 nec

88 2758 292 2814 unquam
305 2761 467 2816 posse
489 2745 818 2800 veneranda
841 2747 1140 2799 attrectare
1166 2745 1454 2816 mysteria,
1485 2762 1519 2800 a
1545 2745 1672 2816 qui-

87 2835 165 2890 bus
189 2854 240 2891 se
267 2838 363 2908 ipsi
396 2839 540 2893 dum
573 2837 831 2893 obscenis
857 2837 1264 2910 cupiditatibus
1288 2837 1532 2906 inhiant,
1562 2839 1676 2910 pri-

87 2935 329 2998 vaverunt,
372 2936 429 2987 et
466 2932 609 3004 quia
664 2931 930 3003 exempla
971 2931 1276 3004 praesentia
1324 2947 1519 2988 cavere
1570 2949 1673 2987 nos

87 3031 388 3092 praemonent
428 3027 491 3080 in
542 3026 824 3093 futurum,
856 3027 903 3081 si
929 3025 1166 3098 quilibet
1189 3025 1506 3097 episcopus,
1535 3043 1670 3098 pre-

88 3117 234 3188 sbyter
255 3125 417 3191 atque
449 3120 723 3175 diaconus
751 3120 924 3191 (quod
954 3136 1069 3174 non
1096 3121 1376 3191 optamus)
1405 3119 1672 3191 deinceps

259 3170 412 3191 Mr-
453 3170 718 3175 --νη-Ἦ
754 3170 924 3191 η--,-
1103 3170 1375 3191 -,-______,
1411 3170 1668 3191 _-_--r_

85 3212 216 3267 fuerit
240 3215 358 3268 talis
381 3215 670 3281 inventus,
709 3214 833 3285 jam
861 3230 1012 3268 nunc
1041 3214 1150 3269 sibi
1177 3231 1408 3270 omnem
1438 3229 1540 3285 per
1566 3231 1668 3269 nos
1691 3170 1746 3246 Ο

85 3305 400 3378 indulgentia
429 3309 657 3363 aditum
688 3307 974 3379 intelligat
999 3307 1342 3378 obseratum,
1368 3307 1501 3379 quia
1519 3308 1670 3363 ferro

84 3416 264 3458 necesse
278 3408 358 3458 est
374 3403 720 3459 excidantur
743 3403 976 3457 vulnera
995 3419 1123 3475 qua!
1143 3401 1533 3458 fomentorum
1550 3418 1669 3458 non

85 3497 315 3551 senserint
340 3497 712 3553 medicinam.

134 3590 242 3645 VIII.
270 3592 580 3647 Didicimus
624 3591 799 3646 etiam
843 3590 1082 3646 licenter
1111 3606 1176 3644 ac
1205 3589 1383 3649 libere
1407 3589 1668 3660 inexplo-

83 3687 188 3738 rata
211 3684 326 3740 vitae
359 3685 651 3751 homines,
685 3683 890 3756 quibus
920 3684 1093 3738 etiam
1128 3683 1343 3739 fuerint
1369 3699 1671 3739 numerosa

81 3778 299 3849 conjugia
337 3781 407 3834 ad
455 3779 720 3852 prafatas
770 3777 1093 3850 dignitates,
1137 3781 1311 3848 prout
1351 3776 1670 3849 cuicunque

83 3868 283 3940 libuerit,
309 3875 583 3946 aspirare.
617 3872 774 3937 Quod
800 3889 917 3927 non
948 3874 1172 3926 tantum
1197 3870 1303 3926 illis
1323 3871 1421 3943 qui
1447 3871 1519 3925 ad
1551 3871 1670 3926 haec

81 3963 401 4023 immoderata
425 3967 745 4022 ambitione
772 3965 1133 4038 perveniunt,
1163 3967 1440 4038 quantum
1465 3968 1671 4021 metro-

82 4058 297 4126 politanis
351 4061 674 4134 specialiter
727 4059 1088 4132 pontificibus
1142 4059 1515 4131 imputamus,
1572 4059 1669 4131 qui

83 4149 186 4206 dum
200 4155 442 4211 inhibitis
461 4155 698 4210 ausibus
713 4154 1037 4224 connivent,
1058 4153 1160 4208 Dei
1190 4154 1368 4208 nostri
1393 4158 1670 4225 quantum

83 4242 123 4296 in
144 4262 192 4299 se
209 4254 283 4303 est
298 4254 592 4321 praecepta
612 4253 1005 4315 contemnunt,
1027 4251 1103 4318 et,
1128 4253 1191 4302 ut
1208 4252 1500 4302 taceamus
1515 4247 1670 4319 quod

82 4338 209 4394 altius
219 4344 588 4415 suspicamur,
605 4342 698 4397 ubi
721 4342 861 4397 illud
883 4345 968 4398 est
985 4341 1142 4414 quod
1156 4342 1298 4396 Deus
1310 4343 1520 4410 noster,
1538 4340 1671 4396 data

82 4446 159 4499 per
192 4435 399 4508 Moysen
454 4440 606 4508 lege,
646 4437 953 4504 constituit,
993 4435 1186 4492 dicens
1222 4453 1235 4490 :
1283 4456 1310 4487 ‹‹
1341 4434 1670 4491 Sacerdotes

1774 1917 1890 1956 non
1919 1900 2088 1954 aliter
2118 1900 2418 1970 obtinebit,
2448 1901 2552 1955 nisi
2575 1916 2642 1955 eo
2669 1917 2783 1972 quo
2805 1901 3119 1972 baptizatur
3144 1907 3404 1973 tempore

1773 1993 1960 2048 statim
1999 1994 2275 2048 lectorum
2303 1997 2400 2048 aut
2431 1994 2839 2049 exorcistarum
2875 2011 3112 2049 numero
3138 1995 3402 2062 societur,

1775 2089 1818 2142 si
1848 2092 2036 2142 tamen
2069 2104 2200 2142 eum
2245 2104 2414 2142 unam
2447 2089 2706 2143 habuisse
2746 2088 2831 2143 vel
2877 2087 3106 2155 habere,
3154 2089 3305 2143 hanc
3351 2093 3407 2142 et

1773 2181 2051 2254 virginem
2078 2181 2360 2252 accepisse
2397 2185 2618 2236 constet
2659 2198 2910 2236 uxorem.
2956 2181 3064 2246 Qui
3109 2181 3245 2236 dum
3293 2182 3402 2236 ini-

1774 2275 1942 2330 tiatus
1954 2276 2143 2343 fuerit,
2159 2275 2384 2347 expleto
2399 2274 2655 2342 biennio,
2671 2292 2772 2347 per
2782 2275 3237 2348 quinquennium
3251 2276 3403 2330 aliud

1774 2370 2066 2442 acolythus
2093 2373 2151 2424 et
2178 2369 2553 2424 subdiaconus
2581 2369 2696 2436 ﬁat,
2731 2374 2789 2424 et
2830 2369 2906 2424 sic
2946 2370 3013 2424 ad
3041 2370 3402 2425 diaconatum

1775 2463 1838 2532 (si
1870 2481 1969 2535 per
1993 2464 2112 2518 haec
2139 2463 2470 2535 temporalia
2502 2462 2708 2533 dignus
2731 2463 3018 2533 judicatus
3052 2462 3241 2531 fuerit)
3271 2479 3402 2534 pro-

1773 2559 2036 2612 vehatur.
2062 2557 2278 2613 Exinde
2292 2557 2412 2628 jam
2437 2573 2667 2610 accessu
2687 2561 3009 2629 temporum
3031 2557 3402 2629 presbyterio,

1773 2653 1858 2707 vel
1899 2651 2270 2724 episcopatui,
2321 2650 2366 2704 si
2415 2665 2546 2704 eum
2587 2649 2720 2704 cleri
2749 2667 2812 2705 ac
2852 2650 3036 2723 plebis
3065 2651 3401 2720 evocaverit,

1775 2745 1992 2814 electio,
2022 2762 2136 2800 non
2164 2744 2452 2799 immerito
2481 2743 2743 2800 societur.

1845 2841 1905 2894 Χ.
1937 2838 2199 2912 Quisquis
2243 2854 2379 2893 sane
2427 2838 2682 2902 clericus,
2715 2843 2842 2892 aut‘
2856 2837 3104 2906 viduam,
3131 2844 3229 2894 aut
3253 2843 3405 2895 certe

1775 2934 2080 2988 secundam
2112 2932 2419 3004 conjugem
2459 2932 2702 2998 duxerit,
2733 2931 2891 2987 omni
2919 2932 3306 2988 ecclesiastica:
3327 2933 3407 2988 di-

1776 3026 2008 3100 gnitatis
2034 3026 2334 3098 privilegio
2375 3043 2504 3080 mox
2547 3025 2815 3093 nudetur,
2850 3026 2991 3082 laica
3037 3027 3142 3082 sibi
3180 3030 3404 3081 tantum

1773 3121 2176 3176 communione
2223 3137 2500 3187 concessa,
2549 3136 2721 3191 quam
2774 3121 2852 3175 ita
2901 3121 3134 3176 demum
3192 3121 3407 3194 poterit

1772 3215 2079 3288 possidere,
2104 3215 2149 3269 si
2178 3215 2316 3269 nihil
2346 3218 2545 3286 postea
2570 3217 2804 3286 propter
2824 3215 2976 3286 quod
3002 3215 3147 3270 hanc
3175 3215 3398 3286 perdat,

1768 3309 2050 3364 admittat.
2883 3316 2888 3321 ·

1839 3405 1924 3459 XI.
1964 3403 2220 3457 Feminas
2263 3417 2395 3456 vero
2433 3418 2545 3456 non
2587 3401 2724 3456 alias
2757 3418 2876 3457 esse
2924 3403 3177 3472 patimur
3211 3402 3267 3456 iu
3301 3403 3397 3456 do-

1771 3497 1961 3552 mibus
2009 3496 2366 3564 clericorum,
2419 3495 2525 3549 nisi
2572 3511 2668 3550 eas
2716 3499 2936 3549 tantum
2979 3513 3118 3568 quas
3172 3501 3403 3567 propter

1770 3592 1914 3646 solas
1951 3589 2434 3646 necessitudinum
2480 3605 2674 3644 causas
2720 3588 2977 3644 habitare
3025 3605 3155 3647 cum
3202 3589 3400 3644 iisdem

1769 3685 2019 3757 synodus
2048 3684 2274 3739 Nicaana
2301 3683 2576 3754 permisit.

1841 3780 1950 3834 XII.
1977 3777 2280 3832 Monachos
2306 3795 2534 3850 quoque
2561 3794 2701 3848 quos
2726 3782 2917 3832 tamen
2944 3793 3173 3832 morum
3214 3777 3397 3848 gravi-

1771 3877 1872 3941 tas,
1903 3878 1960 3926 et
2001 3871 2126 3926 vitae
2176 3887 2240 3925 ac
2281 3871 2415 3926 ﬁdei
2459 3870 2738 3926 institutio
2782 3877 2972 3924 sancta
3013 3871 3396 3937 commendat,

1771 3965 2106 4020 clericorum
2137 3963 2336 4019 officiis
2373 3964 2703 4036 aggregari,
2737 3970 2792 4018 et
2833 3968 3112 4035 optamus,
3152 3969 3210 4019 et
3240 3965 3398 4019 volu-

1771 4077 1916 4128 mus,
1946 4059 2018 4113 ita
2049 4064 2108 4114 ut
2133 4059 2230 4131 qui
2260 4059 2408 4113 intra
2437 4057 2790 4113 tricesimum
2813 4075 3028 4112 annum
3056 4057 3238 4112 {etatis
3269 4063 3401 4112 sunt

1771 4153 1930 4225 digni
1957 4153 2015 4208 in
2040 4152 2380 4217 minoribus,
2426 4169 2528 4224 per
2574 4153 2782 4224 gradus
2823 4152 3076 4220 singulos
3113 4159 3397 4207 crescente

1770 4253 2032 4318 tempore
2063 4251 2507 4318 promoveantur
2527 4245 2844 4313 ordinibus,
2878 4250 2932 4300 ct
2961 4245 3038 4300 sic
3059 4246 3126 4300 ad
3148 4245 3402 4300 diacona-

1771 4345 1861 4395 tus
1891 4343 1974 4395 vel
2005 4340 2341 4413 presbyterii
2363 4339 2610 4411 insignia
2641 4345 2877 4394 maturae
2906 4340 3086 4395 aetatis
3117 4355 3404 4394 consecra-

1773 4436 1924 4490 tione
1953 4435 2309 4506 perveniant,
2341 4451 2445 4488 nec
2473 4450 2575 4504 per
2599 4434 2771 4488 saltus
2797 4433 2864 4488 ad
2899 4434 3256 4505 episcopatus
3291 4434 3403 4487 cul-

80 4527 340 4588 meisemel
361 4532 616 4600 nubant;
643 4551 670 4583 »
694 4534 749 4587 et
769 4531 877 4586 alio
896 4531 1059 4586 loco:
1093 4529 1412 4585 «Sacerdos
1434 4545 1667 4584 uxorem
1689 4546 1905 4619 Dmen
1957 4527 2286 4594 ascendant,
2341 4525 2451 4580 nisi
2501 4526 2558 4580 in
2604 4526 2692 4580 his
2735 4526 2940 4580 eadem
2986 4542 3113 4596 quae
3166 4526 3404 4595 singulis

79 4618 314 4692 ﬁrginem
335 4627 600 4698 accipiat,
625 4642 744 4681 non
770 4624 1024 4694 viduam,
1043 4639 1148 4680 nec
1172 4623 1671 4696 repudiatam,nec

79 4720 391 4775 meretricem
418 4721 608 4788 (Leuit.
640 4736 752 4788 xxr,
787 4719 890 4788 l4).
921 4740 948 4768 »
991 4719 1148 4783 Quod
1191 4721 1416 4772 secutus
1444 4720 1673 4790 Aposto-

79 4805 159 4875 Ῑυδ,
179 4827 237 4865 ex
260 4820 620 4884 persecutore
647 4813 1007 4885 praedicator,
1030 4834 1056 4860 ‹‹
1075 4811 1245 4865 unius
1258 4811 1446 4866 uxoris
1461 4811 1668 4879 virum,

79 4906 169 4955 tam
192 4909 532 4963 sacerdotem
562 4924 730 4978 quam
763 4906 1064 4961 diaconum
1107 4905 1231 4960 ﬁeri
1261 4905 1467 4960 debere
1506 4922 1670 4960 man-

80 4992 270 5066 dettl-(1
296 5005 427 5056 Tim.
459 5019 544 5070 ιιι,
574 5005 627 5067 2,
663 5005 770 5071 l2).
805 5023 830 5048 ››
865 5001 1002 5064 Quae
1043 4998 1254 5068 o'mnia,
1296 4999 1372 5052 ita
1399 5015 1432 5052 a
1456 5001 1668 5054 vestra-

79 5103 177 5144 rum
204 5095 499 5165 regionum
532 5094 924 5166 despiciuntur
948 5093 1241 5164 episcopis,
1270 5092 1430 5164 quasi
1455 5091 1515 5146 in
1537 5109 1670 5146 con-

80 5184 275 5240 trarium
305 5189 498 5261 magis
543 5188 755 5243 fuerint
797 5187 1122 5242 constituta.
1167 5188 1237 5241 Et
1277 5186 1413 5258 quia
1448 5202 1564 5241 non
1591 5192 1676 5241 est

79 5276 207 5333 nobis
257 5282 586 5353 hujusmodi
631 5280 1097 5353 usurpationibus
1138 5279 1572 5352 negligendum,
1601 5295 1673 5335 ne

81 5383 160 5422 nos
201 5372 538 5447 indignantis
588 5375 809 5431 Domini
865 5391 971 5430 vox
1011 5375 1167 5446 justa
1213 5373 1505 5445 corripiat,
1545 5389 1675 5446 qua:

81 5460 187 5519 dicit
214 5483 226 5520 :
255 5469 496 5524 Videbas
522 5471 730 5539 furem,
761 5474 818 5524 et
847 5468 1110 5524 currebas
1137 5484 1267 5522 cum
1297 5483 1388 5535 eo,
1410 5471 1467 5523 et
1495 5483 1670 5539 pone-

79 5552 155 5610 bas
181 5563 324 5616 tuam
365 5579 500 5618 cum
529 5563 802 5619 adulteris
844 5562 1166 5635 portionem
1194 5562 1358 5633 (Psal.
1385 5577 1530 5628 xux,
1568 5563 1673 5632 18),

82 5650 190 5716 quid
214 5654 280 5708 ab
302 5656 578 5712 universis
604 5662 728 5729 post
754 5657 876 5712 haec
903 5655 1159 5712 Ecclesiis
1187 5653 1538 5726 sequendum
1582 5654 1672 5724 sit,

84 5744 192 5810 quid
240 5749 534 5804 vitandum
592 5751 844 5823 generali
900 5747 1370 5822 pronuntiatione
1428 5748 1678 5803 decerni-

84 5850 203 5894 mus.
235 5842 560 5922 Quicunque
582 5846 771 5925 itaque
811 5863 869 5901 se
903 5844 1161 5906 Ecclesiae
1190 5842 1343 5909 vovit
1372 5842 1676 5923 obsequiis,

1773 4621 2146 4694 dignitatibus
2195 4619 2459 4692 superius
2495 4619 2868 4690 praeﬁximus,
2901 4624 3162 4690 tempora
3192 4619 3405 4673 fuerint

1773 4715 2062 4771 custodita.

1844 4811 1975 4865 XIII.
2005 4809 2147 4866 lllud
2173 4824 2398 4882 quoque
2428 4824 2530 4862 nos
2556 4824 2664 4880 par
2693 4806 2800 4861 fuit
2825 4806 3143 4878 providere,
3170 4811 3237 4862 ut
3259 4808 3405 4863 sicut

1773 4903 2166 4976 paenitentiam
2199 4919 2370 4974 agere
2393 4901 2654 4973 cuiquam
2686 4917 2799 4956 non
2829 4901 3164 4956 conceditur
3177 4901 3406 4956 clerico-

1773 5015 1924 5067 rum,
1954 4998 2034 5052 ita
2059 5000 2116 5051 et
2143 5001 2269 5067 post
2294 4995 2729 5067 pmnitudinem,
2778 5011 2842 5048 ac
2883 4995 3406 5050 reconciliationem

1773 5091 1916 5146 nulli
1945 5106 2197 5162 unquam
2250 5088 2392 5143 laico
2430 5088 2596 5142 liceat
2626 5088 2902 5143 honorem
2946 5088 3242 5143 clericatus
3283 5088 3401 5143 adi-

1774 5184 1934 5258 pisci,
1955 5183 2087 5255 quia
2113 5182 2373 5254 quamvis
2401 5181 2513 5236 sint
2539 5181 2798 5236 omnium
2826 5187 3186 5254 peccatorum
3216 5185 3408 5236 conta-

1778 5279 1945 5351 gione
1990 5276 2272 5344 mundati,
2320 5275 2477 5330 nulla
2517 5281 2710 5331 tamen
2766 5275 2980 5331 debent
3022 5275 3403 5346 gerendorum

1775 5375 2263 5427 sacramentorum
2309 5370 2693 5425 instrumenta
2737 5371 3020 5442 suscipere
3060 5368 3156 5439 qui
3188 5366 3406 5420 dudum

1776 5466 1988 5521 fuerint
2017 5481 2149 5519 vasa
2175 5464 2462 5520 vitiorum.

1849 5561 1976 5615 XIV.
2008 5561 2074 5614 Et
2099 5559 2236 5630 quia
2260 5559 2316 5613 in
2347 5559 2433 5612 his
2461 5557 2726 5612 omnibus
2763 5573 2891 5628 quae
2916 5556 2975 5609 in
3005 5551 3403 5624 reprehensio-

1780 5671 1908 5710 nem
1939 5653 2197 5720 veniunt,
2248 5653 2361 5707 sola
2409 5650 2699 5707 excusatio
2741 5646 3114 5721 ignorationis
3152 5645 3405 5701 obtendi-

1779 5755 1890 5816 tur,
1921 5747 2006 5802 cui
2037 5765 2142 5801 nos
2167 5747 2398 5802 interim
2448 5746 2617 5800 solius
2655 5743 2880 5816 pietatis
2923 5740 3131 5796 intuitu
3179 5755 3410 5794 necesse

1782 5845 1862 5901 est
1893 5841 2200 5901 clementer
2236 5841 2552 5916 ignoscere.
2579 5836 2916 5910 Quicunque
2939 5848 3078 5908 ergo
3109 5832 3418 5920 paenitens,
