3946 6180
569 243 670 298 683

1460 242 1742 296 APPEND.
1785 241 1873 295 AD
1912 242 2072 296 SEC.
2116 240 2203 294 lX.
2235 267 2304 282 ο-
2335 239 2577 294 lSlDORl
2614 238 3036 294 MERCATORIS
3739 255 3815 309 684

571 350 898 422 quicunque
940 349 1226 419 bigamus,
1261 349 1585 420 quicunque
1616 349 1799 404 viduas
1837 349 2094 418 maritus,
2131 349 2197 404 ad
2223 357 2280 432 Α
2301 347 2552 403 Sabaoth
2577 348 2851 419 laqueum
2881 365 3056 420 quem
3074 355 3365 421 paraverat
3379 351 3681 426 disrupisset,
3696 377 3820 417 scena

571 459 793 498 sacram
821 442 1082 498 militiam
1110 441 1360 499 indebite
1390 447 1446 498 et
1475 442 1928 514 incompetenter
1955 443 2196 514 irrepse-

567 537 662 602 rit,
712 536 820 591 hac
861 535 966 590 sibi
995 535 1316 591 conditione
1362 553 1396 590 a
1440 536 1602 590 nobis
1646 537 1870 592 veniam
1923 537 2203 608 intelligat

567 629 898 697 relaxatam,
920 634 986 686 ut
1003 629 1058 684 id
1085 647 1299 701 magno
1322 630 1524 685 debeat
1543 634 1873 702 computare
1900 630 2196 697 beneficio,

565 724 612 778 si
631 723 901 794 adempta
921 723 1025 778 sibi
1046 725 1205 779 omni
1223 741 1320 795 spe
1343 725 1745 796 promotionis,
1767 725 1825 779 in
1843 725 1970 791 hoc,
1995 725 2063 780 de
2087 741 2198 795 quo

566 817 856 873 invenitur
905 818 1104 872 ordine
1161 821 1441 890 perpetua
1486 818 1786 872 stabilitate
1841 823 2195 890 permaneat,

567 911 763 967 scituri
806 911 1041 983 posthac
1082 911 1356 967 omnium,
1383 911 1812 982 provinciarum
1853 912 2062 966 summi
2092 929 2196 966 an-

563 1006 790 1073 tistites,
831 1006 986 1077 quod
1013 1005 1057 1060 si
1084 1005 1233 1060 ultra
1263 1005 1336 1059 ad
1377 1022 1564 1060 sacros
1590 1005 1818 1060 ordines
1843 1023 2197 1078 quemquam

565 1101 636 1154 de
661 1099 872 1163 talibus
903 1099 1250 1155 crediderint
1270 1100 1700 1166 assumendum,
1730 1105 1785 1154 et
1816 1101 1885 1155 de
1912 1116 2013 1154 suo
2043 1104 2100 1155 et
2126 1100 2196 1155 de

564 1210 764 1250 eorum
804 1196 952 1248 statu
981 1209 1128 1264 quos,
1153 1196 1354 1248 contra
1397 1209 1645 1248 canones
1673 1199 1726 1250 et
1758 1194 2061 1248 interdicta
2085 1210 2192 1248 no-

564 1294 678 1342 stra
708 1286 1086 1359 provexerint,
1120 1304 1432 1359 congruam
1465 1287 1536 1342 ab
1563 1288 1870 1359 apostolica
1896 1288 2029 1343 sede
2061 1305 2190 1360 pro-

563 1381 832 1438 niendam
861 1397 981 1436 esse
1007 1380 1376 1435 sententiam.

884 1473 1202 1530 Exhortatio
1243 1475 1430 1529 Stricti
1458 1475 1534 1529 ad
1567 1476 1872 1533 Cimerium.

632 1567 1007 1639 Explicuimus
1049 1570 1130 1636 (ut
1167 1567 1453 1636 arbitror),
1484 1567 1658 1623 frater
1692 1567 2042 1635 charissime,
2076 1570 2196 1624 uni-

557 1677 720 1716 versa
750 1677 875 1732 quae
907 1661 1124 1732 digesta
1152 1665 1284 1715 sunt
1311 1661 1370 1715 in
1405 1661 1722 1731 querelam,
1768 1666 1824 1716 et
1851 1663 1920 1716 ad
1948 1662 2196 1733 singulas

2300 441 2444 496 tanti
2458 442 2594 496 mali
2611 445 2669 496 et
2683 443 2995 514 hypocrisis
3016 442 3240 514 publica
3256 447 3541 502 multorum
3557 449 3819 522 siinplicium

2299 536 2470 591 corda
2497 540 2745 591 traxerat
2769 536 2826 591 in
2855 537 3102 606 ruinam,
3129 538 3256 609 quia
3285 539 3435 594 facile
3462 541 3525 596 ad
3551 543 3820 603 deteriorem

2299 635 2524 701 partem
2556 647 2717 686 mens
2743 632 3052 687 humanata
3077 633 3462 702 transducitur,
3502 638 3665 692 volens
3689 644 3821 712 magis

2298 741 2404 796 per
2426 725 2732 796 spatiosam
2765 725 2914 780 viam
2953 726 3271 797 ambulare,
3295 745 3458 800 quam
3487 734 3633 786 arctze
3653 733 3736 787 vita
3751 736 3823 790 iter

2299 835 2427 874 cum
2471 819 2666 876 labore
2703 820 2963 874 transire.
3007 821 3126 885 Qua
3171 822 3240 876 de
3281 839 3341 876 re
3380 825 3712 880 necessarium
3730 830 3823 882 satis

2298 912 2422 980 fuit,
2469 911 2836 983 dilectissimi,
2885 914 3006 968 haec
3045 931 3171 986 quas
3215 921 3369 986 gesta
3403 922 3524 971 sunt
3556 918 3634 973 hic
3669 921 3726 978 ad
3762 939 3824 974 ve-

2299 1009 2472 1060 stram
2488 1006 2896 1062 conscientiam
2906 1009 3354 1079 cognoscendam
3366 1011 3627 1078 mandare,
3642 1029 3700 1067 ne
3714 1013 3826 1084 igno-

2297 1099 2482 1154 rantia
2523 1100 2840 1174 cujuspiam
2872 1101 3180 1158 sacerdotis
3214 1103 3568 1174 pessimorum
3597 1105 3824 1161 hominum

2298 1193 2603 1250 Ecclesiam
2619 1193 3064 1275 irrumpentium
3081 1196 3185 1250 sub
3201 1196 3456 1268 religioso
3472 1198 3676 1256 nomine
3691 1207 3826 1253 conta-

2297 1287 2392 1358 gio
2430 1287 2681 1354 violaret,
2710 1287 2854 1344 sicut
2897 1289 3172 1360 scriptum
3216 1294 3322 1357 est,
3367 1290 3573 1346 dicente
3605 1292 3825 1348 Domino:

2298 1402 2326 1431 ‹‹
2361 1381 2516 1436 Multi
2553 1381 2789 1436 veniunt
2816 1383 2889 1438 ad
2931 1399 3028 1439 vos
3055 1383 3118 1438 in
3142 1384 3482 1440 vestimentis
3515 1384 3697 1452 ovium,
3720 1387 3827 1440 intus

2294 1478 2490 1529 autem
2533 1478 2665 1531 sunt
2709 1475 2830 1548 lupi
2872 1493 3128 1548 rapaces,
3175 1493 3244 1532 ex
3291 1478 3551 1533 fructibus
3579 1495 3740 1534 eorum
3766 1497 3826 1533 co-

2296 1568 2577 1644 gnoscetis
2622 1585 2719 1624 eos
2758 1568 2978 1642 (Matth.
3026 1587 3122 1638 vn,
3178 1571 3284 1641 l5).
3327 1593 3355 1620 ››
3401 1571 3462 1625 Hi
3491 1575 3612 1626 sunt
3639 1572 3828 1627 videlicet

2295 1661 2397 1732 qui
2437 1661 2718 1720 subtiliter
2759 1661 3108 1720 Christianos
3137 1680 3257 1719 sese
3279 1664 3507 1736 jactant,
3532 1670 3592 1720 ut
3615 1666 3702 1721 sub
3727 1667 3826 1721 vela-

559 1772 773 1822 causas,
825 1755 895 1808 de
955 1754 1158 1825 quibus
1210 1771 1312 1825 per
1357 1754 1539 1809 ﬁlium
1580 1759 1841 1811 nostrum
1889 1731 2270 1812 BasianumB
2293 1759 2490 1810 mento
2515 1755 2598 1827 pii
2627 1755 2874 1812 nominis
2895 1757 3244 1828 gradientes,
3275 1758 3503 1814 domum
3528 1759 3751 1816 orationis
3770 1761 3827 1813 in-

557 1854 951 1924 presbyterum
999 1853 1072 1907 ad
1135 1853 1449 1908 Romanam
1501 1854 1818 1921 Ecclesiam,
1872 1856 2065 1925 utpote
2121 1855 2195 1910 ad

557 1952 728 2018 caput
745 1947 828 2001 tui
855 1945 1105 2018 corporis
1133 1945 1374 2002 retulisti
1395 1946 1755 2014 sufﬁcientia,
1779 1950 2056 2018 quantum
2077 1949 2195 2020 opi-

555 2057 678 2107 nor,
721 2056 994 2111 responsa
1040 2039 1412 2096 reddidimus.
1461 2043 1620 2096 Nunc
1666 2041 2035 2096 fraternitatis
2080 2046 2191 2097 tute

555 2134 813 2190 animum
836 2133 908 2188 ad
927 2133 1230 2188 servandos
1250 2151 1513 2201 canones,
1543 2139 1599 2188 et
1620 2136 1862 2190 tenenda
1887 2136 2194 2190 decretalia

554 2227 863 2288 constituta
900 2227 1081 2298 magis
1108 2243 1172 2281 ac
1210 2227 1394 2298 magis
1440 2227 1767 2296 incitemus,
1812 2233 1871 2284 ut
1902 2229 2021 2283 haec
2064 2245 2194 2300 quas

551 2321 622 2376 ad
650 2325 749 2376 tua
777 2321 1032 2375 consulta
1063 2320 1478 2391 rescripsimus,
1509 2320 1567 2375 in
1597 2320 1858 2376 omnium
1898 2322 2187 2394 coepisco-

552 2431 754 2486 porum
785 2417 1113 2469 nostrorum
1145 2414 1387 2485 perferri
1428 2414 1596 2469 facias
1639 2415 1958 2486 notionem,
1994 2419 2052 2484 et
2076 2433 2190 2471 non

551 2509 735 2563 solum
762 2525 965 2563 eorum
995 2508 1095 2579 qui
1122 2507 1180 2562 in
1209 2511 1306 2562 tua
1335 2512 1466 2563 sunt
1493 2508 1719 2564 dimcesi
1751 2509 2063 2576 constituti,
2089 2511 2188 2565 sed

551 2601 725 2659 etiam
758 2602 830 2657 ad
859 2601 1152 2656 universos
1181 2602 1668 2673 Carthaginenses
1714 2607 1889 2674 atque
1931 2604 2187 2671 Baeticos,

553 2697 847 2752 Lusitanos
873 2698 1046 2766 atque
1077 2695 1335 2763 Gallicos,
1369 2696 1452 2750 vel
1481 2711 1577 2750 eos
1603 2695 1699 2767 qui
1719 2696 1914 2751 vicinis
1945 2696 2047 2752 tibi
2075 2699 2184 2753 col-

551 2789 802 2845 limitant
823 2788 952 2843 hinc
975 2788 1104 2843 inde
1127 2789 1449 2860 provinciis,
1468 2793 1532 2844 ut
1546 2789 1669 2844 hac
1685 2806 1812 2861 qua:
1829 2807 1861 2844 a
1881 2790 2040 2845 nobis
2058 2795 2189 2845 sunt

554 2882 766 2939 salubri
795 2881 1151 2937 ordinatione
1176 2882 1468 2953 disposita,
1493 2883 1596 2936 sub
1615 2883 1936 2938 litterarum
1957 2887 2188 2940 tuarum

553 2975 948 3049 prosecutione
976 2975 1297 3030 mittantur.
1341 2977 1408 3030 Et
1437 2992 1767 3047 quanquam
1799 2980 2010 3032 statuta
2037 2978 2186 3033 sedis

2295 1849 2471 1922 gressi
2487 1866 2817 1908 sermonem
2836 1851 3176 1921 serpentinze
3191 1851 3576 1923 disputationis
3591 1853 3827 1918 effundant,

2296 1965 2324 2008 «
2351 1947 2415 1999 ut
2441 1943 2711 2016 sagittent
2748 1944 2808 1999 in
2856 1943 3092 1999 obscuro
3121 1948 3306 2001 rectos
3331 1947 3492 2002 corde
3523 1949 3666 2016 (Psal.
3689 1964 3731 2015 x,
3753 1947 3788 2015 3)
3809 1970 3826 1991 ιι

2291 2040 2461 2109 atque
2505 2055 2540 2092 a
2583 2037 2815 2102 veritate
2865 2038 3137 2094 catholica
3181 2040 3504 2109 avertendo,
3539 2041 3606 2095 ad
3646 2057 3735 2095 sua
3767 2040 3830 2094 do-

2292 2131 2489 2185 ctrinae
2555 2130 2774 2186 rabiem
2838 2131 3114 2186 diabolico
3172 2149 3274 2188 ore
3342 2134 3677 2190 transducant
3715 2139 3828 2203 atque

2293 2224 2481 2279 ovium
2507 2223 2931 2296 simplicitatem
2960 2225 3324 2282 defraudent.
3363 2229 3430 2282 Et
3457 2227 3666 2300 quidem
3689 2228 3830 2283 multa-

2293 2335 2422 2386 rum
2467 2319 2752 2374 haeresum
2801 2318 3219 2390 malignitatem
3277 2321 3350 2378 ab
3405 2321 3691 2393 apostolicis
3732 2324 3829 2374 tem-

2290 2412 2522 2483 poribus
2565 2428 2716 2467 nunc
2753 2429 2936 2485 usque
2987 2415 3314 2486 didicimus,
3360 2420 3416 2471 et
3460 2416 3658 2487 experti
3692 2415 3832 2486 proba-
3910 2455 3911 2462 η

2290 2506 2494 2576 vimus,
2544 2506 2642 2561 sed
2685 2491 2982 2584 nunquam
3029 2511 3167 2564 tales
3221 2527 3388 2565 canes
3428 2509 3663 2564 Ecclesia:
3683 2513 3828 2578 myste-

2289 2600 2442 2656 rium
2494 2599 2787 2656 latratibus
2836 2601 3245 2673 fatigaverunt,
3296 2605 3484 2676 quales
3529 2620 3665 2659 nunc
3701 2601 3831 2656 subito

2288 2694 2477 2761 hostes
2527 2693 2658 2750 fidei
2703 2701 3069 2767 erumpentes
3117 2698 3377 2754 doctrina
3426 2697 3654 2769 perﬁdiae
3697 2691 3832 2767 168

2288 2787 2610 2858 pullulata,
2676 2788 2836 2858 cujus
2895 2788 3007 2844 sint
3068 2790 3334 2863 discipuli
3384 2791 3660 2848 verborum
3701 2787 3836 2845 fructi-

2289 2881 2394 2936 bus
2439 2881 2840 2952 prodiderunt.
2887 2884 3027 2938 Nam
3079 2901 3211 2938 cum
3260 2887 3353 2940 alii
3401 2885 3634 2941 haeretici
3672 2880 3833 2953 singula

2289 2974 2394 3041 sibi
2425 2992 2636 3046 genera
2659 2976 3038 3048 quaestionum
3058 2979 3208 3034 male
3229 2979 3590 3052 intelligenda
3605 2990 3834 3050 preposue-

551 3069 889 3142 apostolica,
927 3069 1013 3123 vel
1048 3084 1332 3124 canonum
1373 3069 1722 3126 venerabilia
1766 3070 1996 3125 deﬁnita
2044 3071 2186 3126 nulli
2208 3101 2264 3176 Ο
2289 3067 2405 3123 rint
2441 3069 2756 3128 convellere
2800 3072 2971 3142 atque
3019 3087 3364 3144 concerpere
3406 3073 3475 3128 de
3518 3071 3693 3127 divinis
3720 3067 3832 3123 insti-

553 3163 913 3219 sacerdotum
941 3161 1161 3216 Domini
1194 3160 1458 3233 ignorare
1485 3162 1556 3220 sit
1580 3162 1850 3233 liberum,
1876 3163 2072 3219 utilius
2100 3168 2186 3221 ta-

553 3274 686 3313 men
719 3259 775 3312 et
805 3272 906 3327 pro
936 3254 1275 3326 antiquitate
1299 3255 1605 3310 sacerdotii
1637 3256 1718 3310 tui
1747 3257 2037 3312 dilectioni
2074 3264 2188 3314 tum

552 3367 673 3407 esse
702 3349 1017 3406 admodum
1045 3349 1249 3420 poterit
1277 3349 1607 3420 gloriosum,
1649 3349 1694 3404 si
1739 3367 1807 3405 ea
1853 3367 1982 3422 quae
2017 3352 2092 3406 ad
2130 3357 2185 3407 te

551 3443 782 3517 speciali
809 3443 1043 3499 nomine
1072 3443 1416 3514 generaliter
1443 3443 1649 3514 scripta
1670 3447 1822 3512 sunt,
1855 3462 1959 3518 per
1986 3447 2188 3501 unani-

551 3537 760 3594 mitatis
788 3540 900 3593 tuae
927 3537 1364 3592 sollicitudinem
1413 3537 1470 3592 in
1513 3537 1907 3594 universorum
1943 3540 2187 3595 fratrum

551 3637 879 3688 nostrorum
899 3630 1161 3686 notitiam
1189 3630 1574 3701 perferantur,
1607 3637 1890 3704 quatenus
1919 3637 1976 3687 et
1997 3650 2124 3706 qum
2152 3651 2187 3690 a

550 3726 714 3783 nobis
747 3742 860 3780 non
893 3724 1227 3792 inconsulte,
1261 3724 1359 3778 sed
1405 3723 1640 3795 provide
1685 3725 1789 3782 sub
1836 3725 2012 3780 nimia
2051 3744 2184 3782 cau-

554 3822 668 3878 tela
693 3824 750 3876 et
774 3817 1176 3874 deliberatione
1198 3820 1330 3872 sunt
1356 3818 1662 3874 salubriter
1687 3820 2015 3886 constituta,
2048 3820 2188 3876 inte-

552 3919 766 3971 merata
792 3916 1189 3985 permaneant,
1220 3914 1278 3965 et
1304 3911 1568 3967 omnibus
1595 3911 1654 3967 in
1689 3918 1981 3983 posterum
2019 3930 2182 3969 excu-

551 4007 863 4064 sationibus
895 4005 1104 4073 aditus,
1151 4005 1249 4076 qui
1286 4005 1410 4074 jam
1457 4005 1595 4062 nulli
1644 4006 1797 4076 apud
1847 4023 1950 4061 nos
1992 4012 2186 4077 patere

551 4101 780 4175 poterit,
811 4099 1157 4154 obstruetur.
1205 4099 1342 4152 Data
1371 4098 1541 4154 tertio
1583 4098 1709 4154 ldus
1743 4099 2052 4168 Februarii,
2079 4103 2185 4155 Ar-

553 4194 755 4252 chadio
781 4198 837 4248 et
869 4194 1114 4245 Bautone
1147 4191 1210 4244 IV
1242 4191 1589 4247 consulibus.

552 4295 626 4346 De
655 4287 1003 4345 damnatione
1029 4286 1304 4339 Jovim‘am’
1331 4285 1569 4340 haeretici
1598 4290 1649 4340 et
1671 4288 1898 4356 epistola
1927 4287 2184 4357 ejusdem.

625 4383 917 4453 Optarem,
940 4378 1146 4432 fratres
1171 4377 1510 4444 charissimi,
1536 4394 1764 4450 semper
1785 4380 2100 4436 dilectionis
2130 4387 2186 4438 et

2286 3161 2624 3230 tutionibus,
2670 3162 2762 3218 isti
2815 3186 2844 3213 ((
2888 3181 3002 3219 non
3048 3165 3330 3222 habentes
3368 3171 3572 3223 vestem
3599 3161 3832 3237 nuptialem

2288 3255 2505 3328 (Matth.
2534 3273 2668 3326 xxn,
2696 3257 2801 3327 l2),
2832 3259 3194 3315 nsauciantes
3234 3260 3550 3327 catholicos,
3564 3258 3682 3316 Novi
3702 3273 3750 3311 ac
3763 3254 3831 3306 Ve-

2285 3349 2421 3408 teris
2440 3350 2803 3418 Testamenti,
2832 3356 2898 3406 ut
2928 3353 3061 3420 dixi,
3081 3355 3491 3411 continentiam
3511 3352 3833 3426 pervertentes.

2287 3427 2490 3515 spiritu
2559 3443 2836 3500 diabolico
2907 3446 3355 3517 interpretantes
3385 3491 3398 3516 ,
3467 3451 3521 3503 et
3584 3443 3832 3501 illecebroso

2285 3540 2455 3609 atque
2499 3537 2632 3593 ficto
2678 3555 2941 3598 sermone
2986 3540 3316 3612 aliquantos
3354 3541 3677 3598 Christianos
3713 3550 3835 3604 cmpe-

2286 3630 2541 3702 rintjam
2567 3636 2804 3701 vastare,
2835 3639 3004 3706 atque
3033 3651 3146 3690 suae
3172 3634 3480 3694 dementia:
3507 3634 3711 3699 sociare,
3737 3630 3835 3683 intra

2285 3740 2345 3779 se
2383 3724 2736 3786 continentes
2781 3727 3049 3799 nequitias
3081 3744 3198 3784 suae
3245 3730 3417 3800 virus,
3448 3731 3592 3786 velut
3612 3724 3740 3782 electi
3759 3721 3837 3776 bla-

2287 3818 2574 3890 sphemias
2599 3836 2726 3874 suas
2752 3820 3167 3893 conscriptione
3198 3824 3505 3880 temeraria
3535 3821 3726 3894 publice
3746 3830 3832 3887 pro-

2286 3911 2576 3981 diderunt,
2591 3915 2647 3967 et
2667 3911 2979 3984 desperatae
3003 3915 3210 3969 mentis
3243 3918 3437 3972 furore
3464 3915 3672 3982 conciti,
3690 3908 3836 3984 passim

2284 4005 2346 4060 in
2376 4005 2570 4061 furore
2602 4005 2900 4077 gentilium
2939 4007 3327 4078 publicarunt.
3363 4011 3469 4067 Sed
3508 4027 3537 4064 a
3577 4000 3836 4064 ﬁdelissimis

2285 4099 2614 4156 Christianis
2634 4099 2792 4167 viris,
2810 4117 3020 4172 genere
3041 4103 3300 4174 optimis,
3325 4105 3593 4177 religione
3609 4097 3837 4174 praelatis,

2287 4193 2359 4248 ad
2388 4209 2578 4248 meam
2601 4193 2980 4252 humilitatem
3011 4196 3198 4253 subito
3231 4200 3512 4271 scriptura
3551 4192 3837 4253 honorificam

2286 4286 2508 4346 videtur
2554 4303 2677 4342 esse
2717 4287 2928 4357 delata,
2977 4294 3043 4345 ut
3081 4292 3424 4349 sacerdotali
3457 4291 3658 4364 judicio
3685 4285 3839 4340 detecta

2286 4380 2488 4437 divinte
2519 4381 2632 4452 legi
2663 4382 2946 4440 contraria
2974 4383 3256 4454 spirituali
3294 4387 3572 4442 sententia
3594 4383 3836 4438 deleantur-

551 4477 704 4551 pacis
731 4476 931 4530 vestrae
960 4469 1273 4526 sinceritati
1320 4471 1535 4541 gaudia
1577 4473 1865 4542 nuntiare,
1896 4475 1975 4530 ita
2015 4481 2076 4531 ut
2103 4476 2183 4530 vi-
2205 4493 2264 4566 D
2287 4476 2399 4530 Nos
2431 4491 2564 4530 sane
2589 4476 2921 4546 nuptiarum
2968 4480 3095 4532 vota
3135 4495 3258 4535 non
3300 4483 3661 4553 aspernanter
3685 4468 3840 4540 accepi-

553 4571 740 4629 cissim
766 4565 1213 4624 discurrentibus
1237 4564 1443 4620 litteris
1471 4566 1754 4638 sospitatis
1788 4567 1998 4625 indicia
2018 4570 2183 4640 juva-

554 4671 772 4731 rentur,
823 4661 867 4716 si
915 4660 1138 4732 quietos
1183 4675 1288 4714 nos
1332 4659 1423 4714 ab.
1453 4658 1776 4716 incursione
1831 4679 1936 4716 sua
1989 4680 2184 4718 vacare

555 4759 730 4816 hostis
759 4755 1031 4826 antiquus
1052 4753 1285 4808 sineret.
1319 4753 1463 4818 Quia
1492 4753 1563 4808 ab
1595 4753 1756 4809 initio
1785 4755 2050 4824 mendax,
2083 4757 2186 4812 ini-

555 4855 738 4910 micus
769 4849 1033 4914 veritatis,
1062 4847 1303 4902 aemulus
1325 4847 1596 4914 hominis,
1623 4865 1794 4920 quem
1817 4853 1878 4904 ut
1899 4849 2188 4922 deciperet

556 4966 614 5012 se
641 4949 774 5003 ante
802 4941 1049 5014 decepit,
1077 4940 1364 5011 pudicitize
1389 4940 1767 5012 adversarius,
1801 4944 2039 4999 luxuriae
2069 4961 2186 5000 ma-

557 5044 755 5115 gister,
785 5034 1211 5109 crudelitatibUS
1240 5034 1508 5104 pascitur,
1556 5035 1899 5092 abstinentia
1925 5039 2182 5110 punitur,

552 5137 674 5193 odit
690 5130 932 5206 jejunia,
965 5127 1236 5183 ministris
1267 5126 1380 5182 suis
1418 5128 1862 5198 praedicantibus
1889 5131 2026 5188 dum
2050 5132 2185 5187 dicit

555 5248 676 5289 esse
702 5224 1010 5298 superflua,
1039 5237 1200 5293 spem
1226 5238 1338 5276 non
1363 5221 1578 5277 habens
1600 5223 1669 5278 de
1689 5223 1913 5294 futuris,
1941 5225 2183 5297 apostoli

551 5320 834 5383 sententia
859 5331 1156 5390 percussus
1200 5314 1470 5370 dicentis:
1507 5338 1534 5366 (ι
1565 5317 1968 5372 Manducemus
2009 5322 2068 5372 et
2092 5319 2180 5374 bi-

551 5423 773 5483 bamus,
807 5428 931 5468 cras
959 5408 1113 5464 enim
1141 5408 1456 5463 moriemur
1489 5413 1612 5476 (Isa.
1646 5427 1781 5480 xx",
1833 5412 1935 5480 13).
1971 5441 1996 5460 η
2027 5412 2070 5466 Ο
2103 5411 2184 5467 in-

549 5513 687 5571 felix
713 5505 964 5574 audacia,
995 5520 1027 5558 o
1055 5503 1351 5574 desperata
1400 5504 1606 5558 mentis
1654 5503 1882 5570 astutia,
1919 5504 2043 5575 jam
2091 5505 2180 5560 in-

550 5605 809 5678 cognitus
834 5615 1020 5657 sermo
1047 5595 1449 5653 haereticorum
1476 5596 1626 5651 intra
1660 5597 1968 5653 Ecclesiam
1996 5599 2183 5655 cancri

549 5716 710 5755 more
765 5713 824 5750 se
869 5691 1253 5766 respergebat,
1309 5694 1370 5744 ut
1421 5706 1700 5762 occupans
1758 5696 1957 5763 pectus
1996 5696 2179 5750 totum

535 5791 842 5878 ‘homiuem
874 5785 1253 5859 praecipitaret
1299 5782 1354 5841 in
1388 5787 1649 5852 mortem,
1683 5789 1739 5841 et
1769 5785 1875 5866 nisi
1905 5787 2180 5851 Dominus

2285 4585 2434 4638 mus,
2466 4568 2671 4642 quibus
2696 4570 2975 4628 velamine
3001 4571 3388 4641 interfuimus,
3419 4575 3516 4630 sed
3534 4571 3745 4642 virgines
3764 4565 3841 4618 D60

2287 4662 2514 4718 devotas
2562 4662 2781 4734 majore
2828 4664 3264 4721 honoriﬁcentia
3316 4683 3686 4724 muneramus.
3728 4661 3844 4715 Facto

2286 4771 2424 4827 ergo
2453 4755 2827 4828 presbyterio,
2871 4759 3120 4814 constitit
3157 4761 3440 4818 doctrinas
3467 4766 3677 4827 nostrae,
3705 4754 3748 4810 id
3773 4753 3842 4812 est,

2286 4848 2620 4919 Christianae
2667 4851 2782 4924 legi
2824 4869 2942 4908 esse
2992 4855 3304 4911 contraria.
3341 4857 3502 4912 Unde
3546 4849 3844 4927 apostolicum

2286 4943 2462 5000 secuti
2495 4948 2866 5016 praeceptum,
2895 4947 3027 5018 quia
3057 4948 3221 5003 aliter
3251 4967 3427 5022 quam
3472 4947 3752 5020 accepimus
3779 4952 3845 4991 an-

2287 5037 2642 5107 nuntiabant,
2661 5039 2922 5094 omnium
2939 5045 3267 5096 nostrorum
3293 5049 3414 5098 tam
3443 5043 3843 5115 presbyterorum,

2284 5134 2399 5185 tam
2445 5131 2834 5200 diaconorum,
2883 5150 3054 5205 quam
3105 5137 3281 5191 etiam
3337 5138 3511 5193 totius
3555 5133 3675 5191 cleri
3715 5138 3844 5182 unam

2285 5225 2494 5280 factam
2538 5228 2754 5280 constat
2799 5243 2920 5282 esse
2962 5230 3310 5285 sententiam
3339 5274 3352 5298 ,
3409 5233 3506 5289 ubi
3565 5224 3844 5286 Iovinianus,

2282 5318 2615 5388 Ausentius,
2666 5319 2950 5392 Genialis,
3001 5323 3360 5394 Geminator,
3413 5325 3588 5393 Felix,
3637 5317 3844 5377 Plotinus:

2282 5411 2609 5483 Martianus,
2636 5414 2956 5485 Januarius,
2989 5420 3047 5472 et
3084 5419 3446 5489 Ingeniosus,
3473 5419 3567 5492 qui
3590 5417 3846 5472 accentores

2286 5521 2444 5560 novas
2459 5506 2692 5561 haeresis
2714 5513 2770 5564 et
2789 5508 3156 5582 blasphemia
3170 5511 3396 5568 inventi
3412 5517 3560 5581 sunt,
3583 5509 3746 5566 divina
3761 5515 3846 5556 seu-

2281 5600 2458 5655 tentia
2483 5605 2541 5655 et
2566 5605 2759 5658 nostro
2775 5602 2995 5673 judicio
3009 5605 3068 5660 in
3095 5612 3445 5679 perpetuum
3466 5603 3844 5668 damnati,extr3

2281 5694 2587 5750 Ecclesiam
2617 5703 2998 5754 remanerent.
3029 5701 3183 5765 Quod
3207 5702 3619 5758 custodituram
3641 5691 3845 5752 sanctita-

2280 5793 2396 5846 tem
2428 5795 2672 5875 vestram
2699 5808 2817 5875 non
2861 5793 3178 5869 ambigens,
3213 5795 3343 5854 haec
3368 5797 3571 5869 scripta
3596 5789 3748 5852 direxi
3772 5798 3844 5860 Ρθτ
