3946 6180
90 252 172 303 ess
1296 232 1773 301 DECRETALIUM
1811 232 2195 304 COLLECTIO.
3315 234 3421 291 nec.

84 358 255 411 fratres
275 355 327 405 et
356 347 839 420 compresbyteros
866 363 1048 414 meos,
1071 346 1432 405 Crescentem
1459 347 1516 401 et
1540 344 1678 398 Leo-
1698 354 1758 443 Α
1780 343 1918 401 nihil
1939 343 2052 399 tale
2082 343 2267 414 potuit
2293 343 2447 415 eligi,
2470 359 2601 415 qua
2616 341 2757 398 ratio
2777 358 2895 403 non
2911 339 3216 413 compellit,
3239 340 3417 403 etiam

86 448 291 521 pardum
319 449 372 499 et
389 440 1243 515 Alexandrum,quireligiosum
1272 438 1525 499 ofﬁcium
1546 436 1679 497 ﬁdei
1740 436 1751 443 ”
1777 443 1851 499 de
1878 442 2194 514 longinquo
2219 442 2453 500 veniant
2475 442 2797 509 ordinandi,
2829 443 2893 496 ut
2923 439 3083 513 digni
3116 439 3337 513 possint
3359 442 3418 496 et

85 540 268 614 possint
281 538 473 610 spiritu
490 536 804 607 adimplere
824 536 1105 591 fervente.
1777 536 1959 608 plebis
1986 540 2044 591 et
2072 539 2266 593 nostro
2291 536 2508 606 judicio
2535 535 2913 607 comprobari.

111 638 240 695 Item,
266 632 483 703 epistola
505 632 687 687 Siricii
705 646 870 700 papa
897 629 972 683 ad
996 631 1271 682 universos
1305 626 1646 683 orthodomos.
1848 630 1909 687 Il.
1940 630 2225 696 Quantum
2250 628 2510 691 illicitum
2538 629 2609 683 sit
2630 628 2769 683 illud
2785 627 3054 683 mstimari
3074 644 3193 685 non
3208 631 3414 699 potest,

146 732 184 782 l.
212 729 274 781 Ut
296 725 559 796 indignus
581 723 771 778 nullus
795 722 1074 779 efficiatur
1102 721 1420 794 episcopus.
1780 727 1842 779 ut
1860 722 2362 790 transeuntes,sive
2389 722 2800 789 simulent,sive
2827 723 2943 778 sint
2959 721 3233 779 monachi
3262 722 3415 794 quod

142 826 182 876 2.
209 823 270 875 Ut
298 818 504 890 ignotis
530 817 910 888 sacerdotium
948 833 1066 871 non
1096 816 1281 873 detur.
1779 834 1837 872 se
1872 817 2180 888 appellant,
2226 832 2478 888 quorum
2526 832 2632 873 nec
2687 815 2861 877 vitam
2909 832 3209 887 possumus
3251 815 3415 886 scire,

139 917 180 970 4.
205 916 267 969 Ut
291 912 558 985 neophyti
584 911 667 966 vel
692 910 821 965 laici
847 909 1168 965 sacerdotes
1194 926 1308 963 non
1336 909 1496 965 ﬁant.
1778 927 1883 966 nec
1908 911 2277 982 baptismum,
2308 926 2557 982 quorum
2571 908 2741 966 ﬁdem
2766 909 3117 980 incognitam
3135 896 3437 973 habemus-

140 1009 247 1064 CAP.
286 1009 326 1062 Ι.
384 1006 620 1062 Srmcws
665 1020 833 1077 papa,
889 1002 1225 1063 orthodoxis
1276 1018 1379 1075 per
1430 1001 1679 1057 diversas
1777 1022 1885 1073 nec
1913 1004 2213 1077 probatam
2238 1004 2421 1065 nolint
2447 1002 2767 1074 sumptibus
2794 1002 3084 1074 adjuvare,
3107 1002 3209 1063 sed
3227 1004 3416 1061 statim

84 1098 374 1172 provincias.
1035 1165 1038 1167 Α
1780 1102 1879 1154 aut
1908 1099 2175 1154 diaconos
2217 1099 2405 1153 facere
2433 1102 2529 1152 aut
2565 1097 2924 1169 presbyteros
2962 1096 3222 1152 ordinare
3258 1097 3417 1155 festi-

138 1191 495 1263 Cogitantibus
537 1190 701 1245 nobis
728 1192 943 1244 metum
994 1189 1169 1244 divini
1206 1188 1430 1262 judi‘cii,
1478 1187 1681 1248 fratres
1778 1197 1937 1261 nent,
1966 1195 2067 1251 aut
2091 1192 2246 1265 quod
2266 1194 2351 1247 est
2378 1190 2601 1264 gravius
2622 1191 2916 1262 episcopos
2936 1190 3279 1249 constituere
3299 1207 3419 1253 non

83 1285 351 1342 charissimi
377 1288 435 1339 et
464 1287 595 1355 post
624 1284 775 1341 hanc
801 1283 975 1339 vitam
1007 1298 1485 1355 unumquemque
1510 1287 1682 1353 prout
1778 1286 2108 1344 formidant.
2125 1286 2358 1341 Charius
2376 1286 2525 1357 apud
2542 1285 2667 1340 illos
2687 1284 2808 1340 dari
2828 1288 3122 1356 sumptum
3143 1287 3422 1343 esttraus~

85 1379 301 1451 gesserit,
339 1381 732 1451 recepturum,
762 1376 899 1449 quid
930 1377 989 1431 in
1027 1377 1323 1448 querelam
1353 1375 1563 1444 veniat;
1591 1377 1677 1429 ta-
1779 1380 1957 1449 eunti,
2006 1397 2177 1453 quam
2219 1379 2597 1437 sacerdotium
2652 1378 2946 1433 nescienti.
3001 1378 3143 1439 Inde
3194 1378 3254 1435 in
3321 1394 3417 1433 su-

84 1490 181 1528 ecre
198 1477 327 1527 non'
348 1471 532 1539 licuit,
564 1471 663 1526 sed
702 1487 806 1526 nos
832 1470 990 1545 loqui
1034 1468 1335 1524 necessitas
1358 1467 1678 1540 imperavit,
1780 1474 2040 1547 perbiam
2066 1474 2407 1543 exaltantur,
2440 1472 2575 1529 inde
2610 1472 2843 1543 insuper
2868 1471 2938 1526 ad
2969 1471 3269 1544 perﬁdiam
3307 1471 3421 1528 cito

85 1567 264 1620 dicente
300 1565 616 1636 propheta:
667 1585 695 1613 «
734 1564 930 1619 Exalta
975 1569 1037 1621 ut
1091 1562 1233 1618 tuba
1273 1579 1477 1621 vocem
1518 1565 1680 1621 tuam
1783 1571 2076 1636 corruunt,
2118 1567 2255 1639 quia
2285 1567 2457 1623 ﬁdem
2505 1583 2698 1622 veram
2746 1566 2809 1622 in
2857 1564 3249 1621 ecclesiasticis
3298 1568 3420 1622 toto

88 1661 185 1727 ilsa.
213 1676 350 1725 LVIII,
395 1658 466 1729 l).
504 1680 533 1708 »
582 1659 649 1712 Et
689 1658 781 1713 cui
829 1657 1091 1715 omnium
1131 1655 1510 1713 Ecclesiarum
1548 1672 1685 1711 cura
1707 1726 1748 1733 _
1782 1662 1919 1721 orbe
1942 1660 2234 1733 peregrini
2263 1660 2553 1725 discedere
2578 1676 2698 1716 non
2725 1662 3073 1715 asseruntur.

85 1752 215 1819 est,si
240 1726 859 1822 dissimulem,audiam
880 1750 1114 1806 Domino
1138 1750 1357 1805 dicente
1381 1765 1395 1805 :
1427 1769 1455 1802 α
1472 1749 1679 1820 Rejici-
1704 1726 1761 1803 Β
1854 1726 2131 1817 111,-Cert'e
2158 1754 2297 1817 illud
2333 1754 2510 1811 etiam
2540 1770 2656 1808 non
2699 1752 2807 1809 fuit
2834 1752 3418 1824 praetermittendum,

83 1846 135 1900 tis
169 1845 486 1901 mandatum
537 1844 633 1899 Dei
680 1849 746 1901 ut
792 1844 1125 1901 traditiones
1170 1847 1381 1899 vestras
1425 1843 1682 1898 statuatis
1779 1852 1845 1907 ut
1871 1849 2022 1921 quod
2049 1848 2222 1906 semel
2263 1852 2362 1907 aut
2388 1847 2633 1907 secundo
2666 1845 2973 1903 necessitas
3016 1847 3419 1903 hmreticorum

84 1941 257 2001 Matth.
286 1956 370 2006 xv,
402 1943 475 2010 6).
514 1959 543 1990 ι)
583 1938 728 2005 Quid
757 1938 913 1999 enim
933 1938 1085 1992 aliud
1128 1941 1212 1992 est
1255 1937 1491 2008 rejicere
1518 1953 1677 1991 man-
1779 1942 1992 2012 intulit,
2020 1946 2219 1998 contra
2239 1940 2545 2013 apostolica
2569 1942 2857 2011 praecepta
2875 1940 3031 1995 velut
3048 1941 3174 2011 lege
3196 1940 3419 1995 licitum

83 2034 243 2088 datum
263 2034 353 2089 Dei
380 2050 560 2106 quam
589 2032 807 2105 privato
824 2031 1042 2104 judicio
1076 2033 1134 2086 et
1161 2031 1417 2086 humano
1441 2029 1681 2086 consilio
1781 2037 2068 2108 praesumi,
2115 2035 2471 2107 neophytum
2500 2035 2588 2089 vel
2636 2034 2843 2088 laicum
2889 2032 2987 2104 qui
3035 2033 3192 2088 nullo
3239 2033 3416 2088 eccle-

83 2127 205 2181 novis
228 2129 383 2182 rebus
403 2126 819 2183 constituendis
867 2125 1104 2181 liberius
1129 2124 1446 2181 delectari?
1486 2125 1678 2179 Perla-
1780 2130 2004 2185 siastico
2030 2130 2262 2185 functus
2279 2129 2454 2187 fuerit
2478 2127 2683 2197 ofﬁcio,
2721 2126 3143 2187 inconsiderate
3173 2127 3258 2185 vel
3286 2144 3416 2198 pre-

81 2227 176 2274 tum
196 2220 368 2292 itaque
395 2224 485 2277 est
514 2221 588 2275 ad
604 2218 1007 2275 conscientiam
1030 2218 1353 2292 apostolicae
1379 2217 1527 2272 sedis
1551 2234 1680 2272 con-
1781 2224 2070 2296 sbyterum
2117 2224 2207 2279 vel
2254 2222 2564 2279 diaconum
2599 2221 2885 2288 ordinare,
2936 2220 3096 2292 quasi
3150 2221 3420 2281 meliores

84 2315 579 2370 traecclesiasticum
598 2330 878 2370 canonem
899 2311 1190 2384 praesumi,
1211 2316 1269 2367 et
1298 2328 1426 2384 qua;
1452 2311 1529 2366 ita
1547 2314 1681 2366 sunt
1779 2317 2051 2390 apostolis
2082 2316 2213 2385 sint,
2240 2332 2486 2388 quorum
2519 2315 2768 2371 audeant
2790 2317 3015 2377 mutare
3042 2318 3419 2389 praeceptumI

84 2425 109 2462 a
128 2409 399 2479 majoribus
424 2409 712 2478 ordinata,
738 2412 805 2463 ut
841 2424 917 2465 ne
949 2407 1035 2462 vel
1052 2406 1160 2461 levi
1185 2421 1416 2460 susurro
1439 2405 1680 2461 debeant
1778 2416 1835 2467 et
1860 2411 1959 2483 qui
1987 2428 2102 2471 non
2144 2409 2359 2477 didicit,
2383 2409 2503 2479 jam
2534 2408 2739 2463 docere
2769 2407 3149 2479 compellitur,
3181 2408 3258 2463 ita
3288 2409 3414 2467 nnl-
3436 2416 3448 2424 ‘

81 2502 252 2570 violari,
282 2503 540 2575 proprias
577 2502 861 2575 quosdam
901 2500 1322 2557 observationes
1364 2516 1541 2555 novas
1582 2498 1674 2554 in-
1776 2506 1862 2563 lus
1884 2504 2166 2576 reperitur
2189 2503 2428 2558 idoneus
2455 2502 2935 2569 clericorum,nec
2955 2501 3105 2556 inter
3123 2501 3416 2571 diaconos,

85 2596 264 2664 ducere,
304 2602 359 2652 et
386 2597 778 2670 praetermisso
807 2595 1183 2650 fundamento
1229 2610 1404 2666 supra
1441 2608 1679 2649 arenam
1779 2616 1884 2653 nec
1911 2599 2062 2653 inter
2088 2597 2231 2653 alios
2260 2596 2497 2651 clericos
2526 2595 2816 2651 invenitur
2841 2594 2940 2667 qui
2971 2594 3289 2651 sacerdotio
3325 2595 3414 2651 di-

83 2691 191 2744 velle
216 2696 555 2761 construere,
597 2690 818 2745 dicente
863 2689 1148 2744 Domino:
1186 2711 1213 2738 «
1253 2689 1378 2743 Non
1416 2686 1678 2743 transibis
1778 2709 1925 2764 gnus
1942 2690 2351 2759 habeatur,sed
2367 2690 2436 2745 ad
2457 2688 3013 2746 commendationem
3036 2688 3286 2744 ecclesiae
3316 2689 3418 2744 lai-

87 2784 309 2839 terminos
348 2802 494 2857 quos
550 2783 966 2839 constituerunt
1000 2786 1194 2855 patres
1235 2781 1317 2835 tui
1355 2783 1533 2852 (Num.
1581 2798 1673 2851 xx,
1776 2803 1874 2841 cus
1898 2783 2405 2857 postulatur,qnod
2434 2800 2505 2838 ne
2524 2783 2790 2838 ﬁatnltra
2814 2783 3120 2851 admoneo,
3144 2783 3412 2855 praedico,

86 2878 163 2944 17).
190 2900 212 2926 α
241 2878 394 2943 Quod
422 2882 482 2933 et
502 2881 732 2937 sanctus
760 2892 988 2949 quoque
1018 2876 1302 2948 apostolus
1332 2874 1471 2931 Novi
1493 2877 1551 2933 et
1578 2876 1677 2928 Ve-
1777 2882 1841 2934 ut
1870 2895 2041 2934 unam
2076 2878 2251 2937 ﬁdem
2282 2877 2579 2944 habentes,
2613 2892 2791 2931 unum
2820 2875 2988 2931 etiam
3026 2875 3086 2932 in
3115 2875 3415 2943 traditione

87 2970 187 3024 teris
205 2972 539 3028 Testamenti
581 2970 919 3043 praedicator
951 2973 1169 3037 monet,
1202 2969 1260 3023 in
1297 2986 1411 3042 quo
1452 2968 1677 3024 locutus
1776 2973 1987 3028 sentire
2028 2971 2364 3039 debeamus,
2414 2970 2719 3042 probantes
2762 2986 2868 3025 nos
2906 2970 3203 3025 unanimes
3243 2973 3415 3043 atque

86 3068 149 3117 est
186 3065 454 3120 Christus:
486 3085 519 3118 ι(
564 3065 741 3131 State,
782 3064 984 3136 inquit,
1034 3069 1092 3119 et
1119 3066 1312 3119 tenete
1340 3062 1675 3119 traditiones
1695 3099 1751 3177 Ο
1775 3066 2083 3122 concordes
2108 3064 2326 3138 paciﬁci
2354 3065 2416 3120 in
2459 3065 2703 3134 Christo,
2738 3067 2796 3119 et
2824 3064 2882 3119 in
2926 3063 3415 3122 observationibus

85 3162 252 3213 vestras
289 3177 424 3231 quas
468 3158 772 3225 didicistis,
816 3159 930 3213 sive
983 3175 1086 3229 per
1134 3158 1396 3226 verbum,
1427 3156 1543 3212 sive
1573 3156 2101 3232 per“apostolicis
2148 3158 2359 3215 habere
2398 3158 2757 3214 charitatem.
2802 3157 2983 3213 Medio
3014 3158 3206 3229 itaque
3251 3159 3412 3213 Patre

84 3251 328 3319 epistolam
357 3254 428 3323 (II
448 3255 635 3309 Thess.
664 3269 725 3308 II.
762 3252 867 3321 14).
901 3273 928 3300 ››
976 3248 1099 3316 Οὐδ.
1129 3251 1198 3306 de
1230 3268 1293 3306 re
1319 3250 1471 3321 videt
1494 3254 1678 3305 vestra
1774 3260 1831 3310 et
1853 3253 2151 3324 unigenito
2190 3251 2329 3308 Filio
2355 3251 2497 3322 ejus,
2547 3255 2605 3307 et
2633 3252 2844 3323 Spiritu
2890 3255 3107 3318 sancto,
3154 3255 3211 3306 et
3240 3252 3412 3307 unius

85 3343 325 3401 sinceritas
355 3348 412 3401 in
441 3346 622 3401 sacris
664 3345 969 3416 mysteriis,
1000 3347 1099 3398 aut
1126 3344 1186 3398 in
1218 3343 1676 3399 ordinationibus
1775 3346 2082 3403 divinitatis
2107 3346 2167 3401 in
2206 3344 2478 3401 Trinitate
2517 3344 2811 3411 convenio,
2847 3349 2908 3400 ut
2938 3345 2994 3399 in
3023 3345 3110 3400 his
3138 3345 3277 3399 ﬁdes
3316 3362 3408 3399 ca-

83 3439 259 3504 restris,
273 3444 554 3512 quantum
581 3440 938 3495 sacerdotum
966 3455 1174 3510 magna
1188 3455 1325 3493 cura
1350 3443 1408 3493 et
1432 3437 1676 3508 diligens
1773 3440 1982 3497 tholica
1996 3445 2054 3495 et
2074 3438 2369 3511 disciplina
2390 3442 2587 3495 nostra
2601 3442 2958 3510 permaneat.
2976 3440 3088 3494 Nec
3107 3438 3409 3510 quisquam

85 3532 349 3589 sollicitudo
369 3535 586 3590 debeat
610 3533 929 3589 observare.
949 3532 1205 3604 Denique
1224 3531 1299 3586 ad
1317 3530 1677 3587 Timotheum
1772 3536 1937 3607 putet
1958 3532 2344 3589 ordinationes
2372 3537 2628 3587 terrenas
2655 3531 2801 3600 ﬁeri,
2829 3547 2955 3586 cum
2979 3531 3204 3589 cor-teste
3225 3530 3295 3585 sit
3319 3549 3407 3585 sa-

84 3623 322 3695 loquitur:
369 3648 396 3680 ‹‹
437 3629 636 3684 Manus
674 3628 784 3682 cito
836 3626 1056 3680 nemini
1102 3624 1441 3698 imposueris
1488 3641 1676 3697 neque
1773 3627 2191 3694 cerdotium,ut
2217 3625 2481 3682 fidelibus
2499 3624 2685 3698 gloria
2704 3630 2925 3680 maneat
2955 3624 3245 3697 dignitatis
3267 3626 3411 3697 ejus-

87 3721 548 3776 communicaveris
591 3720 837 3793 peccatis
891 3719 1090 3776 alienis
1118 3720 1168 3792 (Ι
1209 3721 1346 3775 Tim.
1378 3735 1458 3786 1n,
1498 3717 1610 3790 22),
1645 3739 1672 3767 »
1774 3722 1926 3792 dem,
1971 3725 2028 3776 et
2066 3723 2199 3775 ante
2237 3720 2486 3775 tribunal
2536 3718 2744 3775 Christi
2793 3718 2997 3774 exhinc
3044 3734 3161 3785 non
3203 3718 3411 3776 habeat

88 3813 204 3880 quod
228 3819 517 3888 propterea
564 3818 936 3885 memoratur,
985 3819 1046 3869 ut
1093 3813 1349 3869 examine
1392 3812 1587 3868 habito
1618 3815 1677 3867 et
1774 3815 1926 3889 quod
1952 3817 2201 3871 accuset.

87 3905 314 3974 probitate
350 3925 606 3980 morum,
654 3913 711 3964 et
756 3907 1127 3965 ecclesiastico
1171 3907 1365 3963 labore
1410 3906 1481 3962 sit
1528 3923 1677 3962 com-
1860 3932 2060 4001 Incipit
2084 3930 2373 3985 concilim
2406 3928 2654 3984 Thelense
2680 3943 2842 3999 super
2871 3932 3109 3984 gramm
3135 3928 3321 3985 Sin-ci,-

88 4001 355 4058 mendatior
368 4004 718 4077 quivocatur
730 4002 791 4058 in
816 4002 1090 4070 medium,
1109 4005 1172 4057 ut
1182 4017 1473 4057 summum
1495 4017 1676 4056 sacer-
2496 4015 2679 4071 papa.

88 4090 252 4150 dolium
283 4098 452 4168 possit
494 4097 776 4170 accipere,
830 4096 1101 4169 probatus
1139 4094 1377 4167 judicio,
1424 4112 1542 4151 non
1584 4094 1673 4149 fa-
1842 4103 1972 4157 Post
1999 4100 2357 4156 consulatum
2384 4097 2774 4171 gloriosissimi
2803 4097 3028 4152 Honorii
3056 4098 3141 4165 XI,
3177 4101 3236 4154 et
3260 4099 3403 4155 Con-

87 4200 200 4251 τθτθν
255 4195 545 4263 susceptus
608 4192 866 4261 veritate,
924 4208 1040 4245 11011
1103 4189 1305 4262 gratia:
1370 4188 1675 4260 διβοδῒοιίϐο
1775 4194 1966 4252 stantii
1992 4196 2055 4263 ll,
2079 4196 2236 4249 sexto
2265 4192 2552 4249 Kalendas
2574 4192 2821 4259 Martias,
2851 4195 3199 4263 congregato
3229 4193 3412 4248 conci-

88 4280 238 4337 (“dine
277 4283 525 4354 functus,
570 4302 684 4339 non
727 4283 1007 4356 praecipiti
1041 4285 1351 4338 YOIImlate-
1410 4284 1490 4337 De
1535 4299 1671 4355 qua,
1771 4290 1853 4346 lio
1882 4290 1942 4345 in
1965 4288 2198 4344 ecclesia
2230 4286 2630 4359 Apostolorum
2664 4285 2844 4357 plebis
2872 4285 3183 4355 Thelensis,
3210 4286 3410 4341 beatus

88 4372 345 4433 Charissimi
368 4380 536 4446 mihi,
569 4379 637 4434 ad
663 4384 913 4434 vestram
940 4377 1325 4433 sinceritatem
1342 4377 1673 4448 hujusmodi
1773 4385 1936 4438 Pater
1980 4381 2186 4453 primae
2234 4380 2385 4435 sedis
2450 4380 2750 4452 episcopus
2790 4379 3136 4435 Donatianus
3174 4380 3414 4436 civitatis

87 4463 242 4523 Ῑίηεΐεε
267 4476 641 4528 cucurrerunt
661 4473 843 4529 multo
863 4472 1110 4526 fratrum
1131 4475 1187 4526 et
1204 4470 1671 4526 consacerdotum
1690 4469 1751 4544 D
1772 4475 2180 4547 Theleptensis,
2227 4491 2359 4531 cum
2394 4474 2720 4540 resedisset,
2762 4472 3184 4531 considentibus
3217 4490 3409 4527 secum

89 4573 329 4634 consensu:
363 4573 424 4622 ut
451 4567 563 4621 hac
584 4572 766 4621 vestra
794 4565 1203 4637 ευῢεοτὶριίοηθ
1243 4565 1470 4620 ﬁrmata
1494 4565 1667 4620 eccle-
1770 4568 2054 4635 Januario,
2092 4567 2276 4623 Felice
2328 4567 2594 4633 secundo,
2642 4566 2873 4641 Cyrino,
2918 4566 3157 4633 Victore,
3201 4566 3409 4621 Secun-

90 4651 249 4711 είλεῐὶεἱ
274 4661 498 4715 canonis
520 4659 832 4732 dispositio,
854 4677 981 4732 qua:
996 4659 1150 4731 apud
1171 4659 1413 4714 Nicaeam
1435 4661 1671 4713 tractata
1772 4664 1959 4731 diano,
1993 4663 2147 4729 Geta,
2172 4659 2476 4728 Eunomio,
2517 4658 2874 4728 Maximiano,
2911 4659 3145 4725 Donato,
3175 4661 3406 4716 Cresco-

90 4751 165 4815 εει,
189 4752 503 4810 conﬁrmata
522 4770 623 4809 suo
644 4753 847 4809 merito
867 4752 1266 4808 fundatissima
1286 4757 1669 4825 permaneret,
1771 4757 1887 4825 nio,
1914 4754 2192 4821 Jocundo,
2232 4754 2458 4825 Sopato,
2504 4753 2760 4820 Restuto,
2795 4751 3038 4818 Juliano,
3085 4753 3405 4825 Maximino,

90 4844 131 4892 ut
158 4843 274 4900 tales
300 4847 649 4903 videlicetad
674 4847 1121 4924 ecclesiasticum
1148 4847 1409 4902 ordinem
1437 4846 1673 4919 permit-
1772 4853 2055 4918 Romano,
2137 4847 2410 4921 Terciolo,
2475 4845 2676 4913 Micilo,
2740 4845 3003 4914 Maximo,
3076 4848 3408 4917 Donatiano,

89 4933 297 4993 terentur
314 4942 605 5008 accedere,
631 4940 1144 5013 qualesapostolica
1162 4940 1669 5011 auctoritasjubet,
1774 4941 2316 5014 BasilioyPapiano,
2362 4940 2655 5008 Januario,
2712 4940 3050 5012 Porphyrio,
3097 4942 3238 4998 item
3274 4945 3408 4998 Por-

88 5040 172 5082 non
201 5035 379 5102 quales
404 5036 555 5104 dico,
588 5035 675 5090 vel
717 5051 815 5090 eos
845 5035 945 5106 qui
984 5033 1212 5106 cingulo
1251 5033 1469 5089 militiae
1494 5048 1667 5088 saecu-
1772 5033 1998 5107 phyrio,
2025 5033 2265 5098 Donato,
2291 5029 2536 5099 Juliano,
2568 5030 2729 5097 Tuto,
2762 5029 3057 5098 Fortunio,
3082 5031 3408 5101 Quintiano,

89 5117 188 5175 laris
223 5127 442 5198 astricti,
491 5128 627 5183 olim
676 5127 898 5200 gloriati
947 5132 1097 5183 sunt.
1148 5127 1253 5193 Qui
1298 5131 1673 5198 posteaquam
1772 5127 2008 5199 Capion,
2036 5129 2093 5182 et
2125 5123 2343 5180 caeteris
2373 5122 2671 5195 episcOpis,
2705 5139 2929 5178 necnon
2960 5123 3132 5180 etiam
3167 5125 3409 5181 Vincen-

88 5226 255 5287 POmpa
291 5222 541 5277 saeculari
578 5222 1019 5291 exsultaverunt,
1060 5224 1159 5275 aut
1203 5219 1450 5293 negotiis
1479 5219 1668 5291 reipu-
1774 5222 1871 5289 tio,
1905 5218 2334 5287 Fortunatiano,
2353 5216 2550 5288 legatis
2574 5216 2881 5289 provinciae
2901 5219 3320 5291 proconsularis
3341 5218 3413 5273 ad

87 5302 211 5363 hlicze
223 5317 545 5383 optaverunt
563 5316 834 5384 militare,
853 5319 952 5371 aut
972 5314 1174 5371 mundi
1191 5331 1387 5370 curam
1407 5316 1669 5382 tractare,
1774 5315 2152 5371 Bizancenum
2183 5311 2488 5368 concilium
2512 5310 2760 5379 directis,
2790 5314 2847 5373 et
2876 5311 3112 5384 reliqua.

91 5397 296 5459 adhibita
322 5407 424 5463 sibi
448 5410 828 5481 quorumdam
858 5426 1035 5465 manu
1063 5414 1119 5463 et
1153 5408 1551 5481 proximorum
1586 5407 1667 5461 fa-
1846 5407 2170 5464 Vincentius
2214 5411 2271 5461 et
2318 5406 2659 5465 Fortunatus
2705 5394 3003 5461 dixerunt:
3054 5403 3236 5461 Etiam
3280 5421 3412 5460 cum

91 5505 191 5547 vore
212 5498 406 5570 stipati,
438 5503 500 5558 hi
527 5503 853 5577 frequenter
874 5503 1214 5576 ingeruntur
1248 5503 1483 5558 auribus
1530 5500 1672 5556 meis
1775 5517 2027 5557 essemus
2045 5500 2388 5568 Thusdrum,
2423 5498 2568 5553 sicut
2589 5514 2814 5553 mecum
2843 5496 3038 5559 recolit
3064 5498 3414 5557 memorialis

92 5590 137 5637 ul
164 5590 386 5666 episcopi
433 5613 553 5652 esse
598 5597 837 5669 possint,
885 5597 983 5670 qui
1036 5614 1140 5668 per
1195 5595 1566 5652 traditionem
1615 5598 1672 5650 et
1774 5595 1985 5661 auditio
2036 5598 2240 5662 vestra,
2273 5597 2329 5649 et
2366 5592 2619 5671 epistolae
2656 5594 2860 5661 sanctae
2899 5589 3189 5651 memoriae
3234 5590 3415 5648 Siricii

94 5677 432 5753 Evangelicam
469 5690 822 5763 disciplinam
853 5708 971 5747 esse
1001 5708 1116 5746 non
1154 5694 1408 5764 possunt.
1437 5690 1671 5754 Quantis
1773 5688 1925 5749 sedis
1964 5686 2286 5760 apostolicae
2319 5685 2569 5761 episcopi
2598 5684 2955 5750 dederamus,
2993 5681 3309 5751 recitantes,
3343 5703 3415 5742 ex

93 5767 173 5826 hoc
196 5776 466 5857 aliquoties
496 5785 790 5862 recitatum
833 5790 921 5851 est
939 5785 1164 5865 juribus
1194 5787 1250 5840 et
1282 5783 1529 5845 viribus!
1561 5783 1670 5844 Sed
1774 5783 1979 5864 quibus
2024 5798 2155 5838 cum
2212 5781 2429 5855 legeret
2476 5768 2671 5837 unum
2735 5774 3171 5835 sanctimonium
3230 5779 3421 5860 fratris
