3946 6180
524 204 625 259 687
1402 203 1685 259 APPEND.
1724 204 1811 259 AD
1848 203 2008 259 SIEC.
2050 202 2135 257 IX.
2168 230 2238 243 —-
2277 200 2531 258 ISlDORl
2569 201 2999 260 MEBCATORIS
3703 216 3782 270 688

524 309 699 365 nostri
744 307 991 382 episcopi
1030 310 1246 379 Latoni,
1294 313 1568 382 utrasque
1612 329 1764 366 nunc
1803 328 1909 366 nos
1946 311 2157 367 referre
2179 322 2239 396 Α
2332 313 2398 367 Et
2425 311 2743 383 mulierem,
2785 311 2843 366 id
2870 314 2953 367 est
2988 310 3237 381 viduam,
3282 310 3495 369 clericus
3531 332 3627 371 non
3661 318 3790 377 ducat

526 403 813 474 suggestio
845 404 1072 472 indicat,
1104 405 1204 459 has
1222 405 1453 460 recitari
1484 405 1705 461 donate.
1727 405 1985 478 Episcopi
2010 405 2161 460 dixe-
2264 422 2518 460 uxorem.

526 501 692 550 runt:
734 497 1064 552 Recitantur
1097 498 1352 569 epistolae
1385 500 1723 554 venerabilis
1754 500 2050 555 memoriae
2077 499 2159 555 Si-
2336 501 2405 555 Ut
2432 499 2479 553 is
2504 499 2603 571 qui
2644 498 2816 554 laicus
2856 499 3084 554 viduam
3123 500 3359 569 duxerit,
3402 517 3505 557 non
3532 502 3794 563 admittatur

524 590 663 656 ricii,
710 595 773 645 ut
809 591 1133 646 noverimus
1185 592 1320 663 quid
1375 609 1570 648 earum
1624 596 1813 648 textus
1852 593 2160 648 contineat.
2263 594 2332 648 ad
2360 595 2596 648 clerum.

523 685 776 757 Cumque
806 685 1456 754 traderentur,Pi-ivatus
1483 688 1745 743 notarius
1764 687 2166 743 dixitzExem-
2334 690 2403 743 Ut
2447 688 2516 743 de
2580 686 2766 743 aliena
2806 687 3042 743 ecclesia
3082 688 3342 744 ordinare
3383 690 3621 747 clericum
3662 694 3798 750 nullus

523 779 682 852 plum
710 780 985 834 tractoriae
1014 780 1260 853 episcopi
1290 781 1445 836 urbis
1482 783 1698 861 Romae.
2266 787 2520 852 usurpet,
2576 785 2637 836 ut
2685 781 2969 853 abjectum
3026 782 3292 839 clericum
3343 784 3446 840 alia
3484 787 3683 843 ecclesia
3714 806 3797 844 non

935 878 1084 938 Item,
1114 867 1339 944 epistola
1365 877 1552 933 Stricti
1574 892 1753 947 papae.
2267 875 2551 930 admittat.

600 968 986 1023 Dilectissimis
1016 968 1285 1025 fratribus
1315 973 1371 1025 et
1410 970 1761 1043 coepiscOpis
1790 985 1892 1043 per
1917 969 2166 1026 Africam
2338 970 2407 1024 Ut
2451 964 2745 1025 venientes
2783 986 2817 1023 a
2858 969 3182 1025 Novatianis
3234 971 3319 1026 vel
3364 972 3697 1029 Montensibus
3732 992 3802 1047 per

529 1064 776 1120 Suucws.
2267 1079 2474 1118 manus
2511 1062 2941 1136 impositionem
2966 1063 3365 1138 suscipiantur,
3402 1070 3590 1138 praeter
3611 1084 3687 1123 eos
3707 1086 3803 1140 quos

602 1158 835 1212 Diversa
879 1158 1136 1229 quamvis
1183 1173 1310 1212 cum
1351 1158 1410 1212 in
1452 1174 1627 1212 unum
1686 1156 1921 1229 plurimi
1967 1158 2167 1213 fratres
2267 1157 2639 1229 rebaptizant.

529 1251 990 1306 convenissemus
1030 1251 1103 1305 ad
1147 1252 1327 1306 sancti
1382 1251 1624 1322 apostoli
1674 1251 1827 1305 Petri
1876 1251 2164 1322 reliquias,
2340 1254 2623 1307 Praeterea
2652 1253 2807 1324 quod
2835 1252 3077 1324 dignum
3110 1257 3168 1309 et
3201 1253 3464 1326 pudicum
3492 1257 3544 1310 et
3573 1256 3806 1311 honestum

532 1361 638 1417 per
685 1362 855 1416 quem
909 1346 1258 1416 apostolatus
1317 1352 1374 1400 et
1437 1344 1790 1416 episcopatus
1838 1344 1896 1399 in
1947 1344 2170 1400 Christo
2270 1350 2356 1400 est
2390 1345 2715 1413 suademus,
2759 1349 2822 1401 ut
2850 1347 3170 1403 sacerdotes
3195 1350 3252 1403 et
3273 1348 3448 1415 levita:
3470 1364 3585 1403 cum
3612 1350 3806 1404 uxoribus

535 1441 687 1510 cepit
726 1439 1047 1507 exordium,
1098 1440 1485 1511 placueritque
1534 1442 1769 1511 propter
1812 1445 2170 1511 emergentes
2270 1439 2388 1493 suis
2416 1455 2534 1494 non
2566 1446 2781 1509 coeant,
2827 1440 2964 1511 quia
2988 1441 3048 1495 in
3078 1441 3391 1497 ministerio
3436 1441 3654 1497 ministri
3674 1444 3806 1513 quoti-

533 1534 809 1605 plurimas
837 1549 1031 1588 causas
1058 1549 1185 1604 quae
1215 1534 1275 1587 in
1301 1532 1599 1604 aliquantis
1632 1549 1749 1587 non
1774 1538 1937 1589 erant
1964 1550 2167 1604 causas,
2274 1532 2457 1586 dianis
2473 1533 2903 1589 necessitatibus
2922 1538 3288 1607 occupantur.
3305 1535 3386 1591 Ad
3411 1535 3691 1591 Corinthios
3704 1552 3809 1590 nam-

537 1628 631 1682 sed
659 1627 917 1695 crimina,
952 1633 1009 1681 ut
1042 1627 1110 1682 de
1140 1632 1343 1682 caetero
1367 1626 1679 1682 sollicitudo
1699 1630 1845 1682 esset
1862 1626 2173 1699 unicuique
2194 1697 2231 1699 _
2275 1642 2384 1697 que
2442 1627 2646 1681 Paulus
2701 1627 2892 1683 scribit
2926 1628 3153 1683 dicens:
3206 1649 3235 1678 «
3259 1628 3535 1685 Abstinete
3570 1633 3626 1684 ut
3662 1630 3809 1685 vacetis

540 1722 597 1775 in
627 1721 866 1775 Ecclesia
891 1737 1088 1776 curam
1125 1720 1456 1791 hujusmodi
1490 1720 1721 1788 habere,
1750 1720 1918 1775 sicuti
1954 1697 2251 1792 aposto-B
2277 1720 2518 1775 orationi
2546 1720 2588 1791 (1
2614 1721 2734 1777 Cor.
2775 1738 2871 1792 v11,
2915 1723 2986 1792 5).
3020 1744 3047 1772 »
3094 1721 3148 1779 Si
3184 1738 3323 1794 ergo
3368 1722 3512 1777 laicis
3553 1722 3810 1776 abstinentia

541 1816 626 1868 lus
654 1814 927 1885 praedicat
960 1815 1194 1869 Paulus:
1246 1835 1275 1864 «
1301 1815 1491 1869 Talem
1523 1815 1638 1869 Deo
1682 1814 1984 1870 Ecclesiam
2019 1814 2175 1871 exhi-
2276 1806 2589 1885 imperatur
2635 1817 2702 1869 ut
2739 1815 2957 1886 possint
3023 1815 3392 1887 deprecantes
3437 1815 3619 1884 audiri,
3661 1820 3808 1887 quanto

540 1908 784 1962 bendam
820 1924 937 1964 non
976 1908 1281 1963 habentem
1327 1908 1606 1963 maculam
1636 1912 1733 1963 aut
1776 1924 1978 1980 rugam
2018 1909 2175 1979 (Eph.
2276 1908 2459 1978 magis
2487 1908 2749 1964 sacerdos
2777 1910 2975 1981 utique
3003 1909 3160 1965 omni
3187 1912 3477 1965 momento
3513 1912 3709 1980 paratus
3732 1925 3809 1963 esse

540 2018 593 2069 v,
643 2001 810 2073 27).»
868 2002 946 2057 Ne
995 2018 1095 2073 per
1136 2002 1373 2072 alicujus
1418 2001 1698 2057 morbidae
1742 2001 2004 2057 afﬂatum
2060 2003 2179 2057 ovis
2279 2002 2759 2058 debetmunditiae
2780 2003 3029 2075 puritate
3053 2002 3248 2077 169
3268 2020 3508 2071 securus,
3528 2002 3813 2059 neautsacri-

542 2095 879 2151 conscientia
907 2100 1103 2150 nostra
1130 2095 1508 2151 contaminata
1537 2096 1846 2165 videretur,
1881 2112 1994 2167 qua
2023 2096 2091 2151 de
2118 2112 2179 2150 re
2278 2096 2473 2150 ﬁcium
2509 2096 2729 2160 offerat,
2761 2100 2862 2151 aut
2890 2097 3179 2169 baptizare
3193 2097 3471 2169 cogatur?
3504 2098 3594 2168 qui
3620 2097 3658 2151 si
3674 2100 3810 2151 conta-

542 2189 778 2244 meliore
807 2188 1112 2244 consilioid
1142 2189 1304 2256 sedit,
1331 2192 1569 2260 propter
1593 2205 1690 2244 eos
1718 2190 1972 2244 maxime
1995 2190 2094 2261 qui
2120 2189 2180 2244 in
2279 2189 2528 2245 minatus
2579 2193 2662 2245 est
2705 2190 2921 2245 carnali
2980 2190 3455 2262 concupiscentia,
3500 2190 3622 2262 quid
3659 2189 3812 2245 faciet?

546 2283 809 2354 praesenti
857 2283 1171 2337 valetudine
1200 2283 1454 2354 corporis
1479 2287 1577 2337 aut
1615 2283 1773 2338 fessae
1801 2284 1984 2339 aetatis
2015 2300 2182 2338 causa
2282 2282 2615 2338 excusabit?
2642 2300 2756 2356 quo
2784 2284 3022 2355 pudore,
3061 2301 3176 2356 qua
3206 2289 3398 2341 mente
3428 2283 3715 2357 usurpabit?
3742 2297 3814 2352 qua

549 2375 739 2432 adesse
768 2376 1001 2431 minime
1040 2380 1367 2448 potuerunt.
1400 2378 1521 2441 Quo
1547 2381 1820 2448 perpetua
1863 2377 2182 2433 istiusmodi
2281 2376 2642 2446 conscientia,
2669 2394 2782 2450 quo
2814 2377 3018 2433 merito
3046 2378 3139 2433 hic
3165 2378 3421 2434 exaudiri
3447 2394 3501 2434 se
3526 2376 3710 2432 credit?
3730 2390 3815 2429 cum

547 2472 732 2526 forma
758 2476 1031 2538 servetur,
1060 2471 1271 2526 litteras
1310 2471 1454 2525 tales
1479 2470 1611 2527 dare
1650 2471 1876 2541 placuit,
1905 2489 2024 2527 non
2053 2489 2182 2543 qua:
2283 2471 2499 2526 dictum
2533 2471 2641 2525 sit:
2692 2493 2720 2521 «
2754 2471 2963 2526 Omnia
2990 2471 3213 2527 munda
3256 2471 3498 2541 mundis,
3532 2467 3816 2541 coinquinatis

547 2581 692 2621 nova
732 2568 1014 2637 praecepta
1062 2565 1256 2636 aliqua
1306 2564 1615 2637 imperent,
1668 2565 1765 2620 sed
1811 2582 1879 2620 ea
1914 2582 2041 2637 quae
2084 2582 2185 2637 per
2283 2569 2476 2620 autem
2524 2568 2580 2620 et
2620 2564 2942 2620 infidelibus
2983 2565 3126 2621 nihil
3171 2566 3451 2622 mundum
3482 2567 3593 2633 (Tit.
3625 2581 3655 2633 ι,
3694 2562 3770 2631 15).
3798 2582 3814 2605 ιι

548 2660 839 2729 ignaviam
867 2659 1256 2730 desidiamque
1285 2658 1611 2729 aliquorum
1639 2660 1897 2728 neglecta
1922 2664 2055 2714 sunt
2080 2660 2181 2714 ob-
2286 2659 2408 2723 Qua
2439 2658 2508 2714 de
2533 2675 2595 2714 re
2625 2660 2848 2730 hortor,
2880 2675 3106 2727 moneo,
3138 2676 3301 2732 rogo,
3332 2660 3549 2715 tollatur
3570 2659 3660 2713 hoc
3675 2670 3816 2726 oppro-
3890 2656 3891 2669 ‘

551 2754 761 2808 servari
800 2754 1112 2825 cupiamus,
1141 2769 1269 2824 qua:
1303 2757 1497 2808 tamen
1528 2752 1833 2822 apostolica
1863 2758 1919 2808 et
1947 2755 2183 2808 Patrum
2284 2752 2473 2807 brium
2511 2754 2662 2825 quod
2710 2757 2893 2824 potest
2922 2754 3055 2824 jure
3086 2753 3263 2808 etiam
3304 2754 3574 2825 gentilitas
3613 2763 3817 2811 accusare,
3890 2818 3891 2821 η

552 2847 952 2901 constitutione
976 2852 1106 2901 sunt
1136 2846 1459 2901 constituta.
1492 2845 1776 2917 Scriptum
1805 2849 1927 2901 est:
1959 2869 1984 2895 ‹‹
2011 2848 2182 2917 State,
2286 2848 2434 2901 forte
2462 2847 2711 2902 creditur
2734 2847 2867 2920 quia
2900 2848 3174 2919 scriptum
3201 2851 3327 2902 est:
3363 2869 3391 2897 ‹‹
3415 2846 3576 2902 Unius
3599 2843 3748 2899 uxoris
3767 2839 3818 2891 εἰ·
3890 2868 3891 2885 l

554 2947 609 2995 et
636 2944 823 2995 tenete
854 2940 1185 2994 traditiones
1212 2942 1450 3008 nostras,
1481 2938 1599 2993 sive
1638 2955 1743 3010 per
1772 2940 2027 3011 verbum,
2073 2941 2186 2996 sive
2288 2957 2417 2995 rum
2465 2941 2511 3006 (Ι
2541 2943 2677 2996 Tim.
2724 2958 2804 3009 III,
2839 2941 2894 3012 2)
2935 2962 2963 2990 ››
2997 2958 3114 2996 non
3150 2946 3571 3013 permanentem
3603 2939 3651 2993 in
3677 2951 3820 2991 concu-
3890 2944 3891 2955 λ

553 3050 660 3105 per
680 3032 975 3104 epistolam
1004 3032 1051 3102 (Ι
1085 3034 1263 3089 Thess.
1297 3049 1355 3100 ιι,
1389 3034 1494 3103 14).
1524 3054 1552 3081 ››
2210 3071 2262 3108 ρ
2290 3034 2564 3105 piscentia
2592 3034 2903 3106 generandi
2933 3034 3093 3103 dixit,
3123 3035 3228 3090 sed
3261 3038 3492 3108 propter
3513 3029 3820 3088 continentiam
3890 3056 3891 3059 η

627 3128 769 3183 Illud
812 3132 966 3182 certe
1015 3130 1262 3181 vestram
1304 3126 1477 3181 debet
1520 3129 1798 3196 mentem,
1838 3127 2191 3184 dilectissimi
2212 3121 2265 3145 υ
2289 3129 2541 3183 futuram
2567 3128 2667 3200 qui
2698 3128 2796 3199 ait,
2836 3145 3028 3200 neque
3058 3128 3213 3184 enim
3248 3129 3497 3201 integros
3525 3144 3625 3182 non
3648 3121 3820 3183 admisit,

557 3220 1184 3285 fratres,vehementius
1211 3225 1565 3289 excutere,ut
1583 3220 1653 3275 ab
1677 3221 1832 3276 omni
1856 3221 1983 3277 labe
2002 3222 2191 3278 saeculi
2294 3222 2493 3277 vellem
2545 3238 2746 3277 omnes
2813 3222 3074 3278 homines
3144 3223 3225 3277 sic
3293 3240 3409 3279 esse
3472 3220 3619 3277 sicuti
3668 3221 3712 3272 et
3755 3230 3821 3283 ego

558 3316 715 3371 istius
740 3315 1028 3370 immunes
1046 3315 1116 3370 ad
1145 3314 1242 3369 Dei
1273 3319 1637 3386 conspectum
1665 3315 1849 3371 securi
1875 3316 2189 3385 veniamus,
2293 3316 2337 3389 (l
2377 3316 2494 3372 Cor.
2532 3332 2630 3384 vu,
2672 3317 2746 3387 7).
2795 3318 2862 3371 Et
2905 3316 3158 3388 apertius
3196 3317 3445 3372 declarat
3480 3316 3676 3372 dicens:
3713 3335 3732 3360 ‹‹
3756 3308 3823 3371 Ουί

557 3427 659 3465 nec
677 3409 831 3464 enim
858 3408 1069 3464 erimus
1096 3408 1544 3480 immunes,quia
1568 3425 1887 3481 praesumus
1907 3410 2190 3481 plebibus,
2295 3415 2490 3466 autem
2518 3410 2579 3465 in
2603 3427 2775 3466 carne
2805 3414 2958 3479 sunt,
2987 3411 3101 3466 Deo
3128 3413 3361 3483 placere
3390 3427 3499 3466 non
3524 3408 3736 3481 possunt.
3754 3403 3823 3454 Vos

558 3522 688 3558 cum
726 3504 999 3576 scriptum
1039 3503 1110 3557 sit
1138 3521 1151 3558 :
1189 3525 1215 3552 α
1249 3504 1347 3558 Cui
1401 3503 1643 3557 multum
1680 3504 1959 3558 creditum
2002 3504 2191 3571 fuerit,
2294 3508 2487 3559 autem
2511 3504 2631 3576 jam
2662 3520 2777 3560 non
2809 3504 2940 3560 estis
2968 3505 3028 3560 in
3060 3522 3254 3577 carne,
3285 3505 3383 3561 sed
3422 3506 3480 3560 in
3513 3502 3684 3575 spiritu
3713 3501 3823 3565 (Rom.

558 3600 687 3669 plus
714 3599 784 3653 ab
803 3598 1000 3653 eodem
1032 3596 1358 3669 requiretur
1382 3598 1530 3654 (Luc.
1559 3614 1657 3665 xu,
1686 3598 1795 3665 48).
1828 3616 1855 3648 ››
1885 3599 2033 3669 Ergo
2062 3614 2195 3669 quo-
2298 3616 2414 3665 vul,
2446 3602 2499 3666 8,
2527 3600 2600 3668 9).
2634 3619 2662 3648 »

561 3693 712 3747 niam
739 3709 857 3748 non
887 3709 989 3765 pro
1017 3692 1181 3746 nobis
1213 3694 1459 3758 tantum,
1483 3691 1581 3746 sed
1614 3707 1720 3762 pro
1752 3693 1960 3763 populo
1985 3692 2196 3747 credito
2366 3694 2495 3748 Haec
2521 3692 2737 3764 itaque,
2765 3692 2991 3763 fratres,
3025 3693 3072 3747 si
3102 3692 3279 3765 plena
3304 3691 3588 3767 vigitantia
3611 3680 3826 3744 fuerintab

561 3786 822 3858 cogimur
850 3788 1122 3859 praestare
1154 3784 1459 3854 rationem,
1501 3784 1781 3855 populum
1837 3784 2198 3857 disciplinam
2298 3787 2561 3841 omnibus
2589 3787 2905 3855 observata,
2936 3788 3176 3842 cessabit
3204 3788 3461 3856 ambitio,
3488 3782 3718 3841 dissensio
3735 3791 3825 3831 con-

563 3882 844 3948 rleiﬁcam,
888 3880 1171 3936 humilem
1231 3878 1458 3934 erudire
1498 3878 1792 3934 debemus.
1851 3880 2200 3935 Exstiterunt
2299 3880 2567 3952 quiescet,
2638 3881 2879 3935 haereses
2956 3886 3013 3936 et
3081 3881 3388 3937 schismata
3464 3896 3569 3935 non
3621 3870 3829 3942 emergtlll

562 3977 717 4030 enim
746 3975 1027 4044 nonnulli,
1056 3974 1155 4046 qui
1188 3978 1399 4028 statuta
1428 3973 1712 4044 majorum
1744 3977 2196 4042 contemnentes,
2298 3976 2487 4030 locum
2517 3991 2632 4029 non
2659 3974 2896 4046 accipiet
2922 3975 3175 4030 diabolus
3202 3974 3491 4041 saeviendi,
3512 3967 3724 4028 manebit
3745 3976 3830 4015 una-

563 4070 882 4124 castitatem
910 4068 1170 4123 Ecclesiae
1195 4066 1637 4138 praesumptione
1661 4066 1970 4136 violarunt,
2003 4067 2196 4121 volun-
2298 4068 2548 4137 nimitas,
2612 4068 2880 4139 iniquitas
2943 4072 3201 4140 separata
3279 4068 3591 4123 calcabitur.
3653 4056 3831 4116 Charitas

561 4167 739 4216 tatem
766 4161 963 4233 populi
988 4163 1311 4233 sequentes,
1347 4160 1441 4215 Dei
1459 4159 1743 4231 judicium
1768 4176 1884 4215 non
1908 4160 2195 4217 timentes.
2300 4163 2539 4235 spiritali
2562 4164 2783 4218 fervore
2816 4162 3103 4235 tlagrabit,
3137 4179 3253 4234 pax
3283 4161 3575 4235 praedicata
3597 4154 3726 4212 labiis
3747 4160 3831 4202 cum

637 4258 784 4327 Ergo
808 4272 880 4309 ne
906 4255 1031 4326 pari
1057 4270 1216 4309 more
1237 4253 1460 4309 silentio
1487 4253 1809 4323 connivere,
1838 4259 2006 4327 atque
2037 4254 2197 4310 adhi-
2299 4257 2591 4312 voluntate
2620 4256 3001 4312 concordabit.
3034 4258 3150 4311 Pax
3178 4257 3382 4328 utique
3411 4255 3503 4311 Dei
3530 4249 3684 4308 nostri
3706 4244 3830 4301 Salva-

569 4351 701 4405 tsere
730 4364 1068 4404 consensum
1109 4347 1317 4402 talibus
1352 4346 1672 4416 videamur,
1721 4347 1875 4403 unde
1922 4348 2200 4420 gehennae
2302 4350 2440 4405 toris
2471 4367 2643 4422 quam
2671 4351 2962 4423 proximus
2990 4350 3239 4423 passioni
3271 4349 3595 4405 servandam
3619 4356 3715 4399 esse
3735 4348 3832 4409 ιπε-

567 4462 761 4517 pceuas
775 4443 1058 4516 possimus
1081 4441 1393 4510 incurrere,
1412 4441 1637 4497 dicente
1659 4441 1895 4497 Domino
1915 4459 1928 4498 :
1952 4443 2202 4499 «Furem
2222 4444 2282 4517 Ι)
2304 4444 2475 4516 cepit,
2505 4448 2563 4499 et
2580 4444 2997 4499 hasreditariam
3020 4445 3185 4500 nobis
3202 4445 3335 4516 jure
3356 4439 3654 4512 dereliquit,
3678 4434 3832 4489 dicens:

563 4539 812 4607 videbas,
841 4543 899 4593 et
927 4537 1194 4593 currebas
1221 4553 1352 4591 cum
1384 4552 1474 4603 eo,
1519 4538 1576 4591 et
1612 4552 1743 4591 cum
1780 4537 2047 4592 adulteris
2076 4554 2202 4609 por-
2305 4561 2330 4587 ‹‹
2362 4540 2567 4593 Pacem
2600 4538 2672 4593 do
2699 4539 2879 4608 vobis,
2911 4555 3109 4610 pacem
3143 4539 3406 4611 relinquo
3432 4535 3576 4592 vobis
3605 4534 3740 4602 (Joan.
3763 4534 3832 4583 Illa

566 4636 779 4688 tionem
814 4636 969 4687 tuam
1013 4630 1266 4703 ponebas
1316 4630 1481 4701 (Psal.
1515 4647 1656 4698 xmx,
1701 4628 1808 4702 18).
1837 4649 1865 4681 »
1906 4631 2037 4685 Haec
2068 4635 2203 4685 sunt
2301 4633 2410 4702 27),
2444 4652 2470 4681 ››
2493 4637 2550 4686 et
2577 4632 2790 4687 dictum
2807 4634 3087 4704 Apostoli:
3114 4632 3470 4688 «Unanimes
3485 4642 3643 4685 unum
3667 4617 3835 4679 sentien-

568 4745 696 4799 quze
718 4728 984 4799 deinceps
1012 4724 1219 4781 intuitu
1245 4723 1422 4779 divini
1441 4723 1644 4796 judicii
1669 4740 1873 4779 omnes
1898 4724 2201 4780 catholicos
2301 4732 2384 4780 tes
2417 4742 2853 4797 permaneamus
2882 4726 2940 4781 in
2962 4725 3200 4794 Christo,
3222 4726 3368 4781 nihil
3390 4741 3493 4798 per
3509 4714 3835 4778 contentionem

568 4821 865 4893 episcopos
896 4820 1124 4892 expedit
1149 4818 1453 4874 custodire.
2304 4819 2485 4888 nobis,
2531 4836 2717 4893 neque
2744 4838 2850 4893 per
2878 4821 3114 4875 inanem
3158 4820 3396 4894 gloriam
3428 4815 3747 4873 vindicantes,
3769 4813 3837 4855 Ile-'3

637 4914 912 4984 Primum,
942 4920 1007 4969 ut
1040 4918 1198 4970 extra
1232 4912 1638 4968 conscientiam
1676 4911 1823 4967 sedis
1853 4913 2199 4984 apostolica,
2303 4913 2652 4983 hominibus,
2704 4914 2804 4969 sed
2854 4914 2968 4969 Deo
3029 4918 3222 4970 nostro
3284 4910 3551 4969 Salvatori
3598 4905 3836 4980 placeamus

567 5012 675 5065 hoc
705 5014 788 5064 est
814 5007 1100 5080 primatis,
1146 5022 1316 5062 nemo
1361 5006 1567 5062 audeat
1591 5006 1880 5062 ordinare.
1915 5008 2204 5080 [ntegrum
2305 5009 2468 5078 (Phil.
2504 5025 2562 5074 ιι,
2602 5012 2655 5077 2,
2680 5007 2752 5079 3).
2789 5030 2816 5057 ››
2866 5008 2958 5063 His
2987 5007 3289 5080 praeceptis
3328 5005 3581 5062 omnibus
3601 5000 3640 5054 si
3667 4989 3839 5050 ﬁdeliter

569 5104 725 5159 enim
748 5101 1027 5174 judicium
1053 5104 1157 5169 est,
1192 5100 1343 5172 quod
1370 5099 1749 5171 plurimorum
1774 5100 2055 5156 sententia
2075 5116 2205 5155 con—
2304 5102 2645 5157 voluerimus
2695 5101 2947 5169 obedire,
3016 5102 3295 5157 custodiet
3361 5097 3618 5156 Dominus
3670 5093 3837 5155 corpora

568 5197 923 5271 sequitur,ne
951 5212 1098 5251 unus
1110 5195 1404 5267 episcopus
1428 5194 1757 5266 episcopum
1775 5195 2036 5250 ordinare
2056 5210 2200 5266 prm-
2306 5201 2501 5251 nostra
2542 5198 2597 5250 et
2623 5194 2840 5249 animas
2874 5198 3094 5250 nostras
3137 5196 3195 5250 in
3221 5195 3313 5250 die
3343 5211 3452 5266 qua
3494 5187 3765 5246 redditurus
3785 5176 3838 5225 θεῖ

568 5298 772 5364 sumat,
802 5296 1040 5364 propter
1056 5288 1462 5362 arrogantiam,
1483 5305 1553 5344 ne
1578 5288 2203 5344 furtivumbeneﬁcium
2303 5289 2615 5361 unicuique
2656 5288 2823 5360 juxta
2860 5305 3034 5362 opera
3075 5306 3199 5344 sua.
3236 5289 3293 5344 Si
3342 5287 3464 5359 quis
3516 5297 3633 5338 sane
3678 5271 3838 5363 infla“)s

566 5388 888 5461 praestitum
932 5384 1211 5441 videatur.
1257 5385 1370 5439 Hoc
1419 5382 1575 5439 enim
1632 5382 1692 5438 in
1717 5382 1935 5457 synodo
1981 5381 2207 5437 Nicmna
2303 5387 2496 5438 mente
2543 5382 2731 5438 carnis
2762 5400 2878 5438 sua:
2905 5383 2974 5437 ab
3005 5382 3113 5438 hac
3150 5382 3372 5437 ratione
3415 5374 3634 5434 voluerit
3656 5372 3836 5433 evagari»

568 5485 790 5538 constat
815 5496 933 5536 esse
959 5478 1279 5535 deﬁnitum.
2306 5477 2444 5532 sciat
2482 5493 2540 5531 se
2568 5481 2624 5532 et
2668 5494 2701 5531 a
2728 5481 2919 5532 nostra
2959 5476 3363 5533 communione
3403 5473 3677 5530 seclusum,
3708 5462 3747 5512 εί

640 5578 801 5645 Item,
844 5575 893 5630 si
917 5573 1045 5648 quis
1086 5577 1213 5646 post
1236 5570 1627 5628 remissionem
1672 5573 2036 5643 peccatorum
2085 5568 2201 5625 cin-
2307 5571 2512 5626 hcnnae
2562 5588 2753 5643 poenas
2806 5571 3163 5626 habiturum.
3219 5571 3490 5625 Praeterea
3538 5545 3837 5648 misericel‘dla

571 5642 1010 5739 gulam-militiae
1039 5642 1322 5725 saecularis
1348 5642 1712 5737 habuerit,ad
1737 5663 1954 5724 clerum
1981 5664 2205 5722 admitti
2306 5682 2437 5720 cum
2456 5642 2820 5737 judicioesse
2847 5665 3035 5736 debet,
3065 5664 3273 5720 talibus
3302 5661 3451 5718 enim
3478 5655 3674 5730 oportet
3699 5642 3836 5698 labeﬂ'

555 5773 686 5815 ⁵ηοη
714 5762 903 5818 debet
2305 5758 2457 5818 tibus
2506 5776 2743 5817 manum
2793 5759 3109 5836 porrigere,
3158 5757 3252 5833 qui
3309 5756 3387 5813 sic
3436 5749 3715 5810 currentem
3758 5742 3837 5788 Ποη
