3946 6180
192 311 277 365 689
1357 307 1828 365 DECRETALIUM
1865 308 2257 367 COLLECTIO.

3403 275 3509 373 eeo

192 415 484 489 pertrahant
510 414 570 469 in
599 413 847 471 ruinam.
876 417 1013 472 Data
1048 418 1264 486 Romae,
1293 416 1354 471 in
1385 415 1624 472 concilio
1651 416 1770 489 epi-
1793 428 1853 503 Α
1875 435 1988 475 non
2016 419 2186 490 Virgo
2218 420 2528 490 generavit,
2561 421 2748 493 potuit
2796 438 2936 495 ergo
2977 423 3147 496 Virgo
3186 423 3505 498 concipere,

186 525 446 582 scaporum
473 508 778 581 octoginta,
809 510 913 565 sub
963 509 1055 564 die
1085 515 1280 565 octavo
1324 510 1453 565 ldus
1496 510 1769 577 Januarii,

182 608 289 675 post
332 602 670 658 consulatum
712 602 951 671 Arcadii,
993 604 1251 676 Augusti,
1297 610 1354 660 et
1398 603 1663 661 Bautonis
1705 605 1771 660 ιν

181 697 409 755 consulis.

327 818 469 877 Item,
495 819 1214 946 rescriptumsepiscoporum
1247 817 1323 872 ad
1351 816 1592 871 eumdem

851 904 1087 944 metum.

851 904 1087 944 metum.

236 980 583 1036 Dilectissimo
641 982 878 1038 Domino
944 981 1107 1039 fratri
1165 982 1385 1047 Snucro,
1437 982 1767 1049 Auenosws,

176 1074 395 1142 SABINUS,
428 1075 743 1143 Bassum's,
777 1082 834 1132 et
861 1076 1070 1133 caeteri.

238 1169 669 1241 Recognovimus
688 1170 903 1227 litteras
921 1168 1206 1226 sanctitati
1230 1173 1344 1224 tuae
1366 1166 1505 1223 boni
1527 1167 1769 1239 pastoris

171 1268 423 1334 excubias,
442 1266 541 1339 qui
568 1265 872 1336 diligenter
896 1263 1263 1319 commissam
1280 1261 1385 1318 tibi
1403 1262 1638 1333 januam
1660 1277 1773 1317 ser.

171 1381 265 1427 ves,
277 1366 327 1419 et
342 1362 428 1433 pia
440 1358 821 1416 sollicitudine
838 1358 1062 1414 Christo
1074 1355 1216 1412 ovile
1233 1354 1518 1411 custodias
1538 1355 1766 1425 dignus,

169 1473 311 1529 quem
331 1472 457 1510 oves
473 1452 703 1509 Domini
725 1453 964 1508 audiant
984 1455 1042 1507 et
1069 1454 1398 1523 sequantur,
1416 1452 1473 1504 et
1488 1448 1618 1504 ideo
1635 1448 1770 1520 quia

167 1549 337 1605 novisti
363 1547 603 1603 oviculas
632 1545 860 1615 Christi,
888 1547 1051 1617 lupos
1076 1544 1246 1601 facile
1278 1541 1684 1615 deprehendis,
1714 1545 1771 1597 et

167 1641 381 1698 occurris
402 1640 566 1713 quasi
595 1639 865 1711 providus
884 1642 1075 1710 pastor
1102 1653 1174 1692 ne
1202 1635 1323 1691 istis
1349 1634 1629 1691 morsibus
1645 1649 1770 1706 per-

166 1736 289 1790 tidiaa
307 1752 416 1790 suae
434 1733 597 1789 ferali
616 1732 833 1788 ululatu
855 1731 1216 1787 Dominicum
1245 1730 1388 1786 ovile
1413 1730 1766 1801 dispergant,

1872 529 1988 567 non
2018 512 2205 583 potuit
2234 513 2402 585 Virgo
2441 530 2737 585 generare,
2766 533 2899 572 cum
2943 532 3171 589 semper
3199 524 3507 591 conceptus

1871 606 2173 679 praecedat,
2220 610 2421 679 partus
2475 613 2775 681 sequatur;
2824 610 2926 666 sed
2970 612 3015 666 si
3062 612 3332 668 doctrinis
3392 630 3504 669 non

1871 699 2119 755 creditur
2193 701 2577 770 sacerdotum,
2643 703 2904 760 credatur
2968 706 3208 761 oraculis
3274 705 3503 776 Christi,

1871 793 2141 849 credatur
2165 794 2403 850 monitis
2429 796 2763 865 angelorum
2791 797 3141 855 dicentium:
3171 821 3199 850 «
3223 802 3363 866 Quia
3387 817 3504 857 non

1871 891 1958 942 est
1996 887 2345 959 impossibile
2390 890 2544 961 apud
2593 890 2775 945 Deum
2818 907 2991 948 omne
3015 893 3253 949 verbum
3281 894 3433 965 (Luc.
3464 911 3502 961 ι,

1870 983 1979 1051 37),
2009 1002 2036 1031 ››
2067 982 2332 1037 credatur
2359 982 2618 1054 symbolo
2644 985 3060 1055 apostolorum,
3085 988 3236 1059 quod
3262 988 3506 1043 Ecclesia

1870 1076 2127 1130 Romana
2156 1075 2491 1131 intemerata
2518 1093 2745 1148 semper
2763 1079 3005 1134 custodit
3029 1084 3085 1135 et
3109 1085 3312 1137 servat.
3332 1082 3502 1138 Audi-

1869 1167 1947 1222 vit
1970 1168 2141 1223 Maria
2170 1184 2365 1224 vocem
2386 1170 2595 1240 angeli,
2626 1176 2684 1225 et
2711 1188 2840 1243 quas
2870 1171 3091 1228 dixerat
3117 1177 3249 1229 ante
3272 1191 3285 1229 :
3309 1193 3337 1226 α
3362 1175 3507 1239 Quo-

1868 1261 2042 1317 modo
2074 1263 2170 1317 fiet
2200 1261 2390 1318 istud?
2422 1264 2606 1333 (lbid.,
2635 1266 2721 1335 34)
2751 1287 2777 1314 ››
2808 1282 2925 1320 non
2950 1266 3064 1320 fide
3114 1268 3505 1338 generationis

1870 1354 2247 1428 interrogans,
2277 1357 2570 1428 respondit
2610 1361 2811 1430 postea
2842 1376 2855 1414 :
2894 1379 2922 1411 (ί
2968 1361 3108 1416 Ecce
3145 1361 3347 1416 ancilla
3391 1363 3501 1417 Do-

1868 1448 2030 1517 mini,
2050 1450 2341 1521 contingat
2368 1450 2510 1505 mihi
2532 1451 2846 1507 secundum
2872 1453 3110 1509 verbum
3133 1458 3296 1509 tuum
3322 1454 3502 1524 (lbid.,

1867 1543 1976 1611 38).
2009 1563 2036 1591 »
2070 1544 2195 1598 Hzec
2221 1547 2307 1598 est
2340 1544 2507 1615 Virgo
2534 1562 2663 1616 qua:
2706 1545 2767 1601 in
2818 1550 2978 1603 utero
3023 1548 3302 1620 concepit,
3330 1548 3503 1622 Virgo

1869 1652 1998 1707 quae
2024 1637 2245 1708 peperit
2271 1637 2476 1703 tilium,
2510 1638 2588 1693 sic
2620 1639 2775 1694 enim
2823 1640 3099 1711 scriptum
3127 1646 3212 1696 est
3244 1659 3257 1696 :
3292 1662 3320 1695 «
3362 1644 3502 1698 Ecce

1866 1730 2039 1800 Virgo
2068 1730 2127 1784 in
2173 1735 2334 1785 utero
2374 1732 2679 1803 concipiet,
2708 1736 2765 1786 et
2808 1733 2991 1804 pariet
3037 1734 3216 1790 tilium
3245 1735 3371 1805 (Isa.
3402 1753 3501 1805 vn,

166 1829 429 1884 laudamus
452 1828 584 1894 hoc,
615 1826 847 1882 domine
886 1826 1064 1881 frater
1087 1824 1253 1880 nobis
1295 1822 1678 1891 dilectissime,
1708 1808 1841 1880 etB
1872 1823 1977 1892 14),
2006 1844 2034 1872 ››
2068 1840 2185 1878 non
2215 1824 2369 1879 enim
2420 1829 2826 1897 concepturam
2874 1828 3273 1884 tantummodo
3315 1830 3502 1901 Virgi-

166 1928 266 1977 toto
293 1923 644 1978 celebramus
682 1920 912 1975 affectu.
956 1920 1071 1975 Nec
1100 1919 1378 1973 miramur
1411 1916 1455 1971 si
1496 1918 1763 1988 luporum

163 2016 351 2071 rabiem
379 2032 518 2087 grex
562 2014 788 2070 Domini
826 2012 1177 2085 perhorruit,
1209 2012 1269 2066 in
1314 2011 1522 2084 quibus
1558 2010 1764 2065 Christi

160 2127 328 2165 vocem
356 2127 469 2164 non
500 2108 851 2180 recognovit.
889 2106 1142 2179 Agrestis
1183 2106 1337 2162 enim
1391 2105 1637 2159 ululatus
1680 2107 1765 2159 est

162 2204 350 2259 nullam
377 2202 723 2275 virginitatis
755 2201 1018 2274 gratiam,
1046 2200 1270 2255 nullum
1300 2197 1570 2253 castitatis
1611 2196 1762 2252 ordi-

162 2313 273 2353 nem
308 2312 620 2364 reservare,
650 2296 969 2368 promiscue
1000 2293 1197 2349 omnia
1219 2293 1362 2348 velle
1391 2291 1760 2361 confundere,

162 2390 485 2447 diversorum
518 2390 728 2462 gradus
754 2388 1052 2460 abrogare,
1075 2386 1416 2442 meritorum
1446 2388 1504 2439 et
1527 2401 1765 2457 pauper-

161 2486 308 2539 tatem
335 2484 650 2556 quamdam
673 2482 985 2538 cmlestium
1031 2479 1563 2536 remunerationum
1592 2478 1761 2533 indu-

159 2593 282 2645 cere,
309 2578 466 2650 quasi
490 2577 717 2635 Christo
747 2593 862 2632 una
892 2576 963 2631 sit
992 2576 1184 2647 palma
1232 2589 1405 2646 quam
1448 2571 1667 2641 tribuit,
1698 2588 1762 2626 ac

161 2688 256 2725 non
282 2671 509 2743 plurimi
538 2670 835 2726 abundent
876 2669 1028 2724 tituli
1066 2666 1458 2740 prmmiorum,
1492 2665 1765 2721 simulant

160 2765 311 2820 scisti
344 2782 458 2821 non
506 2765 726 2821 donare
771 2762 1055 2835 conjugio,
1086 2762 1184 2817 sed
1226 2777 1354 2833 quae
1405 2762 1592 2831 potest
1637 2759 1764 2813 laus

159 2876 262 2913 esse
284 2859 558 2932 conjugii,
587 2858 633 2913 si
664 2857 820 2913 nulla
848 2856 1190 2929 virginitatis
1217 2858 1304 2911 est
1329 2854 1551 2926 gloria?
1574 2868 1761 2925 neque

158 2969 270 3009 vero
321 2971 423 3009 nos
478 2969 767 3025 negamus
814 2950 1225 3007 sanctificatum
1279 2966 1314 3005 a
1366 2947 1586 3005 Christo
1641 2963 1763 3002 esse

157 3048 483 3119 conjugium,
518 3046 712 3102 divina
751 3061 885 3101 voce
918 3044 1180 3100 dicente:
1214 3064 1241 3094 «
1270 3044 1452 3098 Erunt
1493 3040 1660 3096 ambo
1704 3039 1764 3096 in

158 3157 251 3195 una
291 3157 454 3196 carne
504 3142 653 3212 (Gen.
697 3155 755 3206 ιι,
782 3139 892 3209 24),
928 3158 956 3187 ››
1010 3142 1067 3193 et
1111 3137 1170 3191 in
1213 3152 1331 3192 uno
1387 3135 1633 3252 spiritu;
1783 3175 1839 3252 Ο

154 3234 288 3304 prius
332 3238 435 3303 est,
484 3234 643 3307 quod
686 3233 803 3288 nati
848 3248 1063 3298 sumus,
1118 3246 1293 3302 quam
1351 3228 1505 3302 quod
1550 3226 1757 3297 effecti,

154 3329 416 3401 multoque
430 3327 799 3401 praestantius
824 3324 997 3381 divini
1023 3323 1210 3397 operis
1229 3322 1566 3395 mysterium
1587 3337 1763 3395 quam

153 3420 390 3477 humana:
420 3420 753 3493 fragilitatis
792 3418 1129 3475 remedium.
1158 3419 1291 3473 lure
1316 3416 1585 3471 laudatur
1612 3415 1765 3470 bona

155 3531 293 3583 uxor,
319 3517 415 3572 sed
459 3515 669 3571 melius
715 3514 808 3586 pia
834 3514 997 3584 virgo
1040 3512 1361 3584 praefertur,
1389 3509 1611 3565 dicente
1650 3509 1758 3563 Do-

150 3608 324 3664 mino:
358 3632 385 3660 ‹‹
416 3609 534 3675 Qui
566 3608 763 3680 jungit
802 3606 1084 3679 virginem
1132 3621 1292 3660 suam
1326 3604 1473 3658 bene
1521 3602 1680 3671 facit,
1706 3606 1763 3657 et

151 3703 232 3773 qui
271 3720 382 3760 non
422 3703 630 3776 jungit
673 3701 876 3758 melius
916 3701 1052 3756 facit
1078 3699 1121 3770 (l
1148 3701 1269 3758 Cor.
1300 3714 1397 3765 Vll,
1425 3700 1534 3765 38).
1567 3718 1595 3745 »
1633 3697 1762 3750 Haec

151 3796 281 3852 enim
321 3798 543 3869 cogitat
577 3813 706 3868 quae
749 3796 846 3851 Dei
903 3798 1055 3864 sunt,
1084 3793 1178 3848 illa
1222 3808 1349 3864 quae
1392 3790 1625 3856 mundi;
1671 3789 1764 3843 illa

150 3890 523 3964 conjugalibus
564 3889 802 3945 vinculis
845 3889 1109 3960 colligata
1136 3889 1240 3954 est,
1268 3886 1388 3941 haec
1432 3884 1612 3939 libera
1639 3883 1761 3937 vin-

151 3985 418 4055 culorum;
448 3984 553 4039 illa
576 3983 678 4037 sub
703 3984 850 4054 lege,
883 3982 985 4037 ista
1011 3981 1114 4035 sub
1141 3979 1340 4052 gratia.
1375 3978 1593 4033 Bonum
1627 3992 1763 4031 con-

142 4076 345 4149 jugium
411 4094 536 4151 quo
598 4082 682 4133 est
742 4077 973 4131 inventa
1026 4073 1322 4146 posteritas
1395 4069 1765 4126 successionis

150 4170 414 4239 humanae,
456 4171 563 4227 sed
609 4170 812 4225 melior
860 4168 1182 4239 virginitas,
1228 4183 1332 4238 per
1378 4181 1551 4237 quam
1601 4162 1762 4235 regni

149 4264 363 4321 caelestis
400 4263 719 4321 heereditas
762 4262 1034 4335 acquisita
1077 4267 1133 4317 et
1174 4259 1488 4316 cmlestium
1530 4258 1762 4313 merito-

148 4374 256 4413 rum
281 4365 511 4430 reperta
555 4356 855 4423 successio,
885 4372 990 4427 per
1016 4354 1317 4409 mulierem
1358 4368 1496 4406 cura
1544 4366 1763 4405 succes-

147 4452 223 4520 sit,
269 4470 370 4525 per
411 4451 713 4523 Virginem
759 4450 910 4505 salus
955 4448 1163 4504 evenit.
1215 4446 1471 4518 Denique
1520 4444 1765 4516 speciale

1866 1932 2018 1981 nem,
2052 1917 2151 1972 sed
2181 1922 2237 1972 et
2262 1917 2578 1988 parituram
2611 1919 2901 1991 Virginem
2935 1920 3097 1975 dixit.
3130 1922 3266 1985 Quae
3311 1928 3503 1978 autem

1865 2012 1951 2063 est
2000 2009 2099 2064 illa
2142 2015 2311 2081 porta
2355 2012 2606 2067 exterior
2653 2013 2726 2067 ad
2781 2013 3069 2069 Orientem
3123 2032 3250 2086 qua:
3303 2020 3505 2071 manet

1862 2103 2073 2173 clausa,
2106 2106 2162 2159 et
2207 2120 2398 2173 nemo,
2428 2106 2632 2178 inquit,
2667 2108 3029 2177 pertransivit
3082 2125 3186 2180 per
3222 2126 3372 2177 eam,
3402 2110 3503 2165 sed

1864 2196 2014 2251 solus
2034 2197 2182 2251 Deus
2204 2197 2374 2252 Israel
2399 2198 2661 2254 transivit
2684 2217 2787 2271 per
2812 2216 2937 2255 eam
2960 2200 3175 2274 (Ezech.
3199 2219 3344 2272 xuv,
3368 2220 3407 2269 ι,
3424 2203 3499 2273 2),

1864 2306 2052 2344 nonne
2082 2290 2206 2345 llth
2232 2294 2395 2362 porta
2421 2292 2592 2347 Maria
2623 2298 2727 2362 est,
2751 2310 2853 2365 per
2875 2312 3051 2367 quam
3075 2296 3136 2351 in
3161 2297 3314 2352 hunc
3342 2313 3505 2352 mun-

1862 2384 1999 2439 dum
2044 2384 2393 2457 Redemptor
2424 2386 2694 2442 intravit?
2728 2389 2855 2443 Haec
2898 2393 2984 2443 est
3027 2393 3195 2461 porta
3235 2391 3498 2462 justitias,

1863 2478 2007 2531 sicut
2034 2478 2154 2548 ipse
2171 2477 2343 2533 dixit:
2373 2500 2401 2528 «
2423 2479 2558 2534 Sine
2585 2496 2691 2535 nos
2711 2481 2949 2554 implere
2972 2499 3204 2539 omnem
3215 2484 3502 2555 justitiam

1863 2570 2079 2642 (Matth.
2112 2588 2192 2640 ιιι,
2229 2576 2331 2641 15).
2366 2594 2392 2621 ››
2423 2574 2549 2627 Hmc
2582 2577 2742 2645 porta
2770 2582 2854 2631 est
2900 2577 3070 2631 Maria
3100 2577 3173 2632 de
3203 2595 3317 2650 qua
3360 2578 3497 2634 scri-

1861 2669 2023 2735 ptum
2050 2669 2136 2719 est
2168 2683 2180 2721 :
2210 2666 2352 2730 Quia
2397 2667 2671 2723 Dominus
2718 2670 3079 2739 pertransivit
3121 2688 3272 2739 eam,
3306 2676 3364 2727 et
3391 2672 3501 2727 erit

1861 2758 2051 2813 clausa
2079 2763 2209 2830 post
2232 2764 2484 2831 partum,
2515 2760 2648 2833 quia
2676 2761 2845 2834 Virgo
2877 2767 2936 2818 et
2960 2764 3219 2836 concepit
3246 2768 3303 2820 et
3328 2782 3501 2838 pepe-

1862 2851 1953 2906 rit.
1989 2852 2139 2916 Quid
2162 2856 2355 2907 autem
2380 2853 2735 2923 incredibile,
2760 2855 2805 2910 si
2832 2860 3032 2911 contra
3060 2874 3231 2913 usum
3259 2858 3499 2930 originis

1861 2945 2135 3001 naturalis
2162 2946 2386 3018 peperit
2407 2947 2603 3015 Maria,
2634 2953 2692 3004 et
2714 2949 2886 3020 Virgo
2916 2954 3237 3021 permanet,
3267 2952 3497 3023 quando

1863 3044 2061 3094 contra
2088 3056 2260 3094 usum
2288 3045 2507 3096 natura:
2539 3062 2565 3091 «
2597 3059 2757 3099 mare
2786 3043 2932 3098 vidit
2958 3048 3015 3100 et
3044 3045 3214 3116 fugit,
3237 3049 3408 3118 atque
3440 3046 3499 3101 in

1863 3133 2079 3188 fontem
2101 3150 2266 3188 suum
2283 3134 2541 3189 Jordanis
2564 3135 2782 3191 fluenta
2808 3142 3142 3193 remearunt
3158 3139 3323 3207 (Psal.
3345 3156 3498 3208 cxiii,
3528 3156 3545 3171 ο

1864 3227 1938 3297 3).
1971 3246 1999 3278 ››
2044 3228 2167 3282 Non
2205 3244 2343 3298 ergo
2384 3228 2607 3285 excedit
2642 3229 2811 3285 fidem
2854 3231 3005 3302 quod
3042 3232 3217 3304 Virgo
3256 3234 3499 3305 peperit,

1866 3320 2097 3391 quando
2116 3321 2383 3392 legimus,
2398 3323 2547 3393 quod
2566 3325 2728 3395 petra
2741 3325 2956 3379 vomuit
2977 3342 3170 3396 aquas,
3190 3329 3248 3381 et
3268 3326 3325 3380 in
3348 3328 3501 3382 muri

1864 3413 2110 3485 speciem
2141 3413 2317 3468 maris
2342 3415 2499 3469 unda
2527 3415 2772 3471 solidata
2798 3420 2911 3483 est;
2943 3434 3058 3472 non
3086 3418 3307 3473 excedit
3327 3419 3501 3473 ﬁdem

1862 3506 2017 3578 quod
2041 3506 2215 3561 homo
2239 3506 2409 3562 exivit
2434 3508 2504 3562 de
2532 3508 2783 3580 Virgine,
2815 3511 3045 3581 quando
3072 3515 3240 3583 petra
3284 3512 3501 3567 fontem

1865 3600 2150 3672 proﬂuum
2176 3600 2484 3670 scaturivit,
2505 3602 2722 3657 ferrum
2744 3620 2917 3675 super
2930 3621 3109 3677 aquas
3129 3605 3364 3673 natavit,
3387 3622 3504 3661 am-

1862 3694 2077 3748 bulavit
2108 3694 2285 3749 homo
2315 3711 2487 3766 super
2509 3711 2702 3767 aquas.
2736 3698 2885 3768 Ergo
2932 3699 2976 3753 si
3020 3698 3316 3754 hominem
3345 3700 3502 3754 unda

1862 3786 2125 3858 portavit,
2182 3804 2297 3842 non
2358 3789 2540 3859 potuit
2594 3790 2895 3846 hominem
2952 3792 3124 3864 Virgo
3175 3794 3502 3864 generare?

1863 3883 1931 3935 At
1952 3896 2123 3951 quem
2151 3880 2492 3937 hominem?
2518 3882 2590 3937 de
2611 3900 2726 3955 quo
2753 3884 3031 3955 legimus:
3054 3909 3081 3936 (ί
3106 3887 3173 3941 Et
3197 3886 3375 3941 mittit
3396 3886 3504 3942 illis

1862 3973 2133 4029 Dominus
2176 3974 2477 4031 hominem
2520 3976 2618 4047 qui
2656 3978 2836 4032 salvos
2880 3979 3046 4035 faciet
3091 3997 3209 4049 eos,
3240 3985 3297 4035 et
3337 3984 3503 4036 notus

1864 4067 1971 4122 erit
1995 4067 2267 4122 Dominus
2294 4069 2570 4140 .Egyptiis
2600 4070 2726 4139 (13a.
2760 4088 2875 4139 χιι,
2910 4075 2996 4141 20,
3023 4075 3134 4143 21).
3163 4093 3191 4125 ι)
3223 4075 3285 4128 ln
3315 4076 3502 4129 Veteri

1864 4160 2056 4232 itaque
2122 4162 2479 4217 Testamento
2543 4163 2704 4235 virga
2772 4165 3138 4221 Hebraeorum
3189 4184 3292 4239 per
3344 4184 3504 4223 mare

1864 4254 2021 4309 duxit
2060 4255 2396 4310 exercitum.
2445 4258 2506 4311 In
2553 4258 2708 4313 Novo
2750 4260 3114 4316 Testamento
3139 4260 3312 4333 Virgo
3354 4261 3505 4334 regis

1863 4348 1990 4401 aula
2042 4348 2281 4404 caelestis
2328 4350 2505 4405 electa
2552 4356 2638 4406 est
2679 4351 2754 4406 ad
2797 4352 3058 4408 salutem.
3114 4354 3262 4419 Quid
3309 4359 3503 4411 autem

1865 4441 2037 4495 etiam
2095 4442 2383 4498 viduitatis
2459 4447 2779 4499 attexamus
2864 4447 3170 4517 praeconia,
3239 4465 3370 4502 cum
3447 4450 3504 4503 in

148 4545 237 4600 sibi
261 4547 477 4602 donum
506 4544 817 4617 virginitati
844 4543 1098 4599 Christus
1125 4541 1318 4613 elegit,
1342 4544 1399 4596 et
1418 4537 1767 4610 integritatis
1786 4548 1845 4620 D
1868 4535 2196 4606 Evangelia,
2252 4541 2379 4606 post
2440 4537 2689 4608 Virginis
2752 4539 3188 4595 celeberrimum
3251 4545 3505 4612 partum,

150 4653 337 4695 munus
390 4638 677 4705 exhibuit,
718 4642 887 4709 atque
929 4637 990 4691 in
1035 4652 1094 4690 se
1142 4632 1573 4707 repraesentavit
1612 4631 1769 4704 quod

148 4731 302 4803 elegit
329 4734 391 4788 in
418 4737 626 4787 matre.
660 4732 884 4796 Quanta
907 4730 1156 4785 amentia
1177 4729 1535 4783 funestorum
1563 4726 1771 4781 latran-

150 4824 296 4893 tium,
323 4831 388 4882 ut
422 4827 605 4881 iidem
649 4825 905 4880 dicerent
951 4822 1238 4879 Christum
1281 4837 1351 4876 ex
1379 4819 1600 4892 virgine
1650 4835 1767 4873 non

148 4920 370 4985 potuisse
423 4918 711 4993 generari,
751 4918 847 4990 qui
898 4920 1156 4972 asserunt
1201 4931 1271 4969 ex
1319 4913 1561 4969 muliere
1596 4906 1770 4967 editis

150 5010 397 5069 humanis
425 5013 687 5085 partibus
716 5012 961 5082 virgines
984 5024 1347 5083 permanere.
1372 5007 1512 5061 Aliis
1536 5007 1771 5078 praestat

150 5121 273 5176 ergo
300 5108 563 5163 Christus
581 5106 730 5177 quod
759 5105 864 5159 sibi
894 5104 1089 5159 dicunt
1112 5106 1386 5175 praestare
1420 5116 1535 5155 non
1562 5098 1766 5171 potuit,

150 5196 230 5254 ille
257 5216 390 5256 vero
435 5215 669 5255 carnem
720 5198 798 5253 sic
844 5198 1111 5270 suscepit,
1143 5200 1200 5252 et
1246 5195 1324 5250 sic
1370 5194 1542 5249 homo
1588 5192 1770 5247 factus

150 5298 239 5359 est,
270 5316 296 5343 ι)
324 5299 390 5349 ut
413 5293 714 5349 hominem
761 5292 1091 5360 redimeret,
1121 5293 1292 5362 atque
1320 5305 1354 5343 a
1379 5292 1566 5343 morte
1607 5302 1768 5340 revo-

147 5392 307 5456 caret,
338 5388 580 5443 invitato
606 5392 800 5442 tamen
828 5384 988 5457 quasi
1022 5385 1168 5439 Deus
1192 5398 1433 5438 munere
1456 5380 1608 5435 venit
1631 5378 1773 5433 inte-

146 5480 264 5549 rim,
313 5486 377 5535 ut
425 5480 915 5552 quemadmodum
966 5478 1183 5534 dixerat
1234 5493 1249 5532 :
1301 5498 1328 5525 ‹‹
1374 5476 1512 5529 Ecce
1567 5472 1772 5527 faciam

149 5572 327 5628 omnia
389 5590 544 5629 nova
597 5574 781 5646 (Apoc.
811 5589 925 5639 xxi,
967 5574 1040 5641 5),
1089 5591 1118 5623 ιο
1168 5575 1336 5642 partu
1392 5565 1772 5623 immaculata

148 5665 379 5737 Virginis
401 5673 753 5734 nasceretur,
786 5672 842 5722 et
885 5667 1030 5721 sicut
1074 5664 1348 5736 scriptum
1376 5666 1481 5730 est,
1512 5659 1767 5715 credere-

153 5760 235 5811 tur
275 5761 551 5815 nobiscum
593 5765 730 5817 Deus
776 5761 906 5829 (Isa.
953 5776 1046 5825 vn,
1094 5759 1198 5815 14).
1231 5756 1338 5811 Sed
1385 5754 1455 5809 de
1505 5753 1592 5807 via
1639 5767 1771 5823 per-

153 5852 419 5909 versitatis
480 5856 797 5928 produntur
845 5853 1034 5911 dicere
1083 5870 1096 5908 :
1145 5851 1312 5924 Virgo
1360 5846 1643 5922 concepit,
1676 5844 1773 5902 sed

1868 4631 2029 4682 Anna
2053 4627 2220 4682 vidua
2244 4629 2608 4700 subrogetur,
2638 4647 2765 4702 quae
2814 4631 3030 4687 vixerat
3075 4650 3207 4688 cum
3244 4634 3364 4689 viro
3401 4653 3503 4691 suo

1867 4720 2031 4775 annis
2098 4725 2315 4793 septem
2373 4738 2408 4775 a
2455 4721 2781 4793 virginitate
2844 4741 2963 4787 sua,
3029 4730 3088 4781 et
3150 4727 3273 4783 haec
3333 4728 3507 4784 vidua

1869 4813 2036 4867 annis
2060 4815 2147 4869 84.
2186 4835 2214 4862 ‹‹
2241 4815 2377 4878 Quae
2406 4830 2523 4869 non
2549 4814 2872 4872 discedebat
2896 4835 2929 4872 a
2954 4820 3168 4891 templo
3187 4820 3425 4893 jejuniis
3451 4829 3507 4877 et

1871 4906 2355 4962 obsecrationibus
2382 4907 2629 4963 serviens
2657 4909 2749 4965 die
2771 4927 2835 4965 ac
2856 4916 3021 4968 nocte
3036 4913 3065 4968 ?
3086 4914 3233 4985 (Luc.
3261 4932 3321 4985 ιι,
3342 4917 3451 4987 36.)
3474 4935 3504 4967 ι)

1868 5000 2064 5055 Merito
2083 4999 2163 5054 ‘ab
2190 4999 2303 5055 illis
2332 4999 2579 5056 viduitas
2620 5002 2948 5075 despicitur,
2980 5022 3111 5078 quae
3140 5008 3282 5064 solet
3308 5008 3503 5065 obser-

1870 5110 1998 5149 vare
2028 5092 2271 5164 jejunia,
2299 5094 2506 5165 quibus
2532 5112 2593 5150 se
2624 5096 2823 5153 dolent
2867 5098 2957 5155 isti
3003 5100 3194 5174 aliquo
3246 5106 3505 5174 tempore

1870 5203 1989 5243 esse
2020 5191 2355 5256 maceratos,
2390 5194 2447 5243 et
2493 5190 2784 5262 prepriam
2828 5193 3174 5251 ulciscuntur
3210 5195 3503 5266 injuriam,

1870 5278 2329 5353 quotidianisque
2376 5281 2666 5351 conviviis,
2711 5301 2931 5358 usuque
2975 5288 3211 5342 luxurias
3247 5287 3503 5341 laborem

1870 5372 2229 5429 abstinentia:
2255 5375 2586 5445 propulsare
2614 5377 2957 5447 desiderant,
2985 5379 3083 5451 qui
3124 5379 3266 5434 nihil
3295 5380 3504 5435 rectius

1871 5467 2088 5522 faciunt
2116 5482 2289 5537 quam
2313 5467 2467 5538 quod
2494 5468 2605 5541 ipsi
2635 5486 2694 5527 se
2721 5488 2822 5526 suo
2850 5487 2947 5527 ore
2978 5471 3379 5540 condemnent,
3402 5473 3503 5528 sed

1870 5562 2053 5616 Deum
2084 5563 2350 5615 metuunt
2371 5577 2445 5616 ne
2469 5561 2529 5617 in
2559 5562 2680 5617 istis
2712 5564 2844 5619 illud
2864 5564 3152 5635 jejunium
3178 5568 3499 5636 reputetur.

1871 5654 2099 5725 Eligant
2123 5653 2278 5725 quod
2305 5654 2521 5725 volunt,
2551 5655 2596 5710 si
2623 5657 2936 5728 aliquando
2965 5657 3367 5729 jejunaverint,
3402 5677 3502 5733 ge-

1872 5753 2000 5802 rant
2030 5763 2168 5818 ergo
2202 5746 2336 5801 boni
2370 5748 2499 5803 facti
2529 5749 2613 5803 sui
2645 5749 3061 5819 pmnitentiam.
3092 5751 3149 5807 Si
3185 5768 3501 5826 nunquam,

1872 5856 2035 5897 suam
2061 5855 2199 5912 ergo
2226 5839 2334 5915 ipsi
2362 5840 2871 5917 intemperantiam
2906 5847 2987 5919 et.
3001 5845 3285 5905 luxuriam
3328 5850 3502 5907 conti-
