4026 6182
485 268 577 323 691
1373 268 1657 323 APPEND.
1701 268 1787 323 AD
1825 268 1985 328 SrEC.
2028 267 2115 323 IX.
2146 296 2212 305 —-
2253 265 2498 323 lSlDORl
2534 263 2958 320 MERCATORIS
3682 270 3761 326 692

484 378 729 445 teantur,
761 379 819 430 et
844 376 970 431 ideo
999 377 1194 431 dicunt
1226 378 1461 431 Paulum
1498 377 1736 431 luxuriae
1767 376 2108 447 magistrum
2131 386 2191 460 Α
2211 373 2457 428 amentia
2476 372 2521 426 si
2550 372 2767 426 venisse
2802 387 2916 425 non
2942 369 3209 438 creditur,
3240 385 3339 425 nec
3365 386 3577 426 carnem
3618 374 3766 429 credi-

482 469 672 524 fuisse.
715 473 783 523 At
812 469 937 541 quis
985 470 1053 524 sit
1098 470 1412 525 sobrietatis
1462 471 1751 541 magister,
1781 471 1827 525 si
1866 469 1973 524 fuit
2014 470 2111 523 ille
2173 492 2177 495 ·
2210 470 2305 520 tur
2346 464 2698 537 suscepisse?
2732 466 2880 536 Ergo
2929 463 2985 518 in
3032 465 3421 537 phantasmate
3447 464 3582 518 visus
3616 471 3700 535 est,
3724 468 3771 522 in

482 563 737 629 luxurias,
771 562 868 634 qui
897 564 1187 635 castigavit
1229 581 1434 635 corpus
1479 581 1664 631 suum,
1700 568 1755 617 et
1786 565 1844 617 in
1871 564 2110 618 servitu-

482 660 599 711 tem
648 656 869 728 redegit
913 657 958 727 (Ι
1007 660 1125 716 Cor.
1169 674 1241 725 1x,
1281 662 1389 727 27),
1424 662 1593 730 atque
1630 658 1865 728 jejuniis
1922 658 2113 712 multis

485 767 542 803 se
566 749 817 807 debitam
845 751 1066 807 Christo
1097 752 1510 807 observantiam
1536 751 1804 806 detulisse
1836 768 2114 806 memora-

480 844 602 897 vit?
642 860 756 897 non
802 848 862 898 ut
905 861 963 899 se
1003 862 1216 917 suaque
1261 845 1536 915 laudaret,
1567 845 1666 899 sed
1709 849 1774 899 ut
1820 861 1925 899 nos
1978 844 2112 916 quid

483 953 852 1008 sequeremur
883 938 1126 993 doceret.
1155 939 1250 993 Ille
1281 955 1419 1009 ergo
1457 939 1743 993 luxuriam
1779 938 1987 1006 docuit,
2016 938 2109 1009 qui

482 1031 560 1084 ait
590 1047 601 1084 :
639 1031 745 1095 Qui
773 1033 956 1087 adhuc
982 1032 1135 1086 velut
1161 1032 1411 1087 viventes
1438 1032 1507 1086 de
1538 1033 1643 1087 hoc
1669 1032 1884 1086 mundo
1923 1032 2115 1087 decer-

483 1124 635 1191 nitis,
666 1142 736 1179 ne
762 1126 1089 1195 tetigeritis,
1123 1144 1195 1179 ne
1239 1126 1728 1195 attaminaveritis,
1758 1142 1830 1181 ne
1862 1130 2114 1197 gustave-

484 1217 607 1271 ritis
631 1236 755 1288 quae
798 1222 927 1272 sunt
958 1220 1151 1273 omnia
1177 1220 1235 1273 in
1264 1220 1669 1291 corruptelam;
1703 1221 1800 1291 qui
1838 1220 1916 1273 ait
1944 1237 1955 1273 :
1990 1222 2114 1274 Non

483 1311 843 1382 indulgentia
874 1313 1145 1383 corporis,
1170 1330 1288 1367 non
1315 1313 1372 1367 in
1401 1314 1616 1367 honore
1645 1313 1834 1384 aliquo
1861 1315 1932 1369 ad
1961 1317 2112 1368 satu-

485 1405 715 1460 ritatem
736 1411 791 1460 et
811 1406 1166 1477 diligentiam
1201 1406 1402 1475 carnis,
1427 1423 1545 1461 non
1568 1406 1625 1460 in
1646 1406 1939 1463 desideriis
1965 1423 2117 1462 erro-

486 1498 583 1566 ris,
613 1499 712 1553 sed
743 1499 803 1553 in
834 1499 1036 1571 spiritu
1082 1516 1194 1572 quo
1242 1516 1584 1554 renovamur
1614 1516 1731 1555 esse
1768 1501 2115 1556 vivendum?

488 1592 545 1646 Si
586 1609 791 1663 parum
836 1598 920 1648 est
962 1594 1116 1665 quod
1165 1595 1466 1664 Apostolus
1517 1594 1675 1664 dixit,
1704 1594 1939 1649 audiant
1981 1612 2113 1666 pro-

485 1685 716 1755 phetam
744 1686 1027 1741 dicentem
1057 1704 1069 1741 :
1104 1708 1131 1737 «
1155 1689 1220 1742 Et
1247 1688 1514 1758 cooperui
1536 1687 1596 1741 in
1619 1687 1839 1759 jejunio
1867 1687 2115 1742 animam

2210 562 2605 631 phantasmate
2654 558 2950 613 crucifixus
2997 563 3099 627 est,
3131 558 3188 612 in
3228 557 3456 613 veritate
3482 558 3775 630 Redemptor

2214 659 2297 708 est
2333 656 2541 708 noster.
2574 653 2908 707 Manichacus
2957 654 3042 705 est
3088 651 3186 722 qui
3229 651 3468 721 abnegat
3505 652 3774 719 veritatem,

2213 748 2308 819 qui
2361 763 2595 802 carnem
2655 746 2861 801 Christi
2925 748 3118 816 negat,
3163 748 3220 798 et
3261 744 3381 798 ideo
3423 761 3530 798 non
3572 745 3667 798 illis
3709 763 3776 800 re~

2214 841 2406 895 missio
2466 845 2867 911 peccatorum,
2918 838 3016 893 sed
3081 838 3344 909 impietas
3400 837 3779 894 Manichaeorum

2213 952 2384 1006 quam
2416 940 2469 989 et
2498 933 2977 988 clementissimus
3018 936 3337 987 exsecratus
3379 935 3462 985 est
3500 932 3780 1002 imperator,

2214 1034 2269 1083 et
2295 1045 2493 1082 omnes
2523 1028 2621 1099 qui
2654 1027 2774 1081 illos
2804 1026 3068 1081 viderunt
3092 1025 3250 1097 quasi
3279 1025 3534 1096 quaedam
3562 1026 3783 1095 contagia

2216 1122 2571 1192 refugerunt,
2603 1121 2749 1174 sicut
2777 1125 2948 1176 testes
2975 1122 3106 1173 sunt
3137 1118 3357 1185 fratres,
3386 1123 3439 1172 et
3475 1119 3785 1188 compresby-

2214 1215 2317 1269 teri
2350 1215 2530 1269 nostri
2560 1215 2850 1280 Crescens,
2881 1213 3226 1284 Leopardus,
3255 1215 3313 1266 et
3356 1210 3650 1265 Alexander
3687 1228 3783 1264 san-

2216 1290 2304 1362 cto
2335 1308 2638 1363 servientes
2666 1307 2887 1379 spiritu,
2921 1306 3021 1377 qui
3052 1323 3150 1360 eos
3177 1305 3435 1359 omnium
3458 1304 3789 1360 exsecratione

2215 1404 2518 1457 damnatos
2558 1400 2953 1457 Mediolanensi
2998 1416 3062 1454 ex
3092 1399 3231 1454 urbe
3274 1398 3538 1471 profugos
3584 1398 3787 1469 relique-

2214 1500 2369 1551 runt.
2388 1498 2581 1567 Itaque
2598 1494 2971 1559 Iovinianum,
2995 1493 3350 1560 Ausentium,
3368 1491 3789 1557 Germinatorem,

2217 1591 2480 1657 Felicem,
2525 1588 2834 1654 Plotinum,
2874 1587 3191 1657 Genialcm,
3234 1586 3580 1653 Martianum,
3621 1586 3789 1639 Janua-

2217 1683 2386 1752 rium,
2429 1688 2484 1737 et
2535 1681 2851 1752 Ingenium,
2901 1698 3043 1753 quos
3095 1680 3357 1734 sanctitas
3402 1683 3497 1733 tua
3534 1677 3792 1743 damnavit,

396 1784 403 1789 “
488 1796 681 1834 meam
706 1780 871 1849 (Psal.
897 1781 1105 1851 vam).
1130 1800 1157 1833 »
1180 1782 1329 1853 Ergo
1353 1781 1448 1853 qui
1472 1798 1587 1835 non
1603 1781 1849 1853 jejunat,
1875 1761 2192 1837 intectusB
2218 1777 2360 1831 scias
2404 1776 2556 1847 apud
2598 1792 2701 1829 nos
2730 1791 2955 1846 quoque
3003 1774 3316 1828 secundum
3353 1771 3618 1843 judicium
3667 1775 3794 1824 tuum

486 1877 539 1927 et
577 1874 760 1928 nudus
809 1878 911 1941 est,
944 1879 1102 1945 patet
1152 1875 1393 1929 vulneri.
1449 1875 1701 1946 Denique
1748 1875 1793 1929 si
1845 1876 2019 1931 Adam
2059 1892 2117 1930 se

487 1966 714 2021 texisset
734 1967 790 2021 in
811 1968 1052 2039 jejunio,
1082 1985 1194 2022 non
1220 1969 1417 2022 fuisset
1437 1968 1624 2022 nudus
1646 1968 1896 2037 effectus,
1919 1969 2117 2023 Ninive

485 2078 544 2114 se
584 2078 616 2114 a
660 2064 843 2116 morte
881 2061 1101 2132 jejunio
1152 2062 1411 2116 liberavit
1441 2064 1575 2129 (Ion.
1626 2078 1704 2129 III,
1735 2063 1872 2133 5-9),
1902 2066 1957 2116 et
1997 2062 2117 2133 ipse

2216 1887 2335 1924 esse
2391 1870 2713 1923 damnatos.
2760 1869 3113 1923 Incolumem
3160 1870 3214 1920 te
3276 1873 3334 1921 et
3382 1865 3796 1920 ﬂorentissimum

2219 1966 2366 2018 Deus
2398 1969 2591 2019 noster
2632 1966 2861 2017 tueatur
2907 1961 3300 2032 Omnipotens,
3330 1960 3555 2015 domine
3595 1959 3795 2013 dilectis-

2217 2058 2358 2111 sime
2406 2058 2595 2112 frater.
2638 2058 2798 2124 Item,
2837 2054 3220 2125 subscriptio:
3254 2070 3365 2125 ego
3414 2052 3661 2108 Eventius
3706 2050 3796 2122 epi-

2216 2169 2421 2222 scopus
2448 2150 2632 2204 saluto
2660 2149 3021 2204 sanctitatem
3070 2152 3225 2202 tuam
3250 2147 3309 2201 in
3343 2146 3596 2214 Domino,
3627 2151 3677 2199 et
3702 2144 3800 2199 huic

484 2154 755 2209 Dominus
800 2155 880 2209 ait
910 2174 923 2209 :
960 2178 985 2203 ‹‹
1020 2157 1145 2208 Non
1173 2155 1434 2225 ejicietur
1476 2156 1583 2208 hoc
1638 2172 1835 2226 genus,
1869 2155 1977 2208 nisi
2018 2172 2119 2226 per

486 2248 803 2302 orationem
831 2251 885 2301 et
922 2248 1211 2318 jejunium
1248 2249 1461 2315 (Matth.
1491 2264 1622 2315 xvu,
1653 2247 1764 2318 20),
1798 2269 1823 2297 ››
1862 2249 1957 2302 sed
1983 2248 2118 2320 quid

486 2341 647 2411 plura
674 2340 827 2413 apud
875 2341 1215 2411 magistrum
1268 2345 1438 2413 atque
1486 2343 1799 2407 doctorem,
1830 2358 1959 2395 cum
1998 2342 2117 2412 jam

485 2434 722 2504 dignum
778 2434 1023 2505 pretium
1076 2435 1376 2489 retulerint
1415 2435 1494 2489 illi
1550 2434 1801 2506 perﬁdiae
1853 2446 1987 2504 suae,
2023 2437 2119 2506 qui

484 2528 612 2582 ideo
639 2529 746 2582 huc
776 2532 1057 2583 venerunt
1086 2545 1156 2583 ne
1193 2534 1518 2600 superesset
1545 2530 1703 2583 locus
1746 2528 1803 2583 in
1851 2545 1963 2600 quo
2000 2545 2118 2582 non

483 2622 914 2689 damnarentur,
944 2621 1038 2694 qui
1084 2638 1210 2677 vere
1251 2639 1307 2677 se
1351 2622 1689 2677 Manichmos
1738 2622 2122 2693 probaverunt

484 2731 598 2768 non
627 2716 943 2782 credentes,
972 2716 1101 2787 quia
1127 2733 1197 2770 ex
1226 2716 1456 2787 Virgine
1506 2716 1700 2788 utique
1734 2716 1950 2770 venisse
1995 2731 2119 2769 cre-

485 2808 677 2863 ditur?
698 2808 974 2873 Qusenam
1000 2810 1118 2864 haec
1147 2813 1232 2864 est
1256 2810 1470 2881 subpar
1489 2826 1771 2864 novorum
1794 2810 2119 2864 Iudaeorum

2217 2245 2477 2299 Ecclesiae
2519 2243 2843 2314 subscripsi,
2869 2243 3142 2297 Maximus
3190 2242 3512 2313 episcopus,
3544 2239 3685 2294 Felix
3709 2238 3799 2309 epi-

2218 2355 2439 2409 scopus,
2471 2338 2742 2392 Bazianus
2761 2336 3075 2407 episcopus,
3102 2337 3142 2390 Τ
3146 2335 3427 2390 heodolus
3462 2334 3727 2404 episcopus
3750 2347 3801 2385 ex

2210 2433 2371 2503 jussu
2408 2430 2633 2487 Domini
2676 2430 2924 2501 episcopi
2970 2429 3347 2497 Germiniani,
3375 2428 3499 2500 ipso
3542 2428 3799 2499 praesente,

2218 2530 2400 2596 Aprus
2449 2525 2761 2596 presbyter,
2819 2523 3075 2579 Eutasius
3121 2522 3443 2594 episcopus,
3494 2519 3804 2577 Constantius

2219 2619 2534 2690 episcopus,
2582 2617 2867 2672 Eustasius
2929 2616 3247 2689 episcopus,
3281 2634 3352 2671 eo
3396 2614 3605 2671 omnes
3636 2612 3800 2668 ordine

2221 2713 2691 2784 subscripserunt.

991 3160 1567 3255 INCIPIUNT
1666 3161 2193 3254 DECRETA
2279 3158 2875 3252 ANASTASII
2984 3155 3358 3248 ΡΑΡΑΕ.

554 3373 888 3429 ANASTASIUS
919 3373 1232 3445 episcopus,
1270 3375 1484 3429 cunctis
1510 3374 1854 3430 Germanicis
1883 3378 1940 3429 et
1976 3376 2114 3429 Bur-
2137 3385 2192 3459 ρ
2218 3373 2529 3439 municare,
2545 3375 2643 3426 aut
2664 3371 2836 3425 ullam
2852 3386 2983 3424 cum
3000 3368 3082 3423 eis
3097 3368 3598 3440 participationem
3621 3362 3813 3433 habere,

488 3466 713 3536 gundiae
735 3467 983 3538 regionis
1008 3468 1304 3539 episcopis,
1338 3469 1397 3523 in
1429 3469 1672 3534 Demino
1704 3470 1967 3524 salutem.
2216 3467 2551 3538 priusquam
2574 3466 2644 3520 ad
2662 3468 2875 3519 rectam
2895 3465 3298 3519 convertantur
3318 3462 3516 3528 fidem,
3538 3476 3633 3515 nec
3654 3471 3813 3512 eorum

554 3559 743 3631 Exigit
779 3560 1005 3615 dilectio
1040 3564 1242 3630 vestra,
1273 3562 1613 3632 charissimi,
1647 3566 1708 3616 ut
1751 3579 1816 3616 ex
1867 3562 2115 3616 auctori-

486 3657 595 3708 tate
628 3653 776 3708 sedis
803 3655 1122 3726 apostolicae
1147 3655 1344 3709 vestris
1383 3656 1723 3710 deberemus
1771 3655 2116 3726 respondere

485 3748 767 3817 consultis,
793 3752 849 3801 et
874 3749 1129 3819 quamvis
1156 3766 1268 3804 non
1298 3749 1535 3820 prolixe,
1560 3750 1658 3804 sed
1690 3750 1994 3816 succincte,
2012 3749 2116 3802 hoc

482 3857 650 3912 agere
681 3846 920 3913 propter
941 3842 1214 3912 quasdam
1245 3843 1381 3897 alias
1403 3842 1797 3913 occupationes
1827 3842 2117 3897 festinare-

483 3952 629 3990 mus.
657 3937 854 3990 Denuo
885 3940 1082 3991 tamen
1110 3937 1155 3990 si
1184 3953 1413 3991 necesse
1444 3937 1615 3992 fuerit
1640 3937 1709 3991 ob
1734 3938 1835 3991 has
1865 3938 1955 3990 vel
1980 3936 2115 3990 alias

483 4030 884 4100 occupationes
910 4030 1069 4100 quasi
1091 4031 1162 4084 ad
1188 4036 1360 4101 caput
1390 4030 1617 4085 mittere
1644 4030 1969 4084 charitative
1998 4046 2116 4084 non

485 4122 774 4191 dubitetis,
806 4122 941 4193 quia
988 4127 1200 4177 vestras
1246 4141 1439 4194 preces
1471 4130 1527 4177 et
1572 4141 1724 4177 nunc
1762 4130 1819 4178 et
1854 4128 1986 4177 tunc
2019 4140 2112 4177 ac-

485 4219 673 4286 ceptas
697 4216 999 4272 habemus.
1029 4216 1367 4287 Significatis
1388 4218 1541 4271 enim
1558 4217 1835 4288 quosdam
1855 4217 2114 4271 sacerdo-

485 4313 567 4361 tes
593 4308 651 4361 in
679 4308 913 4362 ecclesia
936 4309 1163 4380 quando
1193 4310 1462 4379 leguntur
1486 4310 1787 4379 Evangelia
1815 4309 2036 4377 sedere,
2062 4315 2117 4363 et

487 4401 708 4455 Domini
747 4402 1051 4458 Salvatoris
1094 4403 1268 4457 verba
1293 4420 1409 4457 non
1456 4406 1686 4471 stantes,
1718 4404 1813 4458 sed
1857 4403 2116 4457 sedentes

481 4495 695 4561 audire,
729 4499 789 4551 et
816 4497 920 4552 hoc
952 4514 1020 4552 ex
1051 4497 1333 4569 majorum
1379 4496 1683 4552 traditione
1734 4514 1793 4551 se
1836 4497 2115 4568 accepisse

482 4595 734 4646 narrant.
801 4590 966 4654 Quod
1028 4590 1359 4646 nullatenus
1409 4590 1682 4662 deinceps
1736 4590 1857 4644 ﬁeri
1922 4590 2115 4645 sinatis

482 4684 784 4753 apostolica
827 4685 1163 4740 auctoritate
1208 4684 1562 4750 mandamus,
1593 4684 1694 4738 sed
1739 4685 1876 4738 dum
1921 4687 2116 4739 sancta

480 4777 787 4847 Evangelia
807 4777 866 4831 in
891 4779 1121 4832 ecclesia
1151 4778 1481 4847 recitantur,
1504 4778 1821 4832 sacerdotes
1847 4781 1903 4831 et
1924 4777 2117 4831 caeteri
2135 4755 2194 4826 D

480 4885 680 4924 omnes
738 4887 850 4924 non
910 4871 1189 4937 sedentes,
1234 4872 1331 4927 sed
1390 4871 1786 4926 venerabiliter
1846 4872 2000 4925 curvi
2059 4871 2117 4926 in

481 4966 788 5034 conspectu
817 4964 1106 5034 Evangelii
1134 4967 1346 5019 stantes
1378 4964 1671 5020 Dominica
1697 4964 1867 5019 verba
1900 4965 2117 5020 intente

481 5057 735 5124 audiant,
767 5060 823 5111 et
848 5057 1094 5113 fideliter
1120 5059 1376 5113 adorent.

551 5150 829 5207 Similiter
859 5154 916 5205 et
942 5151 1351 5206 transmarinos
1377 5152 1656 5219 homines,
1681 5153 1751 5207 de
1784 5153 1988 5224 quibus
2012 5170 2118 5208 nos

479 5245 860 5313 consuluistis,
896 5245 954 5301 in
992 5245 1290 5301 clericatus
1333 5246 1549 5302 honore
1594 5247 1767 5302 nolite
1812 5248 2112 5318 suscipere,

477 5339 587 5393 nisi
615 5340 867 5411 quinque
906 5342 1004 5394 aut
1034 5355 1100 5394 eo
1134 5340 1382 5411 amplius
1408 5341 1802 5413 episcoporum
1829 5341 2116 5411 chirogra-

478 5432 604 5504 phis
652 5432 767 5489 sint
805 5432 1105 5504 designati,
1133 5433 1270 5505 quia
1319 5435 1500 5490 multa
1541 5450 1647 5506 per
1690 5433 2116 5504 subreptionem

477 5528 660 5582 solent
703 5527 946 5584 evenire.
1000 5528 1064 5583 Et
1095 5527 1223 5584 ideo
1265 5528 1389 5583 haec
1432 5543 1794 5599 summopere
1840 5529 1972 5581 sunt
2016 5542 2111 5581 ca-

480 5620 684 5675 venda.

547 5714 887 5771 Manichaaos
919 5732 1054 5771 vero
1091 5731 1232 5788 quos
1259 5715 1317 5770 in
1357 5714 1500 5769 urbe
1545 5715 1724 5770 Roma
1766 5713 2109 5779 invenimus,

478 5809 529 5860 et
563 5821 823 5888 sequaces
867 5825 1064 5881 eorum
1102 5809 1276 5865 nolite
1326 5808 1814 5886 recipere,-neque
1843 5808 1924 5865 eis
1951 5824 2108 5863 com-

2216 3561 2362 3614 male
2375 3559 2711 3631 pullulantia
2727 3558 2943 3613 semina
2953 3573 3076 3627 qua:
3087 3554 3296 3611 anobis
3310 3554 3376 3610 in
3391 3555 3532 3610 urbe
3544 3552 3817 3621 exstinguu-

2216 3661 2327 3722 tur,
2347 3652 2608 3724 pessimis
2635 3652 2922 3706 vobiscum
2951 3649 3238 3705 radicibus
3264 3646 3816 3714 seminenturvelger-

2216 3747 2526 3801 minentur.
2537 3745 2586 3819 1
2603 3745 2658 3817 7
2671 3744 3016 3818 OPlurimos
3033 3760 3161 3798 vero
3176 3758 3385 3798 eorum
3400 3747 3456 3798 et
3468 3759 3582 3797 suae
3594 3752 3816 3810 sequaces

2214 3840 2541 3911 impietatis,
2560 3845 2727 3910 atque
2749 3838 2982 3892 illorum
3003 3837 3264 3892 doctores
3286 3835 3646 3908 investigatio
3663 3835 3813 3886 nostra

2214 3934 2443 4006 reperit,
2477 3933 2769 4005 vigilantia
2818 3931 3151 4003 divulgavit,
3182 3931 3504 3986 auctoritas
3533 3933 3588 3984 et
3615 3939 3817 3982 censura

2215 4028 2482 4095 coercuit,
2512 4044 2652 4099 quos
2684 4026 2976 4098 potuimus
3019 4025 3328 4080 emendare
3380 4023 3731 4079 correximus.
3765 4017 3815 4070 Et

2217 4126 2279 4176 ut
2303 4123 2637 4176 damnarent
2660 4121 3027 4175 Manichaeum
3071 4136 3204 4175 cum
3244 4118 3655 4190 praedicatione
3683 4119 3729 4169 et
3750 4111 3815 4166 di-

2216 4216 2462 4287 sciplinis
2488 4215 2602 4269 suis
2632 4214 2859 4286 publica,
2885 4214 2942 4268 in
2971 4214 3216 4269 Ecclesia
3239 4213 3622 4283 professione,
3649 4212 3701 4264 et
3722 4221 3814 4261 ma-

2215 4327 2322 4363 nus
2349 4327 2465 4364 suae
2492 4308 2906 4380 subscriptione
2951 4307 3357 4380 compulimus,
3389 4311 3447 4362 et
3494 4307 3570 4362 ita
3595 4306 3659 4360 de
3687 4316 3818 4356 vora-

2218 4404 2351 4473 gine
2404 4402 2717 4474 impietatis
2766 4419 2883 4456 suae
2932 4402 3220 4456 confessos
3268 4400 3610 4472 paenitentia
3657 4408 3818 4450 conce~

2218 4497 2403 4551 dendo
2448 4496 2774 4550 levavimus.
2829 4495 3124 4567 Aliquanti
3156 4511 3287 4550 vero
3314 4495 3420 4566 qui
3446 4496 3525 4549 ita
3554 4510 3609 4548 se
3634 4492 3818 4546 demer-

2216 4597 2432 4659 serunt,
2466 4595 2529 4644 ut
2571 4590 2793 4643 nullum
2824 4589 2910 4643 his
2948 4588 3273 4644 auxiliantis
3314 4588 3638 4644 remedium
3669 4583 3820 4656 posset

2218 4683 2533 4749 subvenire,
2564 4683 2775 4738 subditi
2818 4683 3038 4755 legibus
3064 4682 3379 4737 secundum
3409 4681 3820 4738 Christianorum

2218 4777 2539 4848 principum
2568 4777 2895 4844 constituta,
2930 4793 3001 4831 ne
3026 4781 3287 4831 sanctum
3325 4792 3571 4848 gregem
3598 4789 3690 4827 sua
3711 4783 3819 4823 cen-

2218 4871 2448 4942 tagione
2496 4872 2839 4943 polluerent,
2868 4887 2971 4942 per
3002 4870 3258 4942 publicos
3298 4870 3534 4940 judices
3578 4869 3857 4939 perpetua

2220 4971 2352 5021 sunt
2384 4965 2577 5020 exsilio
2621 4964 2856 5036 relegati
2900 4970 2958 5019 et
3008 4964 3202 5019 omnia
3230 4981 3361 5036 quas
3391 4970 3511 5019 tam
3551 4963 3608 5016 in
3635 4954 3821 5029 scriptis

2219 5075 2393 5129 quam
2421 5059 2479 5112 in
2505 5058 2735 5113 occultis
2785 5057 3182 5112 traditionibus
3229 5056 3344 5111 suis
3377 5057 3591 5111 habent
3620 5051 3823 5125 profana

2216 5152 2303 5206 vel
2350 5152 2558 5223 turpia,
2592 5154 2655 5205 ut
2703 5154 2895 5205 nosset
2936 5151 3181 5221 populus
3231 5149 3369 5222 quid
3423 5142 3823 5219 refugeret,aut

2215 5247 2440 5313 vitaret,
2486 5245 2663 5300 oculis
2707 5244 3044 5300 Christianae
3100 5243 3280 5314 plebis
3327 5246 3488 5297 certa
3529 5239 3822 5296 manifesta-

2217 5340 2370 5394 tione
2396 5339 2779 5411 probavimus,
2810 5337 2955 5392 adeo
2983 5342 3047 5392 ut
3095 5337 3211 5409 ipse
3259 5336 3355 5408 qui
3399 5335 3691 5391 dicebatur
3723 5326 3819 5399 epi-

2216 5432 2640 5505 scopusanobis
2660 5434 2850 5486 tentus
2877 5430 3146 5503 proderet
3182 5430 3471 5503 ﬂagitiosa
3501 5429 3560 5483 in
3595 5426 3701 5483 suis
3732 5436 3826 5491 my-

2214 5527 2401 5581 steriis
2420 5542 2547 5598 qum
2578 5528 2816 5595 teneret,
2834 5524 2977 5579 sicut
3003 5529 3294 5596 gestorum
3320 5540 3422 5577 vos
3451 5522 3625 5577 series
3649 5513 3825 5590 poterit

2215 5620 2475 5675 edocere.
2508 5619 2589 5675 Ad
2618 5618 3051 5673 instructionem
3078 5617 3231 5672 enim
3259 5625 3509 5672 vestram
3536 5615 3700 5669 etiam
3724 5610 3823 5678 ipsa

2214 5713 2548 5783 direximus,
2580 5713 2787 5783 quibus
2829 5711 3059 5778 relictis,
3089 5712 3280 5766 omnia
3321 5726 3456 5781 quae
3488 5726 3522 5763 a
3560 5705 3712 5762 nobis
3736 5700 3821 5755 de-

2213 5808 2492 5882 prehensa
2533 5810 2685 5875 sunt,
2722 5823 2881 5861 nosse
2925 5805 3205 5879 poteritis.
3251 5806 3313 5860 Et
3351 5802 3489 5878 quia
3537 5800 3824 5873 aliquantos
