4026 6182
213 283 295 337 693
1388 276 1860 334 DECRETALIUM
1899 276 2281 335 COLLECTIO.
3407 286 3511 341 694

207 413 262 468 de
286 411 362 468 his
385 425 515 482 quos
546 424 615 464 ne
654 409 1103 479 absolverentur,
1140 411 1350 468 arctior
1373 413 1565 466 reatus
1594 409 1773 467 invol-
1797 387 2133 482 Aparublls
2174 386 2443 458 adjuvare
2476 388 2691 444 δίυάθεο
2730 389 2891 445 Unde
2929 395 2987 446 et
3028 390 3270 447 Ποιηίηο
3298 393 3509 464 gratias

205 518 336 571 verat
377 513 721 586 cognovimus
770 515 1071 587 aufugisse,
1123 516 1258 573 hinc
1296 518 1369 573 ad
1416 517 1777 573 dilectionem
1875 481 2112 590 fgoﬂui
2138 481 2301 590 ιθ,ῗά
2349 482 2739 590 Ῑξθίξίῖξδξίεδί,
2770 486 2827 539 et
2945 486 3418 590 PérsevetalDilem
3449 488 3507 543 in

199 616 408 666 vestram
441 609 730 680 epistolam
760 611 1038 680 misimus,
1090 616 1151 667 ut
1183 611 1383 669 effecta
1424 612 1629 667 certior
1651 629 1779 667 san-
1875 576 2041 679 hom?
2069 575 2336 683 op‘eljlbuf
2359 580 2417 630 te
2437 576 2608 683 fimi“
2637 593 2828 683 θλοξο·
2852 580 2972 683 ‘NOS
2990 584 3195 683 tamen.
3209 584 3271 683 ft
3297 597 3358 636 ιη
3383 598 3509 653 Ρτο-

201 707 337 761 ctitas
350 709 515 760 vestra
531 704 815 761 sollicitius
828 722 996 778 agere
1018 706 1290 778 dignetur
1309 709 1365 761 et
1381 705 1621 773 cautius,
1640 723 1774 760 nec-
1877 685 2079 778 timens”
2101 672 2157 774 ,et
2183 686 2241 723 ω
2266 669 2712 778 adversis???)
2741 672 2974 778 189%”?
3001 674 3305 778 magum?
3331 690 3503 778 0P0"

198 798 276 853 ubi
298 798 592 853 Manichaee?
625 798 1006 871 perversitatis
1040 799 1304 855 homines
1342 799 1535 871 plebes
1565 803 1777 854 vestras

195 892 474 947 facultatem
500 892 758 959 laedendi,
787 898 842 948 et
868 894 1039 964 hujus
1068 892 1348 963 sacrilegii
1377 892 1594 965 possint
1618 893 1774 948 inve-

196 988 294 1041 nire
318 986 576 1041 doctores.
605 986 780 1041 Aliter
813 986 965 1041 enim
1008 987 1170 1041 nobis
1210 986 1540 1042 commissos
1580 1004 1777 1058 regere

118 1084 121 1089 “
195 1096 286 1134 non
315 1095 614 1151 possumus,
655 1079 760 1134 nisi
800 1080 904 1135 hos
936 1081 1035 1152 qui
1067 1084 1196 1135 sunt
1229 1080 1478 1152 perversi
1519 1081 1776 1136 doctores

193 1178 236 1227 et
258 1173 454 1244 perditi.
499 1174 616 1228 zelo
659 1173 788 1228 fidei
838 1174 1146 1229 Dominicae
1197 1190 1631 1246 persequamur,
1663 1180 1717 1229 et
1745 1191 1777 1229 a

192 1255 576 1321 suis'mentihus
611 1266 702 1337 (ne
747 1268 920 1340 pestis
954 1269 1079 1323 haec
1108 1267 1272 1324 latius
1311 1268 1651 1339 divulgetur)
1697 1284 1778 1323 se-

188 1359 390 1414 veritate
429 1375 541 1431 qua
583 1376 883 1431 possumus
920 1361 1338 1416 abscindamus.
1392 1361 1546 1418 Unde
1577 1360 1779 1416 hortor

190 1453 503 1508 dilectionem
531 1458 797 1523 vestram,
828 1454 1080 1511 obtestor
1107 1459 1163 1510 et
1187 1472 1421 1523 moneo,
1449 1459 1514 1510 ut
1536 1471 1663 1527 quae.
1686 1454 1778 1510 de-

187 1547 305 1602 betis
327 1550 379 1601 et
402 1547 629 1619 potestis
655 1547 1033 1604 sollicitudine
1061 1548 1303 1620 vigiletis
1329 1550 1401 1605 ad
1426 1548 1773 1621 investigan-

189 1636 267 1690 dos
287 1652 389 1703 eos,
418 1636 623 1691 necubi
655 1637 973 1693 occultandi
1009 1655 1068 1694 se
1098 1637 1386 1709 reperiant
1422 1637 1772 1695 facultatem.

188 1729 236 1783 lli
258 1729 438 1784 fratres
473 1730 636 1785 valde
666 1731 899 1786 cavendi
938 1735 1090 1798 sunt,
1131 1749 1205 1786 ne
1249 1731 1607 1787 Dominicum
1642 1749 1773 1803 gre-

187 1839 293 1894 gem
316 1824 757 1894 perversitatibus
782 1824 988 1897 quibus
1008 1831 1247 1897 possunt
1269 1826 1665 1881 contaminare
1687 1842 1776 1880 va-

184 1916 327 1970 leant.
353 1916 485 1971 Sunt
503 1934 645 1988 ergo
673 1918 907 1989 quidam
932 1934 1130 1974 eorum
1150 1923 1302 1974 veste
1332 1936 1434 1973 sua
1455 1935 1585 1973 oves
1605 1918 1777 1991 signi-

185 2007 397 2077 ﬁcantes,
434 2010 677 2065 interius
721 2028 855 2066 vero
898 2012 1019 2083 lupi
1057 2028 1292 2083 rapaces
1323 2012 1589 2080 existunt,
1633 2029 1777 2083 quos

177 2101 312 2169 juxta
340 2103 593 2158 Veritatis
618 2121 819 2160 vocem
849 2122 918 2161 ex
961 2106 1238 2161 fructibus
1270 2122 1466 2160 eorum
1499 2104 1776 2161 debemus

183 2209 451 2264 agnoscere
486 2197 706 2265 (Matth.
737 2215 831 2266 vn,
862 2198 974 2269 20).
1006 2198 1245 2263 Quando
1276 2201 1473 2253 autem
1500 2197 1777 2269 coeperint

180 2301 423 2344 assumere
448 2289 831 2362 impietatem,
859 2291 996 2347 illud
1014 2292 1169 2363 quod
1194 2291 1563 2347 occultabitur
1588 2291 1647 2347 in
1666 2291 1777 2346 illis

182 2381 411 2451 aperitur,
444 2387 500 2438 et
524 2384 692 2439 dolus
716 2384 905 2439 omnis
930 2384 994 2440 ﬁt
1016 2384 1282 2440 omnibus
1309 2384 1663 2440 manifestus.
1693 2386 1777 2439 ln-

179 2474 443 2531 veniuntur
465 2494 698 2550 quoque
727 2477 971 2533 infirmae
1002 2477 1139 2533 ﬁdei
1163 2477 1446 2544 homines,
1477 2482 1536 2532 et
1565 2478 1663 2549 qui
1684 2478 1771 2532 di-

180 2567 306 2621 vinas
334 2569 599 2626 lectiones
634 2571 854 2639 sitiunt,
904 2588 1097 2627 secum
1147 2588 1244 2627 eos
1288 2571 1347 2625 in
1394 2571 1775 2642 perditionem

1877 768 1978 833 tet,
2016 783 2041 814 α
2064 763 2299 834 ejusque
2320 764 2422 818 sub
2446 765 2661 835 potenti
2678 765 2969 821 humiliari
2991 784 3184 837 manu,
3211 768 3349 825 utin
3367 773 3505 824 tem-

1876 874 2014 929 pore
2048 874 2143 912 vos
2168 857 2545 913 tribulationis
2562 859 2727 928 juxta
2754 859 2990 915 beatum
3015 863 3249 917 Petrum
3274 865 3502 933 aposto-

1876 951 1996 1006 lum
2025 952 2302 1007 confortet
2334 956 2390 1007 et
2418 952 2628 1008 exaltet
2662 952 2707 1022 (1
2738 955 2883 1008 Patr.
2912 971 2966 1021 v,
2995 957 3069 1026 6).
3100 976 3128 1005 »
3164 955 3504 1011 Fraternita-

1877 1045 1950 1100 tis
1968 1062 2108 1117 ergo
2127 1050 2326 1101 vestra:
2350 1045 2579 1101 afﬂictio
2601 1063 2771 1118 quam
2791 1047 2861 1102 de
2879 1047 3185 1104 amissione
3200 1053 3507 1120 parentum

1877 1142 2197 1194 vestrorum
2242 1156 2341 1194 vos
2394 1139 2650 1195 habuisse
2683 1140 3040 1209 audivimus,
3098 1145 3317 1197 tantam
3345 1143 3508 1198 nobis

1877 1249 2106 1288 causam
2154 1234 2415 1288 maeroris
2456 1233 2669 1306 injecit,
2708 1239 2770 1289 ut
2826 1235 2962 1305 quia
3006 1252 3112 1290 nos
3158 1235 3229 1290 de
3284 1236 3508 1292 duobus

1876 1327 2124 1384 Charitas
2145 1344 2327 1382 unum
2353 1327 2505 1395 fecit,
2534 1344 2633 1382 cor
2652 1332 2912 1384 nostrum
2944 1328 3004 1383 in
3028 1329 3228 1384 vestris
3255 1329 3510 1402 speciali-

1877 1423 1967 1475 ter
2007 1420 2469 1476 tribulationibus
2516 1421 2878 1477 sentiremus.
2933 1422 3048 1477 Sed
3090 1423 3150 1477 in
3180 1422 3287 1478 hoc
3315 1423 3505 1478 dolore

1876 1512 2125 1569 multum
2154 1531 2246 1570 me
2267 1516 2553 1571 consolata
2577 1518 2663 1571 est
2688 1515 3000 1572 sanctitatis
3022 1521 3136 1572 tum
3154 1517 3225 1572 ad
3243 1517 3505 1572 animum

1876 1624 1965 1663 res
1986 1607 2248 1675 deducta,
2283 1609 2417 1680 quia
2441 1613 2497 1664 et
2526 1609 2810 1680 patienter
2829 1610 2978 1665 ferre
3006 1610 3288 1665 tristitiam
3324 1610 3506 1678 decet,

1877 1704 1934 1756 et
1962 1701 2033 1756 de
2067 1705 2251 1757 morte
2285 1702 2466 1773 plebis
2491 1705 2603 1758 tuae
2632 1702 2864 1758 ulterius
2891 1703 3120 1775 longam
3149 1720 3269 1759 non
3301 1704 3510 1760 habere

1877 1795 2227 1851 maestitiam.
2273 1796 2352 1851 Ne
2396 1799 2591 1851 tamen
2636 1796 2828 1867 aliqua
2876 1797 3061 1851 adhuc
3108 1797 3397 1852 tribulatio
3449 1797 3507 1852 in

1874 1894 2058 1943 vestra
2108 1892 2302 1945 mente
2352 1888 2614 1956 resideat,
2668 1890 2871 1945 hortor
2904 1890 3194 1960 quiescere
3230 1908 3263 1944 a
3288 1890 3503 1958 dolore,

1876 1982 2012 2054 quia
2040 1982 2312 2038 indecens
2343 1987 2425 2037 est
2469 1983 2540 2038 de
2584 1982 2693 2038 illis
2732 1983 2902 2040 taedio
2947 1983 3271 2040 aftlictionis
3299 1983 3502 2053 addici,

1876 2060 2393 2148 quoscredendum
2420 2080 2507 2131 est
2539 2076 2613 2131 ad
2631 2093 2825 2132 veram
2855 2077 3152 2133 moriendo
3177 2077 3354 2133 vitam
3383 2094 3508 2149 per-

1875 2170 2093 2225 venire.
2121 2170 2335 2225 Habent
2365 2170 2600 2226 forsitan
2629 2171 2711 2226 illi
2737 2171 2956 2241 justam
2985 2170 3140 2243 longi
3183 2171 3396 2226 doloris
3419 2187 3507 2227 ex-

1875 2264 2221 2319 cusationem
2258 2264 2358 2335 qui
2395 2264 2568 2319 vitam
2600 2265 2841 2320 alteram
2870 2266 3145 2333 nesciunt,
3178 2265 3275 2336 qui
3300 2265 3368 2320 de
3401 2265 3508 2319 hoc

1876 2358 2079 2413 saeculo
2101 2357 2174 2413 ad
2202 2358 2407 2413 melius
2432 2374 2553 2414 esse
2573 2358 2877 2414 transitum
2904 2376 3023 2415 non
3055 2359 3365 2413 conﬁdunt.
3399 2360 3507 2413 Nos

1874 2457 2065 2506 autem
2091 2451 2188 2523 qui
2214 2451 2496 2520 novimus,
2537 2452 2634 2524 qui
2672 2453 2778 2508 hoc
2805 2452 3093 2507 credimus
3124 2457 3183 2508 et
3215 2452 3504 2519 docemus,

1877 2545 2194 2601 contristari
2220 2546 2468 2603 nimium
2486 2547 2557 2601 de
2588 2546 2928 2601 obeuntibus
2957 2563 3071 2601 non
3100 2546 3397 2613 debemus,
3432 2563 3506 2600 ne

180 2661 509 2733 praecipitant,
558 2664 835 2736 dissipant
884 2664 1035 2720 enim
1077 2668 1134 2720 et
1176 2639 1502 2736 vituperant
1539 2666 1774 2719 Patrum
1875 2640 2028 2736 quod
2065 2639 2217 2736 apud
2257 2639 2400 2736 alio?
2443 2640 2669 2711 Pietatis
2704 2644 2868 2736 ίξδῖξέί-
2892 2640 3159 2736 Spéciem’
3200 2641 3308 2736 {10°
3339 2640 3507 2736 n°b_i5

180 2751 477 2826 disciplinas,
536 2763 598 2813 et
657 2733 991 2830 réﬁnquunt
1041 2762 1265 2814 sanctas
1300 2733 1641 2829 scripturas
1703 2758 1775 2812 ad
1875 2734 2058 2805 magis
2092 2734 2151 2789 in
2182 2735 2345 2806 culpa
2372 2734 2491 2790 ﬁat.
2542 2735 2685 2789 Nam
2713 2733 3046 2790 diffidentiae
3080 2733 3507 2806 quodammodo

180 2862 311 2902 suam
328 2851 722 2921 perditionem,
744 2869 885 2923 quos
908 2852 991 2922 (ut
1009 2852 1348 2924 prmdictum
1370 2853 1474 2922 est)
1501 2851 1775 2907 debemus

1877 2848 2058 2904 genus
2082 2837 2167 2888 est
2195 2835 2388 2887 contra
2412 2833 2519 2887 hoc
2548 2832 2700 2904 quod
2725 2833 2965 2904 quisque
2993 2832 3339 2904 praedicator
3356 2847 3508 2903 quae-

180 2941 452 3011 pmﬁdem’
483 2950 539 3000 et
567 2945 643 3000 ab
691 2945 779 3000 his
807 2945 1053 3001 multum
1099 2961 1320 3011 cavere,
1368 2961 1442 3000 ne
1468 2944 1528 2999 in
1556 2944 1777 2999 malum
1874 2927 1949 2981 rit
1977 2926 2262 2998 justitiam
2299 2943 2519 2996 amans,
2558 2926 2781 2981 dicente
2818 2928 3085 2998 Apostolo
3116 2944 3128 2982 :
3182 2946 3209 2975 ‹‹
3236 2926 3510 2981 Nolumus

177 3034 244 3087 sui
268 3036 427 3108 aliqui
461 3038 723 3111 occupati
761 3039 1063 3095 concidant
1099 3039 1169 3094 de
1211 3055 1312 3094 sua
1350 3037 1639 3094 ﬁrmitate.
1672 3038 1772 3093 sa-
1872 3025 2064 3076 autem
2098 3038 2199 3076 vos
2242 3020 2510 3091 ignorare
2541 3020 2612 3075 de
2651 3020 3092 3087 dormientibus,
3130 3024 3191 3075 ut
3232 3036 3347 3075 non
3379 3036 3509 3074 con-

177 3127 272 3181 luto
295 3129 471 3203 itaque
510 3150 637 3200 vos,
686 3133 913 3200 fratres,
967 3137 1023 3188 et
1067 3149 1266 3188 omnes
1318 3149 1447 3204 quae
1488 3114 2182 3215 vobiscumclfisl?mini
2232 3114 2375 3215 δίίξξη
2422 3120 2479 3169 εί
2496 3114 2721 3215 ῇεεθίεῗῗί
2771 3114 2869 3185 (Illi
2917 3129 3077 3215 ille?“
3128 3130 3241 3215 ηίξη
3294 3113 3509 3215 lla-bent

177 3219 293 3277 bene
310 3225 552 3281 sentiunt
571 3226 872 3281 Ecclesiae.
900 3227 1359 3297 Nosquoque,ut
1377 3225 1549 3279 modo
1568 3224 1772 3294 facitis,
1811 3207 1929 3281 *(1
1966 3209 2119 3265 ΤῘιθε·
2162 3225 2233 3277 ἰν,
2286 3212 2386 3275 ¹²)·
2424 3227 2449 3258 ))
2496 3208 2605 3262 Hac
2654 3208 2868 3279 itaque:
2921 3208 3099 3262 frater
3151 3207 3503 3277 ChariSSime:

179 3317 223 3368 et
244 3315 594 3389 alloquamini
630 3321 762 3391 peto
798 3318 1053 3375 crebrius
1078 3318 1302 3385 litteris,
1337 3323 1392 3373 et
1411 3316 1774 3390 frequentius
1876 3302 2094 3358 ratione
2132 3306 2447 3373 Ρθτδρθοῖδν
2489 3302 2836 3356 δίυάθηάιιῐη
2888 3302 3050 3357 Ποδίθ
3091 3304 3178 3356 BSt
3223 3318 3295 3356 ηε
3345 3301 3507 3369 (Sicut

176 3406 229 3459 de
252 3408 345 3465 ﬁde
372 3415 427 3465 et
450 3412 520 3467 de
545 3413 704 3467 bona
733 3412 1049 3468 intentione
1088 3416 1274 3467 vestra
1299 3417 1468 3483 atque
1504 3410 1773 3481 sospitate

1876 3396 2138 3466 diximus)
2165 3396 2235 3450 de
2266 3396 2507 3451 mortuis
2531 3395 2872 3486 a‘fﬂigamur,
2899 3396 2946 3449 si
2969 3394 3233 3449 affectum
3262 3394 3500 3449 viventi-

178 3499 433 3572 letiﬁcate,
457 3510 520 3561 ut
540 3506 819 3578 gaudium
844 3522 1144 3562 commune
1171 3505 1480 3561 habeamus
1502 3508 1558 3559 et
1586 3502 1776 3558 Domi-
1871 3491 1978 3546 bus
2005 3489 2429 3561 impendamus,
2461 3487 2668 3559 quibus
2688 3494 2744 3543 et
2773 3488 2951 3558 pietas
2982 3488 3054 3542 ad
3092 3487 3417 3553 utilitatem,
3448 3490 3507 3540 et

176 3610 234 3648 no
248 3597 355 3666 pari
372 3602 500 3654 voto
518 3599 774 3655 fideliter
790 3599 1122 3655 serviamus.
1144 3600 1283 3654 Data
1295 3599 1482 3653 Nonas
1496 3596 1770 3663 Octobris,
1875 3585 1948 3640 Sit
1975 3586 2043 3640 ad
2092 3584 2336 3638 fructum
2369 3583 2617 3638 ἀίῙθοῑίοι
2663 3582 2897 3653 ΠθΡοηθ
2951 3597 3108 3651 θνὲον
3152 3580 3502 3650 οῙῖθιΓίδδίῐΠθ,

174 3689 411 3746 Archadjo
434 3696 490 3748 et
511 3694 771 3749 Bautone
798 3695 862 3748 1v
890 3692 1163 3748 consuﬁb,
1876 3695 2196 3746 maerorem,
2225 3683 2282 3732 et
2306 3693 2529 3731 assume
2558 3675 2902 3747 spiritualem
2926 3675 3177 3729 fructum
3203 3674 3412 3731 laetitia)
3434 3674 3505 3730 ad

240 3768 506 3865 Anastasii
527 3826 699 3882 papa:
723 3811 958 3867 Nmano
982 3809 1314 3865 nobilissimo
1338 3811 1454 3863 vim
1479 3807 1687 3863 directa
1873 3774 2186 3828 utilitatem
2231 3775 2436 3825 sanctae
2480 3770 2580 3825 Dei
2626 3768 2905 3837 Ecclesiae,
2952 3784 3354 3839 servorumque
3382 3768 3504 3838 ejus

838 3861 1304 3952 una
1348 3861 1356 3863 ν
1380 3861 1404 3863 η
1433 3861 1443 3863 τ
1486 3861 1509 3863 -ί
1581 3861 1585 3862 ⁷
1875 3869 2213 3939 profectum,
2240 3870 2297 3920 et
2322 3865 2455 3919 vitae
2476 3864 2598 3934 ejus
2622 3878 2975 3934 quaecunque
3002 3861 3116 3917 Sint
3140 3862 3321 3932 Spatia
3339 3867 3503 3916 θεῖεν·

229 3970 579 4031 Dilectissimo
610 3973 778 4029 fratri
802 3975 1073 4041 pinum,
1106 3976 1463 4028 ΑΝΑειι-Αειυε,
1874 3962 1963 4016 nis
1994 3959 2311 4031 divinisque
2344 3956 2542 4012 ofﬁciis
2567 3957 2844 4010 illustrare
2874 3954 3174 4022 contende,
3204 3958 3267 4008 ut
3292 3953 3389 4025 qui
3416 3953 3501 4008 in-

229 4064 378 4121 Muna
405 4069 547 4124 mihi
571 4069 639 4123 in
669 4068 934 4123 omnibus
964 4067 1097 4123 ﬁdei
1119 4072 1175 4122 et
1202 4066 1468 4121 bonitatis
1489 4069 1601 4121 tua;
1629 4064 1778 4120 line.
1875 4056 2097 4127 signem
2118 4057 2175 4108 te
2186 4052 2450 4125 praestitit
2468 4050 2677 4105 reddat
2691 4049 2796 4103 sibi
2819 4065 2922 4121 per
2945 4049 3148 4105 saecula
3164 4048 3504 4104 saeculorum

174 4155 395 4215 riscansa
418 4136 621 4233 gaudii
646 4166 749 4228 est,
785 4161 937 4233 quod
958 4164 1183 4215 tantum
1212 4160 1467 4215 studium
1488 4159 1634 4214 circa
1651 4157 1778 4213 reli-
1877 4149 2197 4205 clariorem.
2232 4148 2369 4202 Data
2403 4162 2475 4200 vn
2504 4145 2631 4199 ldus
2658 4142 2832 4213 Junii,
2859 4142 3199 4209 Theodosio,
3231 4144 3502 4212 Augusto,

175 4244 325 4317 gionis
344 4256 556 4311 cultum
588 4254 848 4324 exhibes,
882 4261 941 4310 et
970 4252 1203 4309 Domini
1238 4252 1559 4308 sacerdotes
1585 4252 1698 4307 tuis
1716 4251 1777 4304 in
1874 4247 1965 4301 νη
1997 4249 2055 4299 et
2080 4240 2333 4298 Palladio
2352 4240 2420 4296 ιν
2443 4237 2792 4293 consulibus.

184 4356 3490 4392 *Μή-,Μ

578 4485 1217 4577 'INCIPIUNT
1309 4481 1833 4575 DECRETA
1920 4470 2572 4568 INNOCENTII
2658 4468 3018 4561 PAPfE.

421 4633 702 4702 Incipiunt
725 4632 968 4701 capitula
986 4632 1291 4686 Innocentii
1309 4644 1488 4700 papae.
1795 4637 1855 4709 D
1950 4622 2007 4677 Si
2037 4620 2297 4675 instituta
2321 4617 2713 4682 ecclesiastica,
2746 4620 2805 4670 ut
2831 4618 2964 4670 sunt
2987 4613 3212 4709 abeatis
3240 4610 3510 4709 apostolis

184 4733 188 4735 ‘
231 4721 271 4773 l.
299 4721 366 4776 De
391 4724 547 4794 pacis
576 4724 772 4778 osculo
802 4723 988 4779 dando
1015 4726 1143 4795 post
1159 4722 1414 4778 confecta
1447 4720 1737 4793 mysteria.
1797 4705 1839 4709 -
1877 4715 2104 4782 tradita,
2135 4714 2362 4783 integra
2390 4711 2595 4765 vellent
2647 4725 2869 4763 servare
2919 4706 3140 4762 Domini
3168 4705 3508 4774 sacerdotes,

230 4813 275 4866 2.
302 4814 371 4869 De
397 4816 731 4872 nominibus
760 4821 893 4871 ante
938 4833 1164 4888 precem
1195 4815 1471 4870 sacerdoti
1493 4831 1607 4869 non
1635 4813 1776 4868 reci-
1876 4809 2036 4864 nulla
2074 4806 2387 4869 diversitas,
2416 4803 2578 4858 nulla
2604 4803 2845 4858 varietas
2884 4802 2940 4855 in
2970 4800 3106 4872 ipsis
3134 4799 3427 4855 ordinibus
3455 4804 3512 4853 et

176 4904 352 4962 tendis.
1878 4899 2402 4958 consecrationibus
2442 4898 2766 4952 haberetur.
2810 4895 2919 4951 Sed
2952 4896 3089 4950 dum
3119 4893 3511 4965 unusquisque

230 4999 276 5052 3.
303 5002 451 5065 Quod
491 5020 613 5059 non
655 5002 900 5058 debeant
934 5001 1220 5073 baptizati,
1257 5001 1366 5055 nisi
1400 4999 1472 5056 ab
1516 5000 1777 5072 episcopo
1878 5013 1995 5052 non
2017 4995 2172 5068 quod
2191 4992 2467 5049 traditum
2490 4994 2593 5061 est,
2612 4990 2710 5046 sed
2730 4990 2884 5061 quod
2900 4988 3004 5043 sibi
3020 4988 3199 5043 visum
3220 4987 3390 5042 fuerit
3406 4986 3511 5040 hoc

173 5093 482 5165 consignari.
1878 5089 2166 5145 existimat
2208 5103 2325 5142 esse
2365 5085 2702 5151 tenendum,
2751 5084 2884 5138 inde
2932 5083 3152 5138 diversa
3194 5081 3252 5136 in
3278 5078 3511 5136 diversis

230 5181 275 5235 4.
300 5184 447 5248 Quod
474 5187 586 5242 rite
628 5186 786 5241 omni
812 5185 1052 5241 Sabbato
1075 5183 1388 5255 jejunetur.
1877 5184 2032 5250 locis,
2059 5182 2145 5237 vel
2178 5180 2426 5236 ecclesiis
2451 5184 2550 5234 aut
2578 5176 2764 5233 teneri
2792 5181 2892 5232 aut
2920 5176 3199 5232 celebrari
3223 5174 3506 5237 videntur,

230 5278 275 5330 5.
303 5278 373 5332 De
414 5280 703 5335 fermento
730 5279 884 5352 quod
915 5278 1151 5334 civitatis
1181 5280 1404 5333 tantum
1433 5277 1778 5349 presbyteris
1877 5294 1941 5332 ac
1961 5276 2027 5330 fit
2044 5275 2379 5330 scandalum
2396 5271 2643 5345 populis,
2664 5271 2796 5343 quia
2817 5271 2953 5326 dum
2980 5269 3243 5324 nesciunt
3260 5264 3507 5320 traditio-

174 5364 444 5441 dirigatur.
522 5429 526 5434 ,

1879 5387 1979 5425 nes
2003 5370 2267 5441 antiquas
2292 5368 2547 5423 humana
2576 5364 3023 5437 praesumptione
3051 5365 3366 5430 corruptas,
3394 5373 3505 5428 pu-

228 5465 273 5517 6.
306 5465 379 5521 De
403 5467 815 5539 energumenis
852 5465 1167 5538 baptizatis.
1246 5534 1253 5539 _
1877 5467 1998 5519 tant
2044 5463 2150 5517 sibi
2194 5465 2294 5516 aut
2336 5460 2600 5515 ecclesias
2642 5476 2756 5515 non
2798 5456 3119 5522 convenire,
3152 5455 3251 5507 aut
3273 5451 3344 5505 ab
3370 5466 3503 5520 apo-

227 5558 273 5609 7.
298 5557 369 5613 De
386 5534 812 5631 paenitentibus.
926 5534 946 5538 -
1246 5534 1263 5551 κ
1878 5557 2055 5627 stolis,
2076 5556 2290 5611 scilicet
2312 5555 2382 5610 ab
2406 5553 2729 5626 apostolicis
2750 5552 2902 5619 viris,
2933 5545 3388 5604 contrarietatem
3415 5542 3504 5597 in-

226 5651 271 5702 8.
299 5652 373 5707 De
411 5654 650 5726 epistola
694 5653 872 5711 sancti
921 5652 1115 5710 Jacobi
1152 5650 1414 5724 apostoli,
1446 5650 1505 5707 in
1532 5667 1646 5724 qua
1673 5668 1778 5723 pro
1877 5651 2123 5706 ductam.
2154 5648 2291 5714 Quis
2311 5648 2466 5703 enim
2494 5646 2709 5702 nesciat
2738 5649 2835 5700 aut
2860 5658 2974 5698 non
2998 5640 3253 5695 advertat
3270 5636 3330 5693 id
3356 5636 3510 5708 quod

175 5736 386 5799 inﬁrmis
416 5763 584 5802 orare
613 5748 958 5819 praecipitur.
1776 5788 1779 5791 η
1880 5760 1913 5798 a
1942 5743 2198 5815 principe
2223 5743 2608 5813 apostolorum
2629 5742 2792 5795 Petro
2816 5738 3089 5792 Romanas
3106 5730 3364 5788 Ecclesiae
3389 5733 3506 5786 tra-

236 5837 593 5911 leocasrms,
620 5843 880 5901 Dscezvno
911 5841 1172 5916 episcOpo
1204 5838 1486 5912 Egubino,
1514 5838 1776 5895 salutem.
1880 5837 2064 5894 ditum
2090 5841 2175 5895 est
2198 5854 2262 5893 ac
2287 5852 2440 5894 nunc
2465 5850 2645 5909 usque
2665 5829 2996 5899 custoditur,
3029 5828 3102 5885 ab
3124 5826 3388 5884 omnibus
3409 5824 3504 5883 de-
