4026 6182
502 245 605 299 695

1403 236 1683 292 ΑΡΡΕΝΙ).
1726 237 1812 290 AD
1851 237 2011 291 SEC.
2055 237 2130 291 IX.

2231 265 2236 273 -
2277 235 2516 290 lSlDOBl
2557 233 2978 290 MERCATOBIS
3588 199 3600 206 .
3676 251 3749 304 696

502 354 638 408 bere
668 349 895 415 servari,
933 364 1037 403 nec
1081 343 1412 417 superduci,
1452 351 1549 401 aut
1587 344 1867 400 introduci
1911 345 2127 418 aliquid
2149 345 2473 434 Afrontem
2499 362 2568 400 ex
2599 345 2801 400 eodem
2831 343 2956 398 oleo
2992 343 3240 416 signare,
3273 347 3407 417 quod
3444 350 3552 404 solis
3577 351 3753 410 debetur

504 445 659 517 quod
689 447 789 498 aut
817 441 1209 496 auctoritatem
1241 457 1357 495 non
1389 440 1616 509 habeat,
1648 443 1747 495 aut
1776 440 2009 495 aliunde
2043 457 2128 495 ac-

502 540 546 594 ci
555 555 688 610 pere
718 536 980 591 videatur
1011 535 1384 607 exemplum?
1411 535 1733 589 Praesertim
1759 551 1889 589 cum
1916 535 1989 589 sit
2013 551 2130 588 ma-

503 633 772 688 nifestum
799 630 858 684 in
890 646 1120 684 omnem
1138 629 1377 698 Italiam,
1410 628 1629 697 Gallias,
1654 627 1964 700 Hispanias,
1987 628 2131 683 Afri-

501 742 647 795 cam,
681 729 849 796 atque
869 724 1114 780 Siliciam
1136 724 1461 795 insulasque
1485 722 1882 794 iuterjacentes
1905 722 2129 778 nullum

497 819 806 874 instituisse
835 818 1132 885 Ecclesias,
1181 817 1284 872 nisi
1318 834 1416 873 eos
1455 833 1596 888 quos
1625 816 1968 872 venerabilis
1997 833 2130 888 apo-

499 913 675 968 stolus
727 914 944 980 Petrus,
990 915 1089 966 aut
1139 912 1260 982 ejus
1310 926 1660 985 successores
1712 910 2130 966 constituerunt

499 1007 842 1074 sacerdotes,
889 1011 986 1061 aut
1032 1007 1231 1077 legant
1269 1005 1313 1060 si
1362 1005 1420 1060 in
1479 1005 1566 1058 his
1609 1004 1929 1076 provinciis,
1987 1004 2130 1058 alius

500 1099 886 1173 apostolorum
918 1100 1204 1154 invenitur
1229 1105 1329 1154 aut
1356 1099 1566 1168 legitur
1591 1099 1869 1154 docuisse.
1902 1099 2063 1163 Quod
2084 1099 2128 1153 si

498 1212 617 1250 non
643 1195 862 1265 legunt,
911 1193 1042 1265 quia
1087 1209 1372 1264 nusquam
1414 1192 1724 1259 invenitur,
1767 1195 1988 1263 oportet
2035 1209 2129 1247 eos

499 1289 609 1343 hoc
653 1288 815 1359 sequi
863 1287 1015 1358 quod
1066 1286 1308 1342 Ecclesia
1359 1287 1619 1340 Romana
1645 1286 1912 1350 custodit,
1956 1303 1990 1341 a
2019 1303 2126 1358 qua

501 1400 597 1437 cos
622 1381 966 1453 principium
999 1380 1280 1452 accepisse
1322 1397 1440 1435 non
1477 1379 1718 1434 dubium
1744 1383 1848 1446 est,
1887 1396 1960 1435 ne
1992 1380 2128 1434 dum

501 1473 820 1546 peregrinis
833 1473 1238 1529 assertionibus
1251 1473 1500 1540 student,
1520 1477 1690 1544 caput
1703 1472 2128 1528 institutionum

499 1569 802 1623 videantur
833 1567 1112 1623 omittere.
1145 1567 1304 1638 Saepe
1344 1566 1709 1622 dilectionem
1752 1570 1910 1621 tuam
1938 1566 2010 1621 ad
2044 1583 2132 1621 ur-

501 1663 632 1717 bem
664 1661 885 1716 venisse
915 1678 979 1716 ac
1003 1660 1304 1716 nobiscum
1331 1660 1390 1714 in
1415 1660 1643 1715 ecclesia
1666 1660 1992 1715 convenisse
2015 1677 2130 1716 non

2231 439 2528 511 episcopis,
2559 455 2688 494 cum
2723 437 2951 494 tradunt
2976 438 3246 510 Spiritum
3274 441 3600 510 paracletum.
3621 448 3756 505 Verba

2230 549 2360 588 vero
2392 533 2578 587 dicere
2612 549 2728 587 non
2757 548 3009 603 possum,
3056 548 3127 587 ne
3165 531 3339 604 magis
3367 535 3574 605 prodere
3595 539 3742 596 videar

2230 643 2400 698 quam
2430 627 2501 681 ad
2531 626 3005 681 consultationem
3033 626 3384 698 respondere.

2300 721 2386 775 lV.
2423 719 2668 776 Sabbato
2697 735 2829 774 vero
2847 719 2928 790 jej
2939 719 3232 774 unandum
3250 735 3360 774 esse
3383 721 3506 776 ratio
3530 724 3762 781 evidentis-

2230 813 2376 868 sima
2402 813 2774 868 demonstrat.
2805 814 2940 867 Nam
2965 813 3011 867 si
3039 812 3191 867 diem
3212 813 3541 870 Dominicum
3562 817 3619 871 ob
3636 835 3760 875 vene-

2229 912 2467 966 rabilem
2501 912 2973 967 resurrectionem
3012 910 3240 967 Domini
3285 912 3447 966 nostri
3471 915 3582 969 Jesu
3612 915 3767 972 Christi

2229 1022 2345 1060 non
2375 1006 2561 1060 solum
2599 1006 2658 1060 in
2702 1006 2912 1061 Pascha
2943 1005 3314 1072 celebramus,
3350 1008 3671 1065 verumetiam
3693 1027 3767 1080 per

2231 1099 2480 1171 singulos
2507 1099 2742 1154 circulos
2769 1098 3263 1154 hebdomadarum
3301 1099 3464 1170 ipsius
3499 1100 3593 1155 diei
3619 1094 3768 1174 iui-agi-

2229 1210 2363 1248 nem
2388 1193 2834 1265 frequentamus,
2867 1210 2930 1247 ac
2960 1192 3004 1246 si
3033 1197 3193 1247 sexta
3235 1192 3368 1249 feria
3391 1196 3595 1265 propter
3615 1196 3768 1266 passio-

2229 1303 2364 1341 nem
2406 1286 2633 1340 Domini
2672 1286 3020 1357 jejunamus,
3071 1285 3378 1343 Sabbatum
3414 1288 3771 1358 praetermittere

2232 1397 2344 1434 non
2377 1379 2670 1446 debemus,
2719 1379 3046 1452 quodginter
3066 1379 3355 1434 tristitiam
3391 1385 3542 1452 atque
3575 1380 3771 1435 laetitiam

2231 1477 2504 1549 temporis
2528 1477 2680 1532 illius
2705 1478 2929 1533 videtur
2947 1478 3248 1533 inclusum.
3271 1478 3404 1532 Nam
3415 1478 3591 1549 utique
3609 1482 3774 1532 constat

2229 1572 2513 1644 apostolos
2542 1571 2719 1626 biduo
2745 1571 2806 1627 in
2836 1572 3069 1628 tristitia
3105 1575 3161 1627 et
3205 1572 3262 1627 in
3291 1587 3517 1627 maerore
3547 1570 3703 1636 fuisse,
3735 1576 3774 1623 et

2231 1670 2464 1737 propter
2483 1671 2700 1721 metum
2717 1665 3042 1720 Judaeorum
3059 1682 3116 1720 se
3137 1666 3459 1722 occuluisse.
3473 1665 3612 1730 Quod
3626 1664 3775 1735 utique

3748 586 3756 609 ι

502 1755 742 1810 dubium
773 1759 874 1822 est,
906 1760 962 1810 et
987 1771 1160 1826 quem
1180 1771 1398 1809 morem
1422 1754 1481 1808 in
1501 1753 1898 1809 consecrandis
1915 1759 2128 1825 myste-
2150 1754 2205 1825 B
2231 1777 2344 1815 non
2372 1759 2609 1815 dubium
2628 1764 2712 1815 est
2749 1760 2807 1814 in
2848 1764 3075 1815 tantum
3101 1776 3199 1816 eos
3216 1759 3493 1831 jejunasse
3518 1757 3665 1812 biduo
3687 1773 3774 1810 me-

498 1855 595 1909 riis
618 1856 705 1909 vel
727 1855 785 1908 in
817 1854 1034 1910 caeteris
1065 1853 1304 1924 agendis
1328 1852 1550 1908 arcanis
1568 1856 1756 1908 teneat
1774 1853 2126 1925 cognovisse.

500 1949 660 2014 Quod
686 1948 946 2003 sufficere
976 1947 1281 2001 arbitrarer
1295 1947 1365 2001 ad
1385 1946 1849 2001 informationem
1871 1947 2130 2002 Ecclesia:

498 2045 612 2097 tum
629 2043 713 2097 vel
735 2041 1227 2108 reformationem,
1263 2041 1307 2094 si
1326 2057 1696 2111 praecessores
1725 2041 1807 2095 tui
1824 2041 2015 2094 minus
2034 2041 2132 2094 ali-

498 2136 658 2207 quid,
686 2140 784 2190 aut
807 2135 970 2190 aliter
995 2133 1283 2189 tenuerint
1303 2135 1434 2189 satis
1465 2138 1684 2190 certum
1711 2135 1999 2203 haberem,
2024 2135 2131 2188 nisi

503 2229 574 2283 de
606 2229 891 2301 aliquibus
923 2227 1302 2283 consulendos
1336 2246 1440 2284 nos
1469 2245 1590 2284 esse
1630 2228 1880 2294 dixisses,
1927 2228 2133 2300 quibus

501 2323 709 2376 idcirco
739 2322 1137 2392 respondimus
1175 2340 1293 2378 non
1333 2323 1483 2394 quod
1514 2325 1568 2377 te
1616 2321 1829 2393 aliquid
1869 2322 2130 2392 ignorare

501 2417 818 2486 credamus,
838 2417 934 2472 sed
951 2417 1229 2488 utmajori
1246 2417 1581 2472 auctoritate
1601 2417 1685 2470 vel
1706 2419 1831 2470 tuos
1851 2415 2128 2485 instituas,

503 2512 584 2564 vel
614 2511 659 2564 si
690 2509 839 2581 quia
865 2511 1138 2566 Romanae
1164 2511 1422 2566 Ecclesiae
1451 2509 1898 2566 institutionibus
1919 2515 2129 2577 errant,

496 2608 595 2658 aut
621 2621 1006 2674 commoneas,
1037 2608 1136 2660 aut
1159 2605 1410 2661 indicare
1440 2621 1555 2660 non
1603 2604 1851 2671 differas,
1895 2608 1957 2659 ut
1991 2604 2132 2659 scire

504 2698 786 2752 valeamus
819 2698 917 2770 qui
946 2698 1059 2752 sint
1087 2699 1185 2769 qui
1213 2703 1312 2753 aut
1350 2698 1631 2753 novitates
1681 2697 1980 2767 inducunt,
2035 2702 2136 2752 aut

503 2791 734 2845 alterius
760 2791 1020 2846 Ecclesiae
1045 2809 1220 2863 quam
1253 2794 1525 2848 Romanae
1553 2791 1878 2847 existimant
1902 2808 2134 2846 consue-

503 2885 758 2939 tudinem
788 2901 908 2940 esse
937 2885 1293 2941 servandam.

575 2980 700 3034 Cap.
751 2979 788 3032 Ι.
847 2981 1031 3033 Pacem
1067 2994 1202 3050 ergo
1243 2978 1444 3033 asseris
1473 2982 1604 3033 ante
1635 2979 1896 3034 confecta
1921 2981 2131 3050 myste-

506 3073 589 3126 ria
611 3071 888 3142 quosdam
921 3072 1146 3143 populis
1172 3073 1474 3143 imperare,
1523 3073 1611 3127 vel
1639 3071 1742 3127 sibi
1770 3072 1921 3128 inter
1946 3090 2129 3128 sacer-

505 3167 664 3221 dotes
714 3165 960 3233 tradere,
1001 3183 1153 3233 cum,
1197 3171 1323 3238 post
1363 3165 1555 3221 omnia
1593 3183 1722 3237 quae
1762 3166 1984 3238 aperire
2014 3183 2132 3222 non

504 3260 706 3327 debeo,
737 3276 845 3330 pax
872 3260 945 3315 sit
973 3261 1288 3315 necessaria
1317 3259 1646 3328 indicenda,
1676 3277 1780 3331 per
1803 3277 1976 3332 quam
2003 3278 2136 3316 con-

504 3357 612 3408 stet
644 3353 923 3425 populum
959 3355 1029 3409 ad
1059 3354 1252 3410 omnia
1281 3371 1408 3426 quae
1438 3354 1496 3440 ιη
1542 3354 1825 3426 mysteriis
1862 3360 2130 3427 aguntur,

502 3452 671 3518 atque
697 3447 756 3502 in
775 3447 1006 3503 ecclesia
1025 3447 1403 3514 celebrantur,
1437 3447 1745 3518 praebuisse
1771 3465 2131 3519 consensum,

500 3557 564 3595 ac
592 3540 753 3596 ﬁnita
783 3557 904 3597 esse
933 3541 1089 3613 pacis
1132 3540 1525 3597 concludentis
1560 3541 1857 3613 signaculo
1895 3543 2130 3598 demon~

505 3637 775 3690 strentur.

574 3729 638 3782 ll.
672 3729 747 3783 De
769 3729 1097 3785 nominibus
1116 3747 1250 3785 vero
1273 3730 1581 3784 recitandis
1599 3733 1910 3802 antequam
1939 3747 2135 3802 preces

503 3822 768 3878 sacerdos
815 3823 1006 3894 faciat,
1048 3827 1220 3896 atque
1269 3840 1467 3880 eorum
1511 3823 1847 3892 oblationes,
1888 3841 2135 3896 quorum

503 3917 739 3970 nomina
781 3917 1074 3972 recitanda
1119 3923 1269 3987 sunt,
1313 3935 1415 3972 sua
1447 3918 1701 3972 oratione
1749 3919 2132 3985 commendet,

503 4027 677 4082 quam
708 4011 1062 4082 superﬂuum
1091 4012 1181 4080 sit,
1217 4015 1274 4066 et
1299 4011 1419 4083 ipse
1444 4028 1548 4084 per
1581 4014 1740 4066 tuam
1771 4011 2134 4083 prudentiam

501 4105 880 4175 recognoscis,
918 4110 984 4160 ut
1023 4106 1183 4176 cujus
1227 4105 1439 4161 hostias
1483 4105 1740 4160 nondum
1785 4105 1898 4159 Deo
1927 4104 2134 4160 offeras

504 4198 623 4268 ejus
641 4200 774 4252 ante
801 4214 1014 4253 nomen
1045 4198 1320 4267 insinues,
1363 4198 1620 4270 quamvis
1654 4198 1737 4252 illi
1776 4197 2132 4269 incognitum

505 4290 574 4344 sit
603 4289 766 4344 nihil.
796 4290 955 4344 Prius
975 4290 1128 4346 enim
1155 4291 1469 4346 oblationes
1490 4293 1622 4346 sunt
1641 4291 2130 4362 commendandae,

503 4399 567 4438 ac
593 4386 727 4438 tunc
755 4400 955 4439 eorum
984 4384 1220 4440 nomina
1244 4390 1378 4440 sunt
1403 4385 1699 4454 edicenda,
1729 4388 1792 4440 ut
1815 4385 1966 4440 inter
1979 4402 2134 4441 sacra

502 4478 771 4549 mysteria
795 4477 1179 4549 nominentur,
1205 4495 1319 4534 non
1351 4479 1500 4534 inter
1529 4479 1641 4535 alia
1665 4495 1794 4551 qum
1827 4483 1960 4535 ante
1991 4496 2131 4552 pree-
2151 4503 2208 4575 D

504 4571 800 4643 mittimus,
850 4577 910 4629 ut
950 4572 1087 4646 ipsis
1115 4573 1398 4645 mysteriis
1436 4573 1587 4629 viam
1623 4573 1828 4629 futuris
1864 4573 2130 4646 precibus

501 4666 842 4736 aperiamus.

573 4761 657 4814 ΠΙ.
698 4762 778 4815 De
818 4760 1224 4833 consignandis
1262 4777 1396 4816 vero
1426 4760 1740 4818 infantibus
1765 4761 2130 4818 manifestum

500 4856 586 4907 est
611 4853 681 4907 ab
706 4853 813 4908 alio
839 4853 962 4909 fieri
989 4871 1159 4926 quam
1194 4855 1262 4910 ab
1294 4855 1560 4927 episcopo
1602 4872 1718 4911 non
1760 4855 1950 4912 licere.
1990 4858 2130 4911 Nam

500 4946 832 5019 presbyteri,
872 4947 1002 5002 licet
1041 4949 1154 5003 sint
1183 4949 1520 5016 sacerdotes,
1551 4949 1910 5021 pontiﬁcatus
1939 4953 2130 5006 tamen

499 5039 719 5113 apicem
748 5057 865 5096 non
884 5041 1116 5111 habent,
1149 5043 1271 5097 haec
1292 5047 1488 5098 autem
1514 5044 1875 5114 pontiﬁcibus
1891 5045 2025 5099 solis
2041 5045 2132 5100 de-

501 5133 645 5204 beri,
696 5137 762 5188 ut
795 5133 886 5189 vel
928 5134 1286 5207 consignent,
1333 5138 1417 5191 vel
1457 5137 1809 5209 paracletum
1855 5137 2131 5209 Spiritum

501 5228 746 5299 tradant,
779 5245 894 5284 non
921 5229 1107 5284 solum
1129 5231 1482 5286 consuetudo
1503 5231 1871 5287 ecclesiastica
1891 5232 2126 5288 demon-

499 5326 659 5390 strat,
690 5339 890 5377 verum
917 5322 1014 5377 illa
1040 5322 1206 5379 lectio
1221 5327 1461 5380 Actuum
1480 5325 1867 5396 apostolorum
1894 5342 2021 5397 quae
2038 5341 2128 5379 as-

497 5416 632 5471 serit
659 5418 889 5472 Petrum
917 5422 974 5472 et
997 5418 1272 5474 Joannem
1299 5434 1420 5473 esse
1449 5418 1713 5488 directos,
1753 5419 1851 5490 qui
1874 5419 2000 5489 jam
2028 5419 2127 5473 ba-

496 5510 716 5580 ptizatis
732 5511 1027 5567 traderent
1039 5511 1312 5584 Spiritum
1327 5517 1606 5568 sanctum.
1625 5514 1765 5566 Nam
1788 5511 2130 5584 presbyteris

501 5619 597 5658 seu
621 5608 780 5660 extra
810 5604 1162 5678 episcopum,
1207 5623 1306 5662 seu
1353 5610 1633 5677 praesente
1677 5605 1946 5677 episcopo
1995 5623 2130 5662 cum

500 5695 810 5768 baptizant,
865 5699 1170 5755 chrismate
1216 5699 1527 5770 baptizatos
1568 5715 1785 5770 ungere
1829 5699 1978 5767 licet,
2027 5700 2129 5756 sed

504 5789 658 5858 quod
705 5791 776 5844 ab
818 5791 1084 5864 episcopo
1134 5792 1307 5849 fuerit
1349 5797 1757 5863 consecratum,
1800 5810 1911 5851 non
1939 5797 2127 5852 tamen

2233 1857 2474 1924 morato,
2510 1857 2570 1907 ut
2598 1853 2822 1908 traditio
2851 1853 3108 1908 Ecclesize
3127 1853 3334 1908 habeat
3359 1853 3458 1908 isto
3476 1851 3628 1906 biduo
3649 1867 3778 1904 sacra-

2232 1951 2423 2002 menta
2448 1947 2678 2019 penitus
2709 1963 2823 2002 non
2853 1947 3154 2016 celebrari;
3183 1963 3310 2019 qua:
3329 1947 3512 2018 utique
3539 1945 3690 1999 forma
3709 1959 3779 2014 per

2232 2042 2481 2112 singulas
2512 2041 2760 2096 tenenda
2799 2045 2884 2095 est
2925 2041 3320 2096 hebdomadas
3366 2043 3581 2112 propter
3604 2037 3652 2093 id
3673 2036 3779 2108 quod

2231 2135 2701 2190 commemoratio
2744 2134 2857 2190 diei
2900 2134 3051 2189 illius
3094 2151 3326 2206 semper
3365 2138 3447 2188 est
3493 2129 3780 2186 celebranda.

2231 2229 2391 2294 Quod
2421 2229 2467 2283 si
2501 2233 2702 2300 putant
2737 2229 2910 2284 semel
2951 2232 3124 2300 atque
3173 2244 3293 2282 uno
3331 2226 3556 2284 Sabbato
3584 2224 3787 2296 jejunan~

2232 2323 2387 2390 dum,
2428 2339 2565 2394 ergo
2597 2327 2654 2376 et
2683 2322 2993 2389 Dominica,
3029 2327 3086 2376 et
3115 2327 3273 2378 sexta
3299 2321 3439 2378 feria
3467 2319 3619 2375 semel
3642 2317 3689 2371 in
3712 2317 3782 2370 Pa-

2233 2417 2368 2471 scha
2418 2417 2526 2471 erit
2576 2416 2771 2488 utique
2825 2416 3181 2471 celebranda.
3231 2416 3292 2472 Si
3339 2417 3522 2471 autem
3568 2408 3786 2467 Dominici

2234 2510 2366 2580 diei,
2399 2516 2455 2565 et
2484 2516 2655 2565 sexta:
2683 2510 2841 2566 feriae
2883 2526 2986 2581 per
3011 2509 3265 2582 singulas
3287 2506 3644 2565 hebdomadas
3663 2519 3784 2573 repa-

2234 2605 2411 2658 randa
2431 2605 2622 2675 imago
2647 2608 2750 2674 est,
2773 2603 3053 2659 dementis
3080 2609 3162 2659 est
3185 2604 3349 2659 bidui
3368 2618 3530 2675 agere
3548 2600 3786 2656 consuetu-

2235 2699 2428 2754 dinem
2479 2698 2718 2753 Sabbato
2776 2697 3177 2770 praetermisso,
3240 2714 3372 2752 cum
3417 2713 3525 2752 non
3561 2694 3786 2764 disparem

2235 2791 2406 2847 habet
2433 2808 2661 2846 causam
2686 2809 2720 2846 a
2739 2795 2895 2847 sexta
2921 2791 3180 2847 videlicet
3206 2791 3351 2848 feria
3376 2791 3434 2845 in
3457 2805 3561 2862 qua
3579 2784 3792 2842 Dominus

2235 2903 2429 2957 passus
2459 2889 2560 2953 est,
2593 2885 2824 2958 quando
2851 2889 2908 2942 et
2939 2885 3010 2941 ad
3035 2885 3250 2941 inferos
3295 2885 3420 2954 fuit,
3469 2889 3527 2938 ut
3559 2879 3697 2936 tertia
3726 2876 3790 2930 die

2233 2997 2536 3051 resurgens
2566 2980 2828 3036 redderet
2875 2979 3132 3034 ltetitiam
3171 2983 3305 3052 post
3345 2978 3633 3035 biduanam
3669 2969 3793 3026 tristi-

2235 3073 2370 3128 tiam
2419 3073 2862 3145 praecedentem.
2906 3075 3029 3128 Non
3076 3089 3214 3146 ergo
3262 3091 3368 3130 nos
3407 3083 3660 3142 negamus
3681 3065 3792 3119 sexta

2235 3167 2379 3222 feria
2401 3167 2805 3238 jejunandum,
2835 3168 2932 3223 sed
2950 3167 3192 3222 dicimus
3220 3173 3280 3223 et
3307 3165 3543 3223 Sabbato
3562 3163 3656 3218 hoc
3671 3172 3796 3230 agen-

2233 3261 2390 3328 dum,
2417 3261 2551 3333 quia
2580 3261 2753 3316 ambo
2773 3261 2891 3316 dies
2916 3261 3202 3316 tristitiam
3217 3260 3505 3334 apostolis,
3534 3257 3613 3312 vel
3637 3254 3708 3308 his
3723 3248 3794 3322 qui

2231 3354 2516 3410 Christum
2546 3355 2722 3409 secuti
2768 3358 2902 3410 sunt
2938 3354 3286 3426 indixerunt,
3326 3353 3424 3427 qui
3453 3353 3541 3408 die
3569 3343 3797 3405 Dominico

2234 3449 2527 3503 exhilarati
2550 3465 2667 3502 non
2693 3449 2874 3504 solum
2896 3449 3084 3522 ipsum
3098 3449 3524 3505 festivissimum
3541 3459 3646 3499 esse
3661 3439 3798 3494 volue—

2232 3545 2385 3611 runt,
2413 3558 2609 3596 verum
2635 3541 2809 3598 etiam
2827 3559 2929 3614 per
2951 3559 3149 3599 omnes
3174 3540 3562 3600 hebdomadas
3587 3537 3794 3606 frequen-

2233 3636 2470 3691 tandum
2495 3653 2616 3691 esse
2651 3636 2934 3692 dixerunt.

2309 3729 2356 3802 1
2374 3729 2429 3801 7
2444 3729 2492 3802 1
2525 3732 2588 3786 V.
2613 3732 2688 3785 De
2709 3731 2993 3785 fermento
3010 3746 3141 3786 vero
3163 3731 3321 3803 quod
3343 3730 3432 3786 die
3453 3723 3716 3784 Dominico
3729 3734 3801 3792 per

2232 3825 2423 3878 titulos
2458 3825 2754 3892 mittimus,
2787 3825 3074 3897 superﬂue
3108 3842 3210 3880 nos
3247 3825 3543 3881 consulere
3585 3813 3798 3872 voluistis,

2233 3935 2364 3973 cum
2391 3935 2590 3972 omnes
2616 3918 2873 3974 Ecclesiae
2889 3923 3088 3974 vestrae
3109 3908 3260 3974 intra
3283 3919 3565 3974 civitatem
3583 3913 3696 3968 sunt
3710 3922 3803 3962 con-

2235 4011 2462 4078 stitutee,
2481 4028 2722 4084 quarum
2742 4012 3076 4084 presbyteri,
3099 4013 3235 4085 quia
3255 4013 3346 4068 die
3365 4013 3485 4084 ipso
3504 4010 3708 4081 propter
3720 3998 3799 4072 ple-

2233 4105 2363 4159 bem
2382 4104 2487 4159 sibi
2509 4105 2787 4161 creditam
2808 4106 3110 4160 nobiscum
3136 4105 3445 4162 convenire
3473 4119 3577 4157 non
3600 4097 3802 4173 possunt.

2233 4198 2440 4253 idcirco
2465 4199 2811 4254 fermentum
2835 4216 2868 4253 a
2895 4199 3060 4254 nobis
3097 4200 3422 4255 confectum
3454 4213 3550 4270 per
3574 4190 3801 4262 acolythOS

2231 4293 2532 4365 accipiunt,
2560 4299 2624 4348 ut
2649 4311 2707 4348 se
2733 4312 2766 4349 a
2797 4297 2988 4349 nostra
3018 4294 3457 4361 communione,
3492 4287 3712 4346 maxime
3736 4280 3804 4335 illa

2233 4387 2323 4442 die
2353 4404 2467 4442 non
2487 4387 2745 4458 judicent
2773 4392 3080 4459 separatos,
3111 4389 3265 4460 quod
3288 4404 3397 4461 per
3420 4381 3692 4458 parochias
3713 4370 3801 4428 ﬁeri

2232 4481 2437 4536 debere
2464 4498 2580 4537 non
2613 4485 2770 4552 puto,
2803 4481 2932 4553 quia
2965 4498 3076 4535 non
3105 4482 3278 4553 longe
3314 4478 3592 4553 portanda
3613 4473 3727 4530 sunt
3747 4482 3805 4519 sa-

2231 4579 2537 4642 cramenta,
2567 4591 2672 4630 nec
2698 4592 2800 4630 nos
2831 4592 2932 4646 per
2958 4575 3283 4630 caemeteria
3303 4575 3522 4630 diversa
3542 4557 3805 4625 constiti!tis

2231 4668 2572 4740 presbyteris
2596 4669 2959 4735 destinamus,
3009 4673 3069 4723 ut
3091 4674 3146 4723 et
3167 4667 3488 4740 presbyteri
3515 4676 3696 4722 eorum
3712 4669 3808 4711 con-

2231 4761 2599 4817 ﬁciendorum
2619 4761 2716 4834 jus
2743 4763 2987 4817 habeant
3012 4768 3183 4835 atque
3213 4762 3526 4817 licentiam.

2301 4856 2380 4908 Vl.
2414 4857 2490 4911 De
2522 4855 2609 4910 his
2638 4872 2767 4910 vero
2796 4855 3112 4927 baptizatis,
3142 4855 3236 4927 qui
3271 4862 3474 4927 postea
3506 4869 3539 4907 a
3575 4841 3806 4906 daemonio

2229 4954 2326 5004 aut
2353 4949 2484 5004 vitio
2499 4949 2710 5022 aliquo,
2734 4954 2834 5004 aut
2860 4953 3090 5021 peccato
3113 4949 3555 5014 interveniente,
3575 4938 3806 5012 arripiun-

2231 5047 2341 5111 tur,
2371 5043 2629 5116 quaesivit
2677 5043 2901 5098 dilectio
2945 5049 3060 5110 tua,
3109 5043 3212 5097 sia
3241 5043 3576 5116 presbytero
3607 5035 3684 5090 vel
3717 5031 3809 5085 dia-

2231 5154 2374 5192 cono
2426 5137 2644 5209 possint
2692 5142 2792 5192 aut
2836 5137 3081 5192 debeant
3135 5135 3484 5208 consignari,
3529 5129 3668 5205 quod
3711 5126 3810 5186 ιιοε,

2234 5231 2339 5287 nisi
2366 5231 2660 5304 episcopus
2688 5231 3046 5303 praeceperit,
3078 5247 3193 5286 non
3221 5230 3376 5286 licet.
3398 5231 3535 5285 Nam
3561 5226 3636 5282 eis
3654 5231 3814 5277 manus

2231 5325 2574 5396 imponenda
2603 5324 2840 5380 omnino
2875 5341 2988 5379 non
3021 5329 3124 5394 est,
3154 5324 3259 5380 nisi
3289 5324 3582 5396 episcopus
3607 5307 3810 5372 auctori-

2232 5422 2409 5473 tatem
2436 5418 2657 5474 dedcrit
2677 5418 2732 5473 id
2763 5417 3030 5487 faciendi,
3049 5423 3115 5474 ut
3138 5422 3336 5473 autem
3355 5417 3473 5484 fiat,
3500 5407 3730 5487 episcopi
3754 5405 3816 5457 θεῖ

2229 5512 2509 5584 imperare
2536 5518 2600 5568 ut
2630 5529 2834 5568 manus
2869 5511 2949 5568 eis
2987 5512 3075 5567 vel
3115 5530 3147 5568 a
3178 5511 3533 5585 presbytero,
3565 5509 3617 5563 et
3640 5521 3668 5558 a
3691 5502 3814 5556 cete-

2230 5607 2307 5661 ris
2339 5607 2556 5662 clericis
2593 5607 2938 5679 imponatur.
2985 5608 3125 5662 Nam
3165 5605 3460 5679 quomodo
3490 5603 3547 5658 id
3575 5598 3688 5656 fieri
3724 5593 3815 5647 sine

2231 5717 2444 5773 magno
2475 5700 2664 5756 labore
2695 5699 2925 5773 poterit,
2953 5704 3021 5755 ut
3044 5700 3217 5772 longe
3245 5699 3580 5754 constitutus
3613 5698 3814 5757 energu-

2233 5811 2434 5853 menus
2461 5795 2533 5852 ad
2565 5795 2893 5872 episcopum
2934 5795 3267 5864 deducatur,
3309 5811 3438 5852 cum
3477 5792 3518 5848 si
3550 5788 3666 5845 talis
3694 5793 3818 5837 casu!
