4026 6182
241 331 324 393 697

1345 313 1358 318 ’
1435 325 1909 389 DECRETALIUM
1947 327 2332 389 COLLECTIO.

3455 342 3556 393 698

240 449 279 500 ei
304 447 352 500 in
399 444 588 499 itinere
618 443 910 514 acciderit,
955 447 1021 500 ut
1073 460 1175 500 nec
1201 444 1339 499 ferri
1365 445 1437 499 ad
1470 444 1820 516 episcOpum,
1845 457 1904 529 Α
1994 445 2046 498 lt.
2082 444 2157 496 De
2203 442 2466 497 uxoribus
2501 443 2856 512 clericorum,
2896 447 2962 498 ut
2995 444 3306 514 virginibus
3343 445 3562 500 socien-

239 556 325 594 nec
349 537 526 593 referri
552 537 625 591 ad
651 555 752 592 sua
781 539 946 593 facile
986 539 1208 610 possit?

294 633 388 687 Wl.
416 633 486 686 De
518 631 916 703 paenitentibus
941 649 1076 687 vero
1106 632 1204 704 qui
1232 631 1346 686 sive
1376 648 1443 687 ex
1469 630 1824 702 gravioribus

237 725 534 790 commissis,
580 725 693 780 sive
734 743 803 781 ex
834 726 1140 781 levioribus
1165 725 1562 798 pmnitentiam
1593 729 1821 795 gerunt,

236 821 270 873 si
293 820 431 873 nulla
454 819 792 874 interveniat
821 819 1122 892 aegritudo,
1158 820 1355 891 quinta
1381 818 1524 873 feria
1553 823 1687 873 ante
1716 819 1822 872 Pa-

234 913 345 967 scha
362 912 432 967 eis
461 913 860 968 remittendum
882 915 1159 969 Romanze
1185 912 1447 967 Ecclesiae
1473 911 1824 967 consuetudo

233 1008 566 1061 demonstrat.
590 991 872 1061 Caeterum
889 1007 960 1061 de
979 1007 1229 1078 pondere
1246 1006 1580 1061 aestimando
1597 1005 1824 1060 delicto-

231 1115 339 1154 rum
362 1099 653 1154 sacerdotis
679 1102 764 1152 est
793 1100 1072 1170 judicare,
1104 1104 1170 1155 ut
1197 1098 1458 1154 attendat
1495 1098 1569 1152 ad
1598 1099 1822 1152 confes-

231 1195 418 1247 sionem
450 1192 790 1263 paenitentis,
818 1196 874 1248 et
899 1193 968 1269 ad
1003 1193 1170 1248 ﬂetus
1191 1197 1363 1264 atque
1393 1194 1676 1263 lacrymas
1705 1209 1825 1246 cor-

228 1285 451 1356 rigentis,
478 1303 542 1340 ac
584 1292 706 1340 tum
730 1286 935 1357 jubere
980 1286 1210 1354 dimitti,
1258 1303 1390 1341 cum
1439 1286 1646 1340 viderit
1688 1303 1819 1341 con-

226 1396 400 1448 gruam
426 1379 874 1435 satisfactionem.
920 1381 1065 1436 Sane
1092 1381 1137 1435 si
1167 1381 1296 1452 quis
1326 1380 1384 1434 in
1418 1379 1822 1450 aegritudinem

218 1473 470 1540 inciderit,
505 1476 677 1545 atque
723 1490 899 1546 usque
925 1474 997 1528 ad
1029 1473 1482 1544 desperationem
1513 1473 1820 1539 devenerit,

227 1567 268 1619 ei
301 1570 375 1620 est
399 1570 524 1622 ante
566 1572 796 1638 tempus
831 1568 1058 1622 Pascha:
1093 1567 1490 1634 relaxandum,
1514 1583 1585 1622 ne
1619 1567 1688 1622 de
1717 1583 1820 1621 sa:-

224 1659 327 1714 culo
348 1660 548 1732 absque
579 1661 985 1716 communione
1015 1661 1286 1716 discedat.

280 1755 392 1810 Vlll.
419 1753 563 1808 Sane
600 1755 875 1826 quoniam
904 1753 974 1809 de
1002 1755 1106 1809 hoc
1136 1754 1303 1809 sicuti
1331 1753 1402 1808 de
1431 1752 1651 1808 caeteris
1677 1770 1817 1809 con-

1924 541 2035 605 tur,
2068 543 2125 591 et
2149 537 2460 591 secundam
2491 553 2605 591 non
2639 538 2847 592 ducant
2865 554 3127 592 uxorem.

1998 635 2047 685 5.
2081 632 2150 685 Ut
2174 631 2221 684 si
2241 630 2414 684 laicus
2439 629 2666 684 viduam
2691 630 2936 699 duxerit,
2966 631 3199 686 clericus
3226 648 3340 686 non
3365 633 3482 688 ﬁat.

1998 727 2048 779 6.
2091 726 2160 778 Ut
2209 723 2444 779 clericus
2505 740 2622 778 non
2685 725 2758 778 sit
2808 725 2906 796 qui
2959 725 3267 780 secundam
3317 743 3555 782 uxorem

1925 817 2168 872 duxerit.

1996 917 2046 965 '7.
2079 912 2149 966 Ut
2176 911 2407 967 alterius
2432 910 2701 966 clericum
2740 911 2932 967 nullus
2963 913 3258 985 episcopus
3285 914 3552 971 ordinare

1923 1010 2182 1077 usurpet.

1995 1103 2048 1154 8.
2079 1100 2147 1153 Ut
2176 1114 2288 1152 non
2319 1098 2746 1170 rebaptizentur
2767 1098 2917 1170 quia
2946 1099 3267 1155 Novatianis
3295 1103 3381 1158 vel
3407 1104 3556 1158 Mon-

1922 1192 2175 1248 tensibus
2203 1192 2460 1246 veniunt.

1995 1290 2048 1341 9.
2077 1288 2148 1340 Ut
2175 1286 2498 1341 sacerdotes
2534 1291 2592 1342 et
2628 1287 2808 1342 levita:
2839 1303 2970 1342 cum
3006 1287 3345 1343 mulieribus
3375 1290 3556 1345 cohm-

1922 1397 2048 1436 rere
2068 1397 2184 1435 non
2212 1380 2477 1435 debeant.

1999 1477 2082 1528 lO.
2116 1475 2185 1528 Ut
2213 1475 2547 1544 monachus,
2578 1475 2626 1528 si
2645 1474 2882 1529 clericus
2908 1475 3090 1530 factus
3116 1476 3307 1544 fuerit,
3340 1494 3550 1550 propo-

1923 1569 2095 1622 situm
2123 1583 2289 1621 suum
2325 1583 2545 1622 servare
2576 1567 2804 1622 debeat.

1999 1665 2082 1715 Η.
2131 1662 2201 1716 Ut
2253 1677 2322 1714 ex
2376 1660 2686 1715 curialibus
2734 1660 2971 1715 clericus
3024 1678 3140 1716 non
3185 1663 3284 1718 fiat
3321 1669 3555 1735 propter

1926 1755 2240 1825 voluptates
2268 1770 2412 1826 quas
2435 1771 2470 1808 a
2490 1754 2714 1809 diabolo
2746 1754 3004 1810 inventas
3025 1755 3293 1812 exhibere
3313 1761 3556 1830 compel-

223 1847 378 1901 sulere
403 1848 573 1902 voluit
607 1848 834 1903 dilectio
866 1851 984 1918 tua,
1017 1848 1226 1919 adjecit
1253 1847 1424 1903 etiam
1460 1847 1607 1902 ﬁlius
1630 1864 1814 1915 meus,
1836 1829 1894 1902 Β
1917 1849 2071 1903 litur.

221 1941 532 2010 Ccelestinus,
569 1941 878 2009 diaconus,
919 1942 980 1996 in
1011 1941 1251 2014 epistola
1283 1959 1386 1997 sua
1407 1957 1527 1998 esse
1556 1958 1589 1995 a
1617 1945 1711 1996 tua
1738 1942 1818 1996 di-

219 2034 426 2089 lectione
462 2035 711 2106 positum
741 2035 883 2090 illud
911 2036 1066 2108 quod
1107 2035 1164 2089 in
1197 2036 1439 2107 apostoli
1468 2035 1656 2090 Jacobi
1683 2035 1814 2106 Epi-

219 2128 337 2181 stola
360 2129 738 2200 conscriptum
773 2135 859 2185 est
887 2148 900 2184 :
956 2150 983 2179 «
1019 2129 1346 2184 lnﬁrmatur
1371 2130 1500 2201 quis
1532 2130 1588 2184 in
1617 2129 1817 2184 vobis?

215 2220 413 2276 inducat
447 2222 832 2294 presbyteros,
877 2228 933 2277 et
963 2226 1130 2278 orent
1168 2240 1340 2294 super
1369 2240 1502 2278 eum
1534 2229 1815 2295 ungentes

218 2331 329 2368 eum
355 2315 474 2371 oleo
505 2317 561 2372 in
586 2316 822 2372 nomine
847 2316 1070 2371 Domini
1090 2335 1108 2386 ;
1143 2321 1199 2372 et
1225 2317 1403 2373 oratio
1425 2317 1560 2372 ﬁdei
1581 2317 1817 2373 salvabit

215 2407 491 2476 inﬁrmum,
546 2414 605 2466 et
658 2411 952 2465 suscitabit
1003 2411 1166 2465 illum
1217 2412 1517 2480 Dominus,
1564 2416 1622 2466 et
1667 2412 1713 2467 si
1755 2411 1816 2466 in

217 2503 420 2572 peccatis
438 2504 630 2571 fuerit,
651 2504 1017 2560 remittantur
1036 2505 1089 2560 ei
1109 2505 1240 2573 (Jac.
1270 2522 1322 2576 v,
1347 2507 1430 2573 14»,
1460 2509 1564 2574 15).
1592 2525 1618 2557 ››
1651 2505 1814 2570 Quod

216 2611 307 2649 non
331 2602 406 2651 est
433 2597 674 2652 dubium
703 2597 773 2652 de
795 2597 1057 2652 fidelibus
1078 2598 1488 2670 aegrotantibus
1507 2598 1706 2670 accipi,
1728 2599 1815 2654 vel

215 2688 426 2761 intelligi
453 2691 685 2758 debere,
720 2691 818 2762 qui
852 2695 1043 2746 sancto
1072 2692 1195 2748 oleo
1222 2692 1544 2747 chrismatis
1571 2693 1815 2764 perungi

215 2790 436 2851 possunt,
475 2786 629 2856 quod
673 2785 745 2839 ab
787 2786 1050 2856 episcopo
1096 2786 1439 2855 confectum,
1483 2802 1596 2842 non
1631 2788 1813 2842 solum

211 2878 582 2946 sacerdotibus,
623 2879 724 2933 sed
761 2879 1026 2934 omnibus
1068 2880 1149 2934 uti
1184 2880 1516 2935 Christianis
1558 2881 1707 2950 licet,
1753 2881 1812 2935 in

210 2984 308 3036 sua,
347 2976 437 3025 aut
468 2989 706 3027 suorum
749 2974 1082 3028 necessitate
1123 2972 1473 3045 inungendo.
1525 2976 1812 3030 Caeterum

210 3062 325 3118 illud
351 3066 700 3136 superﬂuum
728 3066 986 3121 videmus
1019 3068 1324 3138 adjectum,
1357 3072 1419 3122 ut
1448 3067 1519 3122 de
1552 3068 1812 3139 episcopo

212 3157 501 3229 ambigatur
525 3160 682 3232 quod
713 3160 1053 3232 presbyteris
1080 3161 1251 3215 licere
1292 3177 1412 3216 non
1438 3161 1675 3216 dubium
1704 3165 1808 3217 est.
1833 3201 1887 3275 C

212 3250 323 3275 νη.
369 3253 566 3275 :J-:_-_
638 3255 692 3275 si
743 3255 1080 3275 -μηι-ιψε-
1127 3255 1327 3275 ,μιμμ
1533 3257 1644 3275 ___-,

212 3250 327 3305 Nam
369 3253 573 3309 idcirco
629 3255 697 3309 de
743 3255 1084 3326 presbyteris
1119 3255 1337 3310 dictum
1376 3260 1478 3323 est,
1525 3257 1658 3328 quia
1700 3257 1813 3328 epi-

208 3346 333 3415 scopi
368 3348 838 3420 occupationibus
869 3348 994 3403 aliis
1036 3349 1322 3420 impediti,
1355 3350 1426 3404 ad
1455 3366 1656 3404 omnes
1685 3350 1808 3404 lan-

210 3439 476 3513 guidosire
494 3459 617 3497 non
641 3446 894 3514 possunt.
918 3446 1200 3499 Caeterum
1227 3443 1273 3496 si
1295 3443 1592 3516 episcopus
1614 3447 1810 3514 postea

209 3530 416 3602 dignum
446 3537 601 3592 ducit
645 3537 892 3609 aliquem
933 3554 966 3590 a
1007 3554 1064 3592 se
1093 3537 1460 3605 visitandum,
1501 3542 1557 3592 et
1582 3537 1809 3592 benedi-

209 3640 313 3680 cere
339 3632 390 3682 et
415 3632 659 3702 tangere
693 3631 1001 3686 chrismate
1035 3631 1158 3685 sine
1199 3631 1561 3686 cunctatione
1596 3634 1805 3703 potest,

207 3719 340 3789 cujus
366 3727 445 3778 est
471 3724 670 3795 ipsum
712 3724 961 3779 chrisma
986 3724 1279 3780 conﬁcere.
1313 3726 1451 3778 Nam
1477 3725 1804 3796 poenitenti-

207 3810 293 3866 bus
316 3815 447 3870 illud
475 3817 646 3872 fundi
667 3834 781 3872 non
801 3822 1006 3890 potest,
1037 3819 1169 3891 quia
1195 3835 1377 3890 genus
1394 3821 1479 3874 est
1498 3835 1810 3874 sacramen-

205 3904 254 3958 ti.
285 3907 412 3963 Nam
440 3911 651 3982 quibus
687 3911 906 3983 reliqua
951 3916 1306 3966 sacramenta
1333 3918 1634 3984 negantur,
1667 3929 1806 3984 quo-

206 4000 348 4056 modo
372 4019 550 4059 unum
573 4020 760 4076 genus
780 4021 946 4076 posse
964 4009 1204 4078 putatur
1224 4006 1461 4061 concedi
1479 4006 1507 4061 ‘?
1535 4007 1628 4061 His
1647 4023 1805 4078 ergo,

205 4091 350 4149 frater
371 4098 724 4166 charissime,
757 4099 1024 4154 omnibus
1052 4116 1178 4170 quze
1204 4104 1301 4154 tua
1329 4099 1552 4155 dilectio
1579 4100 1756 4154 voluit
1775 4117 1808 4154 a

204 4187 342 4242 uobis
357 4193 577 4263 exponi,
605 4196 775 4263 prout
789 4193 1076 4263 potuimus
1094 4193 1440 4265 respondere
1465 4194 1804 4261 curavimus,

206 4285 253 4334 ut
274 4283 499 4340 Ecclesia
517 4292 616 4342 tua
630 4287 945 4341 Romanam
958 4287 1434 4342 consuetudinem
1447 4305 1480 4341 a
1492 4304 1606 4358 qua
1637 4288 1808 4359 origi-

205 4389 316 4430 nem
339 4379 505 4450 ducit,
551 4397 782 4435 servare
813 4381 998 4436 valeat
1036 4383 1207 4453 atque
1233 4381 1533 4436 custodire.
1568 4381 1808 4454 Reliqua

203 4482 313 4524 vero
339 4489 462 4544 quae
493 4473 665 4529 scribi
695 4474 776 4528 fas
805 4491 921 4529 non
951 4477 1094 4542 erat,
1127 4491 1258 4529 cum
1286 4473 1534 4542 affueris,
1569 4474 1808 4530 interro-

1991 1945 2076 1996 12.
2110 1942 2184 1995 De
2219 1942 2534 2012 virginibus
2563 1942 2754 2011 sacris,
2786 1942 2830 1996 si
2862 1943 3036 2014 lapsa:
3077 1943 3310 2007 fuerint,
3348 1950 3412 1999 ut
3451 1963 3551 2016 pu-

1916 2035 2059 2090 blice
2099 2036 2418 2107 nupserint.

1991 2132 2074 2184 l3.
2111 2131 2190 2184 De
2221 2129 2534 2200 virginibus
2573 2146 2687 2183 non
2708 2129 2922 2198 velatis,
2950 2129 2997 2184 si
3029 2130 3400 2187 deviaverint.

1991 2224 2337 2279 INNocaNrws
2351 2225 2644 2279 νισι-οιαοο
2661 2223 2927 2295 episcopo
2942 2224 3389 2297 Rothomagensi
3411 2227 3552 2280 salu-

1915 2319 2054 2370 tem.

1986 2409 2101 2464 Etsi
2131 2409 2255 2479 tibi,
2288 2410 2467 2464 frater
2489 2410 2838 2477 charissime,
2867 2427 2972 2482 pro
3002 2411 3206 2466 merito
3244 2415 3301 2468 et
3332 2413 3548 2468 honore

1916 2503 2218 2558 sacerdotii
2246 2520 2359 2575 quo
2388 2504 2704 2575 plurimum
2734 2505 2929 2575 polles,
2975 2505 3198 2560 vivendi
3227 2511 3284 2560 et
3311 2507 3550 2563 docendi

1915 2597 2302 2652 ecclesiastica:
2327 2598 2542 2668 regulae
2568 2602 2706 2652 nota
2735 2602 2870 2652 sunt
2897 2598 3108 2666 omnia,
3138 2616 3326 2670 neque
3351 2605 3434 2654 est
3454 2602 3552 2655 ali-

1913 2691 2054 2763 quid
2092 2691 2244 2762 quod
2276 2692 2346 2746 de
2377 2691 2550 2746 sacris
2568 2691 2904 2746 lectionibus
2925 2692 3029 2746 tibi
3047 2692 3233 2747 minus
3247 2695 3547 2749 collectum

1915 2802 2038 2838 esse
2057 2785 2335 2854 videatur,
2355 2790 2545 2840 tamen
2565 2785 2702 2857 quia
2719 2786 2988 2840 Romanae
3009 2787 3266 2841 Ecclesiae
3277 2804 3544 2842 normam

1915 2885 2084 2950 atque
2110 2879 2510 2933 auctoritatem
2542 2896 2892 2951 magnopere
2927 2881 3240 2951 postulasti,
3272 2883 3547 2938 voluntati

1912 2978 2026 3027 tum
2059 2989 2279 3027 morem
2304 2973 2614 3028 admodum
2642 2989 2850 3043 gerens
2882 2974 2951 3028 de
2985 2974 3157 3045 gestis
3175 2976 3322 3044 vitae,
3352 2980 3407 3031 et
3430 2994 3548 3032 mo-

1913 3083 2040 3120 rum
2083 3066 2462 3137 probabilium
2502 3067 2832 3138 disciplinas
2877 3084 3132 3122 annexas
3165 3069 3367 3124 litteris
3404 3072 3547 3125 meis

1914 3161 2062 3229 misi,
2092 3177 2194 3231 per
2229 3177 2366 3232 quas
2395 3160 2694 3215 advertant
2735 3162 3116 3216 Ecclesiarum
3149 3164 3403 3234 regionis
3448 3182 3541 3219 ve-

1911 3259 2040 3309 strae
2072 3255 2266 3325 populi
2301 3254 2504 3325 quibus
2545 3255 2716 3308 rebus
2753 3258 2810 3309 et
2836 3256 3051 3326 regulis
3091 3257 3540 3313 Christianorum

1910 3347 2023 3402 vita
2061 3348 2118 3401 in
2158 3365 2259 3401 sua
2293 3347 2680 3419 cujuscunque
2727 3348 3077 3418 professione
3129 3350 3331 3404 debeat
3369 3353 3547 3406 conti-

1911 3441 2053 3495 neri~
2083 3440 2374 3512 qualisque
2429 3445 2683 3494 servetur
2743 3441 2800 3494 in
2853 3441 3006 3494 urbis
3061 3442 3254 3496 Romae
3298 3444 3543 3499 ecclesiis

1909 3533 2219 3605 disciplina.
2255 3533 2372 3587 Erit
2402 3533 2721 3586 dilectionis
2755 3538 2869 3588 tua:
2896 3550 2998 3605 per
3026 3535 3217 3605 plebes
3245 3535 3538 3603 finitimas,

1909 3631 1966 3682 et
1994 3627 2425 3682 consacerdotes
2452 3632 2679 3681 nostros
2703 3627 2802 3698 qui
2825 3627 2881 3680 in
2914 3628 3022 3682 illis
3049 3629 3379 3699 regionibus
3405 3648 3536 3702 pro-

1907 3722 2045 3794 priis
2090 3722 2338 3776 ecclesiis
2376 3721 2706 3792 praesident,
2748 3721 3081 3792 regularum
3135 3724 3287 3777 hunc
3328 3725 3540 3780 librum

1910 3814 2068 3886 quasi
2081 3815 2462 3882 didasculum,
2478 3818 2648 3887 atque
2662 3815 3004 3869 monitorem
3017 3816 3212 3870 sedulo
3225 3817 3536 3888 insinuare,

1908 3915 1972 3964 ut
1999 3912 2055 3963 et
2081 3912 2303 3964 nostros
2334 3924 2695 3979 cognoscere,
2731 3914 2786 3964 et
2816 3909 2885 3963 ad
2913 3909 3082 3963 ﬁdem
3121 3911 3534 3966 conﬂuentium

1909 4020 2094 4058 mores
2123 4003 2347 4058 valeant
2375 4003 2620 4058 docendi
2641 4003 2936 4058 sedulitate
2961 4003 3233 4058 formare.
3255 4009 3366 4060 Aut
3385 4007 3540 4062 enim

1907 4098 2268 4170 propositum
2293 4114 2461 4151 suum
2487 4115 2558 4151 ex
2581 4098 2684 4151 hac
2711 4101 2908 4152 nostra
2938 4099 3276 4173 congruenti
3299 4099 3538 4156 lectione

1907 4198 2270 4263 cognoscent,
2300 4197 2397 4246 aut
2417 4193 2462 4245 si
2485 4191 2622 4262 quid
2645 4191 2832 4246 adhuc
2852 4191 3228 4262 desideratur,
3257 4194 3422 4248 facile
3443 4212 3541 4266 po-

1908 4289 2102 4341 terunt
2139 4302 2203 4340 ex
2243 4286 2332 4339 his
2356 4286 2504 4340 bona
2538 4284 2855 4340 imitatione
2886 4286 3167 4357 supplere.
3205 4287 3544 4359 Incipiamus

1909 4395 2066 4451 ergo,
2109 4380 2416 4450 adjuvante
2460 4381 2573 4434 Deo
2619 4385 2676 4434 et
2717 4384 2908 4434 sancto
2933 4380 3030 4434 Dei
3062 4382 3315 4452 apostolo
3349 4383 3536 4446 Petro.

1907 4489 2011 4544 per
2043 4489 2216 4544 quem
2245 4479 2299 4528 et
2341 4474 2694 4544 apostolatus
2737 4477 2795 4528 et
2823 4473 3176 4544 episcopatus
3210 4475 3270 4528 in
3319 4477 3539 4532 Christo

208 4564 304 4631 gati
324 4568 638 4636 poterimus
666 4567 907 4624 edicere.
936 4567 1055 4622 Erit
1074 4571 1267 4623 autem
1294 4567 1521 4623 Domini
1540 4569 1808 4640 potentias
1828 4573 1888 4644 Ι)
1909 4567 2078 4637 coepit
2104 4567 2423 4634 exordium,
2447 4572 2508 4621 ut
2521 4567 2790 4638 quoniam
2807 4583 2955 4637 saepe
2976 4568 3166 4637 plures
3179 4579 3539 4626 emerserunt

207 4656 355 4714 etiam
384 4660 438 4716 id
466 4678 798 4733 procurare,
831 4664 897 4716 ut
924 4665 983 4716 et
1021 4665 1178 4716 tuam
1228 4661 1556 4733 Ecclesiam,
1603 4667 1661 4717 et
1705 4663 1810 4719 cle-

206 4748 329 4804 ricos
347 4761 570 4810 nostros
595 4755 695 4827 qui
725 4755 828 4810 sub
858 4760 957 4810 tuo
987 4755 1274 4826 pontificio
1299 4755 1505 4810 divinis
1533 4757 1810 4812 famulan-

209 4844 284 4896 tur
305 4848 513 4916 ofliciis,
552 4850 702 4905 bene
739 4849 1021 4916 instituas,
1053 4853 1111 4904 et
1149 4850 1272 4904 aliis
1312 4850 1556 4905 formam
1594 4851 1810 4906 tribuas

208 4953 358 5007 quam
383 4944 631 5000 debeant
657 4945 894 5000 imitari.
932 4946 1072 5000 Data
1113 4962 1204 5001 xiv
1230 4946 1616 5001 Kalendarum
1644 4946 1806 5018 Apri-

203 5028 282 5100 lis,
329 5036 688 5108 Theodeosio,
737 5042 991 5110 Augusto
1031 5039 1256 5111 septies,
1303 5039 1546 5095 Palladio
1593 5041 1676 5111 IV,
1725 5041 1809 5096 CC

207 5130 527 5187 consulibus.

206 5219 451 5292 Incipiunt
477 5227 727 5298 capitula
754 5228 992 5297 ejusdem
1017 5230 1092 5284 ad
1136 5231 1460 5285 Victoricum
1486 5232 1807 5300 episcopum.

271 5318 312 5368 1.
332 5319 486 5381 Quod
501 5326 659 5376 extra
674 5322 1077 5378 conscientiam
1103 5322 1524 5394 metropolitani
1545 5339 1660 5378 non
1680 5327 1813 5378 sunt

208 5408 486 5468 ordinandi
517 5415 784 5487 episcopi.

265 5505 314 5556 2.
349 5505 418 5560 De
455 5508 544 5562 his
591 5509 686 5580 qui
715 5513 845 5581 post
884 5510 1236 5582 baptismum
1267 5511 1562 5583 cingulum
1595 5510 1811 5566 militiae.

207 5598 461 5654 saecularis
499 5608 862 5674 acceperunt,
897 5621 1009 5659 non
1047 5604 1252 5661 debere
1280 5605 1353 5659 ad
1391 5605 1688 5660 clericatus
1726 5621 1812 5660 or-

209 5702 323 5745 nem
349 5693 593 5749 admitti.

269 5787 316 5838 3.
343 5786 416 5841 De
431 5789 614 5843 causis
633 5790 967 5848 clericorum
993 5809 1120 5866 qum
1142 5794 1198 5848 in
1216 5793 1504 5865 provincia
1519 5794 1672 5864 juste
1699 5809 1812 5848 non

211 5874 486 5951 liniuntur,
511 5888 577 5936 ut
603 5884 669 5937 ab
698 5888 1005 5959 apostolica
1033 5889 1163 5944 sede
1194 5888 1594 5944 terminentur.

1909 4677 2092 4716 causa;
2130 4677 2260 4733 qua:
2302 4660 2361 4714 in
2404 4660 2706 4731 aliquantis
2730 4675 2848 4714 non
2884 4663 3051 4714 erant
3073 4677 3271 4728 causae,
3299 4663 3402 4717 sed
3428 4665 3537 4719 cri—

1909 4756 2082 4822 mina,
2107 4758 2169 4808 ut
2194 4755 2264 4809 de
2283 4757 2487 4809 caetero
2509 4753 2833 4808 sollicitudo
2851 4753 2923 4808 sit
2933 4753 3240 4825 unicuique
3258 4757 3541 4815 sacerdoti

1909 4850 1966 4904 in
2000 4867 2099 4903 sua
2123 4848 2364 4904 Ecclesia
2388 4863 2584 4902 curam
2607 4847 2937 4918 hujusmodi
2965 4847 3198 4917 habere,
3231 4850 3376 4907 sicut
3403 4852 3539 4908 bea-

1909 4949 2000 4999 tus
2063 4943 2363 5015 Apostolus
2409 4943 2614 4996 Paulus
2661 4941 2951 5013 praedicat,
3009 4943 3184 4998 talem
3239 4946 3540 5002 Ecclesiam

1907 5039 2024 5094 Deo
2052 5037 2428 5092 exhibendam
2454 5052 2571 5091 non
2601 5057 2629 5084 «
2655 5035 2966 5091 habentem
2993 5038 3303 5107 maculam,
3325 5045 3424 5095 aut
3443 5057 3536 5096 ru-

1913 5149 2043 5203 gam
2072 5133 2086 5202 (
2115 5132 2251 5202 Eph.
2281 5147 2334 5198 v,
2365 5133 2474 5202 27),
2500 5153 2526 5180 »
2560 5146 2632 5185 ne
2657 5130 2896 5201 alicujus
2915 5131 3193 5187 morbidae
3218 5125 3332 5188 o‘vis
3347 5134 3537 5188 afﬂatu

1911 5225 2256 5281 conscientia
2275 5228 2464 5279 nostra
2492 5224 2877 5280 contaminata
2895 5224 3156 5281 violetur.
3184 5229 3422 5296 Propter
3443 5243 3540 5280 eos

1911 5336 2049 5392 ergo
2080 5319 2176 5391 qui
2205 5321 2291 5375 vel
2318 5319 2647 5391 ignorantia
2661 5318 2747 5373 vel
2773 5318 2986 5374 desidia
3011 5337 3126 5374 non
3151 5322 3350 5373 tenent
3369 5319 3543 5375 eccle-

1913 5414 2194 5468 siasticam
2239 5413 2618 5484 disciplinam,
2667 5415 2725 5466 et
2778 5414 2959 5468 multa
2994 5430 3107 5467 non
3142 5413 3543 5483 praesumenda

1910 5513 2288 5580 praesumunt,
2306 5513 2458 5563 recte
2477 5507 2791 5579 postulasti,
2812 5507 2943 5560 utin
2957 5505 3065 5559 illis
3079 5505 3334 5576 partibus
3349 5505 3534 5561 istius-

1913 5603 2065 5658 modi
2104 5619 2278 5674 quam
2307 5607 2464 5657 tenet
2493 5601 2736 5657 Ecclesia
2763 5601 3017 5653 Romana
3045 5598 3230 5652 forma
3264 5603 3538 5669 servetur,

1913 5713 2027 5752 non
2067 5697 2217 5768 quod
2259 5713 2399 5750 nova
2447 5698 2728 5767 praecepta
2771 5693 2962 5762 aliqua
3012 5692 3396 5763 imperentur,
3440 5696 3539 5750 sed

1913 5807 1980 5846 ea
2011 5808 2138 5863 quae
2177 5807 2279 5863 per
2320 5789 2592 5844 desidiam
2631 5787 2956 5857 aliquorum
3002 5787 3257 5857 neglecta
3288 5793 3438 5856 sunt,
3471 5791 3539 5844 ab

1913 5885 2176 5940 omnibus
2199 5884 2487 5940 observari
2514 5881 2824 5954 cupiamus,
2855 5896 2983 5953 qua:
3018 5884 3205 5937 tamen
3233 5884 3544 5956 apostolica
