4026 6182
505 322 604 371 69.0

1400 313 1682 370 APPEND.
1726 315 1811 370 AD
1851 316 2009 371 SEC.
2054 313 2141 370 IX.

2175 344 2243 353 —
2281 315 2524 370 ISlDORI
2562 309 2986 371 MERCATORIS
3700 320 3780 372 700

497 430 553 481 et
584 428 812 479 Patrum
845 421 1144 476 traditione
1185 426 1318 477 sunt
1351 422 1671 477 constituta.
1712 423 1996 495 Scriptum
2043 428 2126 477 est
2148 434 2206 506 Α
2227 424 2343 489 fiat,
2373 423 2506 493 quia
2543 423 2816 493 scriptum
2839 428 2941 476 est.
2977 420 3200 476 «Unius
3224 421 3408 476 uxoris
3432 421 3595 476 virum
3617 426 3654 491 (1
3674 427 3782 478 Tim.

503 534 745 589 namque
778 517 847 570 ad
875 516 1400 571 Thessalonicenses
1445 517 1716 585 secundo,
1757 522 1812 570 et
1840 518 1909 571 ad
1951 518 2133 573 Timo-

504 614 726 679 theum,
760 611 1014 682 apostolo
1041 611 1209 664 Paulo
1235 615 1504 664 monente
1538 628 1550 664 :
1603 631 1629 657 ‹‹
1661 611 1834 675 State,
1858 615 1916 664 et
1939 616 2130 666 tenete

505 705 838 760 traditiones
858 708 1081 758 nostras
1111 721 1254 775 quas
1289 704 1633 758 tradidimus
1681 704 1838 757 vobis
1877 704 1988 758 sive
2034 722 2135 776 per

504 800 762 865 verbum,
813 799 926 852 sive
970 815 1074 868 per
1104 799 1405 868 epistolam
1450 798 1524 867 (II
1553 797 1734 852 Thess.
1769 815 1827 863 ιι,
1861 797 1964 868 ili).
1998 820 2024 847 ι)
2073 799 2135 852 ll-

502 893 600 948 lud
630 897 781 947 certe
810 897 969 946 tuam
997 892 1167 961 debet
1185 895 1440 945 mentem
1467 891 1861 946 vehementius
1883 891 2133 946 excitare

507 993 567 1042 ut
593 987 663 1040 ab
694 986 850 1040 omni
877 985 1003 1038 labe
1027 985 1217 1038 saeculi
1245 984 1403 1038 istius
1435 985 1704 1038 immunis
1733 990 1867 1039 ante
1887 985 1983 1040 Dei
2006 1002 2136 1040 con-

503 1087 761 1152 spectum
797 1086 852 1134 et
877 1096 1107 1132 securus
1137 1078 1454 1133 invenieris.
1509 1099 1536 1128 ι(
1571 1077 1671 1133 Cui
1704 1079 1955 1133 multum
1982 1080 2136 1133 enim

507 1175 758 1229 creditur
793 1173 918 1244 plus
946 1173 1016 1226 ab
1063 1189 1128 1226 eo
1165 1172 1408 1243 exigitur
1454 1173 1600 1241 (Luc.
1644 1189 1739 1238 xu,
1769 1174 1879 1242 48).
1915 1197 1941 1222 ››
1987 1175 2134 1244 Ergo

509 1269 782 1339 quoniam
824 1284 937 1320 non
985 1283 1089 1336 pro
1138 1265 1304 1322 nobis
1349 1269 1595 1333 tantum,
1638 1267 1733 1320 sed
1784 1283 1886 1337 pro
1926 1268 2136 1337 populo

510 1361 712 1416 Christi
755 1361 1017 1430 cogimur
1056 1365 1324 1429 praestare
1366 1359 1669 1426 rationem,
1721 1359 1927 1414 idcirco
1971 1360 2135 1414 disci-

509 1456 667 1527 plina
695 1454 794 1508 Dei
815 1454 1162 1507 sanctiﬁcare
1200 1453 1476 1524 populum
1503 1456 1560 1506 et
1586 1453 1816 1507 erudire
1846 1453 2135 1508 debemus.

509 1549 796 1613 Quosdam
814 1547 968 1603 enim
984 1546 1184 1600 asseris
1209 1546 1484 1600 exstitisse
1514 1546 1612 1616 qui
1633 1550 1841 1601 statuta
1857 1547 2139 1618 majorum

509 1655 627 1693 non
654 1641 934 1706 tenentes,
959 1637 1274 1690 castitatem
1295 1635 1548 1689 Ecclesia:
1570 1653 1668 1690 sua
1693 1636 2139 1708 praesumptione

511 1733 741 1801 violant,
775 1731 968 1802 populi
998 1731 1250 1784 favorem
1282 1733 1606 1799 sequentes,
1645 1733 1702 1783 et
1731 1730 1828 1784 Dei
1855 1730 2140 1800 judicium

2233 533 2310 582 ιιι,
2329 520 2402 586 2);
2429 538 2455 568 ››
2487 521 2544 570 et
2565 518 2800 571 iterum:
2833 537 2859 564 »
2895 515 3228 570 Sacerdotes
3248 515 3356 570 mei
3371 515 3744 584 semelnubant;
3765 543 3784 565 η

2233 617 2291 664 et
2319 611 2452 664 alibi
2475 627 2488 664 :
2524 632 2550 660 ‹‹
2575 611 2906 666 Sacerdotes
2929 610 3046 663 mei
3075 627 3190 664 non
3222 610 3433 664 nubant
3455 611 3684 680 amplius.
3711 633 3732 657 »

2303 706 2381 758 Ac
2409 721 2481 758 ne
2513 704 2583 758 ab
2605 703 2886 775 aliquibus
2907 703 3263 758 existimetur
3277 708 3401 757 ante
3420 702 3741 774 baptismum,
3759 705 3789 758 si

2235 802 2377 856 forte
2403 803 2529 872 quis
2555 802 2773 873 accepit
2791 818 3050 869 uxorem,
3078 805 3131 855 et
3153 818 3221 856 ea
3243 801 3309 855 de
3337 801 3528 854 saeculo
3549 801 3792 856 recedente

2233 897 2468 950 alteram
2483 895 2726 962 duxerit,
2740 899 2795 949 et
2813 895 3019 949 dixerit
3034 895 3090 948 in
3107 894 3384 965 baptismo
3395 910 3509 948 esse
3527 893 3791 958 dimissum,

2235 989 2366 1044 satis
2387 994 2592 1044 errata
2620 989 2837 1060 regula,
2867 988 3003 1060 quia
3023 988 3081 1041 in
3107 987 3389 1058 baptismo
3416 991 3622 1058 peccata
3639 987 3791 1040 dimito

2239 1086 2455 1148 tuntur,
2485 1099 2604 1137 non
2629 1086 2991 1152 acceptarum
3016 1097 3261 1135 uxorum
3288 1097 3545 1135 numerus
3571 1080 3795 1146 aboletur,

2236 1191 2366 1230 cum
2398 1177 2594 1247 utique
2622 1192 2763 1230 uxor
2788 1192 2854 1229 ex
2885 1175 3027 1246 legis
3055 1177 3340 1247 praecepto
3371 1174 3610 1240 ducatur,
3637 1174 3684 1227 in
3708 1178 3798 1227 tan-

2238 1273 2360 1323 tum
2389 1273 2454 1324 ut
2483 1269 2540 1322 in
2589 1270 2852 1340 paradiso
2893 1285 3024 1323 cum
3071 1271 3330 1340 parentes
3367 1267 3592 1322 humani
3623 1267 3800 1338 generis

2231 1368 2640 1438 jungerentur,
2674 1367 2743 1422 ab
2762 1367 2883 1438 ipso
2910 1366 3154 1422 Domino
3182 1366 3294 1421 sint
3311 1364 3595 1432 benedicti,
3621 1368 3671 1418 et
3691 1365 3802 1420 Salo-

2239 1478 2374 1515 mon
2398 1461 2550 1516 dicat
2575 1477 2586 1515 :
2626 1481 2651 1512 ‹‹
2681 1464 2726 1514 Α
2756 1461 2866 1515 Deo
2899 1461 3319 1532 praeparabitur
3356 1459 3472 1514 viro
3499 1476 3628 1514 uxor
3666 1459 3802 1517 lPror.

2240 1572 2356 1622 xix,
2383 1557 2523 1623 14).»
2540 1556 2721 1619 Quam
2747 1555 2995 1608 formam
3017 1555 3188 1610 etiam
3212 1553 3521 1608 sacerdotes
3539 1569 3711 1608 omnes
3724 1570 3804 1606 ser-

2241 1665 2372 1704 vare
2404 1666 2534 1702 usus
2561 1649 2681 1719 ipse
2720 1649 3073 1703 demonstrat
3105 1648 3385 1704 Ecclesiae.
3414 1647 3552 1704 Satis
3574 1646 3708 1701 enim
3733 1646 3802 1700 ali-

2241 1743 2474 1797 surdum
2497 1745 2580 1796 est
2598 1742 2845 1814 aliquem
2865 1742 3098 1797 credere
3120 1758 3357 1796 uxorem
3379 1745 3505 1796 ante
3523 1741 3806 1811 baptismum

509 1844 625 1880 non
675 1825 959 1880 timentes.
985 1826 1131 1894 Ergo
1162 1839 1232 1877 ne
1263 1822 1486 1876 silentio
1534 1827 1725 1876 nostro
1752 1809 2217 1881 existimemurB
2242 1840 2529 1906 acceptam
2570 1809 3075 1906 post—baptismum
3107 1852 3221 1890 non
3254 1809 3713 1906 ροιηρηωινίνέιιω
3737 1831 3805 1885 be.

509 1921 596 1974 his
626 1920 876 1991 praebere
914 1934 1278 1982 consensum,
1329 1919 1570 1971 Domino
1618 1918 1840 1972 dicente
1874 1935 1977 1988 per
2006 1935 2137 1989 pro-

510 2015 782 2086 phetam;
845 2013 1126 2066 «videbas
1167 2012 1356 2065 furem
1397 2015 1453 2065 et
1503 2012 1772 2066 currebas
1815 2029 1947 2066 cum
1993 2028 2079 2080 eo,
2109 2033 2136 2061 »

513 2109 678 2172 (Psal.
712 2123 853 2174 xmx,
890 2109 972 2175 l8)
1003 2106 1124 2159 haec
1152 2108 1285 2159 sunt
1312 2121 1441 2174 quae
1463 2105 1728 2176 deinceps
1747 2106 1936 2160 intuiti
1968 2105 2140 2160 divini

504 2201 723 2271 judicii,
766 2215 996 2254 omnem
1037 2198 1380 2253 catholicum
1420 2198 1750 2271 episcopum
1791 2199 2021 2270 expedit
2045 2217 2138 2254 cu-

515 2295 744 2349 stodire.

587 2389 713 2443 CAP.
744 2389 784 2442 Ι.
832 2387 1106 2455 Primum,
1133 2390 1198 2440 ut
1225 2389 1383 2440 extra
1413 2386 1818 2441 conscientiam
1846 2390 2140 2459 metropo-

514 2482 676 2538 litani
697 2481 950 2552 episcopi
969 2480 1158 2534 nullus
1177 2479 1386 2534 audeat
1404 2480 1668 2535 ordinare
1683 2480 2030 2552 episcopum.
2050 2483 2139 2537 In-

514 2583 740 2648 tegrum
765 2575 920 2630 enim
946 2580 1030 2629 est
1041 2573 1324 2644 judicium
1345 2574 1497 2645 quod
1514 2574 1891 2645 plurimorum
1909 2579 2141 2630 senten-

514 2672 606 2725 tiis
633 2670 1015 2738 conﬁrmatur,
1038 2685 1142 2723 nec
1161 2685 1309 2723 unus
1327 2668 1626 2740 episcopus
1644 2669 1904 2724 ordinare
1924 2685 2141 2740 praesu-

517 2770 636 2819 mat
661 2764 1007 2834 episcopum,
1046 2779 1118 2816 ne
1151 2763 1424 2816 furtivum
1461 2762 1780 2832 prmstitum
1805 2763 2144 2816 beneficium

515 2858 794 2926 videatur,
840 2858 946 2910 hoc
999 2855 1154 2909 enim
1206 2859 1263 2908 et
1301 2855 1546 2926 synodus
1586 2854 1814 2909 Nicazna
1856 2855 2147 2909 constituit

517 2957 685 3022 atque
718 2950 989 3005 definivit.

591 3047 654 3100 ll.
683 3043 984 3099 Constituit
1013 3042 1180 3096 etiam
1213 3046 1385 3112 atque
1417 3041 1672 3096 deﬁnivit
1704 3060 1716 3096 :
1766 3042 1823 3098 Si
1857 3043 1981 3114 quis
2022 3046 2147 3115 post

519 3138 918 3194 remissionem
943 3141 1301 3208 peccatorum
1317 3135 1613 3206 cingulum
1632 3137 1851 3191 militiae
1869 3138 2148 3192 saecularis

518 3233 802 3301 habuerit,
837 3231 910 3284 ad
941 3230 1270 3284 clericatum
1305 3229 1529 3283 admitti
1547 3231 1779 3286 omnino
1816 3248 1933 3286 non
1961 3232 2146 3287 debet.

595 3329 681 3383 Ill.
726 3326 781 3382 Si
824 3341 950 3396 quas
990 3329 1184 3378 autem
1215 3341 1396 3378 causa:
1444 3324 1528 3378 vel
1567 3325 1959 3381 contentiones
1999 3327 2150 3380 inter

515 3422 747 3478 clericos
769 3419 856 3473 vel
883 3420 1028 3473 inter
1055 3418 1221 3471 laicos
1241 3422 1358 3472 tam
1387 3419 1695 3490 superioris
1717 3421 1944 3490 gradus,
1974 3437 2147 3492 quam

520 3517 695 3572 etiam
723 3512 1006 3568 inferioris
1030 3512 1243 3566 fuerint
1270 3518 1499 3579 exortaz,
1521 3513 1738 3584 placuit
1755 3519 1820 3569 ut
1833 3515 2148 3569 secundum

523 3610 801 3683 synodum
848 3607 1133 3662 Nicasnam
1179 3606 1538 3678 congregatis
1590 3608 1855 3662 omnibus
1894 3608 2147 3679 ejusdem

520 3703 830 3778 provinciae
859 3701 1139 3773 episcopis
1163 3700 1444 3771 judicium
1472 3702 1834 3772 terminetur,
1867 3719 1968 3757 nec
1983 3703 2150 3756 alicui

520 3801 706 3864 liceat,
739 3797 860 3852 sine
879 3794 1216 3868 praejudicio
1246 3798 1435 3850 tamen
1465 3795 1734 3850 Romanae
1755 3797 2036 3866 Ecclesiae,
2061 3797 2150 3852 cui

523 3895 584 3949 in
609 3892 872 3948 omnibus
903 3889 1106 3959 causis,
1140 3888 1381 3944 debetur
1406 3890 1720 3945 reverentia
1746 3891 2037 3960 custodiri,
2061 3907 2149 3945 re-

522 3988 668 4043 lictis
705 3985 794 4040 his
841 3982 1228 4039 sacerdotibus
1271 3983 1369 4053 qui
1400 3983 1458 4037 in
1495 3984 1694 4038 eadem
1736 3984 2024 4056 provincia
2057 3984 2154 4039 Dei

523 4081 791 4139 Ecclesias
820 4082 964 4133 nutu
989 4077 1178 4131 divino
1200 4077 1541 4148 gubernant,
1584 4078 1656 4132 ad
1688 4079 1823 4133 alias
1854 4078 2152 4133 convolare

523 4174 862 4248 provincias,
881 4175 978 4225 aut
995 4171 1236 4224 aliarum
1254 4171 1673 4240 provinciarum
1691 4172 1849 4243 prius
1868 4172 2154 4243 episcopo-

524 4286 654 4325 rum
674 4266 952 4339 judicium
975 4263 1238 4334 experiri.
1259 4263 1419 4326 Quod
1444 4264 1490 4317 si
1516 4265 1642 4336 quis
1672 4265 1816 4320 forte
1845 4282 2154 4337 praesump-

527 4363 682 4431 serit,
711 4361 781 4414 ab
809 4358 995 4413 officio
1024 4358 1158 4411 cleri
1180 4357 1474 4410 submotus
1497 4361 1555 4411 et
1574 4357 1914 4428 injuriarum
1934 4377 2064 4416 reus
2081 4361 2152 4416 ab

525 4455 791 4512 omnibus
814 4453 1119 4524 judicetur.
1149 4450 1203 4506 Si
1237 4456 1425 4505 autem
1459 4452 1696 4522 majores
1725 4469 1907 4508 causa:
1938 4455 1998 4508 in
2027 4472 2151 4509 me-

527 4551 686 4605 dium
715 4548 928 4604 fuerint
953 4545 1252 4613 devolutze,
1281 4545 1354 4599 ad
1375 4545 1570 4600 sedem
1591 4547 1983 4618 apostolicam,
2011 4549 2155 4604 sicut

527 4643 776 4715 synodus
794 4641 1008 4711 statuit,
1041 4643 1098 4694 et
1112 4640 1276 4694 beata
1297 4639 1652 4694 consuetudo
1671 4641 1849 4712 exigit
1873 4648 2000 4713 post
2010 4642 2157 4712 judi-

527 4739 679 4793 cium
711 4735 1026 4807 episcopale
1059 4734 1397 4788 referantur.

601 4834 687 4888 ιν.
720 4833 789 4885 Ut
819 4829 1118 4883 mulierem
1144 4828 1373 4882 viduam
1403 4827 1637 4882 clericus
1668 4845 1782 4882 non
1820 4829 1990 4883 ducat
2014 4846 2155 4884 uxo-

529 4945 672 4996 rem,
705 4926 838 4996 quia
865 4925 1135 4994 scriptum
1181 4927 1296 4976 est:
1339 4941 1367 4973 «
1400 4922 1674 4977 Sacerdos
1712 4938 1949 4977 uxorem
1981 4923 2156 4994 virgi-

531 5039 663 5080 nem
689 5017 947 5090 accipiat,
969 5033 1082 5070 non
1100 5015 1348 5084 viduam,
1372 5033 1488 5069 non
1513 5015 1754 5086 ejectam
1776 5017 1981 5085 (Ezech.
2011 5033 2154 5086 xLiv,

530 5118 642 5189 22),
674 5135 701 5165 »
726 5113 921 5184 utique
952 5111 1051 5181 qui
1079 5110 1148 5164 ad
1187 5109 1564 5164 sacerdotium
1595 5111 1788 5165 labore
1818 5127 1918 5164 suo
1950 5114 2006 5165 et
2033 5111 2159 5165 vitae

528 5211 807 5284 probitate
833 5205 1143 5272 contendit,
1174 5219 1372 5258 cavere
1394 5203 1583 5273 debet,
1609 5221 1680 5258 ne
1700 5205 1806 5259 hoc
1826 5205 2157 5275 praejudicio

531 5303 843 5377 impeditus
873 5299 1172 5371 pervenire
1198 5313 1315 5352 non
1348 5297 1542 5368 possit.

600 5401 663 5454 V.
709 5400 779 5452 Ut
809 5396 856 5450 si
885 5393 1010 5466 quis
1041 5392 1269 5446 viduam
1299 5391 1428 5446 licet
1463 5391 1642 5446 laicus
1673 5392 1895 5446 duxerit
1920 5407 2159 5446 uxorem

533 5511 628 5549 seu
651 5496 781 5546 ante
796 5488 1168 5560 baptismum,
1186 5501 1284 5540 seu
1301 5491 1425 5556 post
1443 5485 1794 5556 baptismum
1807 5527 1819 5551 ,
1839 5501 1950 5538 non
1963 5484 2160 5538 admit-

529 5592 685 5643 tatur
713 5585 785 5638 ad
813 5585 1046 5648 clerum,
1075 5580 1208 5652 quia
1241 5579 1444 5634 eodem
1472 5578 1696 5633 videtur
1722 5578 1854 5632 vitio
1883 5579 2158 5647 exclusus,

531 5681 589 5734 in
615 5678 894 5749 baptismo
917 5676 1071 5730 enim
1099 5673 1339 5728 crimina
1363 5671 1751 5740 remittuntur,
1777 5688 1894 5726 non
1915 5677 2161 5743 acceptae

533 5772 726 5826 uxoris
749 5769 1098 5824 consortium
1129 5767 1434 5821 relaxatur.

607 5869 695 5924 Vl.
726 5869 802 5920 Ne
838 5867 883 5920 is
918 5867 1018 5936 qui
1050 5865 1360 5920 secundam
1405 5864 1630 5919 duxerit
1659 5880 1899 5919 uxorem
1928 5863 2163 5920 clericus

2237 1929 2485 1984 nedictio
2514 1945 2641 2000 qum
2675 1945 2777 2000 per
2802 1928 3155 1984 sacerdotem
3186 1944 3360 1999 super
3381 1928 3642 1982 nubentes
3663 1925 3806 1995 impo-

2238 2022 2416 2091 nitur,
2449 2039 2567 2076 non
2597 2023 2900 2078 materiam
2945 2021 3319 2094 delinquendi
3361 2019 3589 2086 dedisse,
3627 2018 3711 2074 sed
3731 2018 3810 2073 for-

2240 2132 2394 2170 mam
2437 2115 2682 2171 tenuisse
2728 2116 2872 2186 legis
2905 2133 2937 2169 a
2965 2117 3084 2170 Deo
3125 2115 3440 2186 antiquitus
3472 2114 3712 2168 instituta
3736 2112 3807 2165 do-

2243 2216 2457 2264 ceatur.
2493 2210 2659 2274 Quod
2687 2209 2730 2262 si
2771 2226 2884 2263 non
2917 2214 3147 2280 putatur
3176 2225 3324 2264 uxor
3353 2225 3470 2263 esse
3495 2203 3810 2278 computanda

2245 2320 2374 2374 quae
2414 2307 2548 2358 ante
2593 2303 2942 2373 baptismum
2983 2303 3150 2357 ducta
3197 2307 3303 2370 est,
3353 2319 3487 2373 ergo
3510 2318 3608 2356 nec
3637 2299 3720 2353 lilii
3743 2297 3810 2368 qui

2244 2401 2374 2451 ante
2393 2397 2742 2467 baptismum
2765 2395 2940 2466 geniti
2969 2400 3099 2449 sunt
3127 2412 3230 2466 pro
3265 2396 3375 2450 filis
3403 2395 3679 2450 habentur.

2317 2489 2510 2562 172
2544 2490 2652 2543 Vll.
2701 2491 2768 2544 Ut
2813 2489 2883 2544 de
2923 2489 3111 2543 aliena
3146 2489 3398 2545 Ecclesia
3425 2488 3669 2544 clericum
3695 2484 3809 2540 ordi-

2246 2601 2405 2650 nare,
2447 2590 2544 2638 aut
2562 2583 2824 2654 judicare
2851 2583 3039 2637 nullus
3070 2588 3333 2654 usurpet,
3365 2582 3470 2638 nisi
3502 2582 3615 2652 ejus
3646 2581 3809 2652 episcoc

2242 2694 2350 2749 pus
2413 2677 2680 2749 precibus
2739 2681 3001 2730 exoratus
3067 2677 3380 2732 concedere
3435 2676 3656 2730 voluerit
3701 2671 3815 2744 quod

2245 2771 2418 2826 etiam
2450 2771 2677 2825 Nicaena
2701 2770 2923 2825 videtur
2948 2770 3199 2842 synodus
3214 2770 3524 2825 continere.
3556 2769 3775 2838 Abjectus
3794 2782 3815 2818 a

2245 2882 2350 2919 sua
2383 2865 2630 2918 Ecclesia
2657 2863 2914 2930 clericus,
2946 2864 3016 2918 ab
3041 2864 3222 2919 altera
3253 2881 3372 2919 non
3403 2862 3710 2934 suscipiatur
3740 2860 3814 2913 Ec-

2247 2960 2434 3014 clesia.

2319 3054 2448 3108 Vlll.
2472 3054 2542 3106 Ut
2560 3052 2855 3107 venientes
2873 3067 2906 3105 a
2932 3051 3253 3106 Novatianis
3273 3051 3360 3107 vel
3382 3049 3731 3107 Montensibus
3745 3062 3818 3117 per

2169 3183 2220 3252 (η
2250 3164 2452 3202 manus
2501 3151 2723 3200 tantum
2783 3144 3204 3216 impositionem
3266 3145 3665 3217 suscipiantur,
3724 3139 3819 3212 quia

2193 3228 2224 3252 Λ
2464 3240 2473 3250 ο
2559 3241 2569 3252 1
2615 3241 2627 3252 ι
2777 3240 2810 3252 ι.
2853 3239 2862 3249 ο
2956 3244 2965 3252 .
3178 3239 3188 3250 ο
3267 3240 3322 3252 Α.
3385 3239 3396 3250 ι
3436 3239 3468 3252 ,ι
3627 3237 3636 3247 ι
3729 3236 3817 3252 κημι

2193 3228 2224 3256 ’⁴
2250 3240 2508 3313 quamvis
2521 3241 2592 3294 ab
2613 3239 2917 3308 haereticis,
2951 3244 3143 3294 tamen
3175 3239 3232 3293 in
3262 3239 3472 3295 Christi
3498 3237 3704 3293 nomine
3723 3236 3820 3287 sunt

2250 3334 2539 3406 baptizati,
2569 3337 2783 3405 prater
2810 3349 2905 3388 eos
2932 3334 3030 3404 qui
3063 3333 3205 3388 forte
3231 3350 3262 3387 a
3281 3334 3447 3389 nobis
3475 3333 3543 3388 ad
3567 3331 3675 3386 illos
3691 3335 3822 3384 trans-

2249 3435 2444 3484 euntes
2470 3428 2802 3500 rebaptizati
2848 3433 2998 3491 sunt.
3047 3427 3132 3496 Hi,
3175 3427 3222 3481 si
3248 3428 3630 3500 resipiscentes
3665 3427 3712 3478 et
3732 3420 3818 3475 rui-

2253 3541 2384 3578 nam
2417 3540 2580 3576 suam
2619 3522 2936 3592 cogitantes
2982 3521 3168 3576 redire
3212 3521 3536 3588 maluerint,
3573 3517 3664 3574 sub
3693 3517 3822 3585 longa

2252 3617 2600 3688 poenitentia:
2627 3616 3008 3670 satisfactione
3036 3613 3380 3670 admittendi
3413 3618 3558 3670 sunt.

2323 3713 2406 3766 IX.
2427 3712 2705 3766 Praeterea
2722 3709 2871 3781 quod
2893 3709 3132 3781 dignum
3150 3714 3206 3764 et
3224 3709 3499 3779 pudicum
3514 3713 3566 3764 et
3577 3707 3819 3762 honestum

2253 3809 2339 3859 est
2366 3809 2562 3859 tenere
2606 3803 2850 3858 Ecclesia
2885 3803 3118 3857 omnino
3144 3802 3336 3872 debet,
3382 3808 3444 3858 ut
3483 3799 3760 3856 sacerdotes
3783 3798 3820 3846 et

2251 3898 2432 3953 levita:
2463 3913 2593 3951 cum
2625 3896 2898 3951 uxoribus
2922 3913 3039 3951 non
3071 3896 3438 3963 misceantur,
3473 3895 3599 3967 quia
3622 3889 3820 3948 ministe-

2253 3991 2319 4046 rii
2375 3989 2692 4063 quotidiani
2725 3989 3154 4045 necessitatibus
3197 3995 3567 4062 occupantur,
3608 3984 3820 4056 scriptum

2253 4093 2338 4140 est
2351 4085 2529 4140 enim:
2560 4106 2586 4134 ‹‹
2609 4085 2791 4140 Sancti
2807 4088 3007 4152 estote,
3022 4083 3298 4156 quoniam
3313 4088 3372 4140 et
3384 4100 3492 4155 ego
3505 4097 3622 4137 sum
3633 4081 3822 4135 sanctus,

2252 4179 2521 4235 Dominus
2554 4180 2695 4233 Deus
2729 4183 2912 4233 vester
2945 4180 3088 4248 (Leu.
3123 4194 3198 4245 xi,
3229 4179 3340 4249 44).
3378 4198 3405 4229 ››
3473 4174 3651 4231 Namsi
3675 4168 3822 4243 priscis

2254 4273 2605 4345 temporibus
2635 4273 2704 4326 de
2731 4273 2943 4344 templo
2974 4271 3071 4327 Dei
3103 4271 3426 4326 sacerdotes
3447 4286 3594 4325 anno
3611 4266 3725 4321 vicis
3740 4274 3823 4315 suae

2253 4385 2368 4423 non
2418 4367 2805 4433 discedebant,
2849 4367 2993 4420 sicut
3045 4365 3115 4420 de
3161 4365 3432 4420 Zacharia
3483 4363 3718 4435 legimus,
3749 4368 3823 4409 nec

2244 4463 2492 4518 domum
2525 4477 2684 4516 suam
2711 4459 2944 4514 omnino
2974 4459 3302 4530 tangebant,
3325 4459 3532 4530 quibus
3550 4455 3721 4526 utique
3734 4463 3825 4521 pro-

2174 4559 2232 4629 D
2257 4561 2384 4628 pter
2410 4555 2615 4610 sobolis
2645 4554 3060 4610 successionem
3086 4552 3282 4608 uxoris
3301 4569 3441 4608 usus
3463 4553 3637 4606 fuerat
3659 4544 3824 4601 relaxa

2254 4656 2364 4719 tus,
2389 4649 2519 4721 quia
2542 4666 2607 4702 ex
2629 4649 2742 4704 alia
2763 4648 2937 4717 tribu,
2970 4654 3027 4702 et
3045 4652 3255 4719 praeter
3276 4663 3344 4702 ex
3369 4645 3582 4701 semine
3606 4645 3763 4696 Aaron
3776 4632 3826 4686 ad

2258 4743 2631 4797 sacerdotium
2697 4743 2886 4796 nullus
2957 4741 3145 4795 fuerat
3217 4741 3532 4812 praeceptus
3592 4731 3824 4789 accedere.

2257 4841 2471 4909 quanto
2497 4836 2681 4908 magis
2706 4835 2766 4891 hi
2793 4835 3111 4891 sacerdotes
3137 4833 3226 4888 vel
3246 4834 3430 4890 levitas
3460 4827 3754 4905 pudicitiam
3776 4834 3824 4874 ex

2244 4931 2348 4985 die
2387 4930 2762 4985 ordinationis
2811 4945 2928 4983 suae
2971 4944 3195 4983 servare
3240 4927 3508 4995 debeant,
3548 4921 3728 4995 quibus
3762 4911 3825 4964 νει

2257 5024 2654 5093 sacerdotium,
2682 5023 2770 5077 vel
2798 5021 3179 5076 ministerium
3210 5021 3332 5076 sine
3357 5016 3690 5074 successione
3717 5013 3781 5063 est
3806 5003 3825 5056 Ῠ

2259 5119 2371 5172 Nec
2403 5118 2654 5188 prazterit
2678 5117 2794 5171 dies
2825 5133 2940 5186 qua
2963 5116 3048 5169 vel
3086 5132 3118 5169 a
3157 5113 3441 5169 sacriﬁciis
3475 5108 3681 5172 divinis,
3713 5101 3778 5154 vel
3803 5113 3827 5148 ει

2258 5211 2614 5284 baptismatis
2644 5210 2829 5264 ofﬁcio
2859 5213 3078 5263 vacent.
3108 5210 3249 5264 Nam
3293 5208 3340 5261 si
3377 5207 3572 5262 beatus
3595 5194 3826 5272 apostolus

2261 5306 2462 5360 Paulus
2491 5305 2561 5360 ad
2598 5302 2919 5359 Corinthios
2966 5303 3205 5374 scripsit,
3253 5302 3445 5356 dicens
3475 5317 3489 5353 :
3537 5321 3562 5346 «ι
3592 5289 3826 5349 Abstinete

2261 5415 2356 5452 vos
2386 5399 2456 5453 ad
2499 5402 2722 5469 tempus
2758 5402 2821 5452 ut
2859 5397 3066 5452 vacetis
3110 5395 3348 5450 orationi
3391 5396 3432 5462 (ι
3459 5396 3574 5450 Cor.
3606 5403 3689 5454 vn,
3725 5383 3782 5448 5):
3806 5394 3824 5424 ν

2261 5497 2317 5547 et
2345 5493 2448 5547 hoc
2487 5493 2682 5564 utique
2710 5491 2868 5546 laicis
2897 5490 3187 5562 praecepit,
3212 5489 3391 5544 multo
3413 5484 3588 5555 magis
3613 5472 3823 5564 sacerdos

2261 5585 2344 5637 tes
2375 5581 2580 5652 quibus
2591 5561 2662 5636 et
2677 5561 2974 5649 orandi,iet
2995 5577 3349 5634 sacriﬁcandi
3369 5578 3508 5647 juge
3533 5569 3751 5626 ofﬁcium
3764 5561 3826 5612 est

2262 5691 2489 5746 semper
2510 5673 2798 5730 debebunt
2824 5673 2894 5728 ab
2916 5672 3244 5744 hujusmodi
3271 5667 3547 5726 consortio
3575 5658 3822 5718 abstinere.

2263 5767 2426 5833 Quod
2459 5767 2507 5823 si
2544 5768 2959 5824 contaminatus
2984 5765 3154 5821 fuerit
3181 5784 3212 5820 a
3243 5761 3449 5820 carnali
3479 5752 3821 5826 concupiscen'

2261 5862 2362 5931 tia,
2389 5879 2501 5933 quo
2531 5862 2746 5933 pudore
2776 5860 3089 5917 sacriﬁcare
3123 5855 3429 5932 usurpabit,
3464 5857 3556 5910 aut
3587 5863 3686 5923 qua
3715 5853 3821 5897 con-
