4026 6182
214 332 286 385 au
1403 314 1873 378 DECRETALIL’M
1914 308 2299 377 COLI.ECTIO.

3430 324 3531 380 702

213 432 420 500 scicntia,
457 446 630 502 quove
690 430 895 484 merito
947 428 1201 485 exaudiri
1261 444 1319 484 se
1371 431 1592 485 credit?
1649 430 1790 486 Cum
1811 436 2175 516 Acesserant
2212 430 2355 486 dixit
2388 452 2413 483 «
2445 448 2537 485 eas
2567 429 2779 486 habere
2823 428 3364 487 condemnationem
3401 433 3535 503 quia

208 530 381 584 dictum
401 526 465 578 sit
487 544 499 578 :
523 548 547 573 ‹‹
568 524 774 578 Omnia
794 524 1003 579 munda
1024 524 1274 593 mundis,
1300 525 1677 596 coinquinatis
1694 542 1788 578 au-

208 626 299 675 tem
327 622 376 671 et
415 617 723 671 infidelibus
753 616 895 671 nihil
938 618 1219 671 mundum
1251 619 1375 685 (Tit.
1410 634 1447 685 ι,
1490 619 1590 687 15).
1623 640 1649 665 ››
1683 617 1789 671 Sed

204 715 323 768 forte
356 712 513 765 licere
548 711 657 765 hoc
684 710 879 777 credit,
920 710 1055 782 quia
1096 711 1372 781 scriptum
1403 714 1524 764 est:
1556 732 1582 758 ‹‹
1616 710 1788 764 Unius

204 805 358 862 uxoris
399 805 592 869 virum,
627 824 653 853 »
684 822 801 858 non
841 804 1208 875 permanenti
1236 804 1294 857 in
1334 803 1790 873 concupiscentia

204 898 466 972 generandi
502 898 661 963 dixit,
698 897 793 951 sed
816 901 1051 968 propter
1068 897 1319 952 futuram
1350 896 1786 953 continentiam.

202 995 359 1063 Neque
372 991 511 1045 enim
529 991 778 1061 integros
790 1008 1025 1061 corpore
1039 1007 1154 1045 non
1171 991 1237 1045 ad
1246 991 1525 1061 misit,qui
1537 990 1792 1044 ait:«Vel—

203 1086 293 1139 lem
333 1088 508 1138 autem
555 1101 756 1137 omnes
803 1100 921 1137 esse
986 1084 1127 1137 sicut
1170 1087 1227 1137 et
1271 1100 1377 1155 ego
1432 1086 1477 1149 (Ι
1526 1086 1644 1141 Cor.
1692 1099 1787 1149 vn,

205 1181 316 1246 17).»
340 1176 488 1240 Quod
514 1177 765 1247 apertius
782 1177 1046 1243 declarat,
1070 1176 1265 1231 dicens
1290 1194 1303 1231 :
1332 1199 1359 1225 ‹‹
1380 1176 1484 1241 Qui
1502 1182 1693 1231 autem
1730 1176 1788 1230 in

202 1287 337 1324 carne
376 1275 515 1338 sunt,
553 1271 663 1323 [leo
700 1271 925 1341 placere
972 1286 1087 1323 non
1129 1273 1402 1340 possunt;
1450 1286 1544 1323 vos
1598 1275 1788 1324 autem

200 1364 244 1417 in
266 1380 411 1417 carne
438 1380 552 1417 non
579 1364 730 1430 estis,
770 1363 867 1417 sed
896 1363 954 1417 in
985 1362 1187 1434 spiritu
1219 1366 1388 1433 (Rom.
1422 1380 1536 1431 vui,
1567 1366 1620 1430 8,
1653 1365 1725 1434 9).
1758 1384 1785 1412 »

255 1458 304 1510 Χ.
329 1458 395 1510 De
420 1457 709 1510 monachis
737 1457 833 1527 qui
865 1456 962 1510 diu
990 1463 1281 1511 morantes
1323 1458 1381 1511 in
1409 1457 1787 1525 monasteriis,

198 1551 233 1604 si
249 1556 414 1621 postea
438 1550 506 1604 ad
540 1550 833 1604 clericatus
855 1550 1120 1604 ordinem
1150 1551 1534 1621 pervenerint,
1556 1568 1673 1605 non
1694 1551 1789 1605 de-

197 1644 305 1698 bere
327 1660 409 1697 eos
435 1661 465 1697 a
493 1643 682 1714 priore
711 1644 1004 1715 proposito
1039 1644 1285 1698 deviare.
1314 1646 1424 1699 Aut
1449 1644 1625 1713 enim,
1650 1645 1794 1698 sicut

197 1737 240 1789 in
267 1737 585 1791 monasterio
615 1737 737 1805 fuit,
769 1743 825 1792 et
854 1737 1008 1807 quod
1038 1737 1135 1791 diu
1180 1738 1441 1805 servavit,
1482 1738 1539 1791 in
1568 1737 1793 1792 meliori

1888 525 2138 598 primam
2177 524 2349 578 fidem
2394 525 2610 580 irritam
2655 526 2911 580 fecerunt
2954 527 2996 593 (Ι
3041 528 3176 581 Tim.
3228 543 3280 593 v,
3340 530 3446 596 12),
3505 550 3531 575 )›

1889 624 2103 690 quanto
2134 619 2321 689 potius
2365 617 2611 689 virgines
2639 636 2764 689 qua:
2794 619 2997 690 prioris
3035 619 3427 689 promissionis
3466 622 3534 673 ti-

1889 714 2018 767 dem
2037 712 2276 766 minime
2299 712 2693 766 servaverunt!
2717 713 2843 767 Haec
2884 712 3072 784 itaque
3109 714 3328 785 regula,
3362 714 3537 768 frater

1890 807 2243 874 charissime,
2297 805 2344 858 si
2395 805 2571 876 plena
2614 806 2901 877 vigilantia
2946 808 3115 861 fuerit
3155 808 3224 860 ab
3267 807 3535 861 omnibus

1890 900 1991 954 Dei
2026 899 2411 954 sacerdotibus
2438 898 2735 967 custodita,
2767 900 3005 953 cessabit
3036 900 3294 967 ambitio,
3320 901 3531 955 dissen-

1891 994 1971 1047 sio
2001 993 2383 1063 conquiescet,
2406 993 2649 1047 heereses
2676 996 2733 1046 et
2750 993 3055 1047 schismata
3080 1011 3194 1048 non
3212 999 3528 1065 emergeut,

1889 1087 2075 1141 locum
2126 1103 2237 1140 non
2269 1086 2506 1157 accipiet
2537 1086 2791 1140 diabolus
2833 1087 3120 1153 smviendi,
3156 1088 3253 1142 sed
3283 1087 3536 1143 manebit

1891 1179 2256 1247 unanimitas,
2318 1179 2583 1251 iniquitas
2629 1186 2897 1251 superata
2946 1180 3272 1247 calcabitur,
3332 1181 3535 1235 veritas

1891 1274 2167 1345 spirituali
2194 1274 2413 1328 fervore
2439 1273 2725 1343 ﬂagrabit,
2756 1290 2868 1344 pax
2893 1274 3199 1344 praedicata
3218 1273 3377 1327 labiis
3399 1291 3531 1329 cum

1890 1369 2177 1422 voluntate
2225 1366 2402 1420 animi
2445 1366 2837 1436 concordabit,
2904 1366 3235 1438 implebitur
3287 1367 3533 1421 edictum

1892 1461 2149 1531 apostoli,
2187 1481 2212 1511 (ι
2242 1464 2304 1513 ut
2334 1460 2633 1513 unanimes
2658 1476 2837 1513 unum
2870 1460 3179 1514 sentientes
3205 1477 3537 1530 permanea-

1892 1572 2021 1608 mus
2050 1554 2106 1607 in
2132 1554 2375 1620 Christo,
2398 1554 2539 1607 nihil
2561 1570 2663 1624 per
2682 1554 3110 1608 contentionem
3144 1554 3325 1622 nobis,
3351 1572 3536 1627 neque

1890 1666 1996 1720 per
2047 1648 2281 1701 inanem
2329 1647 2576 1718 gloriam
2616 1648 2966 1702 vindicantes
3023 1649 3185 1718 (Phil.
3241 1664 3297 1715 II,
3344 1652 3473 1718 2-3),
3508 1671 3533 1697 ››

1890 1758 2007 1797 non
2029 1740 2377 1807 hominibus,
2408 1741 2509 1795 sed
2530 1742 2642 1795 Deo
2673 1744 2867 1795 nostro
2908 1741 3183 1795 Salvatori
3228 1743 3534 1812 placentes,

197 1829 348 1901 gradu
372 1831 580 1901 positus
605 1831 863 1885 amittere
886 1848 1002 1884 non
1032 1831 1235 1897 debet;
1265 1836 1364 1885 aut
1389 1831 1435 1886 si
1469 1838 1788 1903 corruptus,
1812 1821 1869 1893 B
1896 1860 1921 1885 (ί
1973 1835 2062 1889 cui
2117 1840 2202 1889 est
2247 1835 2437 1888 honor
2492 1838 2549 1888 et
2593 1833 2771 1905 gloria
2820 1833 2875 1887 in
2930 1836 3134 1888 saecula
3178 1836 3533 1889 saeculorum.

194 1927 357 1994 postea
374 1924 706 1994 baptizatur,
730 1930 785 1979 et
814 1925 872 1978 in
905 1926 1252 1979 monasterio
1284 1925 1510 1993 sedens,
1543 1926 1614 1978 ad
1637 1924 1795 1979 cleri-

197 2021 325 2070 catus
357 2017 613 2072 ordinem
658 2018 927 2073 accedere
971 2019 1227 2086 voluerit,
1278 2036 1518 2074 uxorem
1557 2019 1795 2073 omnino

193 2110 367 2165 habere
406 2129 517 2165 non
556 2113 783 2183 poterit,
824 2111 959 2183 quia
992 2128 1095 2166 nec
1126 2111 1389 2167 benedici
1430 2130 1559 2166 cum
1587 2129 1796 2183 sponsa

194 2210 345 2274 potest
363 2205 479 2275 jam
529 2210 665 2259 ante
706 2212 1029 2277 corruptus.
1057 2206 1193 2269 Quae
1238 2206 1423 2260 forma
1453 2211 1706 2260 servatur
1734 2206 1794 2260 in

194 2297 393 2350 clericis.
433 2298 670 2353 Maxime
700 2315 830 2353 cum
873 2304 1032 2353 vetus
1078 2299 1276 2369 regula
1321 2298 1426 2353 hoc
1472 2299 1701 2368 habeat,
1730 2302 1796 2353 ut

193 2391 408 2463 quisquis
434 2397 735 2463 corruptus
763 2391 1076 2463 baptizatus
1107 2393 1341 2446 clericus
1367 2409 1488 2448 esse
1502 2394 1791 2461 voluisset,
1878 2396 1881 2399 ’

192 2486 430 2554 spondeat
453 2502 695 2540 uxorem
726 2486 965 2541 omnino
992 2502 1106 2539 non
1134 2486 1361 2541 ducere.

246 2577 319 2632 XI.
346 2572 629 2634 Praeterea
672 2580 1001 2652 frequenter
1025 2580 1256 2651 quidam
1289 2598 1355 2635 ex
1384 2580 1649 2634 fratribus
1687 2596 1790 2634 no-

191 2671 295 2724 stris
319 2673 576 2740 curiales,
617 2674 707 2728 vel
744 2674 1089 2746 quibuslibet
1132 2673 1370 2744 publicis
1409 2674 1793 2728 functionibus

190 2772 452 2836 occupatos
480 2767 716 2821 clericos
744 2768 927 2821 facere
956 2766 1325 2836 contendunt,
1357 2767 1562 2838 quibus
1599 2772 1793 2838 postea

187 2858 338 2927 major
362 2860 593 2915 tristitia
622 2877 755 2914 cum
776 2860 846 2914 de
880 2860 1210 2915 revocandis
1241 2862 1322 2914 eis
1342 2860 1556 2931 aliquid
1578 2861 1649 2914 ab
1680 2860 1790 2913 im-

186 2959 410 3021 peratore
434 2954 771 3025 praecipitur
807 2971 983 3026 quam
1010 2955 1192 3026 gratia
1220 2954 1469 3008 nascitur
1493 2955 1562 3008 de
1594 2954 1789 3010 ascito.

180 3036 379 3100 Constat
418 3048 576 3102 enim
619 3062 717 3102 eos
747 3048 805 3102 in
839 3048 973 3119 ipsis
1002 3048 1211 3102 muniis
1255 3048 1429 3103 etiam
1474 3050 1792 3118 voluptates

190 3138 445 3211 exhibere,
469 3158 614 3214 quas
643 3159 676 3195 a
702 3141 929 3197 diabolo
960 3143 1223 3196 inventas
1262 3159 1381 3197 esse
1413 3160 1524 3196 non
1556 3142 1789 3196 dubium

190 3235 273 3297 est,
292 3238 342 3287 et
360 3234 628 3289 ludorum
662 3235 746 3289 vel
768 3250 1074 3289 munerum
1103 3236 1492 3307 apparatibus,
1521 3239 1620 3289 aut
1644 3252 1789 3306 pra:-

190 3340 305 3393 esse,
330 3332 421 3381 aut
454 3330 695 3383 forsitan
736 3329 1029 3384 interesse.
1057 3329 1143 3384 Sit
1171 3332 1325 3384 certe
1355 3330 1413 3383 in
1442 3329 1793 3400 exemplum,

188 3421 234 3470 et
258 3421 561 3476 sollicitudo
581 3425 643 3477 et
668 3422 896 3476 tristitia
921 3423 1164 3477 fratrum
1193 3438 1363 3493 quam
1396 3439 1546 3493 saepe
1570 3422 1800 3493 protuli-

188 3524 296 3563 mus
321 3511 664 3584 imperatore
686 3519 987 3585 prassentc,
1010 3531 1139 3569 cum
1158 3531 1259 3585 pro
1281 3514 1369 3567 his
1395 3514 1599 3584 saepius
1627 3530 1794 3585 roga-

188 3618 366 3672 remus,
397 3620 572 3678 quam
600 3607 723 3678 ipse
749 3608 1044 3662 nobiscum
1070 3608 1283 3679 positus
1309 3606 1643 3678 cognovisti.
1671 3607 1799 3671 Qui-

186 3695 271 3750 bus
298 3715 400 3754 non
416 3702 603 3756 solum
628 3701 929 3756 inferiores
950 3701 1135 3756 clerici
1159 3718 1226 3756 ex
1254 3702 1574 3768 curialibus,
1597 3716 1797 3754 verum
1876 3712 1877 3715 ‘

187 3790 332 3847 etiam
368 3795 424 3849 in
473 3796 795 3851 sacerdotio
840 3796 1134 3851 constituti
1174 3796 1378 3866 ingens
1428 3794 1687 3849 molestia
1738 3800 1798 3850 ut

187 3886 531 3943 redderentur
556 3889 832 3944 instabat.

241 3978 337 4036 Xll.
378 3984 540 4052 Item,
577 3998 709 4055 qua:
734 3984 954 4038 Christo
995 3983 1365 4055 spiritualiter
1402 3984 1646 4050 nubunt,
1686 3987 1742 4037 et
1765 4000 1798 4036 a

186 4075 441 4131 sacerdote
466 4078 754 4144 velantur,
785 4078 829 4131 si
858 4083 1057 4149 postea
1095 4079 1414 4149 nupserint,
1446 4077 1534 4131 vel
1572 4077 1795 4149 publice

184 4166 255 4219 vel
292 4172 497 4226 occulte
540 4175 828 4242 corrupta:
870 4170 1101 4239 fuerint,
1137 4188 1253 4225 non
1289 4188 1383 4225 eas
1420 4170 1798 4226 admittendas

188 4272 285 4314 esse
303 4262 371 4317 ad
394 4266 685 4337 agendam
714 4264 1131 4336 paenitentiam,
1161 4265 1269 4318 nisi
1298 4265 1345 4318 is
1376 4265 1469 4319 cui
1507 4281 1565 4318 se
1588 4265 1795 4334 junxe-

186 4360 294 4409 raut
317 4358 380 4412 de
422 4360 534 4413 hac
560 4360 681 4413 vita
719 4359 1044 4414 decesserit.
1090 4360 1145 4414 Si
1172 4359 1328 4413 enim
1355 4359 1423 4413 de
1468 4357 1798 4411 hominibus

186 4444 288 4504 haec
312 4453 452 4507 ratio
492 4453 835 4521 custoditur,
868 4476 894 4502 ‹‹
928 4458 990 4508 ut
1029 4469 1383 4525 quascunque
1423 4452 1641 4507 vivente
1680 4452 1798 4506 viro

1813 3189 1867 3264 C

1894 1933 2071 1983 Amen
2108 1929 2277 1999 (Rom.
2313 1945 2424 1996 xvi,
2471 1930 2579 1997 '27).
2629 1951 2654 1976 ι»
2707 1928 2913 1981 Datum
2954 1928 3056 1981 sub
3085 1928 3174 1982 die
3213 1945 3285 1982 xv
3330 1929 3533 1983 Kalen-

1894 2024 1995 2077 das
2037 2021 2241 2089 Martii,
2290 2022 2550 2089 Honorio,
2609 2026 2864 2092 Augusto
2923 2025 2981 2074 et
3046 2022 3226 2076 Aristo
3288 2022 3534 2076 consuli—

1895 2116 2024 2169 bus.

1964 2235 2094 2287 Item
2124 2232 2354 2302 epistola
2392 2230 2636 2314 ejusdem.
2655 2232 2731 2284 ad
2767 2233 3103 2301 Exuperium
3144 2232 3462 2287 Tolosanum

2549 2315 2872 2371 episcopum.

1971 2401 2017 2450 l.
2050 2396 2128 2450 De
2155 2394 2480 2449 innocentia
2512 2393 2874 2449 sacerdotum
2908 2397 2994 2450 vel
3025 2394 3356 2450 levitarum.

1963 2494 2016 2544 2.
2049 2490 2125 2543 De
2167 2489 2253 2543 bis
2282 2487 2380 2560 qui
2408 2492 2534 2559 post
2572 2488 2917 2558 baptismum
2945 2490 3101 2543 omni
3143 2495 3405 2560 tempore
3448 2489 3531 2545 in-

1892 2584 2257 2639 continentire
2272 2581 2653 2653 voluptatibus
2670 2586 2801 2636 sunt
2829 2583 3027 2651 dediti,
3048 2587 3104 2637 et
3125 2583 3181 2637 in
3201 2584 3403 2638 ultimo
3420 2602 3538 2657 pce-

1895 2676 2198 2732 nitentiam
2228 2680 2491 2747 poscunt.

1963 2770 2015 2821 3.
2065 2768 2141 2819 De
2188 2764 2743 2819 administratoribus
2794 2767 2879 2819 vel
2917 2764 3205 2836 judicibus
3255 2767 3537 2821 saeculari-

1893 2860 2018 2914 bus.

1963 2956 2015 3009 4.
2044 2954 2205 3016 Quod
2254 2953 2358 3006 viri
2386 2969 2517 3007 cum
2563 2950 2833 3006 adulteris
2861 2951 3129 3007 uxoribus
3164 2966 3283 3008 non
3330 2970 3533 3010 conve-

1894 3048 2078 3103 niant.

1966 3146 2016 3196 5.
2049 3141 2208 3205 Quod
2228 3140 2326 3212 qui
2356 3157 2550 3211 preces
2579 3141 2660 3193 vel
2683 3138 2925 3194 crimina
2951 3140 3183 3204 dictant,
3214 3140 3539 3196 habeantur

1900 3236 2203 3290 immunes.

1970 3328 2185 3392 6.Quod
2210 3327 2266 3381 hi
2284 3328 2380 3399 qui
2414 3327 2802 3382 intercedente
2822 3328 3065 3398 repudio
3096 3328 3397 3383 divortium
3413 3346 3541 3401 pcr-

1897 3424 2172 3488 tulerunt,
2213 3422 2259 3474 si
2293 3438 2351 3475 se
2380 3420 2591 3492 nuptiis
2617 3420 2740 3474 aliis
2761 3422 3100 3492 junxerunt,
3144 3422 3383 3475 adulteri
3418 3438 3537 3476 esse

1898 3519 2307 3570 monstrantur.

1967 3613 2019 3663 7.
2041 3608 2151 3673 Qui
2178 3608 2307 3663 libri
2334 3608 2391 3661 in
2420 3624 2637 3661 canone
2668 3607 3032 3679 recipiantur.

1972 3704 2328 3770 INNOCENTUS,
2392 3703 2684 3770 EXUPERIO,
2734 3702 2998 3772 episcopo
3039 3700 3338 3770 Tolosano,
3388 3700 3535 3757 salu-

1896 3801 2033 3852 tem.
2061 3795 2387 3851 Cousulenti
2411 3795 2533 3863 tibi,
2566 3796 2743 3850 frater
2768 3795 3116 3863 charissime,
3141 3796 3276 3866 quid
3309 3797 3377 3851 de
3409 3813 3537 3867 pro-

1896 3890 2081 3963 posita
2103 3889 2287 3961 specie
2323 3905 2673 3960 unaquaque
2701 3889 2998 3955 sentirem,
3026 3903 3131 3959 pro
3159 3895 3324 3960 captu
3364 3889 3536 3944 intel-

1898 3985 2149 4057 ligentiac
2176 3999 2319 4037 mea:
2351 4000 2478 4055 quas
2508 3987 2640 4037 sunt
2665 3983 2780 4036 visa
2810 3982 3081 4053 respondi
3131 3982 3269 4054 quid
3300 4000 3542 4055 sequen-

1900 4078 2058 4145 dum,
2091 4079 2179 4132 vel
2201 4077 2336 4149 quid
2370 4076 2567 4131 docilis
2594 4077 2738 4131 ratio
2764 4077 3157 4148 persuaderet,
3185 4077 3275 4131 vel
3300 4076 3544 4132 auctori-

1897 4176 1981 4227 tas
2009 4172 2268 4227 lectionis
2300 4170 2650 4237 ostenderet,
2682 4171 2771 4224 vel
2798 4170 3079 4225 custodita
3112 4170 3285 4225 series
3314 4176 3539 4243 tempo-

1899 4282 2027 4320 rum
2056 4265 2491 4319 demonstraret.
2516 4265 2583 4318 Et
2604 4264 2832 4334 quidem
2851 4263 3079 4318 dilectio
3100 4267 3198 4318 tua
3216 4265 3542 4319 institutum

1898 4364 2088 4414 secuta
2120 4358 2515 4430 prudentium,
2546 4357 2618 4411 ad
2666 4357 2859 4411 sedem
2913 4358 3282 4429 apostolicam
3329 4359 3543 4414 referre

1898 4456 2099 4511 maluit
2136 4456 2271 4527 quid
2303 4456 2371 4510 de
2415 4456 2583 4510 rebus
2608 4455 2792 4509 dubiis
2839 4455 3123 4509 custodire
3152 4456 3404 4521 deberet,
3438 4474 3540 4527 po-

185 4541 323 4598 alteri
364 4548 630 4619 nupserit
668 4547 944 4602 habeatur
990 4547 1248 4602 adultera
1298 4548 1463 4615 (Rom.
1506 4562 1601 4613 v11,
1651 4550 1724 4617 3),
1770 4567 1796 4593 ›)
1820 4552 2013 4634 Dtius
2056 4566 2229 4621 quam
2281 4549 2650 4619 usurpatione
2693 4554 3040 4620 praesumpta
3069 4566 3195 4620 quae
3238 4548 3344 4602 sibi
3386 4550 3539 4603 vide-

186 4648 271 4689 nec
306 4639 355 4693 ei
383 4643 626 4713 agendae
660 4641 1007 4713 poenitentiae
1038 4640 1262 4696 licentia
1291 4640 1650 4707 concedatur,
1692 4639 1799 4694 nisi

187 4744 309 4786 unus
337 4750 402 4789 ex
429 4736 511 4790 eis
551 4735 856 4791 defunctus
892 4734 1083 4804 fuerit,
1131 4740 1347 4807 quanto
1377 4735 1560 4806 magis
1606 4734 1675 4789 de
1705 4733 1802 4787 illa

184 4825 405 4883 tenenda
459 4834 567 4900 est,
618 4845 749 4901 quae
789 4834 921 4883 ante
965 4828 1275 4883 immortali
1322 4845 1378 4883 se
1409 4845 1614 4899 sponso
1664 4844 1799 4882 con-

179 4915 447 4995 iunxerat,
495 4930 556 4980 et
592 4931 791 4998 postea
841 4925 912 4981 ad
967 4927 1244 4982 humanas
1293 4926 1517 4997 nuptias
1567 4926 1803 4981 transire

187 5012 338 5085 elegit
356 5017 370 5072 ι

243 5108 362 5165 ΧΙΙΙ.
393 5114 490 5169 Hae
521 5130 663 5169 vero
687 5131 813 5187 quas
836 5115 1081 5175 necdum
1113 5132 1273 5170 sacro
1301 5113 1587 5169 velamine
1616 5102 1800 5180 tectae,

186 5202 355 5261 tamen
381 5208 441 5263 in
470 5210 770 5282 proposito
790 5210 1052 5282 virginali
1072 5226 1294 5282 semper
1310 5224 1371 5264 se
1398 5209 1805 5264 simulaverunt

187 5310 520 5373 permanere,
535 5304 673 5360 licet
686 5305 882 5359 velata
898 5321 1011 5357 non
1029 5304 1468 5371 fuerint,siforte
1484 5301 1801 5373 nupserint,

188 5387 261 5445 his
286 5397 505 5466 agenda
546 5398 841 5471 aliquanto
868 5403 1125 5469 tempore
1154 5397 1489 5469 poenitentia
1526 5399 1629 5466 est,
1672 5396 1806 5466 quia

189 5492 395 5556 sponsio
425 5507 633 5548 earum
676 5510 710 5547 a
739 5492 976 5547 Domino
1017 5493 1334 5547 tenebatur.
1374 5491 1431 5546 Si
1475 5489 1627 5545 enim
1660 5490 1807 5545 inter

189 5578 428 5642 homines
464 5589 616 5642 solet
653 5589 822 5643 bona
865 5588 997 5643 fidei
1029 5592 1351 5642 contractus
1394 5586 1548 5640 nulla
1588 5584 1805 5639 ratione

192 5674 641 5752 dissolvi,quanto
656 5683 841 5755 magis
860 5683 964 5737 ista
990 5681 1321 5753 pollicitatio
1347 5697 1516 5752 quam
1545 5695 1676 5734 cum
1692 5680 1809 5732 Deo

194 5772 518 5844 pepigerunt
562 5777 707 5831 solvi
751 5778 872 5833 sine
921 5776 1167 5832 vindicta
1210 5791 1328 5829 non
1375 5773 1628 5846 poterit?
1668 5773 1809 5827 Nam

196 5863 237 5917 si
257 5870 533 5941 apostolus
566 5872 770 5928 Paulus
808 5888 939 5946 quae
968 5888 1003 5927 a
1048 5869 1336 5946 proposito
1376 5867 1665 5924 viduitatis
1695 5865 1806 5922 dis-

1901 4649 2100 4699 rentur
2126 4643 2194 4697 de
2217 4642 2455 4713 singulis
2483 4642 2762 4696 obtinere.
2800 4642 2913 4695 Cur
2937 4641 3091 4695 enim
3126 4640 3311 4712 magis
3327 4643 3543 4713 puden-

1901 4740 2039 4791 dum
2066 4740 2335 4807 putemus
2364 4734 2576 4788 discere
2597 4734 2809 4804 aliquid
2835 4751 3009 4804 quam
3026 4735 3259 4789 omnino
3279 4736 3495 4792 nescire
3512 4738 3540 4791 ?

1898 4831 2032 4886 Mihi
2057 4845 2281 4902 quoque
2310 4827 2415 4899 ipsi
2447 4827 2516 4882 de
2547 4827 2852 4881 collatione
2894 4828 3152 4883 docilitas
3195 4830 3431 4898 accedit,
3480 4833 3545 4885 ut

1901 4922 2265 4997 perscrutatis
2282 4920 2594 4976 rationibus
2606 4922 2675 4975 ad
2707 4922 2993 4992 proposita
3022 4923 3372 4994 respondere
3387 4941 3541 4980 com-

1902 5019 2102 5091 pellar,
2150 5033 2333 5088 eoque
2383 5016 2444 5070 fit
2488 5018 2553 5069 ut
2604 5030 2832 5085 semper
2876 5016 3087 5087 aliquid
3146 5017 3403 5073 addiscat
3444 5018 3541 5090 qui

1903 5104 2224 5183 postulatur
2271 5116 2330 5163 ut
2367 5109 2579 5163 doceat.
2631 5109 3031 5179 Proponantur
3070 5110 3248 5181 igitur
3296 5112 3538 5182 singula,

1904 5205 2311 5276 subjiciamque
2337 5217 2693 5274 responsum.

1976 5300 2108 5354 Car.
2143 5301 2181 5353 l.
2220 5296 2566 5368 Proposuisti
2594 5296 2733 5368 quid
2777 5297 2847 5352 de
2894 5297 2981 5351 his
3008 5296 3289 5351 observari
3320 5297 3539 5365 debeat,

1904 5411 2048 5467 quos
2068 5394 2127 5447 in
2159 5391 2401 5447 diaconii
2429 5391 2766 5456 ministerio,
2789 5394 2885 5445 aut
2914 5391 2970 5444 in
2995 5390 3175 5444 ofﬁcio
3204 5389 3543 5461 presbyterii

1904 5490 2114 5561 positos
2153 5486 2572 5541 incontinentes
2621 5501 2761 5552 esse,
2802 5489 2899 5538 aut
2931 5484 3101 5537 fuisse
3148 5483 3401 5554 generati
3443 5484 3544 5538 filii

1905 5582 2299 5653 prodiderunt.
2324 5581 2402 5633 De
2427 5579 2513 5633 his
2544 5581 2601 5633 et
2627 5578 2943 5633 divinarum
2970 5576 3161 5645 legum
3185 5582 3269 5629 est
3292 5576 3540 5649 discipli-

1906 5692 2001 5743 na,
2036 5678 2094 5729 et
2121 5675 2305 5729 beatas
2348 5671 2753 5727 recordationis
2792 5670 2894 5723 viri
2933 5668 3113 5723 Siricii
3138 5669 3384 5741 episcopi
3418 5688 3541 5725 mo-

1906 5769 2029 5824 nita
2056 5767 2340 5823 evidentia
2368 5767 2776 5829 commearunt,
2810 5766 2870 5816 ut
2896 5762 3315 5817 incontinentes
3342 5763 3401 5819 in
3427 5766 3546 5820 offic

1908 5863 2006 5919 ciis
2037 5862 2245 5919 talibus
2285 5860 2469 5933 positi,
2517 5857 2675 5912 omni
2707 5855 3079 5912 ecclesiastico
3111 5856 3328 5914 honore
3354 5860 3543 5934 priva.
