4026 6182
544 268 646 320 703

1435 258 1716 322 APPEND.
1760 266 1847 322 AD
1886 269 2046 324 S/EC.
2089 268 2176 322 ιχ.
2209 296 2278 308 -—
2319 260 2568 324 lSIDORI
2605 257 3030 324 MERCATORlS

3737 277 3812 332 705,

550 377 790 441 rentur;
822 389 924 427 nec
952 373 1334 428 admittantur
1353 373 1425 427 ad
1457 375 1568 428 tale
1599 375 2004 446 ministerium,
2037 377 2189 447 quod
2209 389 2267 461 Α
2289 377 2519 448 poribus
2537 377 2749 432 crebrae
2771 377 3190 448 persecutiones
3215 381 3412 446 essent,
3432 394 3522 433 nec
3541 386 3818 438 communio-

541 468 658 522 sola
685 466 1042 522 continentia
1075 471 1298 538 oportet
1337 467 1586 538 impleri.
1621 470 1713 522 Est
1745 469 1899 523 enim
1928 477 2085 524 vetus
2115 471 2187 524 ad

541 562 776 616 modum
789 577 962 615 sacrae
978 560 1120 631 legis
1133 561 1443 615 auctoritas
1451 561 1575 632 jam
1591 562 1727 616 inde
1743 563 1812 617 ab
1826 563 1987 618 initio
2010 569 2188 618 custo-

543 657 679 723 dita,
721 655 873 726 quod
920 654 977 707 in
1011 655 1226 726 templo
1257 672 1409 709 anno
1449 655 1583 709 vicis
1614 673 1730 710 sua:
1760 656 2016 711 habitare
2047 675 2188 729 pra:-

538 750 687 820 cepti
715 755 846 804 sunt
874 749 1214 817 sacerdotes,
1244 755 1307 804 ut
1339 749 1648 804 servientes
1679 749 1850 804 sacris
1884 750 2180 805 oblationi-

537 844 663 911 bus,
692 860 861 915 puros
882 846 938 897 et
968 843 1037 897 ab
1070 843 1228 897 omni
1255 843 1382 897 labe
1419 843 1719 898 mundatos
1744 843 1848 898 sibi
1897 845 2184 900 vindicent

537 937 726 992 divina
755 937 1049 1007 mysteria,
1086 954 1270 1008 neque
1300 953 1397 991 eos
1440 936 1514 991 ad
1545 937 1818 991 sacrificia
1857 938 1939 992 fas
1971 939 2041 992 sit
2078 939 2176 993 ad-

540 1030 708 1098 mitti,
728 1031 822 1102 qui
847 1034 1108 1086 exercent
1125 1031 1208 1085 vel
1232 1047 1360 1086 cum
1386 1048 1558 1085 uxore
1576 1034 1800 1085 carnale
1824 1033 2177 1087 consortium

537 1124 671 1195 quia
703 1125 977 1196 scriptum
1006 1130 1118 1179 est:
1165 1147 1190 1174 ‹‹
1221 1125 1408 1179 Sancti
1435 1128 1635 1193 estote,
1670 1126 1802 1197 quia
1833 1131 1887 1180 et
1913 1143 2020 1198 ego
2048 1143 2175 1180 san-

538 1225 661 1272 ctus
691 1235 838 1286 sum,
868 1218 1149 1273 Dominus
1180 1219 1325 1273 Deus
1361 1224 1546 1274 vester
1582 1223 1704 1274 Lev.
1737 1237 1810 1286 x1,
1845 1221 1952 1287 44).
1985 1242 2012 1270 ››
2054 1223 2178 1289 Qui-

536 1313 644 1366 bus
673 1313 867 1382 utique
894 1318 1132 1383 prOpter
1171 1312 1378 1367 sobolis
1407 1313 1818 1368 successionem
1849 1314 2016 1368 uxori
2045 1332 2176 1368 usus

538 1406 720 1460 fuerat
743 1406 1048 1473 relaxatus,
1080 1406 1210 1477 quia
1238 1423 1302 1460 ex
1330 1407 1442 1461 alia
1473 1407 1645 1474 tribu,
1679 1411 1738 1461 et
1764 1413 1974 1478 praeter
1998 1426 2065 1464 ex
2096 1426 2175 1464 se-

540 1497 696 1553 mine
719 1502 902 1553 Aaron
931 1499 1003 1553 ad
1031 1500 1409 1554 sacerdotium
1433 1500 1622 1554 nullus
1646 1501 1833 1555 fuerat
1859 1505 2173 1573 praeceptus

539 1591 824 1660 accedere,
861 1598 1073 1663 quanto
1096 1593 1283 1665 magis
1309 1593 1369 1646 bi
1405 1593 1723 1648 sacerdotes
1745 1595 1828 1648 vel
1855 1595 2037 1649 levita:
2067 1613 2167 1666 pu-

537 1684 793 1740 dicitiam
839 1703 907 1740 ex
939 1685 1031 1740 die
1079 1686 1451 1742 ordinationis
1500 1704 1616 1741 suae
1666 1704 1888 1742 servare
1934 1689 2166 1760 debent,

2288 471 2375 524 nis
2418 487 2685 525 concessa
2719 471 2956 524 facilitas
3012 471 3277 525 homines
3327 471 3392 525 de
3445 474 3816 531 reconciliatione

2288 581 2515 618 securos
2561 582 2676 619 non
2707 570 3000 619 revocaret
3025 581 3058 618 a
3096 565 3277 634 lapsu,
3305 569 3494 636 negata
3510 568 3680 621 merito
3702 586 3816 622 com-

2286 659 2480 713 munio
2524 663 2627 725 est,
2677 675 2946 712 concessa
2988 658 3335 728 pmnitentia,
3359 675 3426 712 ne
3454 663 3610 713 totum
3645 663 3819 731 penitus

2284 758 2608 822 negaretur,
2643 757 2699 806 et
2730 753 3021 806 duriorem
3053 769 3173 806 esse
3201 752 3566 806 remissionem
3589 753 3700 808 fecit
3720 760 3823 809 tem-

2282 846 2433 915 poris
2481 846 2643 900 ratio.
2689 846 2794 900 Sed
2842 849 3144 916 postquam
3187 845 3446 898 Dominus
3483 849 3650 900 noslcr
3674 864 3821 917 pacem

2284 939 2542 992 licclesiis
2569 939 2685 992 suis
2712 939 2961 993 reddidit
2979 939 3097 1008 jam
3126 938 3357 1009 depulso
3387 945 3599 1007 terrore,
3625 956 3822 993 commu-

2279 1032 2507 1087 nionem
2540 1032 2675 1087 dare
2703 1031 3042 1087 abeuntibus
3075 1032 3305 1101 placuit,
3338 1035 3391 1086 et
3417 1038 3624 1103 propter
3648 1034 3822 1086 Domini

2279 1125 2746 1192 misericordiam,
2797 1126 2933 1196 quia
2992 1125 3256 1178 viaticum
3327 1124 3650 1195 profecturis,
3694 1133 3822 1179 etne

2279 1219 2566 1272 Novatiani
2594 1219 2846 1272 haeretici
2887 1218 3145 1288 negantis
3173 1217 3417 1285 veniam,
3459 1218 3764 1288 asperitatem
3785 1224 3821 1270 et

2277 1312 2549 1366 duritiam
2595 1312 2862 1382 subsequi
2914 1312 3227 1366 videamur.
3279 1311 3552 1365 Tribuitur
3589 1328 3704 1381 ergo
3731 1329 3823 1364 cum

2275 1405 2611 1476 poenitentia
2627 1412 2874 1459 extrema
2885 1407 3302 1473 communio,ut
3317 1405 3558 1459 homines
3567 1405 3825 1474 hujusmodi

2273 1501 2355 1553 vel
2379 1499 2436 1552 in
2464 1499 2744 1570 supremis
2765 1500 2900 1568 suis,
2931 1500 3300 1570 permittente
3319 1499 3590 1553 Salvatore
3614 1501 3787 1564 nostro,
3804 1515 3825 1548 a

2273 1597 2550 1664 perpetuo
2581 1593 2748 1646 exitio
2781 1592 3158 1647 vindicentur.

2344 1685 2392 1757 1
2410 1684 2535 1757 '73
2567 1687 2656 1740 lll.
2680 1686 2990 1750 Quaesitum
3011 1686 3185 1740 etiam
3218 1692 3303 1740 est
3332 1702 3494 1757 super
3518 1684 3614 1751 his,
3641 1683 3720 1754 qui
3737 1688 3826 1753 post

536 1778 743 1850 quibus
771 1780 857 1834 vel
889 1780 1290 1847 sacerdotium,
1329 1780 1415 1834 vel
1456 1779 1838 1835 ministerium
1883 1783 2004 1835 sine
2049 1800 2171 1836 suc-
2196 1781 2251 1853 B
2276 1779 2629 1851 baptismum
2656 1779 3229 1848 ‘administraverunt,
3275 1786 3330 1834 et
3354 1782 3451 1832 aut
3473 1781 3719 1831 tormenta
3745 1777 3828 1828 sola

533 1873 784 1927 cessione
813 1879 914 1927 est.
971 1874 1080 1929 Nec
1127 1875 1382 1944 praeterit
1411 1873 1530 1929 dies
1558 1891 1686 1946 quae
1717 1876 1799 1929 vel
1829 1892 1862 1928 a
1890 1876 2174 1930 sacrificiis

535 1966 760 2034 divinis,
814 1968 902 2020 vel
960 1985 992 2020 a
1044 1967 1400 2039 baptismatis
1451 1968 1634 2022 officio
1690 1973 1908 2024 vacent.
1956 1971 2094 2024 Nam
2128 1972 2173 2025 si

533 2060 734 2115 beatus
754 2061 958 2114 Paulus
985 2063 1272 2132 apostolus
1289 2062 1360 2116 ad
1383 2061 1707 2117 Corinthios
1727 2063 1920 2117 scribit
1948 2065 2168 2120 dicens:

535 2173 562 2204 «
593 2153 885 2208 Abstinete
919 2171 1016 2208 vos
1047 2155 1119 2208 ad
1148 2158 1372 2226 tempus
1401 2159 1464 2210 ut
1495 2156 1703 2211 vacetis
1727 2157 1969 2211 orationi
1987 2159 2027 2227 (1
2051 2159 2168 2213 Cor.

537 2261 629 2315 γει,
656 2250 727 2315 5),
761 2269 787 2294 ››
830 2250 887 2301 et
913 2247 1022 2302 hoc
1049 2245 1244 2321 utique
1272 2247 1426 2302 laicis
1451 2249 1739 2320 praecepit,
1770 2251 1950 2305 multo
1988 2251 2172 2323 magis

533 2339 874 2408 sacerdotes,
902 2341 1109 2412 quibus
1134 2345 1190 2396 et
1217 2342 1412 2396 orandi
1445 2347 1501 2397 et
1541 2343 1892 2398 sacrificandi
1914 2345 2054 2416 juge
2086 2346 2168 2399 of-

533 2432 728 2488 ﬁcium
747 2438 850 2502 est,
867 2451 1094 2506 semper
1110 2435 1400 2491 debebunt
1415 2436 1510 2508 huj
1522 2437 1741 2492 usmodi
1754 2439 2040 2494 consortio
2052 2439 2173 2494 abs-

533 2527 734 2583 tinere.
781 2527 941 2592 Quod
973 2529 1018 2582 si
1053 2529 1468 2584 contaminatus
1497 2531 1668 2586 fuerit
1707 2532 1921 2586 carnali
1959 2549 2169 2588 concu-

534 2621 832 2692 piscentia,
856 2639 970 2694 quo
1001 2623 1220 2695 pudore
1250 2622 1563 2680 sacrificare
1585 2625 1904 2696 usurpabit,
1935 2631 2033 2681 aut
2058 2630 2171 2698 q'ua

533 2715 880 2770 conscientia
927 2733 1109 2788 quove
1155 2718 1363 2772 merito
1393 2718 1648 2774 exaudiri
1691 2736 1750 2772 se
1793 2719 1988 2786 credit,
2037 2737 2168 2774 cum

533 2807 749 2862 dictum
768 2809 874 2863 sit:
902 2831 929 2857 ‹‹
957 2809 1168 2864 Omnia
1187 2811 2060 2884 mundamundis,coinquinatis
2073 2831 2170 2868 au-

532 2905 652 2955 tem
684 2907 740 2956 et
765 2902 1093 2957 inﬁdelibus
1120 2903 1262 2957 nihil
1289 2905 1570 2959 mundum
1587 2906 1615 2960 ‘2
1642 2907 1771 2976 (Tit.
1802 2923 1839 2973 ι,
1873 2910 1975 2975 l5.)
2003 2929 2030 2956 ››
2060 2908 2168 2962 Sed

532 2995 771 3049 fortasse
801 2993 911 3050 hoc
939 2994 1105 3051 licere
1135 2996 1332 3066 credit,
1352 2996 1482 3068 quia
1499 2999 1773 3069 scriptum
1802 3003 1884 3054 est
1907 3019 1921 3056 :
1944 3023 1971 3051 «
1994 3003 2169 3056 Unius

533 3087 720 3142 uxoris
763 3087 949 3143 virum
997 3089 1045 3159 (Ι
1067 3092 1202 3145 Tim.
1237 3107 1318 3159 III,
1348 3095 1423 3160 2).
1468 3113 1495 3142 »
1540 3093 1662 3148 Non
1708 3096 2067 3164 permanenti
2110 3096 2167 3151 in

527 3182 980 3253 concupiscentia
1007 3183 1320 3253 generandi
1345 3183 1450 3239 hoc
1478 3184 1631 3256 dicit,
1657 3188 1756 3242 sed
1777 3194 2012 3261 propter
2029 3207 2163 3245 con-

527 3275 831 3330 tinentiam
849 3277 1122 3332 futuram.
1143 3279 1336 3350 Neque
1352 3279 1504 3334 enim
1525 3279 1776 3354 integros
1796 3299 2031 3355 corpore
2047 3301 2164 3340 non

527 3370 757 3424 admisit
782 3371 882 3442 qui
903 3371 983 3425 ait
1011 3388 1023 3425 :
1077 3394 1105 3421 ‹‹
1138 3372 1348 3427 Vellem
1376 3390 1576 3428 omnes
1619 3379 1811 3430 autem
1840 3377 1919 3432 sic
1949 3395 2065 3433 esse
2089 3379 2163 3434 si-

524 3466 622 3518 cut
649 3469 707 3517 et
730 3481 837 3534 ego
883 3464 931 3534 (Ι
960 3467 1078 3522 Cor.
1108 3481 1204 3532 vn,
1239 3465 1312 3535 7).
1345 3485 1372 3517 »
1417 3466 1578 3530 Quod
1624 3471 1877 3540 apertius
1919 3472 2168 3528 declarat

523 3556 750 3611 dicens:
788 3580 814 3605 «
846 3557 952 3620 Qui
983 3562 1175 3612 autem
1203 3559 1259 3612 in
1293 3576 1464 3615 carne
1495 3565 1628 3616 sunt
1657 3564 1770 3618 Deo
1795 3566 2018 3635 placere
2047 3583 2164 3622 non

522 3653 778 3721 possunt,
805 3667 903 3706 vos
925 3655 1114 3706 autem
1133 3652 1256 3723 jam
1286 3670 1400 3708 non
1422 3655 1554 3709 estis
1579 3655 1638 3710 in
1654 3673 1840 3728 carne,
1859 3660 1958 3714 sed
1974 3660 2034 3714 in
2056 3661 2165 3732 spi-

524 3743 636 3797 ritu
660 3741 826 3805 (Rom.
846 3761 960 3813 vni,
986 3748 1160 3815 8-9),»
1194 3752 1251 3802 et
1271 3747 1342 3802 ad
1361 3747 1665 3804 habentem
1687 3751 1831 3806 filios
1856 3769 1973 3808 non
1994 3770 2164 3826 gene-

523 3840 750 3893 rantem
775 3837 937 3906 dixit,
963 3839 1059 3893 sed
1090 3855 1157 3894 ea
1183 3840 1354 3911 plane
1381 3841 1573 3912 dispar
1603 3847 1658 3898 et
1684 3844 1862 3900 divisa
1881 3849 2162 3904 sententia

525 3935 626 3986 est.
657 3932 798 3986 Nam
832 3932 878 3986 si
903 3932 1105 4004 aliquis
1128 3933 1314 3988 forma
1354 3935 1450 3989 illa
1476 3937 1862 3995 ecclesiasticae
1893 3941 2022 3996 vitae
2055 3960 2156 4014 pa-

522 4025 680 4093 riter,
713 4029 770 4080 et
793 4025 1109 4096 disciplinae
1140 4043 1269 4098 quae
1297 4027 1368 4082 ab
1402 4029 1665 4102 episcopo
1692 4032 1887 4088 Siricio
1928 4035 2000 4089 ad
2023 4053 2156 4107 pro-

522 4118 732 4172 vincias
778 4120 1115 4174 commeavit
1153 4137 1270 4175 non
1303 4122 1635 4192 probabitur
1689 4127 2027 4196 pervenisse,
2070 4130 2158 4184 his

514 4210 918 4282 ignorantibus
954 4213 1120 4268 venia
1146 4213 1490 4286 remittetur,
1521 4217 1600 4271 ita
1647 4222 1709 4273 ut
1733 4220 1802 4274 de
1831 4226 2032 4278 caetero
2053 4242 2155 4297 pe-

519 4304 672 4358 nitus
711 4303 991 4376 incipiant
1017 4305 1319 4376 abstinere,
1353 4313 1409 4363 et
1432 4309 1509 4363 ita
1536 4311 1746 4381 gradus
1781 4330 1908 4369 suos
1944 4317 2003 4372 in
2027 4321 2154 4390 qui-

521 4397 626 4451 bus
648 4397 861 4454 inventi
905 4399 1136 4468 fuerint,
1179 4401 1258 4454 sic
1307 4405 1614 4472 retentent,
1644 4411 1704 4460 ut
1743 4406 1823 4463 eis
1846 4425 1962 4464 non
1991 4411 2158 4470 liceat

2275 1879 2674 1938 exercuerunt,
2704 1879 2801 1926 aut
2831 1873 3002 1927 etiam
3029 1873 3330 1944 capitalem
3364 1873 3630 1943 protulere
3656 1875 3825 1923 senten-

2275 1967 2432 2034 tiam,
2477 1967 2617 2021 nihil
2662 1967 2730 2020 de
2779 1967 2863 2020 his
2910 1967 3131 2038 legibus
3180 1985 3213 2020 a
3263 1966 3560 2037 majoribus
3595 1963 3824 2018 definitum

2275 2065 2379 2114 est.
2410 2061 2778 2116 Meminerant
2820 2061 2974 2115 enim
3024 2078 3056 2114 a
3085 2063 3199 2116 Deo
3245 2065 3546 2130 potestates
3585 2058 3670 2112 bas
3703 2056 3826 2110 fuisse

2274 2171 2585 2220 concessas,
2621 2161 2678 2209 et
2715 2160 2948 2225 propter
2976 2154 3284 2208 vindictam
3325 2154 3610 2208 noxiorum
3637 2149 3824 2220 gladium

2273 2249 2443 2302 fuisse
2484 2249 2849 2319 permissum,
2897 2254 2954 2303 et
2983 2248 3079 2302 Dei
3127 2249 3451 2302 ministrum
3478 2262 3587 2302 esse
3612 2244 3769 2298 datum
3791 2242 3828 2293 in

2273 2342 2601 2412 liujusmodi
2667 2343 2969 2397 vindicem.
3019 2343 3320 2406 Quomodo
3393 2358 3523 2412 ergo
3581 2337 3825 2408 reprelien-

2273 2437 2473 2491 derent
2515 2436 2725 2490 factum
2796 2437 2946 2507 quod
3002 2443 3229 2492 auctore
3299 2438 3412 2491 Deo
3477 2433 3702 2488 viderent
3743 2443 3826 2483 esse

2272 2546 2600 2583 concessum
2624 2530 2650 2583 ?
2678 2531 2755 2583 De
2803 2531 2888 2584 his
2935 2547 3073 2601 ergo
3103 2531 3181 2584 ita
3211 2536 3276 2584 ut
3305 2531 3571 2584 hactenus
3611 2527 3827 2579 servatum

2271 2629 2373 2689 est,
2425 2624 2502 2677 sic
2545 2623 2876 2692 habeamus,
2932 2641 3001 2678 ne
3054 2629 3151 2678 aut
3195 2623 3552 2694 disciplinam
3615 2620 3828 2677 evertere,

2269 2721 2368 2770 aut
2400 2721 2601 2771 contra
2642 2717 3040 2772 auctoritatem
3088 2718 3319 2772 Domini
3357 2716 3541 2772 venire
3576 2713 3827 2766 videamur.

2271 2810 2408 2881 lpsis
2457 2814 2648 2865 autem
2694 2811 2753 2866 in
2777 2812 3001 2867 ratione
3045 2810 3337 2866 reddenda
3382 2816 3538 2882 gesta
3577 2823 3666 2862 sua
3687 2798 3830 2858 omnia

2269 2905 2666 2961 servabuntur.

2339 2999 2424 3052 lV.
2455 3000 2521 3053 Et
2559 2999 2702 3053 illud
2734 2998 3117 3056 desideratum
3160 3002 3245 3053 est
3302 2998 3452 3066 sciri,
3501 3012 3594 3051 cur
3630 3005 3828 3047 commu-

2271 3091 2525 3146 nicantes
2538 3093 2646 3146 viri
2669 3110 2799 3147 cum
2815 3094 3087 3148 adulteris
3104 3093 3381 3148 uxoribus
3408 3108 3521 3146 non
3535 3085 3827 3144 conveniant.

2273 3202 2401 3239 cum
2431 3202 2462 3239 e
2490 3191 2692 3241 contra
2719 3203 2921 3242 uxores
2952 3187 3010 3241 in
3038 3188 3332 3242 consortio
3357 3187 3712 3241 adulterorum
3727 3177 3831 3231 viro-

2266 3297 2395 3334 rum
2422 3296 2656 3336 manere
2687 3281 3006 3336 videantur.
3054 3282 3238 3352 SUper
3271 3283 3378 3335 hoc
3427 3277 3714 3335 Christiana
3734 3268 3828 3324 reli-

2267 3373 2358 3444 gio
2402 3374 2746 3430 adulterium
2775 3376 2835 3429 in
2864 3379 3103 3447 utroque
3151 3392 3294 3430 sexu
3328 3375 3450 3447 pari
3499 3372 3696 3428 ratione
3732 3381 3828 3418 cun-

2267 3467 2520 3536 demnat,
2567 3469 2666 3524 sed
2712 3470 2861 3524 viros
2914 3487 3045 3525 suos
3110 3470 3380 3525 mulieres
3449 3485 3557 3522 non
3603 3463 3740 3519 facile
3781 3457 3828 3508 de

2262 3563 2538 3617 adulterio
2581 3570 2865 3631 accusant,
2915 3568 2970 3619 et
3000 3581 3116 3618 non
3157 3565 3374 3619 habent
3402 3559 3624 3618 latentia
3656 3557 3832 3629 peccata

2263 3655 2592 3726 vindictam,
2622 3657 2725 3712 viri
2747 3662 2942 3712 autem
2969 3659 3204 3714 liberius
3226 3675 3437 3713 uxores
3454 3655 3710 3711 adulteras
3723 3643 3830 3718 apud

2262 3750 2582 3806 sacerdotes
2609 3752 2832 3807 deferre
2859 3759 3290 3808 consueverunt.
3314 3755 3381 3807 Et
3404 3751 3530 3806 ideo
3545 3742 3828 3804 mulieribus.

2260 3844 2488 3915 prodito
2520 3861 2714 3900 earum
2755 3847 3014 3918 crimine,
3054 3847 3388 3901 communio
3430 3845 3734 3914 denegatur,
3771 3831 3827 3882 Vi'

2259 3953 2453 3992 rerum
2472 3944 2686 4008 autem,
2706 3941 2915 3996 latente
2929 3941 3258 4011 commisso,
3279 3958 3397 3996 non
3422 3938 3574 3994 facile
3594 3934 3829 4007 quisquam

2261 4049 2331 4086 ex
2355 4033 2769 4104 suspicionibus
2805 4035 3140 4103 abstinetur,
3171 4035 3272 4105 qui
3309 4035 3505 4106 utique
3541 4019 3830 4084 submovetu-

2260 4129 2372 4197 tur,
2405 4127 2451 4180 si
2479 4128 2599 4198 ejus
2619 4129 2898 4201 flagitium
2925 4130 3245 4202 detegatur.
3275 4131 3423 4185 Cum
3451 4143 3581 4198 ergo
3595 4139 3688 4196 par
3706 4129 3829 4172 causa

2257 4221 2348 4290 δίε»
2397 4220 2686 4277 interdum
2736 4223 3073 4296 probatione
3127 4229 3385 4280 cessante
3435 4221 3676 4277 Vindicta:
3721 4208 3827 4266 ratio

2258 4315 2631 4387 conquiescit.

2327 4410 2387 4462 V.
2427 4410 2567 4466 Illud
2594 4411 2768 4466 etiam
2793 4412 3059 4468 sciscitari
3084 4412 3318 4469 voluisti
3345 4429 3420 4467 an
3446 4424 3634 4483 preces
3656 4403 3824 4460 dictan-

520 4491 834 4602 ad‘potiora
854 4492 1274 4602 cpnscendere;
1302 4495 1507 4602 quibus
1523 4499 1721 4554 tamen
1737 4500 2014 4561 beneficio
2036 4524 2155 4568 esse
2177 4529 2236 4602 D
2259 4502 2408 4558 tibus
2449 4504 2696 4560 liberum
2749 4507 3112 4578 concedatur:
3187 4508 3388 4581 “tique
3443 4508 3569 4578 1’05"
3622 4486 3837 4602 baptismi

518 4586 702 4654 debet,
744 4587 900 4659 quod
933 4587 1085 4642 hunc
1114 4588 1303 4658 ipsum
1335 4590 1518 4644 locum
1561 4609 1733 4663 quem
1770 4598 2019 4656 retinent
2043 4621 2157 4660 non

515 4679 804 4736 amittunt.
839 4681 895 4735 Si
930 4681 1028 4752 qui
1068 4687 1257 4737 autem
1286 4684 1455 4738 scisse
1494 4685 1740 4743 formam
1773 4691 1996 4750 vivendi
2025 4699 2154 4754 mis-

516 4788 634 4826 sam
675 4790 708 4826 a
753 4773 946 4828 Siricio
990 4775 1360 4847 detegantur,
1401 4795 1588 4851 neque
1606 4783 1798 4839 statim
1825 4790 2158 4859 cupiditates

514 4862 770 4920 libidinis
796 4867 1087 4938 abjecisse,
1117 4867 1197 4924 illi
1228 4874 1362 4925 sunt
1401 4872 1590 4928 modis
1627 4877 1892 4934 omnibus
1918 4884 2152 4942 submo-

517 4959 704 5025 vendi,
725 4960 862 5030 quia
889 4966 1020 5031 post
1042 4961 1496 5020 admonitionem
1513 4969 1797 5039 cognitam
1825 4991 2157 5048 praeponen-

515 5051 648 5106 dam
668 5053 927 5108 arbitrati
961 5063 1094 5110 sunt
1129 5058 1498 5128 voluptatem.

590 5149 651 5200 ll.
700 5148 765 5201 Et
798 5147 904 5202 hoc
945 5146 1249 5221 quaesitum
1296 5157 1399 5221 est,
1447 5155 1584 5226 quid
1627 5157 1695 5213 de
1737 5159 1817 5215 eis
1867 5164 2154 5223 observari

511 5244 789 5312 oporteat,
821 5242 919 5313 qui
955 5250 1079 5314 post
1106 5243 1452 5316 baptismum
1483 5253 1642 5306 omni
1673 5257 1928 5328 tempore
1955 5259 2149 5316 incon-

511 5332 767 5389 tinentiae
809 5335 1190 5407 voluptatibus
1225 5339 1396 5394 dediti
1456 5343 1513 5397 in
1561 5350 1810 5402 extremo
1861 5352 1972 5406 ﬁne
2025 5355 2152 5409 vita;

510 5445 624 5483 suae
652 5429 1042 5499 pmnitentiam
1069 5431 1244 5486 simul
1272 5439 1328 5488 et
1349 5437 1867 5497 reconciliationem
1899 5462 2152 5504 commu-

509 5522 695 5576 nionis
749 5529 1084 5595 exposcunt.
1136 5526 1208 5579 De
1251 5526 1334 5581 his
1374 5529 1686 5587 observatio
1741 5537 1896 5606 prior
1933 5539 2146 5613 durior,

509 5615 790 5683 posterior
818 5616 1235 5673 interveniente
1269 5621 1652 5680 misericordia
1681 5627 2017 5688 inclinatior
2043 5643 2145 5692 est.

508 5708 648 5761 Nam
672 5709 1020 5765 consuetudo
1046 5712 1205 5782 prior
1227 5715 1432 5784 tenuit,
1451 5721 1940 5781 utconcederetur
1967 5731 2143 5800 paeni-

511 5799 709 5868 tentia,
739 5802 836 5857 sed
858 5806 1187 5862 communio
1210 5813 1537 5879 negaretur.
1562 5814 1702 5871 Nam
1724 5834 1852 5874 cum
1873 5799 1983 5878 illis
2007 5827 2148 5882 tem-

2257 4599 2758 4668 regenerationem
2777 4618 2812 4656 a
2830 4600 3181 4674 principibus
3199 4618 3434 4674 poscere
3455 4603 3684 4655 mortem
3705 4588 3830 4644 alicu-

2249 4691 2347 4762 jus
2374 4693 2458 4746 vel
2499 4694 2843 4765 sanguinem
2888 4695 2958 4752 de
2986 4701 3188 4751 reatu:
3229 4713 3409 4769 quam
3439 4711 3559 4750 rem
3601 4683 3830 4763 principes

2257 4801 2553 4857 nunquam
2586 4788 2708 4844 sine
2733 4789 3062 4862 cognitione
3093 4791 3434 4860 concedunt,
3463 4787 3558 4844 sed
3580 4785 3645 4839 ad
3661 4778 3829 4853 judice:

2256 4882 2561 4937 commissa
2620 4883 2742 4955 ipsa
2805 4886 2893 4939 vel
2973 4885 3212 4940 crimina
3293 4901 3524 4956 semper
3568 4874 3829 4966 remittunt.

2259 4981 2320 5031 ut
2341 4995 2522 5034 causae
2549 4980 2794 5051 cognitae
2838 4980 3236 5050 vindicentur;
3270 4997 3400 5052 quae
3433 4993 3557 5034 cum
3595 4967 3830 5045 quaesitor!

2254 5073 2464 5129 fuerint
2507 5074 2788 5145 delegata,
2834 5077 2932 5129 aut
2972 5075 3278 5145 absolutio,
3323 5079 3427 5130 aut
3465 5065 3736 5126 damnatio
3753 5071 3829 5130 pro

2256 5169 2471 5239 negotii
2532 5170 2804 5242 qualitate
2859 5170 3168 5241 profertur,
3210 5175 3265 5226 et
3314 5171 3454 5224 dum
3518 5167 3697 5236 legum
3755 5166 3826 5207 au‘

2253 5263 2481 5318 ctoritas
2526 5264 2585 5318 in
2639 5264 2930 5336 improbos
2973 5271 3283 5337 exercetur,
3335 5267 3447 5322 erit
3485 5264 3710 5319 dictator
3746 5254 3827 5307 im‘

2256 5357 2467 5413 munis.

2326 5453 2408 5508 Vl.
2459 5455 2535 5510 De
2565 5455 2654 5511 his
2696 5457 2869 5513 etiam
2901 5459 3192 5530 requisivit
3234 5459 3464 5514 dilectio
3503 5461 3615 5525 tua,
3655 5449 3738 5524 qui
3763 5446 3824 5499 ίη·

2254 5547 2602 5605 terveniente
2645 5552 2880 5623 repudio
2910 5553 3004 5607 alii
3040 5570 3099 5608 se
3129 5553 3498 5610 matrimonio
3521 5544 3826 5622 copulam“:

2251 5657 2395 5712 quos
2415 5643 2474 5697 in
2496 5649 2732 5717 utraque
2750 5652 2910 5717 parte
2932 5647 3220 5705 adulteros
3245 5665 3364 5704 esse
3387 5647 3730 5703 manifestum
3747 5638 3824 5690 est.

2250 5735 2355 5800 Qui
2405 5754 2536 5794 vero
2567 5741 2653 5794 vel
2697 5757 2872 5797 uxore
2917 5743 3138 5799 vivente
3189 5743 3470 5817 (quamvis
3517 5735 3824 5795 dissociatum

2247 5829 2502 5890 Videatur
2531 5851 2651 5890 esse
2679 5836 3030 5910 conjugium)
3052 5839 3124 5894 ad
3157 5841 3323 5895 aliam
3358 5837 3610 5910 copulam
3636 5828 3824 5886 festina-
