4026 6182
173 359 246 414 705
1328 347 1805 406 DECRETALIUM
1842 346 2230 405 COLLECTIO.

3360 347 3461 406 706

169 467 279 530 runt,
309 474 466 532 neque
490 461 721 530 possunt
749 457 991 514 adulteri
1026 475 1141 514 non
1179 459 1378 529 videri,
1422 461 1713 515 intantum
1735 473 1794 546 Α
1816 459 1980 530 quasi
2010 457 2302 529 ignoranti
2325 456 2589 527 dicimus,
2611 457 2711 515 sed
2737 455 2798 514 in
2827 453 2949 515 aliis
2970 449 3204 514 forsitan
3227 476 3466 532 occupa-

167 560 290 614 etiam
309 556 384 609 ha:
399 569 660 625 personae,
680 551 884 623 quibus
904 554 1049 608 tales
1065 553 1352 625 conjuncti
1373 559 1523 621 sunt,
1542 554 1715 610 etiam

169 653 266 722 ipsae
303 645 610 702 adulterium
657 647 1006 701 commisisse
1055 647 1372 715 videantur,
1403 648 1716 703 secundum

163 743 263 798 illud
284 741 415 813 quod
431 740 668 810 legimus
695 741 752 794 in
779 741 1081 812 Evangelio
1107 758 1118 795 :
1141 741 1244 806 Qui
1277 741 1559 796 dimiserit
1579 759 1717 797 uxo-

163 853 252 892 rem
272 851 406 890 suam
432 837 482 888 et
501 834 719 889 duxerit
741 835 930 902 aliam,
961 836 1284 890 mmchatur
1304 837 1491 906 (Marc.
1516 853 1570 903 x,
1607 839 1712 907 Η).

161 929 372 986 Similiter
394 951 417 976 «
431 932 478 982 et
491 926 890 998 quidimissam
912 929 1480 998 duxerit,maachatur
1499 931 1712 991 (Matth.

159 1041 196 1092 γ,
219 1027 301 1093 3'2),
324 1045 346 1069 »
372 1024 422 1076 et
438 1020 560 1075 ideo
585 1022 725 1075 tales
751 1039 951 1076 omnes
974 1039 1007 1077 a
1039 1022 1442 1078 communione
1459 1022 1713 1078 ﬁdelium

156 1116 466 1172 abstinendos.

208 1212 265 1264 De
286 1208 584 1279 parentibus
616 1211 833 1278 autem,
877 1215 976 1265 aut
1013 1211 1082 1265 de
1119 1211 1456 1283 propinquis
1489 1227 1711 1280 eorum,

153 1303 256 1357 nihil
275 1302 369 1356 tale
403 1300 561 1355 statui
591 1307 799 1373 potest,
852 1303 960 1358 nisi
1002 1305 1323 1360 incentores
1351 1305 1531 1360 illiciti
1576 1323 1709 1362 con-

153 1395 268 1449 sortii
283 1396 429 1450 fuisse
455 1395 816 1467 detegantur.

202 1489 281 1542 VII.
304 1489 393 1552 Qui
428 1505 558 1543 vero
589 1489 717 1544 libri
758 1490 1113 1562 recipiantur
1135 1492 1193 1546 in
1241 1509 1455 1548 canone
1490 1498 1709 1549 sancta-

150 1598 241 1635 rum
284 1581 674 1653 Scripturarum
713 1584 898 1638 brevis
950 1601 1208 1640 annexus
1267 1586 1535 1642 ostendit.
1585 1588 1712 1642 Haec

146 1678 242 1728 sunt
282 1691 400 1746 ergo
457 1691 585 1746 quae
632 1676 956 1732 desiderata
1006 1679 1229 1734 moneri
1279 1697 1415 1735 voce
1466 1680 1709 1747 voluisti,

146 1767 269 1837 Moysi
307 1768 421 1822 libri
467 1773 516 1835 5,
575 1769 635 1823 id
678 1775 762 1824 est
811 1772 1058 1842 Genesis,
1107 1774 1348 1840 Exodus,
1411 1763 1706 1842 Leviticus,

1814 556 1900 607 tos
1928 552 2078 607 istud
2107 552 2315 607 oblitos
2350 569 2450 607 vos
2481 570 2604 608 esse
2637 553 2898 610 dicimus.

1889 649 1930 703 Ι.
1975 646 2080 711 Qui
2119 646 2298 717 igitur
2343 650 2568 718 partem
2615 647 2910 718 cujuslibet
2966 648 3130 720 digiti
3179 647 3284 703 sibi
3342 648 3461 721 ipse

1814 741 2006 795 volens
2040 740 2298 810 abscidit,
2339 741 2492 795 hunc
2523 741 2593 795 ad
2640 741 2857 795 clerum
2902 759 3148 797 canones
3196 759 3310 796 non
3357 742 3456 797 ad-

1817 834 2072 888 mittunt.
2120 834 2222 889 Cui
2249 851 2384 888 vero
2429 851 2563 889 casu
2600 834 2792 905 aliquo
2838 835 3145 906 contigerit
3186 835 3322 890 dum
3365 839 3466 890 aut

1815 927 1974 1000 operi
2000 928 2209 982 rustico
2238 944 2436 982 curam
2456 928 2760 999 impendit,
2796 933 2894 983 aut
2923 928 3138 1000 aliquid
3166 929 3375 984 faciens
3401 946 3460 984 se

1816 1038 1930 1075 non
1975 1025 2175 1092 sponte
2213 1021 2511 1092 percussit,
2544 1021 2651 1076 hos
2698 1038 2952 1076 canones
3000 1022 3360 1093 prmcipiunt,
3408 1027 3466 1078 et

1815 1115 2052 1169 clericos
2093 1115 2217 1168 fieri
2241 1133 2257 1185 ;
2287 1119 2344 1170 et
2373 1115 2418 1169 si
2443 1115 2504 1169 in
2530 1115 2684 1170 clero
2717 1114 2932 1170 fuerint
2961 1115 3178 1186 reperti
3213 1132 3331 1170 non
3356 1115 3459 1169 ab-

1807 1207 1949 1278 jicit.
1979 1210 2041 1262 In
2065 1208 2175 1262 illis
2194 1208 2349 1262 enim
2371 1210 2632 1264 voluntas
2645 1209 2904 1279 judicata
2926 1213 3027 1277 est,
3051 1225 3179 1279 quae
3202 1207 3305 1263 sibi
3322 1225 3461 1263 ausa

1813 1301 1989 1355 fuerit
2014 1301 2231 1356 ferrum
2266 1301 2518 1373 injicere.
2548 1303 2712 1366 Quod
2739 1299 2954 1358 scilicet
2982 1305 3039 1356 et
3068 1303 3161 1356 alii
3187 1302 3245 1356 id
3269 1302 3458 1357 facere

1814 1395 2056 1449 dubitari
2080 1412 2196 1450 non
2218 1395 2417 1467 possit,
2433 1396 2491 1450 in
2510 1396 2621 1450 illis
2645 1413 2776 1450 vero
2794 1412 2958 1450 casus
2977 1395 3205 1451 veniam
3224 1395 3458 1451 moruit.

1884 1489 1944 1542 II.
1977 1490 2051 1543 De
2083 1488 2326 1559 digamis
2352 1492 2545 1544 autem
2573 1506 2682 1544 nec
2707 1489 2924 1544 consuli
2947 1488 3142 1544 debuit
3169 1490 3318 1560 quod
3348 1505 3467 1544 ma-

1814 1581 2015 1636 nifesta
2035 1582 2203 1636 lectio
2221 1581 2294 1636 sit
2322 1583 2599 1653 Apostoli,
2623 1602 2650 1635 α
2683 1569 2854 1637 unius
2876 1583 3067 1637 uxoris
3093 1583 3276 1637 virum
3297 1601 3312 1652 ;
3346 1603 3372 1634 »
3391 1583 3464 1638 ad

1811 1675 2190 1729 sacerdotium
2235 1676 2350 1729 sive
2378 1676 2446 1730 ad
2494 1676 2824 1730 clericatum
2873 1676 3100 1730 admitti
3151 1677 3376 1743 debere,
3409 1681 3468 1732 et

1811 1769 1959 1823 hanc
1985 1769 2164 1839 ipsam
2191 1774 2380 1824 tamen
2412 1770 2456 1824 si
2485 1770 2765 1840 virginem
2794 1770 3029 1840 accepit.
3059 1771 3200 1824 Nam
3229 1787 3293 1824 ea
3323 1786 3455 1841 quae

143 1860 339 1928 Numeri,
367 1863 907 1934 Deuteronomium;
941 1883 1165 1920 necnon
1197 1873 1253 1921 et
1276 1869 1403 1922 Jesu
1449 1869 1619 1935 Nave,
1651 1859 1785 1930 etB
1809 1862 2076 1916 habuerit
2116 1867 2247 1917 ante
2297 1863 2499 1931 virum,
2539 1863 2674 1917 licet
2715 1863 3013 1918 defunctus
3059 1863 3150 1930 sit,
3191 1867 3380 1917 tamen
3412 1863 3458 1918 si

141 1953 362 2022 Iudicum,
413 1962 465 2010 et
516 1958 853 2029 Regnorum
912 1960 1040 2014 libri
1093 1964 1375 2032 quatuor;
1427 1962 1597 2016 simul
1656 1967 1712 2016 et

139 2046 267 2114 Ruth,
296 2050 694 2120 Prophetarum
740 2052 871 2106 libri
917 2054 1186 2109 sedecim.
1224 2055 1546 2110 Salomonis
1578 2055 1712 2109 libri

138 2137 351 2208 quinque,
393 2141 770 2210 Psalterium;
822 2144 962 2198 item
1011 2145 1378 2201 historiarum
1423 2146 1523 2202 Job
1570 2147 1713 2202 liber

137 2249 262 2303 unus,
287 2237 468 2292 Esther
492 2256 666 2306 unus,
689 2241 886 2295 Judith
910 2259 1080 2311 unus,
1099 2244 1548 2299 Machabteorum
1575 2245 1708 2314 duo,

134 2326 274 2382 Esdrze
310 2330 432 2399 duo,
478 2334 958 2405 Paralipomenon
989 2337 1122 2391 duo.
1162 2339 1301 2392 Item
1333 2338 1470 2392 Novi
1517 2340 1710 2394 Testa-

135 2422 268 2475 menti
305 2424 736 2496 Evangeliorum
779 2428 908 2483 libri
951 2436 1232 2500 quatuor;
1273 2432 1427 2486 Pauli
1478 2430 1713 2503 apostoli

132 2512 339 2582 Epistola:
388 2519 486 2586 lli;
538 2520 807 2591 Epistolm
849 2524 1100 2591 Joannis,
1140 2528 1424 2595 quatuor;
1457 2527 1715 2598 Epistolas

130 2606 242 2660 Petri
267 2609 413 2679 dum;
459 2615 716 2684 Epistola
755 2617 951 2686 Judte;
1001 2619 1249 2688 Epistola
1286 2619 1517 2690 Jacobi;
1547 2625 1712 2677 Actus

130 2703 494 2774 apostolorum;
552 2709 928 2780 Apocalypsis
962 2712 1214 2766 Joannis.
1256 2714 1472 2768 Caetera
1520 2720 1712 2770 autem

128 2809 220 2862 qua:
256 2798 347 2851 sub
395 2801 637 2854 nomine
684 2802 927 2871 Matina),
976 2805 1092 2859 sive
1131 2805 1319 2860 Jacobi
1366 2807 1626 2878 minoris,
1659 2813 1717 2863 et

123 2886 196 2938 sub
217 2892 424 2947 nomine
450 2895 633 2961 Petri,
665 2899 722 2949 et
744 2898 998 2965 Joannis,
1026 2915 1155 2969 qua:
1180 2916 1212 2952 a
1239 2901 1483 2971 quodam
1517 2903 1713 2957 Leutio

123 2981 282 3051 scripta
304 2992 443 3054 sunt,
490 2991 576 3043 vel
620 2990 724 3044 sub
769 2992 997 3046 nomine
1023 2994 1283 3062 Andrem,
1315 3012 1442 3067 qua:
1469 3013 1501 3049 a
1527 2998 1712 3051 Nexo-

124 3073 301 3130 charide
360 3083 414 3133 et
448 3081 712 3137 Leonida
767 3085 1142 3157 philosophis,
1208 3093 1264 3142 et
1316 3091 1419 3144 sub
1482 3091 1715 3146 nomine

123 3165 314 3236 Thomze,
358 3178 412 3226 et
441 3176 486 3228 si
530 3193 667 3247 quae
711 3184 843 3232 sunt
882 3181 988 3234 alia
1020 3198 1136 3236 non
1167 3183 1356 3238 solum
1408 3201 1522 3239 non
1561 3186 1708 3256 aspi-

305 3234 310 3236 ,
547 3234 568 3247 ,
1075 3234 1136 3236 νὴ
1408 3234 1522 3239 ---_
1563 3234 1683 3256 --τ-

121 3255 293 3327 cienda,
318 3278 511 3318 verum
541 3266 726 3320 etiam
747 3269 966 3323 noverit
986 3287 1106 3327 esse
1134 3272 1480 3328 damnanda.
1511 3275 1711 3329 Datum
1733 3234 1787 3308 Ο

119 3351 376 3494 ῗὼΚᾶΙθηὰ.
447 3359 664 3429 Martii,
723 3361 995 3419 Stilicone
1074 3371 1130 3420 et
1193 3368 1458 3423 Antemio
1509 3385 1708 3423 consu-

178 3461 242 3494 US-

178 3461 242 3498 llS.

114 3551 309 3619 [Pistola
360 3562 669 3620 Innocentii
706 3565 780 3619 ad
821 3567 1044 3622 Felicem
1095 3570 1461 3627 Nucerianum
1508 3575 1710 3644 episco-

811 3654 966 3708 pum.

170 3731 203 3782 l.
230 3731 276 3787 Si
299 3735 421 3806 quis
447 3739 655 3794 volens
693 3743 916 3810 partem
947 3741 1033 3796 sui
1063 3745 1311 3815 corporis
1336 3746 1716 3816 amputaverit

113 3817 299 3876 clericus
323 3841 440 3881 esse
471 3845 600 3883 non
635 3831 848 3900 potest,
871 3831 1070 3886 nolens
1095 3836 1284 3888 autem
1312 3838 1518 3905 potest.

162 3913 210 4055 2t
252 3916 401 3981 Quod
448 3922 687 3994 digami
749 3923 821 3977 ad
880 3925 1096 3980 clerum
1151 3927 1372 3983 admitti
1433 3947 1551 3986 non
1592 3948 1716 4003 pos-

163 4018 226 4055 n.

113 4015 226 4056 sunt.

161 4098 199 4198 3..
244 4100 336 4165 Qui
365 4104 436 4160 de
467 4107 644 4163 laicis
689 4107 763 4162 ad
801 4109 1015 4164 clerum
1072 4128 1189 4166 non
1219 4112 1430 4170 debent
1479 4132 1710 4187 promo-

110 4201 194 4242 ven
201 4232 211 4244 .

157 4289 195 4342 4ο
241 4293 337 4359 Qui
383 4299 455 4354 de
486 4300 662 4355 laicis
706 4305 942 4371 possunt
967 4304 1158 4359 clerici
1202 4306 1349 4376 ﬁeri,
1397 4306 1488 4361 hic
1518 4312 1713 4379 aperte

105 4387 368 4445 concubina
397 4395 780 4464 prohibetur.

219 4480 288 4536 De
315 4488 693 4560 temporibus
720 4489 778 4542 in
804 4490 954 4544 clero
985 4491 1376 4548 immorandis.

155 4571 502 4649 lxxocexrws,
541 4583 762 4651 FELICI,
797 4584 1062 4656 episcopo
1090 4586 1427 4642 Nuceriano.

149 4665 303 4727 Mirari
328 4692 445 4731 non
477 4694 804 4748 possumus
819 4678 1183 4734 dilectionem
1200 4685 1358 4736 tuam
1379 4682 1535 4754 sequi
1559 4683 1716 4737 insti-

100 4761 190 4814 tuta
211 4768 479 4838 majorum
511 4773 840 4843 omniaque
871 4789 998 4844 quae
1027 4779 1266 4845 possunt
1291 4776 1541 4847 aliquam
1572 4777 1714 4832 reci-

97 4865 199 4919 Pefe
237 4860 667 4921 dubitationem
715 4866 783 4919 ad
817 4883 918 4920 nos
957 4868 1121 4939 quasi
1144 4869 1212 4923 ad
1245 4875 1414 4940 caput
1443 4874 1614 4942 atque
1645 4871 1716 4925 ad

96 4949 274 5014 allicem
315 4959 697 5030 episcopatus
743 4960 977 5030 referre,
1034 4968 1096 5016 ut
1145 4963 1401 5017 consulta
1458 4964 1720 5019 videlicet

95 5042 218 5099 sellas
253 5054 567 5120 apostolica
601 5070 681 5108 ex
722 5053 859 5124 ipsis
907 5055 1076 5109 rebus
1127 5055 1312 5110 dubiis
1355 5061 1574 5112 certum
1615 5058 1716 5113 ali-

97 5138 203 5200 ‘l'lid
238 5141 571 5202 faciendum
610 5147 974 5218 pronuntiet.
1024 5149 1190 5213 Quod
1235 5156 1290 5205 et
1329 5168 1434 5206 nos
1473 5152 1721 5207 libenter

97 5232 358 5303 acCipimus
386 5247 444 5296 et
472 5241 868 5296 dilectionem
894 5247 1050 5296 tuam
1081 5260 1400 5300 memorem
1436 5263 1721 5302 canonum

98 5325 467 5388 aPl’l‘obamus.
507 5331 816 5401 Scripsisti
842 5348 979 5403 ergo
1007 5333 1157 5404 quod
1188 5334 1406 5390 fervore
1444 5337 1574 5392 ﬁdei
1605 5354 1719 5408 quo

95 5414 235 5479 Palles
257 5427 310 5477 et
337 5441 550 5481 amore
573 5428 802 5480 sanctae
827 5426 1028 5496 plebis,
1055 5429 1140 5483 vel
1169 5430 1518 5501 reparaveris
1543 5432 1720 5486 eccle-

97 5504 175 5560 5135
201 5513 313 5582 Dei,
341 5519 432 5573 vel
473 5535 675 5574 novas
705 5535 956 5591 quasque
983 5524 1381 5592 construxeris,
1413 5525 1512 5579 sed
1545 5525 1606 5579 in
1634 5525 1724 5579 his

95 5609 204 5664 quos
226 5605 465 5664 clericos
512 5607 849 5664 constituas
893 5628 1007 5664 non
1055 5611 1283 5681 habere,
1316 5613 1538 5684 aliquos
1590 5631 1724 5670 vero

94 5698 308 5766 mutilos,
336 5703 574 5774 aliquos
603 5702 877 5773 digamos
915 5722 1054 5773 esse,
1098 5707 1171 5761 ad
1203 5707 1356 5778 quod
1407 5708 1728 5780 stupuimus

93 5790 397 5852 Prudentem
460 5798 693 5865 virum,
745 5795 813 5852 de
857 5798 944 5852 his
982 5800 1223 5856 voluisse
1265 5802 1559 5856 consulere
1599 5818 1728 5875 quae

85 5891 315 5947 omnibus
353 5902 494 5951 sunt
542 5899 729 5950 certa
769 5897 993 5953 ratione
1034 5905 1345 5970 comperta.
1405 5901 1554 5974 Ergo
1614 5919 1729 5957 non

460 5995 778 6062 Pnaor.
827 5995 1056 6060 CXXX.

1810 1957 2016 2010 clerico
2044 1960 2240 2027 postea
2275 1957 2447 2011 fuerit
2475 1959 2754 2028 copulata,
2803 1957 3039 2011 clericus
3069 1957 3164 2027 qui
3209 1973 3338 2012 eam
3370 1974 3459 2012 ac-

1810 2049 2025 2121 ceperit
2069 2067 2187 2105 esse
2223 2067 2336 2104 non
2383 2051 2610 2121 poterit,
2659 2051 2792 2122 quia
2835 2051 2893 2104 in
2939 2051 3065 2121 lege
3095 2053 3324 2105 cautum
3375 2055 3460 2106 est

1813 2165 1840 2193 «
1877 2159 1991 2198 non
2025 2144 2279 2211 viduam,
2310 2161 2424 2199 non
2452 2144 2731 2214 abjectam
2763 2165 2788 2193 ››
2821 2145 3032 2199 habere
3063 2161 3228 2216 posse
3254 2144 3455 2216 conju-

1812 2253 1945 2308 gem
1973 2237 2349 2292 sacerdotem.

1883 2332 1968 2386 III.
2000 2332 2075 2385 De
2101 2331 2256 2385 laicis
2283 2348 2412 2386 vero
2444 2331 2646 2402 religio
2676 2334 2775 2386 tua
2802 2332 3086 2386 consuluit
3116 2349 3257 2404 quos
3285 2348 3450 2387 cano-

1812 2440 1912 2478 nes
1965 2424 2230 2479 ordinare
2276 2425 2597 2495 prohibeat.
2654 2427 2883 2481 Certum
2937 2432 3022 2480 est
3063 2425 3298 2497 quidem
3351 2426 3458 2482 hoc

1814 2517 2040 2589 regulas
2069 2518 2470 2573 ecclesiasticas
2500 2519 2812 2586 continere,
2861 2519 2957 2574 sed
2991 2536 3102 2573 non
3133 2519 3212 2574 ita
3259 2519 3457 2574 deﬁni-

1812 2617 1937 2666 tum
1984 2615 2086 2678 est,
2143 2615 2206 2666 ut
2252 2612 2322 2666 de
2391 2612 2657 2667 omnibus
2712 2613 2784 2666 sit
2842 2613 3001 2666 laicis
3061 2613 3453 2668 constitutum.

1813 2707 2006 2776 Neque
2036 2706 2191 2760 enim
2237 2706 2426 2760 clerici
2454 2705 2628 2774 nasci,
2662 2711 2720 2760 et
2760 2723 2876 2760 non
2917 2707 3040 2760 ﬁeri
3069 2712 3323 2778 possunt,
3353 2706 3453 2761 sed

1815 2802 2111 2874 designata
2131 2808 2262 2858 sunt
2290 2819 2519 2874 genera,
2551 2804 2621 2857 de
2647 2804 2852 2875 quibus
2872 2805 2942 2858 ad
2971 2804 3303 2859 clericatum
3332 2821 3457 2875 per-

1814 2898 2006 2951 venire
2034 2914 2150 2952 non
2179 2901 2438 2968 possunt,
2465 2897 2526 2952 id
2565 2904 2669 2964 est,
2699 2898 2743 2952 si
2771 2898 2897 2969 quis
2923 2897 3105 2952 ﬁdelis
3131 2899 3458 2953 militaverit

1816 2991 1860 3045 si
1915 2991 2041 3062 quis
2091 2991 2278 3045 fidelis
2335 3009 2530 3046 causas
2583 2992 2787 3064 egerit,
2848 2993 2952 3046 hoc
3011 2997 3096 3046 est
3147 2993 3458 3063 postulave-

1815 3084 1908 3151 rit,
1967 3084 2014 3138 si
2068 3084 2194 3156 quis
2235 3084 2415 3139 ﬁdelis
2469 3085 2971 3140 administraverit.
3031 3086 3106 3140 De
3151 3085 3458 3141 curialibus

1815 3181 2006 3232 autem
2027 3178 2328 3232 manifesta
2344 3178 2487 3232 ratio
2508 3183 2611 3244 est,
2636 3178 2907 3250 quoniam
2937 3182 2994 3232 et
3019 3179 3066 3232 si
3088 3179 3458 3235 inveniantur

1813 3271 2138 3341 hujusmodi
2160 3271 2263 3325 viri
2293 3272 2390 3343 qui
2421 3272 2670 3326 debeant
2698 3272 2886 3326 clerici
2913 3272 3057 3340 ﬁeri,
3085 3276 3283 3327 tamen
3308 3290 3453 3344 quo-

1812 3365 1969 3419 niam
2005 3364 2209 3435 saepius
2247 3365 2318 3418 ad
2357 3365 2572 3419 curiam
2620 3369 2976 3436 repetuntur,
3024 3365 3340 3419 cavendum
3383 3366 3453 3419 ab

1814 3458 1902 3513 his
1957 3464 2041 3512 est
2087 3460 2324 3529 prepter
2373 3458 2806 3512 tribulationem
2864 3475 2992 3530 quae
3039 3475 3190 3530 saepe
3251 3459 3320 3513 de
3365 3458 3455 3514 his

1813 3552 2077 3606 Ecclesiae
2105 3550 2391 3623 provenit.

1886 3647 1971 3699 ιν.
2004 3645 2148 3700 Laici
2172 3661 2322 3715 vero,
2346 3645 2442 3717 qui
2475 3644 2748 3700 habentes
2769 3662 2970 3701 uxores
2999 3646 3267 3718 haptizati
3298 3649 3451 3714 sunt,

1815 3757 1879 3794 ac
1907 3739 1950 3792 si
1977 3756 2032 3793 se
2064 3739 2528 3805 instituerunt,ut
2557 3738 2752 3810 opinio
2780 3756 2977 3794 eorum
3005 3741 3065 3794 in
3095 3740 3250 3794 nullo
3280 3740 3450 3794 vacil-

1812 3833 1910 3900 let,
1933 3838 1995 3887 ut
2019 3839 2116 3887 aut
2141 3831 2356 3887 clericis
2375 3831 2557 3902 juncti
2586 3831 2720 3899 sint,
2738 3837 2836 3887 aut
2862 3833 3222 3888 monasteriis
3248 3850 3313 3888 ex
3338 3848 3453 3904 quo

1813 3926 2082 3998 baptizati
2134 3926 2245 3979 sint
2288 3925 2580 3992 haeserint,
2629 3925 2675 3978 si
2725 3943 2838 3981 non
2887 3925 3286 3993 concubinam,
3335 3943 3452 3982 non

1813 4025 2073 4098 pellicem
2097 4025 2379 4092 noverint,
2417 4025 2465 4078 si
2491 4025 2550 4078 in
2581 4023 2847 4078 omnibus
2875 4024 3143 4096 operibus
3181 4024 3450 4097 vigilave-

1813 4120 2075 4188 rint,non
2091 4118 2474 4190 prohibentur
2491 4117 2824 4189 hujusmodi
2843 4119 2914 4173 ad
2928 4119 3224 4174 clericatus
3244 4123 3455 4175 sortem

1815 4213 2047 4269 assumi.

1886 4309 1948 4362 V.
1980 4310 2064 4363 lta
2088 4323 2221 4362 sane
2257 4311 2316 4361 ut
2343 4306 2400 4361 in
2428 4323 2526 4361 eos
2557 4310 2817 4377 tempora
2842 4322 2875 4360 a
2899 4305 3209 4377 majoribus
3242 4308 3454 4363 consti-

1816 4403 1935 4456 tuta
1978 4405 2297 4469 serventur,
2345 4417 2448 4454 nec
2496 4399 2609 4455 cito
2642 4399 2884 4471 quilibet
2931 4400 3128 4467 lector,
3170 4401 3281 4456 cito
3325 4417 3455 4455 aco-

1813 4496 1981 4567 lytus,
2011 4495 2120 4549 cito
2145 4495 2435 4560 diaconus,
2458 4494 2568 4548 cito
2598 4494 2856 4548 sacerdos
2886 4493 3001 4560 fiat,
3031 4494 3162 4565 quia
3184 4494 3243 4548 in
3271 4495 3453 4548 mino-

1814 4589 1972 4643 ribus
2016 4587 2215 4643 ofﬁciis
2254 4587 2301 4641 si
2341 4588 2438 4641 diu
2464 4586 2778 4657 perdurent
2818 4589 2874 4640 et
2917 4585 3032 4640 vita
3060 4603 3259 4641 eorum
3303 4587 3454 4657 pari-

1816 4689 1906 4738 ter
1952 4686 2009 4737 et
2051 4681 2320 4753 obsequia
2354 4680 2816 4752 comprobantur,
2859 4684 2920 4734 ut
2966 4680 3039 4734 ad
3080 4680 3458 4736 sacerdotium

1815 4777 2048 4849 posthac
2090 4775 2332 4830 emensis
2379 4773 2791 4844 stipendiorum
2822 4773 3043 4827 meritis
3075 4773 3325 4841 veniant,
3352 4791 3458 4831 nec

1816 4870 2149 4944 praeripiant
2174 4868 2329 4940 quod
2353 4867 2467 4922 vita
2493 4867 2727 4939 probata
2753 4872 3008 4922 meretur
3023 4868 3300 4940 accipere.
3319 4872 3464 4936 Quo-

1819 4964 1972 5018 niam
2015 4980 2152 5035 ergo
2197 4965 2352 5017 certa
2403 4959 2743 5016 deﬁnitione
2794 4966 3172 5016 monstratum
3227 4969 3310 5019 est
3361 4966 3460 5036 qui

1819 5057 2060 5113 debeant
2077 5056 2302 5111 admitti
2327 5055 2491 5126 quive
2515 5054 2831 5125 reprobari,
2851 5071 2916 5109 ex
2933 5055 3020 5110 his
3036 5056 3300 5112 omnibus
3316 5075 3460 5129 quos

1820 5151 1972 5206 videt
2013 5150 2270 5221 dignatio
2302 5152 2399 5204 tua
2424 5165 2540 5203 non
2582 5164 2745 5219 posse
2790 5149 3104 5220 reprobari,
3136 5151 3346 5222 eligere
3371 5152 3464 5206 de-

1819 5245 1980 5300 bebis
2012 5260 2156 5316 quos
2190 5243 2419 5299 clericos
2445 5242 2637 5297 facias.
2676 5242 2736 5298 Si
2763 5243 2919 5297 enim
2964 5245 3179 5298 nullam
3215 5245 3456 5316 gratiam

1822 5339 2146 5394 hominibus
2167 5343 2267 5392 aut
2289 5337 2622 5392 beneficium
2646 5341 2917 5407 praestare
2942 5338 3201 5402 velimus,
3217 5337 3361 5391 tales
3377 5337 3463 5391 in-

1821 5434 2020 5489 venire
2048 5448 2369 5504 possumus,
2421 5430 2492 5485 de
2523 5447 2767 5502 quorum
2808 5431 3198 5502 assumptione
3234 5447 3338 5485 nec
3369 5430 3458 5485 in-

1823 5544 2052 5584 currere
2083 5543 2186 5582 nec
2215 5526 2546 5581 erubescere
2571 5526 2874 5580 valeamus.

1825 5649 1898 5701 De
1918 5646 2001 5699 his
2030 5646 2126 5714 qui
2150 5645 2208 5698 in
2231 5642 2568 5713 presbyterio
2595 5643 2732 5711 ﬁlios
2760 5644 3079 5708 genuerunt,
3106 5645 3165 5694 ut
3190 5641 3260 5694 ab
3287 5642 3462 5710 ofﬁcio

2448 5718 2841 5768 removeantur.

1898 5811 2253 5864 INNOCENTIL’S
2298 5808 2516 5863 Maxmo
2547 5809 2606 5860 et
2647 5806 2858 5860 Savnuo
2887 5803 3164 5874 episcopis
3206 5823 3313 5879 per
3343 5807 3459 5864 Bri-

1828 5902 1953 5959 tios.

3033 6001 3106 6059 :23
