4026 6182
641 333 746 387 707

1537 331 1820 387 APPEND.
1858 332 1947 386 AD
1984 331 2144 388 διες.
2187 330 2274 387 ιχ.

2410 329 2653 387 ISIDORI
2688 331 3113 388 MERCATORIS
3791 346 3869 400 708

709 438 1228 494 Ecclesiasticorum
1255 454 1540 495 canonum
1558 455 1762 494 norma
1789 439 1931 494 nulli
1960 455 2081 495 esse
2107 439 2272 495 debet
2293 450 2351 524 Α
2371 440 2656 495 volumine
2682 440 3004 495 litterarum
3048 444 3363 496 nostrarum
3389 444 3716 513 conspexerim
3744 453 3869 504 retra-

641 532 934 604 iucognita
951 533 1251 600 sacerdoti,
1274 534 1406 605 quia
1431 533 1631 588 nesciri
1658 533 1778 587 haec
1796 550 1829 587 a
1848 533 2114 604 pontiﬁce
2136 534 2272 588 satis

641 631 727 683 est
755 628 1112 695 indecorum,
1143 627 1393 682 maxime
1428 644 1554 682 cum
1588 644 1621 682 a
1649 627 1803 681 laicis
1834 627 2114 699 religiosis
2139 627 2273 681 viris

636 722 848 777 sciatur
868 724 925 777 et
952 720 1327 777 custodienda
1352 737 1471 775 esse
1510 720 1769 776 ducatur.
1817 721 2009 791 Nuper
2033 720 2271 791 quidem

636 814 1048 871 Maximilianus
1068 814 1217 870 ﬁlius
1243 819 1435 869 noster
1461 830 1638 885 agens
1665 815 1726 869 in
1750 815 1917 869 rebus
1944 814 2039 885 huj
2050 814 2275 869 usmodi

638 910 867 983 qualem
894 908 1185 981 querelam
1212 907 1498 978 detulerit,
1520 907 1698 964 libelli
1714 908 1835 979 ejus
1859 908 2037 963 serius
2052 924 2276 963 annexa

638 1003 908 1059 declarat.

707 1098 815 1162 Qui
842 1097 962 1152 zelo
984 1096 1116 1151 ﬁdei
1148 1098 1205 1151 et
1228 1095 1540 1167 disciplina:
1570 1096 1773 1151 ductus
1798 1112 1917 1151 non
1939 1094 2153 1167 patitur
2181 1096 2274 1150 Ec-

639 1191 871 1247 clesiam
901 1189 1080 1261 pollui
1106 1190 1177 1245 ab
1202 1189 1452 1261 indignis
1480 1190 1845 1262 presbyteris,
1878 1207 2017 1261 quos
2045 1190 2104 1244 in
2137 1206 2277 1261 prae-

638 1285 888 1357 sbyterio
931 1284 1077 1339 ﬁlios
1121 1283 1320 1338 asserit
1348 1300 1711 1354 procreasse:
1756 1284 1910 1355 quod
1937 1301 2055 1339 non
2105 1282 2276 1338 licere

638 1390 985 1447 exponerem
1033 1372 1141 1427 nisi
1187 1388 1412 1428 nossem
1445 1376 1688 1427 vestram
1736 1373 2107 1445 prudentiam
2134 1373 2275 1443 legis

639 1469 812 1524 totius
853 1468 1061 1523 habere
1087 1466 1369 1521 notitiam.
1418 1468 1488 1521 Et
1512 1466 1664 1534 ideo,
1696 1467 1897 1522 fratres
1937 1466 2272 1534 charissimi,

637 1562 815 1618 libelli
846 1561 944 1634 qui
986 1561 1272 1631 subjectus
1301 1563 1386 1614 est
1430 1562 1626 1615 tenore
1668 1567 1989 1632 perspecto,
2043 1577 2136 1615 eos
2177 1559 2275 1632 qui

636 1656 771 1711 talia
792 1659 1148 1728 perpetrasse
1184 1654 1471 1724 dicuntur,
1496 1654 1774 1724 jubebitis
1800 1655 1860 1708 in
1886 1654 2074 1710 medio
2098 1655 2272 1709 collo-

637 1749 775 1820 cari,
798 1748 1168 1821 discussisque
1189 1748 1600 1819 objectionibus
1620 1764 1748 1819 qua:
1772 1748 1908 1820 ipsis
1933 1747 2275 1820 presbyteris

2371 534 2554 589 ctabo.
2586 535 2759 588 Grave
2784 550 2900 588 non
2931 535 3183 605 oportuit
3204 534 3374 590 videri
3405 536 3637 607 piissimis
3663 542 3871 596 mentibus

2372 627 2566 681 vestris
2586 628 2971 698 cujuscunque
3000 628 3291 682 retractari
3308 628 3579 699 judicium,
3601 631 3707 702 quia
3732 635 3869 688 veritas

2375 721 2654 792 exagitata
2682 721 2889 792 saepius
2917 721 3104 793 magis
3146 721 3469 794 splendescit
3493 722 3543 777 in
3569 723 3690 789 luce,
3724 731 3767 779 et
3786 745 3869 797 per-

2374 816 2548 869 nicies
2562 818 2823 869 revocata
2834 814 2892 869 in
2917 814 3203 886 judicium
3229 816 3443 887 gravius
3456 821 3506 872 et
3518 816 3621 871 sine
3637 820 3870 888 pcenitentia

2374 910 2813 964 condemnatur.
2844 910 2985 963 Nam
3016 910 3233 964 fructus
3253 909 3462 964 divinus
3484 913 3562 965 est
3575 910 3791 980 justitiam
3814 931 3872 965 sa-

2375 1002 2502 1074 pius
2521 1001 2570 1075 1
2587 1001 2714 1074 74
2744 1003 3049 1071 recenseri,
3069 1003 3274 1057 fratres
3298 1002 3601 1071 charissimi,
3616 1020 3771 1058 verum
3787 1006 3873 1059 illud

2373 1096 2538 1150 video
2558 1096 2801 1151 movisse
2818 1095 3039 1150 animos
3054 1100 3267 1151 vestros
3284 1096 3430 1167 quod
3446 1096 3500 1150 in
3518 1096 3682 1150 multis
3697 1097 3874 1151 Bubalius

2375 1206 2523 1260 saepe
2577 1188 2812 1251 fallaciis
2865 1189 3256 1259 deprehensus
3330 1189 3577 1259 objecerit
3628 1190 3871 1261 exemplaria

2375 1282 2637 1337 ﬁctarum
2665 1281 2828 1352 quasi
2856 1299 2891 1336 a
2915 1282 3076 1336 nobis
3105 1282 3442 1349 litterarum,
3471 1298 3587 1336 cum
3610 1299 3695 1353 pro
3717 1299 3871 1336 consue-

2375 1377 2574 1431 tudine
2599 1376 2849 1431 hominis
2874 1376 3018 1430 nihil
3044 1377 3194 1448 quod
3222 1377 3489 1448 perferret
3509 1375 3614 1447 jam
3630 1376 3721 1430 fide
3740 1376 3875 1447 dignis

2375 1471 2585 1525 simum
2615 1470 2920 1525 videretur.
2953 1469 3067 1525 Sed
3094 1470 3323 1525 sileatur
3350 1486 3508 1524 omne
3526 1469 3631 1540 jam
3653 1469 3709 1524 de
3726 1469 3795 1523 tali
3813 1486 3872 1522 ue-

2376 1564 2529 1636 gotio
2585 1580 2869 1633 murmur,
2919 1566 2977 1618 et
3030 1563 3271 1618 convicti
3317 1562 3515 1618 diaboli
3560 1562 3651 1634 ipsi
3686 1562 3876 1616 anhelitus

2374 1658 2840 1729 comprimantur.
2866 1657 3001 1728 Subj
3012 1658 3278 1712 unximus
3296 1660 3482 1711 autem
3503 1656 3582 1710 his
3600 1655 3773 1727 priores
3787 1654 3876 1707 litte-

2374 1769 2483 1820 ras,
2509 1768 2650 1824 quas
2669 1767 2771 1823 per
2792 1753 3139 1806 memoratos
3169 1750 3455 1822 episcopos
3479 1749 3776 1813 miseramus,
3799 1747 3875 1817 qui-

636 1844 1057 1916 impinguntur,
1079 1842 1127 1897 si
1153 1842 1393 1897 convicti
1420 1842 1651 1912 fuerint,
1673 1859 1706 1896 a
1731 1842 2061 1897 sacerdotali
2082 1858 2272 1897 remo-
2296 1826 2352 1898 Β
2374 1846 2478 1901 bus
2506 1845 2586 1901 ita
2612 1845 2872 1917 plenaria
2890 1861 3162 1900 sensuum
3191 1848 3511 1900 nostrorum
3534 1842 3766 1898 sententia
3785 1840 3875 1895 desi-

635 1943 874 1993 veantur
902 1935 1111 2004 officio,
1129 1936 1262 2008 quia
1291 1936 1388 2007 qui
1415 1936 1596 1991 sancti
1621 1952 1739 1991 non
1762 1939 1914 2005 sunt,
1943 1938 2137 1992 sancta
2156 1939 2271 1991 tra-

636 2035 793 2087 ctare
816 2048 933 2086 non
960 2035 1217 2102 possunt,
1235 2033 1404 2102 atque
1434 2029 1603 2085 alieni
1630 2029 1947 2084 efficiantur
1971 2048 2005 2085 a
2027 2029 2277 2084 ministe-

634 2126 721 2181 rio
749 2125 902 2197 quod
946 2124 1185 2179 vivendo
1226 2124 1418 2178 illicite
1460 2124 1809 2195 polluerunt.
1843 2124 2114 2179 Miramur
2152 2122 2275 2178 haec

637 2235 834 2274 eorum
861 2217 1220 2273 dissimulare
1262 2217 1559 2289 episcopos
1583 2221 1648 2272 ut
1674 2221 1772 2271 aut
1808 2218 2134 2286 connivere,
2178 2219 2277 2271 aut

635 2307 852 2365 nescire
877 2323 997 2362 esse
1023 2305 1217 2361 illicita
1233 2304 1589 2377 judicentur.

815 2455 970 2524 Quod
986 2456 1363 2527 paenitentiam
1388 2455 1571 2527 nullus
1597 2454 1672 2510 ad
1700 2455 1902 2510 clerum
1920 2458 2096 2526 possit

1332 2526 1573 2583 admitti.

704 2646 1070 2702 Imvocmmus
1093 2643 1353 2710 AGAPITO,
1381 2644 1697 2700 MACEDONIO
1727 2646 1785 2698 et
1807 2643 2097 2699 Mannum
2123 2640 2272 2713 epis-

637 2740 791 2812 copis
815 2737 1029 2810 Apulis.

707 2831 879 2888 Multa
916 2830 975 2884 in
1001 2830 1290 2902 provincia
1320 2832 1521 2885 contra
1560 2846 1813 2884 canones
1844 2827 2272 2897 ecclesiasticos,

635 2928 973 2996 decretaque
993 2923 1281 2994 majorum
1307 2923 1570 2994 usurpari
1588 2939 1621 2977 a
1650 2922 1933 2994 plurimis,
1958 2926 2015 2977 et
2042 2922 2273 2977 relatio-

637 3037 737 3076 nes
782 3018 1137 3073 diversorum
1184 3019 1241 3071 et
1287 3017 1686 3087 suggestiones
1736 3015 2024 3071 fidissima:
2064 3016 2271 3070 retule-

636 3115 789 3183 runt,
816 3128 941 3184 quae
966 3109 1198 3183 quidem
1222 3113 1450 3182 possent
1467 3109 1629 3164 facile
1655 3110 1922 3179 resecari,
1953 3109 1998 3163 si
2028 3109 2275 3180 episcopi

636 3207 698 3263 in
728 3207 817 3262 his
840 3222 960 3261 non
990 3204 1382 3260 invenirentur
1412 3207 1689 3259 auctores.
1721 3203 1829 3268 Qui
1849 3204 1986 3258 dum
2013 3207 2112 3257 aut
2131 3203 2270 3257 ami-
2294 3205 2351 3280 ρ

638 3303 719 3357 cis
749 3304 848 3355 aut
897 3298 1337 3370 obsequentibus
1381 3297 1626 3370 gratiam
1666 3301 1938 3369 praestare
1988 3297 2269 3365 nituntur,

636 3395 979 3467 religionem
1006 3392 1239 3459 violant,
1288 3392 1631 3463 ordinesque
1669 3395 2062 3463 corrumpunt,
2106 3407 2168 3445 ac
2194 3391 2273 3445 sic

637 3489 829 3546 evenit
860 3491 926 3543 ut
960 3486 1184 3558 indigni
1221 3485 1432 3558 quique
1471 3485 1718 3541 honores
1744 3486 2055 3556 suscipiant
2103 3485 2275 3540 eccle-

636 3583 911 3649 siasticos,
954 3584 1010 3635 et
1050 3579 1428 3634 admittantur
1456 3579 1525 3633 ad
1569 3579 1806 3647 clerum,
1838 3578 1937 3650 qui
1991 3595 2096 3633 nec
2125 3577 2276 3633 inter

637 3678 808 3733 laicos
838 3674 1067 3747 quidem
1119 3672 1360 3745 dignum
1405 3673 1590 3728 locum
1628 3673 1841 3728 habere
1892 3673 2270 3740 mererentur,

636 3770 804 3827 sicuti
838 3770 897 3824 in
931 3785 1084 3823 nunc
1128 3767 1262 3823 dato
1297 3766 1459 3822 nobis
1508 3765 1702 3821 libello
1735 3770 2117 3822 monstratum
2166 3768 2271 3820 est.

637 3865 951 3924 Modestum
992 3861 1307 3934 quemdam
1351 3860 1547 3916 multis
1578 3860 1906 3915 criminibus
1934 3860 2271 3928 involutum,

637 3965 873 4034 propter
899 3973 1026 4029 quae
1053 3956 1232 4011 etiam
1272 3954 1666 4026 paenitentiam
1694 3955 1875 4027 egisse
1905 3954 2127 4020 dicitur,
2160 3970 2274 4008 non

637 4055 822 4110 solum
873 4050 1141 4106 clericum
1181 4048 1466 4115 effectum,
1520 4048 1673 4120 quod
1713 4065 1831 4103 non
1888 4047 2039 4116 licet,
2077 4062 2273 4101 verum

638 4148 810 4203 etiam
836 4143 909 4199 ad
930 4143 1287 4215 episcopatus
1333 4142 1552 4213 apicem
1580 4158 1712 4197 eum
1743 4140 1988 4207 tradere,
2018 4156 2149 4195 cum
2180 4157 2271 4195 ca-

636 4255 817 4296 nones
842 4237 992 4309 apud
1033 4236 1275 4291 Nicaeam
1317 4235 1605 4289 constituti
1636 4236 1977 4306 pmnitentes
2006 4234 2177 4289 etiam
2204 4234 2274 4289 ab

638 4331 851 4389 inﬁmis
871 4329 1072 4385 officiis
1103 4328 1436 4383 clericorum
1457 4329 1781 4383 excludant.
1804 4328 1872 4382 Et
1894 4327 2045 4398 ideo,
2074 4327 2275 4383 fratres

638 4424 976 4492 charissimi,
1008 4429 1303 4495 perspecto
1331 4426 1530 4476 tenore
1557 4421 1731 4476 libelli
1761 4437 1893 4476 eum
1912 4421 2107 4492 jubete
2134 4438 2277 4493 pras-

640 4520 869 4588 sentari,
899 4534 965 4574 ac
990 4517 1035 4572 si
1067 4532 1199 4571 vere
1243 4514 1562 4571 constiterit
1588 4515 1762 4571 talem
1791 4515 2017 4587 qualem
2052 4515 2275 4569 libellus

639 4617 910 4684 afﬁrmat,
939 4628 1054 4668 non
1084 4611 1270 4667 solum
1297 4609 1368 4665 ab
1392 4608 1718 4680 ambitione,
1742 4608 1842 4665 sed
1864 4609 2035 4664 etiam
2062 4625 2094 4662 a
2122 4609 2277 4664 cleri-
2294 4578 2354 4650 D

640 4714 795 4767 catus
824 4710 1193 4764 removeatur
1218 4703 1421 4760 ofﬁcio.

644 4851 717 4906 De
757 4848 984 4905 Bubalio
1026 4851 1077 4902 et
1121 4847 1397 4902 Tauriana
1441 4844 1717 4899 damnatis
1764 4861 1799 4899 a
1844 4844 2277 4915 provincialibus

712 4921 993 4991 episcopis,
1033 4933 1260 4988 quorum
1302 4917 1623 4971 sententiam
1664 4915 1813 4971 sedes
1860 4917 2153 4987 apostolica
2190 4932 2275 4972 re-

715 4992 1036 5047 tractatione
1059 4991 1292 5043 curavit.

715 5129 1075 5185 Innocmmus
1100 5122 1271 5189 Ruso,
1297 5121 1596 5189 GERONTIO,
1625 5120 1953 5192 Soranomo,
1981 5122 2275 5193 FLAVIANO,

644 5223 987 5287 Macenomo,
1038 5218 1341 5273 Pnosnorlo
1411 5219 1470 5269 et
1519 5216 1770 5283 Omsreo,
1833 5217 2111 5289 episcOpis
2174 5232 2279 5288 per

644 5313 1029 5374 Macedoniam
1054 5309 1390 5366 constitutis.
1836 5371 1856 5383 ο

715 5412 867 5468 Mora
886 5405 1353 5479 coepiscoporum
1381 5406 1709 5460 nostrorum
1740 5403 2063 5459 Maximiani
2090 5410 2147 5459 et
2166 5406 2272 5460 Eu-

648 5504 848 5573 menii,
890 5502 977 5557 vel
1014 5499 1205 5572 potius
1253 5497 1648 5569 importunitas
1695 5498 1967 5568 temporis
2014 5498 2168 5565 fecit,
2216 5502 2279 5553 ut

647 5618 749 5656 vos
776 5594 1058 5653 iteraretis
1098 5593 1169 5648 de
1198 5591 1427 5647 Bubalio
1460 5594 1515 5646 et
1556 5592 1829 5646 Tauriano
1855 5590 2275 5663 querimoniam

648 5702 703 5750 et
726 5710 829 5750 nos
858 5692 1067 5746 iterum
1114 5686 1176 5742 in
1200 5684 1463 5741 homines
1515 5684 1926 5758 perditissimos
1952 5685 2274 5758 insurgere-

646 5806 794 5843 mus.
823 5784 951 5851 Sed,
981 5785 1049 5839 ut
1080 5796 1329 5855 possum,
1376 5779 1739 5851 paucioribus
1771 5779 1957 5835 verbis
1987 5783 2277 5836 tantorum

649 5880 920 5936 malorum
952 5876 1220 5930 imitabor
1243 5874 1663 5946 compendium,
1703 5876 1760 5929 et
1785 5873 2024 5929 strictim
2053 5890 2181 5945 qua:
2218 5874 2279 5930 in

2375 1945 2551 2013 gnata
2569 1941 2670 2008 est,
2701 1943 2767 1994 ut
2796 1938 2936 1993 dum
2967 1938 3286 2011 relegeritis
3312 1937 3449 1993 nihil
3468 1936 3770 2007 ambiguum,
3792 1932 3876 1986 nihil

2373 2032 2786 2104 requirendum
2832 2032 2892 2086 in
2939 2033 3044 2087 hac
3097 2049 3265 2087 causa
3317 2032 3385 2086 de
3443 2032 3631 2086 castero
3682 2025 3877 2098 repetitis.

2374 2128 2525 2182 Hanc
2548 2133 2741 2181 autem
2765 2125 3099 2198 paginulam
3134 2131 3393 2180 nostram
3419 2123 3681 2180 sollicitius
3695 2118 3879 2175 credenti

2372 2221 2479 2276 bus
2523 2220 2630 2276 sibi
2684 2220 2963 2292 episc0pis
3005 2220 3372 2291 relegendam
3420 2218 3627 2286 mittite,
3676 2219 3729 2270 ut
3769 2212 3881 2266 sciant

2372 2314 2697 2387 plenissime
2735 2314 2875 2386 quid
2922 2313 2996 2369 sit
3040 2314 3109 2370 de
3166 2313 3398 2369 Bubalio
3460 2316 3513 2367 et
3547 2308 3788 2365 Taurianio
3817 2320 3880 2359 eis

2373 2408 2623 2480 terisque
2711 2407 3169 2480 pronuntiatum,
3234 2410 3303 2462 ut
3378 2407 3592 2461 servent
3656 2400 3736 2474 qui
3784 2396 3882 2468 digni

2372 2501 2758 2558 admonitione
2799 2506 2934 2557 sunt
2980 2516 3175 2555 cavere
3216 2517 3252 2555 a
3278 2500 3501 2569 talibus,
3535 2514 3601 2552 ne
3640 2494 3800 2550 talibus
3831 2506 3881 2542 se

2374 2594 2615 2650 cientur.

2722 2668 2794 2722 De
2817 2667 3093 2721 inuasione
3110 2667 3388 2735 parochias
3414 2663 3639 2719 alterius.

2448 2785 2795 2839 lNNOCENTlUS
2826 2783 3135 2838 FLORENTIO
3168 2781 3431 2853 episcopo
3457 2774 3796 2836 Tiburtinensi.

2445 2878 2567 2932 Non
2596 2877 2773 2931 semel
2810 2876 2909 2930 sed
2935 2875 3239 2947 aliquoties
3271 2877 3476 2930 clamat
3507 2871 3749 2942 Scriptura
3768 2864 3887 2920 divina

2373 2969 2668 3026 transferri
2707 2987 2821 3024 non
2851 2972 3116 3040 oportere
3160 2970 3436 3024 terminos
3460 2985 3493 3023 a
3535 2962 3767 3038 prioribus
3786 2955 3886 3013 iusti-

2376 3068 2547 3132 tutos,
2567 3063 2702 3136 quia
2721 3063 2877 3119 nefas
2903 3068 3007 3131 est,
3029 3063 3076 3117 si
3094 3062 3248 3135 quod
3272 3063 3420 3118 alter
3437 3075 3640 3132 semper
3653 3049 3885 3129 possederit,

2376 3160 2520 3213 alter
2545 3158 2794 3224 invadat,
2826 3157 2978 3229 quod
3007 3161 3167 3212 tuam
3198 3157 3514 3212 bonitatem
3538 3154 3693 3209 frater
3711 3154 3755 3203 et
3769 3142 3887 3212 coepi-
3938 3202 3939 3205 η

2375 3269 2576 3325 scopus
2609 3256 2801 3308 noster
2836 3253 3008 3306 Ursus
3050 3251 3249 3305 asserit
3294 3252 3649 3322 perpetrasse.
3685 3244 3791 3299 Nam
3820 3238 3886 3291 ⁸ο·

2374 3351 2708 3401 mentauam
2752 3345 2867 3401 sive
2910 3344 3281 3399 Facilieusem
3338 3341 3649 3416 parochiam
3697 3334 3755 3390 ad
3791 3342 3889 3385 suam

2374 3438 2657 3494 dioecesim
2675 3455 2707 3493 a
2721 3438 3032 3510 majoribus
3048 3438 3435 3509 pertinentem
3458 3434 3695 3491 invasisse
3712 3434 3770 3495 te,
3785 3429 3889 3491 atque

2372 3532 2486 3587 illic
2511 3532 2698 3587 divina
2726 3531 3035 3587 celebrasse
3066 3532 3348 3603 mysteria
3376 3530 3568 3586 eodem
3594 3542 3650 3581 ac
3676 3518 3885 3578 nesciente»

2375 3643 2489 3681 non
2517 3625 2637 3681 sine
2665 3625 2861 3681 dolore
2891 3630 3237 3697 conquestus
3263 3631 3367 3681 est.
3408 3622 3563 3688 Quod
3585 3620 3623 3673 si
3661 3627 3807 3671 verum
3825 3608 3884 3702 est.

2375 3736 2493 3774 non
2534 3719 2733 3774 leviter
2767 3724 2823 3774 te
2865 3719 3171 3774 incurrisse
3216 3733 3539 3790 cognoscas.
3576 3711 3713 3769 Unde
3733 3706 3769 3761 si
3789 3697 3888 3757 ded?

2372 3829 2513 3867 nare
2546 3812 2702 3885 cupis
2722 3815 2898 3868 tantae
2920 3812 3312 3884 usurpationis
3347 3810 3624 3875 invidiam,
3657 3792 3887 3890 nostrisli‘l-
3934 3820 3935 3841 ς

2374 3907 2509 3962 teris
2534 3884 2891 3961 admonitum
2922 3912 2976 3961 te
3002 3906 3267 3962 convenit
3307 3904 3605 3961 abstinere.
3642 3898 3770 3953 Certe
3789 3888 3819 3943 si
3834 3884 3892 3938 ali-

2373 4000 2510 4073 quid
2536 4000 2637 4056 tibi
2666 4000 2847 4055 credis
2864 4000 3098 4071 justitiae
3124 3999 3449 4072 suffragari,
3489 3993 3700 4066 integris
3717 3980 3891 4073 muniit“5

2374 4071 2513 4151 etin
2540 4094 2781 4166 pristino
2806 4097 2959 4149 statu
2972 4071 3499 4166 manentibus,post
3513 4090 3624 4146 dies
3646 4071 3892 4173 venerabiles

2374 4188 2602 4243 Paschaa
2619 4188 2811 4243 adesse
2837 4187 3087 4256 debebis,
3108 4193 3171 4243 ut
3196 4187 3525 4242 memoratis
3550 4180 3704 4255 possis
3717 4170 3892 4230 intentu-

2376 4283 2543 4338 nibus
2557 4282 2924 4354 respondere,
2947 4282 3445 4354 praesentibusque
3474 4280 3530 4335 in
3555 4272 3719 4332 medio
3742 4263 3893 4322 colloca

2375 4376 2446 4431 tis
2472 4376 2613 4448 quid
2637 4375 2941 4447 antiquitas
2965 4378 3065 4430 aut
3086 4376 3297 4431 veritas
3324 4376 3533 4430 habeat
3559 4367 3849 4439 inquiramus-

2378 4490 2450 4541 De
2492 4501 2549 4540 eo
2592 4484 2747 4554 cujus
2793 4484 2859 4539 de
2902 4486 3217 4553 captivitate
3254 4497 3473 4537 reversa
3512 4482 3724 4554 est
3756 4470 3799 4520 ατ
3827 4469 3895 4513 td“

2565 4547 2814 4626 recipiat,
2841 4547 3015 4610 altera
3045 4570 3209 4625 quam
3238 4555 3474 4609 duxerat
3499 4547 3767 4618 repudiata-

2446 4661 2798 4716 INNOCENTIUS
2819 4659 3015 4713 Paoao.
3034 4657 3411 4713 Conturbatio
3425 4650 3666 4727 procella:
3680 4632 3894 4701 barbati“

2376 4751 2627 4808 facultati
2663 4752 2809 4823 legis
2853 4751 3047 4806 intulit
3072 4767 3289 4806 casum.
3334 4751 3475 4805 Nam
3517 4747 3652 4801 bene
3691 4728 3897 4823 constitui"

2376 4820 2752 4902 matrimonio.
2782 4846 2932 4901 inter
2976 4845 3314 4900 Fortunium
3361 4847 3418 4899 et
3446 4842 3632 4898 Ursam
3666 4820 3899 4902 captitimus

2376 4942 2635 4996 incursus
2650 4941 2860 4995 fecerat
2880 4956 3123 5007 naevum,
3147 4938 3255 4994 nisi
3272 4942 3470 4993 sancta
3488 4925 3748 5002 religionis
3763 4911 3899 5014 statuta

2376 5036 2758 5107 providerent.
2781 5036 2921 5090 Cum
2949 5032 3104 5088 enim
3131 5032 3190 5088 in
3224 5031 3549 5104 captivitate
3575 5009 3901 5107 praedicta

2377 5100 2585 5185 mulier
2628 5131 2937 5197 teneretur,
2987 5126 3141 5182 aliud
3183 5100 3513 5197 conjugium
3550 5134 3668 5175 cum
3712 5100 3902 5166 Restim1

2378 5224 2681 5281 Fortunius
2708 5228 3054 5279 memoratus
3082 5222 3254 5277 inisse
3280 5217 3653 5293 cognoscitur.
3678 5204 3765 5266 Sed
3779 5200 3903 5255 tam”

2376 5316 2604 5374 Domini
2619 5334 2845 5373 reversa
2870 5318 3007 5373 Ursa
3027 5316 3185 5371 adiit.
3205 5317 3272 5371 Et
3292 5315 3449 5370 nullo
3468 5309 3733 5367 difﬁdente
3748 5296 3902 5380 I110”?

2378 5430 2437 5467 se
2462 5410 2761 5467 memorati
2792 5427 2912 5467 esse
2942 5410 3258 5482 perdocuit.
3300 5408 3427 5473 Qua
3458 5406 3527 5462 de
3554 5420 3632 5471 re,
3662 5375 3904 5482 deminuitll

2377 5507 2583 5562 merito
2614 5505 2868 5571 illustris,
2903 5474 3203 5559 statuimus
3223 5502 3338 5557 ﬁde
3365 5498 3626 5557 catholica

2376 5599 2518 5655 illud
2535 5617 2655 5656 esse
2677 5598 3011 5672 conjugium
3034 5598 3187 5671 quod
3213 5597 3481 5669 primitus
3495 5581 3771 5672 emtgmlia
3782 5574 3907 5672 dif“?

2377 5689 2701 5759 fundatum,
2736 5694 3196 5761 conventumque
3226 5684 3490 5742 secundae
3529 5671 3751 5736 mulieris
3778 5666 3905 5761 priore

2378 5755 2701 5853 superstite,
2745 5797 2851 5836 nec
2898 5755 3141 5836 divortio
3183 5779 3401 5851 ejectaa,
3443 5772 3594 5830 nullo
3634 5762 3771 5840 pacto
3798 5755 3907 5826 p05se

2378 5891 2498 5931 esse
2522 5875 2866 5948 legitimum.
