4026 6182
149 333 227 385 709
811 287 814 290 ’
1311 325 1784 382 DECRETALIUM
1821 294 2207 380 cotLEcrio.

3339 291 3444 372 7m

145 435 349 520 Epistula
385 433 674 520 familiaris
718 433 792 520 ad
833 439 1054 520 sanctos.
1096 436 1195 488 Dei
1216 436 1536 520 sacerdotes
1591 438 1705 492 Au-
1732 449 1789 520 Α
1809 435 2146 504 magistrum
2173 431 2318 499 ﬁeri,
2351 430 2447 501 qui
2475 445 2771 500 nunquam
2798 428 3106 498 discipulus
3123 426 3271 482 fuit?
3298 429 3441 483 Eum

197 508 360 562 relz'um
409 505 896 573 Carthaginensem,
943 511 994 560 et
1019 506 1379 571 Augusti-num
1406 509 1713 577 Hipponen-

194 594 282 633 sem
291 618 302 630 .

194 695 510 748 INNOCENTIUS
533 693 777 746 Auaeuo
808 709 870 748 ET
895 695 1230 761 Auccsruvo,
1260 693 1555 765 episcopis.

192 785 543 856 Acceptissimi
601 785 746 839 mihi
795 786 1063 840 Germani
1123 786 1568 858 compresbyteri
1616 786 1712 840 illo

139 895 354 935 recursus
390 894 594 932 vacuus
634 877 816 932 ofﬁcio
844 884 1036 934 nostro
1063 897 1180 934 esse
1215 896 1330 934 non
1361 880 1576 946 debuit,
1613 897 1714 950 per

136 975 295 1027 charos
317 972 463 1025 enim
487 971 730 1026 salutare
767 973 1127 1028 charissimos
1159 975 1408 1028 naturale
1437 973 1711 1044 quodam-

136 1067 271 1120 modo
297 1065 446 1118 nobis
475 1065 698 1119 videtur
736 1069 794 1119 et
830 1083 1204 1138 consequens.
1247 1067 1503 1121 Gaudere
1540 1067 1715 1137 igitur

134 1160 178 1212 in
199 1160 410 1212 Domino
437 1164 678 1212 vestram
707 1161 1164 1230 germanitatem,
1193 1160 1588 1228 amantissimi,
1616 1177 1713 1214 cu-

135 1254 306 1323 pimus,
334 1257 385 1306 et
414 1268 516 1322 pro
547 1252 710 1306 nobis
736 1253 899 1324 paria
931 1254 1002 1307 ad
1033 1255 1334 1309 Dominum
1368 1257 1494 1308 vota
1517 1270 1715 1326 repen-

134 1346 240 1399 dere
261 1361 568 1415 precamur,
601 1346 736 1416 quia
782 1348 861 1415 (ut
890 1347 1038 1402 bene
1070 1347 1267 1418 nostis)
1313 1347 1714 1402 communibus

135 1439 325 1492 alternis
344 1439 469 1508 plus
493 1439 715 1510 agimus
745 1441 1097 1495 orationibus
1127 1457 1298 1511 quam
1331 1441 1715 1513 singularibus

135 1536 211 1585 aut
231 1532 465 1603 privatis.

270 1643 335 1694 De
358 1642 568 1694 ratione
591 1642 844 1696 Paschali
870 1642 946 1695 ad
971 1642 1212 1696 eumdem
1229 1642 1534 1696 Aurelium.

186 1743 512 1797 lmvocearws
553 1745 817 1798 Auaauo.
846 1744 1148 1799 Charitatis
1197 1748 1406 1798 nostrae
1459 1742 1715 1797 ofﬁcium

1812 543 2100 582 summum
2119 525 2244 580 ﬁeri
2266 524 2617 578 sacerdotem
2639 523 2733 593 qui
2756 537 3050 592 nunquam
3071 521 3130 575 in
3149 520 3244 575 illo
3263 520 3443 590 gradu

1814 621 2113 675 obsecutus
2133 617 2304 672 fuerit
2323 616 2619 671 sacerdoti.
2650 617 2857 686 Relege
2875 614 3274 685 praefectorum
3295 612 3444 666 litte-

1813 731 1924 783 ras,
1951 717 2008 768 et
2035 712 2159 766 vide
2180 728 2309 783 quze
2329 711 2467 765 falso
2496 710 2583 763 vel
2607 726 2708 780 pro
2735 711 2884 762 certo
2909 707 3237 761 sublimium
3256 711 3443 777 potes-

1815 811 2001 861 tatum
2026 807 2376 861 adnotentur
2403 803 2643 874 scriptis.
2676 801 3034 857 Perdidimus
3060 801 3312 871 profecto
3338 815 3446 853 nos

1812 901 1940 972 ipsi,
1994 917 2099 954 nos
2141 900 2396 970 inquam,
2448 896 2839 951 sanctimonia:
2889 895 3290 962 reverentiam,
3346 892 3446 963 qui

1814 994 1976 1066 quasi
1999 993 2339 1047 vilissimum
2361 989 2576 1061 aliquid
2600 1005 2856 1043 summos
2879 987 3158 1041 efﬁcimus
3175 986 3444 1041 sacerdo-

1813 1092 1918 1156 tes,
1947 1093 2010 1142 ut
2028 1087 2149 1158 jam
2176 1085 2411 1156 incipiat
2431 1083 2593 1155 quasi
2615 1084 2851 1138 noxium
2871 1080 3079 1151 aliquid
3103 1079 3342 1150 publicis
3365 1079 3446 1133 in-

1813 1181 2281 1237 terlocutionibus
2303 1176 2693 1234 condemnari.
2725 1177 2922 1230 Frater
2947 1173 3296 1241 charissime,
3327 1173 3448 1227 haec

1813 1276 1987 1330 velim
2006 1279 2210 1330 cuncta
2225 1271 2519 1328 recitanda
2534 1287 2638 1342 per
2655 1285 2854 1325 omnes
2871 1268 3161 1322 Africanas
3178 1265 3450 1320 Ecclesias

1815 1369 2025 1441 scripta
2053 1367 2280 1439 dirigas,
2329 1371 2384 1421 et
2415 1364 2536 1420 istis
2575 1367 2880 1419 connectas
2915 1378 3057 1432 quas
3085 1359 3452 1431 adjunximus

1815 1463 2031 1518 litteras
2053 1463 2477 1534 praefectorum,
2506 1461 2572 1513 ut
2587 1456 2885 1512 consilium
2908 1455 2977 1510 de
2998 1454 3085 1508 his
3105 1470 3233 1525 quae
3254 1453 3451 1524 inique

1817 1557 2139 1623 laudantur,
2154 1555 2580 1626 judiciumque,
2611 1552 2656 1606 si
2679 1551 2815 1622 quid
2836 1549 2946 1605 tale
2968 1548 3194 1620 probari
3219 1546 3450 1617 poterit,

1817 1652 1936 1720 ﬁat,
1965 1654 2031 1705 ut
2050 1649 2341 1721 praeterita
2372 1648 2539 1715 mala,
2569 1645 2615 1699 si
2636 1645 2950 1699 doceantur
2981 1641 3244 1708 admissa,
3275 1640 3454 1711 digna

1819 1745 2114 1799 severitate
2157 1744 2542 1806 coerceantur,
2603 1741 2661 1792 et
2715 1738 2783 1792 de
2833 1741 3038 1790 czetero
3081 1737 3346 1790 caveatur
3382 1749 3454 1788 ne

133 1835 254 1888 nullo
303 1835 595 1891 intervallo
653 1837 958 1905 dirimitur,
1007 1838 1178 1891 etiam
1221 1837 1266 1890 si
1296 1837 1493 1892 charta
1533 1837 1719 1890 nullos
1737 1821 1794 1894 B
1819 1837 2079 1893 Ecclesiae
2109 1836 2370 1890 sanctitas
2395 1850 2500 1905 per
2517 1835 2770 1886 nostram
2791 1829 3023 1901 fatigata
3046 1826 3453 1899 negligentiam

132 1928 280 1997 apices
305 1929 478 1998 ferat;
511 1930 649 1984 vivit
677 1931 829 1985 enim
859 1931 1166 2002 spiritualis
1196 1931 1376 2002 gratia
1405 1930 1639 1985 alternis
1661 1929 1720 1984 in

133 2021 372 2088 cordibus,
401 2028 456 2078 et
482 2040 739 2078 amorem
785 2030 1044 2079 nostrum
1074 2025 1333 2078 confovet
1360 2022 1721 2078 sacerdotalis

133 2115 228 2184 ipsa
253 2117 484 2172 societas.
517 2119 664 2172 Cura
705 2135 864 2189 ergo,
911 2124 976 2172 ut
1005 2118 1248 2189 dignum
1290 2121 1394 2186 est,
1437 2117 1720 2172 unitatem

134 2209 344 2264 Ecclesia:
372 2211 665 2266 custodiri.
710 2212 978 2282 Idemque
1010 2229 1210 2266 omnes
1251 2211 1462 2282 pariter
1491 2215 1547 2266 et
1588 2227 1718 2266 sen-

134 2302 298 2356 tiamus
317 2309 368 2357 et
391 2305 856 2374 pronuntiemus,
881 2306 1056 2360 frater
1075 2306 1424 2360 charissime.
1453 2307 1562 2360 Has
1581 2321 1720 2376 ergo

132 2394 301 2450 litteras
321 2398 383 2451 de
408 2399 628 2452 ratione
654 2399 911 2454 Paschali
939 2400 1168 2454 alterius
1191 2399 1335 2470 (dico
1358 2399 1553 2469 futuri)
1583 2399 1721 2452 anni

132 2489 402 2560 perscripsi.
435 2494 582 2547 Nam
609 2509 740 2547 cum
770 2498 902 2548 ante
933 2493 1082 2547 diem
1117 2493 1481 2547 undecimum
1519 2493 1721 2547 Kalen-

135 2580 296 2636 darum
342 2585 622 2656 Aprilium
675 2587 842 2657 plena
894 2587 1028 2640 luna
1096 2603 1185 2641 xvr
1238 2586 1541 2657 colligatur
1587 2586 1722 2656 (non

134 2676 378 2747 quippiam
426 2679 625 2733 minus
676 2680 780 2751 est)
834 2681 1089 2752 itemque
1135 2697 1266 2734 cum
1322 2681 1473 2736 diem
1505 2684 1636 2735 ante
1665 2697 1722 2735 1v

134 2768 463 2827 Kalendarum
521 2774 855 2828 earumdem
908 2774 1098 2828 veniat
1144 2791 1296 2843 xxm,
1351 2773 1619 2828 aastimavi
1666 2791 1720 2828 xx

135 2862 466 2920 Kalendarum
536 2872 990 2922 memoratarum
1063 2867 1155 2922 die
1231 2869 1371 2922 festa
1431 2867 1722 2922 Paschalia

134 2955 437 3025 celebranda,
465 2961 746 3031 quoniam
768 2962 826 3014 in
849 2961 1120 3032 vigesima
1146 2962 1314 3015 tertia
1333 2963 1470 3016 luna
1495 2962 1719 3016 nullum

136 3048 301 3104 Pascha
324 3070 576 3124 unquam
599 3060 727 3109 ante
756 3055 862 3109 hoc
885 3056 1092 3109 Pascha
1121 3056 1335 3110 factum
1365 3071 1485 3110 esse
1512 3071 1723 3126 cogno-

133 3143 313 3199 scimus.
336 3147 644 3202 Sententiae
665 3165 808 3203 meae
826 3149 1245 3220 exposuiatque
1273 3149 1419 3204 edixi
1433 3153 1716 3204 tenorem.

131 3236 220 3290 lam
242 3241 546 3308 prudentiae
579 3245 688 3296 tuae
716 3243 843 3312 erit,
885 3260 1113 3297 consors
1154 3243 1297 3297 mihi
1343 3244 1542 3313 frater,
1589 3260 1719 3297 cum

135 3332 370 3388 unanimis
387 3341 440 3389 et
456 3336 962 3391 consacerdotibus
976 3338 1201 3404 nostris,
1223 3338 1369 3392 hanc
1388 3337 1572 3409 ipsam
1598 3354 1719 3392 rem

131 3421 174 3474 in
193 3427 381 3494 synodo
411 3430 836 3500 religiosissima
860 3434 1185 3499 retractare,
1217 3433 1283 3484 ut
1298 3431 1344 3485 si
1372 3431 1514 3485 nihil
1535 3431 1720 3502 dispo-

131 3515 281 3572 sitioni
306 3525 510 3577 nostrae
550 3523 806 3592 insultat,
857 3524 1022 3579 nobis
1058 3524 1385 3596 plenissime
1412 3528 1718 3596 aperteque

132 3613 373 3684 rescribas,
404 3633 518 3688 quo
558 3617 930 3674 deliberatam
951 3619 1285 3673 Paschalem
1312 3620 1462 3674 diem
1479 3620 1604 3691 jam
1624 3618 1716 3673 lit-

134 3705 235 3758 teris
259 3713 375 3764 ante
411 3711 494 3779 (ut
532 3711 708 3766 moris
739 3714 839 3783 est)
883 3714 1289 3767 reservandam
1323 3729 1425 3768 suo
1457 3718 1716 3784 tempore

133 3801 480 3860 rescribamus.
539 3806 1079 3878 Compresbyterum
1133 3812 1326 3862 autem
1369 3807 1714 3862 archidiaco-

135 3905 237 3946 num
264 3900 505 3966 quamvis
564 3901 815 3954 noverim
849 3901 1004 3972 quod
1034 3901 1406 3956 libentissime
1450 3918 1516 3955 ac
1556 3917 1717 3956 more

134 3988 352 4058 suscipias
399 3997 696 4063 consueto,
753 4000 947 4049 tamen
1002 4012 1071 4049 ex
1127 3995 1442 4050 abundanti
1492 3995 1716 4067 postulo

136 4080 281 4135 utrum
301 4101 425 4139 eum
451 4088 610 4141 inter
637 4093 766 4142 tuos
790 4088 1002 4144 habere
1030 4089 1302 4160 digneris.

162 4195 211 4248 Ut
242 4202 406 4258 mulus
454 4209 645 4259 contra
689 4206 1082 4260 ordinationem
1123 4223 1387 4261 canonum
1434 4211 1533 4277 ﬁat
1574 4210 1683 4277 epi-

789 4293 998 4347 scapus.

183 4361 518 4423 Dilectissimo
547 4370 714 4424 fratri
738 4374 980 4427 AURELIO
1010 4374 1390 4427 INNOCENTIUS.

183 4453 284 4518 Qua
306 4461 668 4534 indignitate,
699 4481 810 4535 qua
837 4466 1099 4520 molestia
1129 4467 1276 4520 male
1307 4469 1580 4521 tractetur
1606 4467 1711 4521 Ec-

130 4545 270 4620 clesia,
297 4557 691 4628 praecipueque
717 4559 1030 4631 episcopus,
1063 4561 1312 4631 relegam
1343 4561 1431 4615 vel
1458 4559 1708 4632 audiam,

130 4643 169 4691 et
188 4645 268 4698 tua
290 4647 610 4705 fraternitas
634 4651 779 4706 bene
796 4653 967 4721 novit,
987 4658 1043 4708 et
1065 4670 1173 4725 ego
1194 4660 1313 4708 tam
1330 4654 1536 4711 idonea
1551 4659 1710 4710 tanto

129 4731 271 4792 dolori
292 4743 456 4798 verba
483 4745 738 4800 invenire
781 4763 898 4801 non
923 4764 1177 4819 possum,
1221 4749 1357 4803 dum
1409 4750 1570 4804 facile
1597 4750 1708 4804 im-

127 4839 369 4893 ponuntur
387 4855 614 4906 manus,
639 4840 774 4894 dum
793 4841 1152 4912 negligenter
1170 4859 1428 4897 summus
1450 4843 1710 4898 sacerdos

129 4920 332 4992 r:ligitur.
382 4934 517 4987 Ecce
573 4933 716 4987 facta
749 4940 832 4988 est
865 4935 1092 5006 querela
1137 4936 1361 5007 publica
1403 4954 1530 5008 quae
1576 4937 1711 4991 fecit

128 5027 312 5112 temper
338 5031 397 5079 ut
415 5027 708 5080 ommunis
735 5028 1030 5083 comnibus
1048 5030 1332 5085 trimenda
1358 5030 1429 5083 sit
1455 5047 1710 5085 reveren-

127 5110 198 5160 tia.
233 5115 311 5167 Sic
354 5119 540 5174 clerici
587 5121 1091 5178 ecclesiasticorum
1133 5125 1466 5195 dogmatum
1507 5124 1707 5179 nutriti

125 5202 188 5253 τρι
227 5205 469 5268 honorati
517 5215 670 5269 intra
714 5217 917 5271 altaria
959 5218 1162 5272 Christi
1210 5223 1577 5289 respuuntur,
1631 5218 1707 5272 sic

128 5303 488 5360 praetereuntes
527 5317 948 5379 promoventur,
993 5313 1151 5383 quasi
1197 5313 1356 5367 nefas
1392 5313 1463 5366 sit
1491 5313 1560 5367 ad
1585 5312 1704 5383 pri-

129 5395 302 5449 matum
341 5414 444 5468 per
475 5403 736 5456 ordinem
778 5406 1088 5475 pervenire.
1136 5408 1276 5461 Nam
1305 5424 1436 5460 cum
1465 5406 1707 5461 involuti

128 5487 387 5544 mundanis
411 5495 670 5564 nexibus,
701 5499 917 5552 actibus
938 5501 1025 5554 vel
1047 5501 1297 5554 moribus
1320 5501 1558 5572 abrupte
1574 5501 1708 5555 asci-

128 5582 318 5636 Scuntur
345 5585 416 5640 ad
442 5589 585 5643 tanti
609 5591 913 5663 collegium
949 5595 1270 5665 sacerdotii,
1305 5598 1362 5649 et
1390 5595 1470 5648 illi
1507 5595 1703 5649 viden-

126 5669 196 5762 lur
210 5683 500 5746 contemni,
525 5683 592 5738 de
616 5687 820 5756 quibus
840 5693 1168 5758 oportuerat
1190 5689 1344 5760 eligi,
1369 5693 1426 5742 et
1445 5689 1536 5744 isti
1556 5690 1704 5744 male

127 5768 400 5841 mtromitti,
443 5777 542 5845 qui
582 5784 784 5848 prseter
815 5783 1075 5837 ordinem
1105 5783 1453 5853 irrumpunt,
1482 5784 1702 5854 potius-

128 5867 263 5922 Ῥωῐιι
315 5866 616 5938 eliguntur.
682 5876 862 5938 Quam
908 5876 1063 5931 enim
1125 5877 1394 5931 miserum
1449 5881 1533 5930 est
1574 5894 1704 5932 cum

1820 1932 2022 2004 perdat
2044 1929 2344 2001 privilegia
2369 1944 2495 1999 quae
2516 1929 2602 1980 est
2641 1941 2744 1996 per
2768 1924 2916 1978 viros
2945 1921 3300 1977 venerabiles
3329 1936 3456 1974 con-

1821 2028 2027 2080 secuta.
2061 2025 2208 2078 Deus
2235 2026 2290 2076 te
2323 2021 2667 2076 incolumem
2696 2017 2996 2072 custodiat.
3028 2004 3169 2070 Data
3194 2031 3247 2068 1v
3278 2029 3456 2068 nonas

1820 2118 1992 2188 Junii,
2023 2118 2166 2173 Julio
2185 2118 2250 2171 1V
2277 2118 2334 2169 et
2362 2113 2606 2169 Palladio
2638 2114 2681 2166 V
2707 2110 3058 2166 consulibus.

2159 2211 2251 2265 Ad
2268 2211 2543 2266 Iulianum
2567 2207 2798 2262 nobilem
2828 2207 3108 2273 feminam.

1891 2306 2187 2377 Singulare
2217 2303 2540 2358 membrum
2586 2299 2845 2355 Ecclesiae
2873 2304 2985 2353 tute
3011 2297 3305 2370 religionis
3331 2313 3456 2351 am-

1820 2401 2165 2472 plitudinem
2201 2398 2460 2463 existere,
2496 2400 2553 2450 et
2595 2412 2628 2447 a
2665 2393 2828 2448 nobis
2871 2391 3326 2447 reverentissime
3354 2390 3462 2446 coli

1823 2495 1957 2550 satis
1984 2498 2067 2548 est
2093 2492 2358 2546 omnibus
2381 2489 2747 2544 manifestum
2778 2504 2795 2555 ;
2841 2486 2900 2540 in
2947 2487 3071 2557 ipso
3101 2485 3254 2540 enim
3301 2483 3459 2556 apice

1821 2587 2130 2642 nobilitatis
2173 2585 2351 2640 multo
2400 2582 2737 2638 nobiliorem
2794 2579 3046 2634 Ecclesiae
3101 2579 3459 2633 devotionem

1820 2681 2126 2752 impendis,
2163 2684 2221 2734 et
2248 2678 2429 2749 magis
2454 2679 2582 2731 laeta
2610 2675 2817 2731 Christi
2845 2674 3133 2744 agnitione
3160 2672 3461 2744 prmceptis

1822 2776 1942 2846 ejus
1965 2775 2347 2844 obtemperas,
2363 2775 2419 2826 et
2445 2771 2503 2824 in
2520 2770 2630 2824 ﬁde
2654 2769 2842 2840 potius
2856 2768 3102 2821 exsultas
3121 2783 3296 2838 quam
3319 2765 3461 2820 tanti

1823 2869 2050 2941 generis
2094 2869 2235 2922 ﬂore
2277 2865 2524 2938 jactaris.
2577 2864 2832 2918 Summae
2878 2861 3101 2915 virtutis
3152 2864 3238 2914 est
3266 2859 3460 2915 vicisse

1824 2962 2067 3034 gloriam
2088 2960 2293 3028 carnis,
2310 2965 2587 3029 etmagna
2598 2961 2676 3012 est
2695 2955 2898 3011 Christi
2913 2954 3096 3026 gratia
3107 2953 3461 3008 nobilitatem

1821 3057 2076 3112 moribus
2123 3070 2441 3125 superasse,
2484 3052 2715 3106 domina
2763 3049 2902 3116 filia,
2952 3048 3158 3103 merito
3205 3047 3458 3102 illustris.

1820 3153 1985 3206 Certa
2009 3150 2183 3221 igitur
2208 3147 2471 3215 existens,
2513 3144 2896 3211 dilectissima,
2949 3143 3120 3213 hujus
3149 3141 3280 3196 vitae
3307 3157 3460 3212 quae-

1827 3199 2172 3221 υν--κ-ο--ν
2460 3199 2471 3215 ,
2580 3199 2585 3200 ν
2885 3199 2895 3211 ι
3025 3199 3046 3213 ..
3323 3199 3344 3212 ι

1741 3199 1796 3273 C
1821 3261 2043 3315 cunque
2072 3245 2203 3296 sunt
2236 3240 2438 3311 spatia,
2469 3239 2696 3293 aeternis
2739 3236 3056 3307 divinisque
3090 3234 3287 3289 ofﬁciis
3333 3234 3460 3289 illu-

1820 3342 1999 3392 strare
2029 3335 2328 3401 contende,
2359 3336 2424 3386 ut
2451 3333 2549 3403 qui
2579 3331 2861 3402 insignem
2892 3332 2945 3383 te
2970 3329 3234 3400 praestitit
3259 3327 3460 3383 reddat

1820 3431 1926 3486 sibi
1956 3447 2058 3502 per
2092 3428 2301 3483 saecula
2327 3426 2643 3481 clariorem.

2279 3525 2349 3576 De
2376 3519 2716 3576 Antiochena
2739 3517 2997 3572 Ecclesia.

1892 3618 2247 3673 lNNOCENTlUS
2275 3616 2568 3669 Bomracro
2596 3611 2948 3683 presbytero.
2983 3609 3228 3664 Ecclesia
3264 3609 3456 3665 Λιιὶίοο

1818 3712 2000 3766 chena
2019 3727 2190 3782 quam
2209 3709 2544 3781 priusquam
2561 3706 2634 3760 ad
2652 3705 2849 3760 urbem
2866 3703 3191 3775 perveniret
3209 3705 3451 3759 Romam

1817 3806 2015 3860 beatus
2055 3802 2343 3875 apostolus
2389 3803 2586 3856 Petrus
2633 3815 2736 3854 sua
2779 3797 3085 3869 praesentia
3135 3797 3452 3866 illustravit,

1818 3901 1971 3954 velut
2001 3914 2276 3970 germana
2305 3895 2564 3951 Ecclesiae
2595 3895 2866 3948 Romanas
2898 3892 2996 3946 diu
3035 3908 3092 3946 se
3128 3891 3199 3945 ab
3245 3891 3450 3946 eadem

1817 3995 2060 4049 alienam
2089 4009 2209 4046 esse
2238 4008 2353 4046 non
2399 4006 2565 4061 passa
2595 3991 2697 4042 est.
2751 3989 2892 4041 Nam
2929 3985 3116 4040 missis
3143 3984 3346 4055 legatis
3374 3985 3452 4039 ita

1816 4105 2009 4160 pacem
2041 4085 2342 4158 postulavit
2372 4089 2427 4139 et
2452 4082 2680 4149 meruit,
2709 4087 2772 4136 ut
2798 4079 3140 4152 Evagrianos
3169 4077 3285 4133 suis
3304 4078 3450 4133 ordi-

1817 4183 1984 4236 nibus
2009 4199 2071 4235 ac
2098 4180 2233 4235 locis
2261 4180 2598 4234 intemerato
2626 4175 2980 4230 ordinatione
3015 4189 3187 4245 quam
3213 4189 3444 4245 accepe-

1815 4280 1942 4331 rant
2026 4276 2334 4330 Memorato
2364 4271 2734 4343 susciperent,
2756 4273 2812 4324 et
2841 4267 3066 4323 Joannis
3094 4272 3302 4322 sanctze
3328 4283 3448 4321 me~

1816 4371 2032 4438 moriaa,
2080 4370 2168 4423 vel
2215 4368 2464 4434 clericos,
2514 4366 2600 4420 vel
2648 4364 2817 4418 laicos
2861 4363 2923 4416 in
2951 4378 3128 4416 unum
3155 4362 3447 4433 colligeret

1814 4468 1985 4536 atque
2005 4465 2398 4533 congregaret,
2423 4459 2761 4531 promittens
2779 4456 2956 4529 ipsius
2977 4455 3218 4509 civitatis
3235 4455 3445 4525 episco-

1812 4575 1919 4630 pus
1940 4559 2124 4612 fratur
2143 4572 2309 4610 meus
2328 4553 2668 4621 Alexander,
2692 4550 2913 4605 etiamsi
2934 4549 2980 4602 si
3000 4548 3127 4619 quis
3141 4548 3282 4601 forte
3303 4548 3390 4601 vel
3412 4565 3443 4602 a

1813 4653 1994 4718 nobis,
2012 4651 2098 4705 vel
2120 4649 2353 4705 aliunde
2374 4647 2707 4719 posterioris
2728 4641 3096 4698 ordinationis
3113 4640 3185 4695 ad
3206 4641 3441 4695 eosdem

1811 4746 2046 4814 venerit,
2075 4761 2132 4799 se
2166 4743 2285 4798 sine
2318 4739 2704 4796 controversia
2723 4738 3105 4807 recepturum,
3134 4752 3199 4789 ac
3223 4751 3437 4790 nomen

1812 4839 2060 4913 episcopi
2090 4835 2393 4892 memorati
2423 4835 2573 4889 inter
2601 4831 2959 4904 quiescentes
2987 4829 3282 4901 episcopos
3305 4830 3442 4885 reci-

1809 4939 2085 4991 taturum.
2117 4932 2218 4988 Cui
2247 4931 2330 4985 rei
2360 4946 2461 4983 nos
2491 4925 2738 4991 noveris,
2768 4922 3066 4978 tradidisse
3089 4939 3309 4991 manus,
3335 4924 3444 4978 fra-

1808 5033 1899 5083 ter
1922 5026 2271 5092 charissime,
2303 5027 2358 5078 et
2385 5039 2481 5077 eos
2503 5022 2560 5075 in
2586 5023 2779 5074 nostra
2801 5018 3017 5072 viscera
3044 5017 3340 5089 recepisse,
3368 5034 3440 5073 ne

1811 5124 1906 5178 diu
1936 5122 2194 5177 membra
2219 5135 2347 5190 quae
2376 5115 2756 5188 requisierant
2784 5112 3086 5167 sanitatem
3117 5113 3188 5166 ab
3221 5111 3438 5167 unitate

1807 5215 2056 5287 corporis
2086 5213 2427 5268 haberentur
2453 5209 2659 5263 aliena.
2688 5207 2892 5263 Omnia
2916 5222 3050 5260 vero
3079 5221 3205 5276 quae
3227 5221 3330 5275 per
3351 5220 3440 5258 or-

1808 5312 2002 5366 dinem
2020 5313 2182 5380 gesta
2199 5309 2351 5372 sunt,
2377 5305 2523 5358 ﬁlius
2542 5318 2708 5356 meus
2723 5301 2993 5355 diaconus
3012 5299 3211 5352 Paulus
3231 5297 3435 5352 harum

1808 5405 2017 5460 scilicet
2045 5401 2289 5474 portitor
2308 5399 2653 5462 litterarum,
2685 5395 2974 5450 dilectioni
3003 5397 3202 5446 vestra:
3227 5390 3438 5462 poterit

1807 5514 2097 5566 enarrare,
2119 5498 2182 5549 ut
2198 5500 2254 5550 et
2271 5493 2542 5566 gaudium
2563 5506 2871 5546 commune
2887 5487 3184 5543 nobiscum
3198 5483 3432 5549 habeas,

1807 5598 1864 5649 et
1893 5609 1990 5647 eos
2014 5590 2289 5646 informes
2317 5587 2413 5660 qui
2449 5602 2551 5658 pro
2586 5585 2754 5640 Attici
2792 5581 3044 5654 partibus
3082 5577 3432 5632 intervenire

1805 5687 2242 5742 consueverunt.

1856 5781 1946 5837 Ad
1973 5780 2347 5836 Alexandrum
2378 5774 2771 5832 Antiochenam
2802 5767 3108 5837 episcopum
3132 5764 3197 5819 de
3220 5780 3372 5834 pace.

1882 5877 2231 5929 INNOCENTIL’S
2250 5873 2577 5925 ALEXANDRO
2594 5864 2875 5936 episcopo.
2896 5861 3074 5925 Quam
3094 5862 3256 5930 grata
3271 5858 3432 5930 mihi,
