  <div class='ocr_page' id='page_1' title='image "/cluster/home/n/w/nwhite01/storage/ocr_20150623/130/hvd.32044054759915/385.png"; bbox 0 0 4026 6182; ppageno 0'>
   <div class='ocr_carea' id='block_1_1' title="bbox 578 315 673 381">
    <p class='ocr_par' dir='ltr' id='par_1_1' title="bbox 578 315 673 381">
     <span class='ocr_line' id='line_1_1' title="bbox 578 315 673 381; baseline 0 0"><span class='ocrx_word' id='word_1_1' title='bbox 578 315 673 381; x_wconf 77' lang='lat' dir='ltr'>7ii</span> 
     </span>
    </p>
   </div>
   <div class='ocr_carea' id='block_1_2' title="bbox 1480 300 3837 384">
    <p class='ocr_par' dir='ltr' id='par_1_2' title="bbox 1480 300 3837 384">
     <span class='ocr_line' id='line_1_2' title="bbox 1480 300 3837 384; baseline 0.002 -6"><span class='ocrx_word' id='word_1_2' title='bbox 1480 324 1762 379; x_wconf 84' lang='lat' dir='ltr'>APPEND.</span> <span class='ocrx_word' id='word_1_3' title='bbox 1802 323 1890 378; x_wconf 88' lang='lat' dir='ltr'>AD</span> <span class='ocrx_word' id='word_1_4' title='bbox 1926 324 2086 378; x_wconf 63' lang='lat' dir='ltr'>sne.</span> <span class='ocrx_word' id='word_1_5' title='bbox 2124 320 2210 376; x_wconf 83' lang='lat' dir='ltr'>1x.</span> <span class='ocrx_word' id='word_1_6' title='bbox 2243 351 2311 361; x_wconf 88' lang='lat'><strong><em>—</em></strong></span> <span class='ocrx_word' id='word_1_7' title='bbox 2346 320 2585 379; x_wconf 82' lang='lat' dir='ltr'>ISIDORI</span> <span class='ocrx_word' id='word_1_8' title='bbox 2618 300 3041 379; x_wconf 67' lang='lat' dir='ltr'>MERCATOBIS</span> <span class='ocrx_word' id='word_1_9' title='bbox 3757 330 3837 384; x_wconf 73' lang='lat' dir='ltr'>us</span> 
     </span>
    </p>
   </div>
   <div class='ocr_carea' id='block_1_3' title="bbox 577 429 3836 515">
    <p class='ocr_par' dir='ltr' id='par_1_3' title="bbox 577 429 3836 515">
     <span class='ocr_line' id='line_1_3' title="bbox 577 429 3836 515; baseline 0 -29"><span class='ocrx_word' id='word_1_10' title='bbox 577 448 751 503; x_wconf 86' lang='lat' dir='ltr'>quam</span> <span class='ocrx_word' id='word_1_11' title='bbox 776 432 891 502; x_wconf 89' lang='lat' dir='ltr'>pia,</span> <span class='ocrx_word' id='word_1_12' title='bbox 923 447 1097 501; x_wconf 90' lang='lat' dir='ltr'>quam</span> <span class='ocrx_word' id='word_1_13' title='bbox 1126 431 1445 485; x_wconf 89' lang='lat' dir='ltr'>necessaria</span> <span class='ocrx_word' id='word_1_14' title='bbox 1471 430 1678 501; x_wconf 80' lang='lat' dir='ltr'>legatio</span> <span class='ocrx_word' id='word_1_15' title='bbox 1707 448 1740 484; x_wconf 92' lang='lat' dir='ltr'>a</span> <span class='ocrx_word' id='word_1_16' title='bbox 1766 435 1865 485; x_wconf 91' lang='lat' dir='ltr'>tua</span> <span class='ocrx_word' id='word_1_17' title='bbox 1890 430 2206 497; x_wconf 82' lang='lat' dir='ltr'>sanctitate,</span> <span class='ocrx_word' id='word_1_18' title='bbox 2230 441 2291 515; x_wconf 79' lang='grc' dir='ltr'><strong>Α</strong></span> <span class='ocrx_word' id='word_1_19' title='bbox 2311 446 2451 484; x_wconf 90' lang='lat' dir='ltr'>num</span> <span class='ocrx_word' id='word_1_20' title='bbox 2481 430 2860 493; x_wconf 89' lang='lat' dir='ltr'>laudaremus,</span> <span class='ocrx_word' id='word_1_21' title='bbox 2907 444 3335 499; x_wconf 83' lang='lat' dir='ltr'>successumque</span> <span class='ocrx_word' id='word_1_22' title='bbox 3370 429 3544 499; x_wconf 90' lang='lat' dir='ltr'>ipsum</span> <span class='ocrx_word' id='word_1_23' title='bbox 3583 431 3691 485; x_wconf 91' lang='lat' dir='ltr'>ideo</span> <span class='ocrx_word' id='word_1_24' title='bbox 3725 450 3836 504; x_wconf 73' lang='lat' dir='ltr'>prae-</span> 
     </span>
    </p>
   </div>
   <div class='ocr_carea' id='block_1_4' title="bbox 574 524 2204 594">
    <p class='ocr_par' dir='ltr' id='par_1_4' title="bbox 574 524 2204 594">
     <span class='ocr_line' id='line_1_4' title="bbox 574 524 2204 594; baseline -0.002 -15"><span class='ocrx_word' id='word_1_25' title='bbox 574 527 753 579; x_wconf 87' lang='lat' dir='ltr'>frater</span> <span class='ocrx_word' id='word_1_26' title='bbox 778 524 1127 590; x_wconf 89' lang='lat' dir='ltr'>charissime,</span> <span class='ocrx_word' id='word_1_27' title='bbox 1176 524 1250 578; x_wconf 90' lang='lat' dir='ltr'>ad</span> <span class='ocrx_word' id='word_1_28' title='bbox 1297 541 1402 578; x_wconf 92' lang='lat' dir='ltr'>nos</span> <span class='ocrx_word' id='word_1_29' title='bbox 1440 524 1654 578; x_wconf 78' lang='lat' dir='ltr'>directa</span> <span class='ocrx_word' id='word_1_30' title='bbox 1692 524 1880 592; x_wconf 88' lang='lat' dir='ltr'>fuerit,</span> <span class='ocrx_word' id='word_1_31' title='bbox 1913 530 2204 594; x_wconf 89' lang='lat' dir='ltr'>gestorum</span> 
     </span>
    </p>
   </div>
   <div class='ocr_carea' id='block_1_5' title="bbox 574 613 2201 685">
    <p class='ocr_par' dir='ltr' id='par_1_5' title="bbox 574 613 2201 685">
     <span class='ocr_line' id='line_1_5' title="bbox 574 613 2201 685; baseline -0.001 -17"><span class='ocrx_word' id='word_1_32' title='bbox 574 615 830 685; x_wconf 87' lang='lat' dir='ltr'>ipsorum</span> <span class='ocrx_word' id='word_1_33' title='bbox 862 613 1237 684; x_wconf 85' lang='lat' dir='ltr'>replicatione</span> <span class='ocrx_word' id='word_1_34' title='bbox 1281 630 1609 684; x_wconf 82' lang='lat' dir='ltr'>cognosces.</span> <span class='ocrx_word' id='word_1_35' title='bbox 1653 613 1833 668; x_wconf 90' lang='lat' dir='ltr'>Voluit</span> <span class='ocrx_word' id='word_1_36' title='bbox 1862 613 2011 667; x_wconf 90' lang='lat' dir='ltr'>enim</span> <span class='ocrx_word' id='word_1_37' title='bbox 2044 629 2201 667; x_wconf 91' lang='lat' dir='ltr'>com-</span> 
     </span>
    </p>
   </div>
   <div class='ocr_carea' id='block_1_6' title="bbox 572 706 2200 778">
    <p class='ocr_par' dir='ltr' id='par_1_6' title="bbox 572 706 2200 778">
     <span class='ocr_line' id='line_1_6' title="bbox 572 706 2200 778; baseline -0.001 -17"><span class='ocrx_word' id='word_1_38' title='bbox 572 707 870 778; x_wconf 85' lang='lat' dir='ltr'>presbyter</span> <span class='ocrx_word' id='word_1_39' title='bbox 888 710 1078 761; x_wconf 79' lang='lat' dir='ltr'>noster</span> <span class='ocrx_word' id='word_1_40' title='bbox 1098 707 1398 762; x_wconf 84' lang='lat' dir='ltr'>Cassianus</span> <span class='ocrx_word' id='word_1_41' title='bbox 1419 707 1563 761; x_wconf 92' lang='lat' dir='ltr'>hanc</span> <span class='ocrx_word' id='word_1_42' title='bbox 1583 706 1963 760; x_wconf 84' lang='lat' dir='ltr'>amicitiarum</span> <span class='ocrx_word' id='word_1_43' title='bbox 1985 710 2200 760; x_wconf 88' lang='lat' dir='ltr'>nostra-</span> 
     </span>
    </p>
   </div>
   <div class='ocr_carea' id='block_1_7' title="bbox 574 800 2205 872">
    <p class='ocr_par' dir='ltr' id='par_1_7' title="bbox 574 800 2205 872">
     <span class='ocr_line' id='line_1_7' title="bbox 574 800 2205 872; baseline -0.001 -18"><span class='ocrx_word' id='word_1_44' title='bbox 574 817 699 854; x_wconf 90' lang='lat' dir='ltr'>rum</span> <span class='ocrx_word' id='word_1_45' title='bbox 732 800 1065 870; x_wconf 87' lang='lat' dir='ltr'>paginulam</span> <span class='ocrx_word' id='word_1_46' title='bbox 1091 816 1199 872; x_wconf 90' lang='lat' dir='ltr'>per</span> <span class='ocrx_word' id='word_1_47' title='bbox 1224 800 1747 871; x_wconf 88' lang='lat' dir='ltr'>compresbyterum</span> <span class='ocrx_word' id='word_1_48' title='bbox 1775 803 2044 865; x_wconf 86' lang='lat' dir='ltr'>vestrum,</span> <span class='ocrx_word' id='word_1_49' title='bbox 2065 800 2205 853; x_wconf 89' lang='lat' dir='ltr'>Pau-</span> 
     </span>
    </p>
   </div>
   <div class='ocr_carea' id='block_1_8' title="bbox 548 893 2204 961">
    <p class='ocr_par' dir='ltr' id='par_1_8' title="bbox 548 893 2204 961">
     <span class='ocr_line' id='line_1_8' title="bbox 548 893 2204 961; baseline -0.002 -13"><span class='ocrx_word' id='word_1_50' title='bbox 548 895 687 948; x_wconf 19' lang='lat' dir='ltr'>ilum</span> <span class='ocrx_word' id='word_1_51' title='bbox 720 893 1009 948; x_wconf 79' lang='lat' dir='ltr'>Nicolaum</span> <span class='ocrx_word' id='word_1_52' title='bbox 1040 894 1368 961; x_wconf 89' lang='lat' dir='ltr'>diaconum,</span> <span class='ocrx_word' id='word_1_53' title='bbox 1415 898 1472 947; x_wconf 87' lang='lat' dir='ltr'>et</span> <span class='ocrx_word' id='word_1_54' title='bbox 1518 895 1749 948; x_wconf 90' lang='lat' dir='ltr'>Petrum</span> <span class='ocrx_word' id='word_1_55' title='bbox 1792 893 2204 947; x_wconf 90' lang='lat' dir='ltr'>subdiaconum</span> 
     </span>
    </p>
   </div>
   <div class='ocr_carea' id='block_1_9' title="bbox 572 986 2199 1059">
    <p class='ocr_par' dir='ltr' id='par_1_9' title="bbox 572 986 2199 1059">
     <span class='ocr_line' id='line_1_9' title="bbox 572 986 2199 1059; baseline 0 -18"><span class='ocrx_word' id='word_1_56' title='bbox 572 987 719 1042; x_wconf 87' lang='lat' dir='ltr'>ﬁlios</span> <span class='ocrx_word' id='word_1_57' title='bbox 747 992 969 1042; x_wconf 84' lang='lat' dir='ltr'>nostros</span> <span class='ocrx_word' id='word_1_58' title='bbox 997 987 1160 1059; x_wconf 90' lang='lat' dir='ltr'>quasi</span> <span class='ocrx_word' id='word_1_59' title='bbox 1188 986 1466 1058; x_wconf 81' lang='lat' dir='ltr'>primitias</span> <span class='ocrx_word' id='word_1_60' title='bbox 1494 988 1649 1057; x_wconf 85' lang='lat' dir='ltr'>pacis</span> <span class='ocrx_word' id='word_1_61' title='bbox 1673 990 1882 1041; x_wconf 83' lang='lat' dir='ltr'>nostrae</span> <span class='ocrx_word' id='word_1_62' title='bbox 1902 986 2199 1041; x_wconf 88' lang='lat' dir='ltr'>conscribi.</span> 
     </span>
    </p>
   </div>
   <div class='ocr_carea' id='block_1_10' title="bbox 574 1079 2204 1150">
    <p class='ocr_par' dir='ltr' id='par_1_10' title="bbox 574 1079 2204 1150">
     <span class='ocr_line' id='line_1_10' title="bbox 574 1079 2204 1150; baseline -0.002 -14"><span class='ocrx_word' id='word_1_63' title='bbox 574 1082 766 1137; x_wconf 91' lang='lat' dir='ltr'>Saluto</span> <span class='ocrx_word' id='word_1_64' title='bbox 792 1081 988 1150; x_wconf 85' lang='lat' dir='ltr'>itaque</span> <span class='ocrx_word' id='word_1_65' title='bbox 1015 1086 1071 1134; x_wconf 91' lang='lat' dir='ltr'>et</span> <span class='ocrx_word' id='word_1_66' title='bbox 1094 1084 1249 1134; x_wconf 91' lang='lat' dir='ltr'>tuam</span> <span class='ocrx_word' id='word_1_67' title='bbox 1269 1079 1412 1133; x_wconf 92' lang='lat' dir='ltr'>mihi</span> <span class='ocrx_word' id='word_1_68' title='bbox 1437 1080 1497 1133; x_wconf 90' lang='lat' dir='ltr'>in</span> <span class='ocrx_word' id='word_1_69' title='bbox 1521 1079 1742 1134; x_wconf 88' lang='lat' dir='ltr'>Christo</span> <span class='ocrx_word' id='word_1_70' title='bbox 1765 1079 2204 1150; x_wconf 88' lang='lat' dir='ltr'>germanitatem</span> 
     </span>
    </p>
   </div>
   <div class='ocr_carea' id='block_1_11' title="bbox 574 1173 2200 1244">
    <p class='ocr_par' dir='ltr' id='par_1_11' title="bbox 574 1173 2200 1244">
     <span class='ocr_line' id='line_1_11' title="bbox 574 1173 2200 1244; baseline -0.002 -15"><span class='ocrx_word' id='word_1_71' title='bbox 574 1182 630 1229; x_wconf 88' lang='lat' dir='ltr'>et</span> <span class='ocrx_word' id='word_1_72' title='bbox 659 1190 894 1228; x_wconf 90' lang='lat' dir='ltr'>omnem</span> <span class='ocrx_word' id='word_1_73' title='bbox 921 1174 1237 1244; x_wconf 64' lang='lat' dir='ltr'>illamquw</span> <span class='ocrx_word' id='word_1_74' title='bbox 1264 1179 1452 1227; x_wconf 87' lang='lat' dir='ltr'>tecum</span> <span class='ocrx_word' id='word_1_75' title='bbox 1492 1173 1637 1227; x_wconf 87' lang='lat' dir='ltr'>bene</span> <span class='ocrx_word' id='word_1_76' title='bbox 1677 1174 1848 1227; x_wconf 90' lang='lat' dir='ltr'>sentit</span> <span class='ocrx_word' id='word_1_77' title='bbox 1881 1174 2200 1240; x_wconf 88' lang='lat' dir='ltr'>Ecclesiam,</span> 
     </span>
    </p>
   </div>
   <div class='ocr_carea' id='block_1_12' title="bbox 576 1265 2206 1338">
    <p class='ocr_par' dir='ltr' id='par_1_12' title="bbox 576 1265 2206 1338">
     <span class='ocr_line' id='line_1_12' title="bbox 576 1265 2206 1338; baseline 0 -17"><span class='ocrx_word' id='word_1_78' title='bbox 576 1283 812 1338; x_wconf 89' lang='lat' dir='ltr'>nosque,</span> <span class='ocrx_word' id='word_1_79' title='bbox 844 1271 905 1320; x_wconf 91' lang='lat' dir='ltr'>ut</span> <span class='ocrx_word' id='word_1_80' title='bbox 932 1265 1133 1334; x_wconf 87' lang='lat' dir='ltr'>facitis,</span> <span class='ocrx_word' id='word_1_81' title='bbox 1161 1270 1219 1321; x_wconf 93' lang='lat' dir='ltr'>et</span> <span class='ocrx_word' id='word_1_82' title='bbox 1238 1266 1612 1337; x_wconf 87' lang='lat' dir='ltr'>alloquamini</span> <span class='ocrx_word' id='word_1_83' title='bbox 1638 1271 1768 1337; x_wconf 89' lang='lat' dir='ltr'>peto</span> <span class='ocrx_word' id='word_1_84' title='bbox 1792 1266 2042 1320; x_wconf 84' lang='lat' dir='ltr'>crebrius</span> <span class='ocrx_word' id='word_1_85' title='bbox 2062 1267 2206 1321; x_wconf 89' lang='lat' dir='ltr'>litte-</span> 
     </span>
    </p>
   </div>
   <div class='ocr_carea' id='block_1_13' title="bbox 574 1359 2206 1430">
    <p class='ocr_par' dir='ltr' id='par_1_13' title="bbox 574 1359 2206 1430">
     <span class='ocr_line' id='line_1_13' title="bbox 574 1359 2206 1430; baseline -0.001 -15"><span class='ocrx_word' id='word_1_86' title='bbox 574 1362 673 1429; x_wconf 86' lang='lat' dir='ltr'>ris,</span> <span class='ocrx_word' id='word_1_87' title='bbox 702 1364 759 1414; x_wconf 91' lang='lat' dir='ltr'>et</span> <span class='ocrx_word' id='word_1_88' title='bbox 791 1360 1145 1430; x_wconf 83' lang='lat' dir='ltr'>frequentius</span> <span class='ocrx_word' id='word_1_89' title='bbox 1173 1360 1242 1413; x_wconf 93' lang='lat' dir='ltr'>de</span> <span class='ocrx_word' id='word_1_90' title='bbox 1274 1364 1455 1414; x_wconf 88' lang='lat' dir='ltr'>vestra</span> <span class='ocrx_word' id='word_1_91' title='bbox 1482 1361 1660 1413; x_wconf 89' lang='lat' dir='ltr'>salute</span> <span class='ocrx_word' id='word_1_92' title='bbox 1700 1359 2012 1414; x_wconf 63' lang='lat' dir='ltr'>laetiﬁcetis.</span> <span class='ocrx_word' id='word_1_93' title='bbox 2044 1360 2206 1413; x_wconf 89' lang='lat' dir='ltr'>Dabit</span> 
     </span>
    </p>
   </div>
   <div class='ocr_carea' id='block_1_14' title="bbox 575 1448 2205 1519">
    <p class='ocr_par' dir='ltr' id='par_1_14' title="bbox 575 1448 2205 1519">
     <span class='ocr_line' id='line_1_14' title="bbox 575 1448 2205 1519; baseline -0.001 -16"><span class='ocrx_word' id='word_1_94' title='bbox 575 1450 748 1516; x_wconf 92' lang='lat' dir='ltr'>enim,</span> <span class='ocrx_word' id='word_1_95' title='bbox 782 1455 842 1504; x_wconf 89' lang='lat' dir='ltr'>ut</span> <span class='ocrx_word' id='word_1_96' title='bbox 867 1449 1113 1518; x_wconf 82' lang='lat' dir='ltr'>confido,</span> <span class='ocrx_word' id='word_1_97' title='bbox 1141 1449 1413 1504; x_wconf 90' lang='lat' dir='ltr'>Dominus</span> <span class='ocrx_word' id='word_1_98' title='bbox 1438 1449 1608 1503; x_wconf 86' lang='lat' dir='ltr'>totius</span> <span class='ocrx_word' id='word_1_99' title='bbox 1636 1465 1737 1503; x_wconf 91' lang='lat' dir='ltr'>nos</span> <span class='ocrx_word' id='word_1_100' title='bbox 1765 1448 2035 1519; x_wconf 61' lang='lat' dir='ltr'>prasteriti</span> <span class='ocrx_word' id='word_1_101' title='bbox 2064 1452 2205 1502; x_wconf 87' lang='lat' dir='ltr'>tem-</span> 
     </span>
    </p>
   </div>
   <div class='ocr_carea' id='block_1_15' title="bbox 576 1542 2202 1614">
    <p class='ocr_par' dir='ltr' id='par_1_15' title="bbox 576 1542 2202 1614">
     <span class='ocr_line' id='line_1_15' title="bbox 576 1542 2202 1614; baseline 0 -18"><span class='ocrx_word' id='word_1_102' title='bbox 576 1544 728 1614; x_wconf 88' lang='lat' dir='ltr'>poris</span> <span class='ocrx_word' id='word_1_103' title='bbox 782 1543 1077 1614; x_wconf 82' lang='lat' dir='ltr'>dispendia</span> <span class='ocrx_word' id='word_1_104' title='bbox 1127 1543 1521 1597; x_wconf 90' lang='lat' dir='ltr'>amantissimo</span> <span class='ocrx_word' id='word_1_105' title='bbox 1563 1542 1884 1597; x_wconf 88' lang='lat' dir='ltr'>litterarum</span> <span class='ocrx_word' id='word_1_106' title='bbox 1925 1542 2202 1613; x_wconf 90' lang='lat' dir='ltr'>colloquio</span> 
     </span>
    </p>
   </div>
   <div class='ocr_carea' id='block_1_16' title="bbox 574 1652 1026 1708">
    <p class='ocr_par' dir='ltr' id='par_1_16' title="bbox 574 1652 1026 1708">
     <span class='ocr_line' id='line_1_16' title="bbox 574 1652 1026 1708; baseline -0.002 -18"><span class='ocrx_word' id='word_1_107' title='bbox 574 1652 1026 1708; x_wconf 88' lang='lat' dir='ltr'>recompensare.</span> 
     </span>
    </p>
   </div>
   <div class='ocr_carea' id='block_1_17' title="bbox 790 1730 1988 1800">
    <p class='ocr_par' dir='ltr' id='par_1_17' title="bbox 790 1730 1988 1800">
     <span class='ocr_line' id='line_1_17' title="bbox 790 1730 1988 1800; baseline -0.002 -15"><span class='ocrx_word' id='word_1_108' title='bbox 790 1734 861 1785; x_wconf 85' lang='lat' dir='ltr'>De</span> <span class='ocrx_word' id='word_1_109' title='bbox 892 1732 1070 1785; x_wconf 84' lang='lat' dir='ltr'>Attico</span> <span class='ocrx_word' id='word_1_110' title='bbox 1098 1732 1339 1800; x_wconf 87' lang='lat' dir='ltr'>episcopo</span> <span class='ocrx_word' id='word_1_111' title='bbox 1378 1730 1988 1800; x_wconf 80' lang='lat' dir='ltr'>Constantinopolitano.</span> 
     </span>
    </p>
   </div>
   <div class='ocr_carea' id='block_1_18' title="bbox 653 1823 1653 1895">
    <p class='ocr_par' dir='ltr' id='par_1_18' title="bbox 653 1823 1653 1895">
     <span class='ocr_line' id='line_1_18' title="bbox 653 1823 1653 1895; baseline 0 -17"><span class='ocrx_word' id='word_1_112' title='bbox 653 1828 1008 1879; x_wconf 71' lang='lat' dir='ltr'>[NNOCENTIUS</span> <span class='ocrx_word' id='word_1_113' title='bbox 1028 1824 1341 1881; x_wconf 76' lang='lat' dir='ltr'>MAXIMIANO</span> <span class='ocrx_word' id='word_1_114' title='bbox 1370 1823 1653 1895; x_wconf 88' lang='lat' dir='ltr'>episcopo.</span> 
     </span>
    </p>
   </div>
   <div class='ocr_carea' id='block_1_19' title="bbox 643 1916 2203 1989">
    <p class='ocr_par' dir='ltr' id='par_1_19' title="bbox 643 1916 2203 1989">
     <span class='ocr_line' id='line_1_19' title="bbox 643 1916 2203 1989; baseline -0.001 -17"><span class='ocrx_word' id='word_1_115' title='bbox 643 1919 912 1973; x_wconf 86' lang='lat' dir='ltr'>Miramur</span> <span class='ocrx_word' id='word_1_116' title='bbox 960 1917 1331 1989; x_wconf 90' lang='lat' dir='ltr'>prudentiam</span> <span class='ocrx_word' id='word_1_117' title='bbox 1377 1921 1559 1984; x_wconf 90' lang='lat' dir='ltr'>tuam,</span> <span class='ocrx_word' id='word_1_118' title='bbox 1606 1916 1813 1989; x_wconf 90' lang='lat' dir='ltr'>scripta</span> <span class='ocrx_word' id='word_1_119' title='bbox 1847 1917 1918 1971; x_wconf 89' lang='lat' dir='ltr'>ad</span> <span class='ocrx_word' id='word_1_120' title='bbox 1955 1916 2203 1971; x_wconf 87' lang='lat' dir='ltr'>Atticum</span> 
     </span>
    </p>
   </div>
   <div class='ocr_carea' id='block_1_20' title="bbox 573 2009 2205 2084">
    <p class='ocr_par' dir='ltr' id='par_1_20' title="bbox 573 2009 2205 2084">
     <span class='ocr_line' id='line_1_20' title="bbox 573 2009 2205 2084; baseline -0.001 -18"><span class='ocrx_word' id='word_1_121' title='bbox 573 2012 901 2084; x_wconf 89' lang='lat' dir='ltr'>episc0pum</span> <span class='ocrx_word' id='word_1_122' title='bbox 948 2010 1590 2082; x_wconf 72' lang='lat' dir='ltr'>Constantinopolitanze</span> <span class='ocrx_word' id='word_1_123' title='bbox 1634 2011 1790 2064; x_wconf 90' lang='lat' dir='ltr'>urbis</span> <span class='ocrx_word' id='word_1_124' title='bbox 1834 2028 1868 2065; x_wconf 91' lang='lat' dir='ltr'>a</span> <span class='ocrx_word' id='word_1_125' title='bbox 1916 2009 2099 2077; x_wconf 88' lang='lat' dir='ltr'>nobis,</span> <span class='ocrx_word' id='word_1_126' title='bbox 2148 2015 2205 2064; x_wconf 92' lang='lat' dir='ltr'>et</span> 
     </span>
    </p>
   </div>
   <div class='ocr_carea' id='block_1_21' title="bbox 573 2103 2205 2177">
    <p class='ocr_par' dir='ltr' id='par_1_21' title="bbox 573 2103 2205 2177">
     <span class='ocr_line' id='line_1_21' title="bbox 573 2103 2205 2177; baseline -0.001 -18"><span class='ocrx_word' id='word_1_127' title='bbox 573 2105 969 2177; x_wconf 87' lang='lat' dir='ltr'>prosecutione</span> <span class='ocrx_word' id='word_1_128' title='bbox 1023 2104 1259 2176; x_wconf 90' lang='lat' dir='ltr'>propria</span> <span class='ocrx_word' id='word_1_129' title='bbox 1313 2109 1370 2159; x_wconf 89' lang='lat' dir='ltr'>et</span> <span class='ocrx_word' id='word_1_130' title='bbox 1417 2105 1551 2160; x_wconf 88' lang='lat' dir='ltr'>dato</span> <span class='ocrx_word' id='word_1_131' title='bbox 1604 2105 1813 2173; x_wconf 90' lang='lat' dir='ltr'>libello,</span> <span class='ocrx_word' id='word_1_132' title='bbox 1870 2103 1967 2175; x_wconf 87' lang='lat' dir='ltr'>qui</span> <span class='ocrx_word' id='word_1_133' title='bbox 2007 2104 2205 2158; x_wconf 91' lang='lat' dir='ltr'>subter</span> 
     </span>
    </p>
   </div>
   <div class='ocr_carea' id='block_1_22' title="bbox 572 2197 2205 2268">
    <p class='ocr_par' dir='ltr' id='par_1_22' title="bbox 572 2197 2205 2268">
     <span class='ocr_line' id='line_1_22' title="bbox 572 2197 2205 2268; baseline -0.001 -17"><span class='ocrx_word' id='word_1_134' title='bbox 572 2215 827 2253; x_wconf 82' lang='lat' dir='ltr'>annexus</span> <span class='ocrx_word' id='word_1_135' title='bbox 853 2203 955 2265; x_wconf 79' lang='lat' dir='ltr'>est,</span> <span class='ocrx_word' id='word_1_136' title='bbox 986 2198 1269 2268; x_wconf 80' lang='lat' dir='ltr'>postulare</span> <span class='ocrx_word' id='word_1_137' title='bbox 1316 2213 1350 2250; x_wconf 92' lang='lat' dir='ltr'>a</span> <span class='ocrx_word' id='word_1_138' title='bbox 1374 2214 1485 2268; x_wconf 91' lang='lat' dir='ltr'>quo</span> <span class='ocrx_word' id='word_1_139' title='bbox 1525 2214 1631 2251; x_wconf 93' lang='lat' dir='ltr'>nec</span> <span class='ocrx_word' id='word_1_140' title='bbox 1675 2198 1873 2251; x_wconf 90' lang='lat' dir='ltr'>missas</span> <span class='ocrx_word' id='word_1_141' title='bbox 1915 2198 2055 2251; x_wconf 90' lang='lat' dir='ltr'>ullas</span> <span class='ocrx_word' id='word_1_142' title='bbox 2100 2197 2205 2251; x_wconf 91' lang='lat' dir='ltr'>sal-</span> 
     </span>
    </p>
   </div>
   <div class='ocr_carea' id='block_1_23' title="bbox 574 2290 2202 2362">
    <p class='ocr_par' dir='ltr' id='par_1_23' title="bbox 574 2290 2202 2362">
     <span class='ocr_line' id='line_1_23' title="bbox 574 2290 2202 2362; baseline 0 -17"><span class='ocrx_word' id='word_1_143' title='bbox 574 2296 691 2346; x_wconf 88' lang='lat' dir='ltr'>tem</span> <span class='ocrx_word' id='word_1_144' title='bbox 722 2291 983 2362; x_wconf 88' lang='lat' dir='ltr'>epistolas</span> <span class='ocrx_word' id='word_1_145' title='bbox 1010 2291 1082 2345; x_wconf 93' lang='lat' dir='ltr'>ad</span> <span class='ocrx_word' id='word_1_146' title='bbox 1108 2307 1202 2345; x_wconf 91' lang='lat' dir='ltr'>vos</span> <span class='ocrx_word' id='word_1_147' title='bbox 1228 2291 1315 2345; x_wconf 85' lang='lat' dir='ltr'>vel</span> <span class='ocrx_word' id='word_1_148' title='bbox 1332 2290 1405 2344; x_wconf 92' lang='lat' dir='ltr'>ad</span> <span class='ocrx_word' id='word_1_149' title='bbox 1430 2297 1677 2345; x_wconf 84' lang='lat' dir='ltr'>vestram</span> <span class='ocrx_word' id='word_1_150' title='bbox 1696 2291 1977 2362; x_wconf 84' lang='lat' dir='ltr'>synodum</span> <span class='ocrx_word' id='word_1_151' title='bbox 2005 2291 2202 2362; x_wconf 86' lang='lat' dir='ltr'>utique</span> 
     </span>
    </p>
   </div>
   <div class='ocr_carea' id='block_1_24' title="bbox 572 2384 2198 2456">
    <p class='ocr_par' dir='ltr' id='par_1_24' title="bbox 572 2384 2198 2456">
     <span class='ocr_line' id='line_1_24' title="bbox 572 2384 2198 2456; baseline 0 -18"><span class='ocrx_word' id='word_1_152' title='bbox 572 2384 874 2456; x_wconf 83' lang='lat' dir='ltr'>protulisti.</span> <span class='ocrx_word' id='word_1_153' title='bbox 911 2384 1082 2456; x_wconf 92' lang='lat' dir='ltr'>ldque</span> <span class='ocrx_word' id='word_1_154' title='bbox 1112 2401 1230 2439; x_wconf 93' lang='lat' dir='ltr'>non</span> <span class='ocrx_word' id='word_1_155' title='bbox 1271 2386 1487 2455; x_wconf 87' lang='lat' dir='ltr'>petenti</span> <span class='ocrx_word' id='word_1_156' title='bbox 1526 2384 1891 2439; x_wconf 88' lang='lat' dir='ltr'>tribuendum</span> <span class='ocrx_word' id='word_1_157' title='bbox 1932 2384 2198 2452; x_wconf 54' lang='lat' dir='ltr'>aestimes,</span> 
     </span>
    </p>
   </div>
   <div class='ocr_carea' id='block_1_25' title="bbox 574 2477 2197 2550">
    <p class='ocr_par' dir='ltr' id='par_1_25' title="bbox 574 2477 2197 2550">
     <span class='ocr_line' id='line_1_25' title="bbox 574 2477 2197 2550; baseline -0.001 -17"><span class='ocrx_word' id='word_1_158' title='bbox 574 2478 730 2550; x_wconf 90' lang='lat' dir='ltr'>quod</span> <span class='ocrx_word' id='word_1_159' title='bbox 771 2478 928 2532; x_wconf 84' lang='lat' dir='ltr'>vides</span> <span class='ocrx_word' id='word_1_160' title='bbox 974 2479 1407 2549; x_wconf 88' lang='lat' dir='ltr'>deprecantibus</span> <span class='ocrx_word' id='word_1_161' title='bbox 1435 2477 1684 2533; x_wconf 88' lang='lat' dir='ltr'>discussa</span> <span class='ocrx_word' id='word_1_162' title='bbox 1717 2478 1936 2533; x_wconf 88' lang='lat' dir='ltr'>ratione</span> <span class='ocrx_word' id='word_1_163' title='bbox 1975 2494 2197 2533; x_wconf 87' lang='lat' dir='ltr'>conces-</span> 
     </span>
    </p>
   </div>
   <div class='ocr_carea' id='block_1_26' title="bbox 570 2572 2197 2643">
    <p class='ocr_par' dir='ltr' id='par_1_26' title="bbox 570 2572 2197 2643">
     <span class='ocr_line' id='line_1_26' title="bbox 570 2572 2197 2643; baseline 0 -16"><span class='ocrx_word' id='word_1_164' title='bbox 570 2590 717 2627; x_wconf 89' lang='lat' dir='ltr'>sum.</span> <span class='ocrx_word' id='word_1_165' title='bbox 758 2572 1095 2629; x_wconf 91' lang='lat' dir='ltr'>Communio</span> <span class='ocrx_word' id='word_1_166' title='bbox 1125 2572 1279 2626; x_wconf 92' lang='lat' dir='ltr'>enim</span> <span class='ocrx_word' id='word_1_167' title='bbox 1310 2589 1587 2643; x_wconf 90' lang='lat' dir='ltr'>suspensa</span> <span class='ocrx_word' id='word_1_168' title='bbox 1618 2572 1933 2627; x_wconf 87' lang='lat' dir='ltr'>restituitur</span> <span class='ocrx_word' id='word_1_169' title='bbox 1961 2573 2197 2627; x_wconf 83' lang='lat' dir='ltr'>demon-</span> 
     </span>
    </p>
   </div>
   <div class='ocr_carea' id='block_1_27' title="bbox 569 2666 2196 2737">
    <p class='ocr_par' dir='ltr' id='par_1_27' title="bbox 569 2666 2196 2737">
     <span class='ocr_line' id='line_1_27' title="bbox 569 2666 2196 2737; baseline -0.001 -16"><span class='ocrx_word' id='word_1_170' title='bbox 569 2667 771 2721; x_wconf 88' lang='lat' dir='ltr'>stranti</span> <span class='ocrx_word' id='word_1_171' title='bbox 790 2682 1005 2734; x_wconf 86' lang='lat' dir='ltr'>causas,</span> <span class='ocrx_word' id='word_1_172' title='bbox 1025 2666 1231 2737; x_wconf 89' lang='lat' dir='ltr'>quibus</span> <span class='ocrx_word' id='word_1_173' title='bbox 1248 2666 1303 2720; x_wconf 92' lang='lat' dir='ltr'>id</span> <span class='ocrx_word' id='word_1_174' title='bbox 1324 2666 1624 2734; x_wconf 90' lang='lat' dir='ltr'>acciderat,</span> <span class='ocrx_word' id='word_1_175' title='bbox 1643 2666 1766 2735; x_wconf 89' lang='lat' dir='ltr'>jam</span> <span class='ocrx_word' id='word_1_176' title='bbox 1785 2681 1905 2719; x_wconf 90' lang='lat' dir='ltr'>esse</span> <span class='ocrx_word' id='word_1_177' title='bbox 1927 2666 2196 2732; x_wconf 90' lang='lat' dir='ltr'>detersas,</span> 
     </span>
    </p>
   </div>
   <div class='ocr_carea' id='block_1_28' title="bbox 570 2758 2199 2830">
    <p class='ocr_par' dir='ltr' id='par_1_28' title="bbox 570 2758 2199 2830">
     <span class='ocr_line' id='line_1_28' title="bbox 570 2758 2199 2830; baseline -0.001 -16"><span class='ocrx_word' id='word_1_178' title='bbox 570 2764 628 2815; x_wconf 91' lang='lat' dir='ltr'>et</span> <span class='ocrx_word' id='word_1_179' title='bbox 655 2759 939 2830; x_wconf 79' lang='lat' dir='ltr'>profitenti</span> <span class='ocrx_word' id='word_1_180' title='bbox 969 2759 1318 2813; x_wconf 88' lang='lat' dir='ltr'>conditiones</span> <span class='ocrx_word' id='word_1_181' title='bbox 1338 2759 1493 2829; x_wconf 90' lang='lat' dir='ltr'>pacis</span> <span class='ocrx_word' id='word_1_182' title='bbox 1518 2759 1801 2830; x_wconf 90' lang='lat' dir='ltr'>impletas.</span> <span class='ocrx_word' id='word_1_183' title='bbox 1827 2758 1992 2823; x_wconf 87' lang='lat' dir='ltr'>Quod</span> <span class='ocrx_word' id='word_1_184' title='bbox 2012 2774 2199 2829; x_wconf 90' lang='lat' dir='ltr'>neque</span> 
     </span>
    </p>
   </div>
   <div class='ocr_carea' id='block_1_29' title="bbox 573 2852 2196 2923">
    <p class='ocr_par' dir='ltr' id='par_1_29' title="bbox 573 2852 2196 2923">
     <span class='ocr_line' id='line_1_29' title="bbox 573 2852 2196 2923; baseline -0.001 -16"><span class='ocrx_word' id='word_1_185' title='bbox 573 2853 727 2923; x_wconf 90' lang='lat' dir='ltr'>apud</span> <span class='ocrx_word' id='word_1_186' title='bbox 752 2870 870 2920; x_wconf 91' lang='lat' dir='ltr'>vos,</span> <span class='ocrx_word' id='word_1_187' title='bbox 902 2868 1088 2923; x_wconf 87' lang='lat' dir='ltr'>neque</span> <span class='ocrx_word' id='word_1_188' title='bbox 1114 2853 1266 2923; x_wconf 88' lang='lat' dir='ltr'>apud</span> <span class='ocrx_word' id='word_1_189' title='bbox 1291 2869 1396 2906; x_wconf 92' lang='lat' dir='ltr'>nos</span> <span class='ocrx_word' id='word_1_190' title='bbox 1423 2852 1505 2920; x_wconf 88' lang='lat' dir='ltr'>(ut</span> <span class='ocrx_word' id='word_1_191' title='bbox 1533 2852 1790 2923; x_wconf 70' lang='lat' dir='ltr'>praedixi)</span> <span class='ocrx_word' id='word_1_192' title='bbox 1819 2852 2036 2906; x_wconf 87' lang='lat' dir='ltr'>Atticus</span> <span class='ocrx_word' id='word_1_193' title='bbox 2060 2852 2196 2905; x_wconf 90' lang='lat' dir='ltr'>mis-</span> 
     </span>
    </p>
   </div>
   <div class='ocr_carea' id='block_1_30' title="bbox 572 2945 2197 3017">
    <p class='ocr_par' dir='ltr' id='par_1_30' title="bbox 572 2945 2197 3017">
     <span class='ocr_line' id='line_1_30' title="bbox 572 2945 2197 3017; baseline 0 -18"><span class='ocrx_word' id='word_1_194' title='bbox 572 2947 646 3000; x_wconf 90' lang='lat' dir='ltr'>sis</span> <span class='ocrx_word' id='word_1_195' title='bbox 666 2945 949 3017; x_wconf 87' lang='lat' dir='ltr'>aliquibus</span> <span class='ocrx_word' id='word_1_196' title='bbox 996 2961 1229 2999; x_wconf 90' lang='lat' dir='ltr'>suorum</span> <span class='ocrx_word' id='word_1_197' title='bbox 1266 2946 1350 3000; x_wconf 88' lang='lat' dir='ltr'>vel</span> <span class='ocrx_word' id='word_1_198' title='bbox 1381 2945 1567 3000; x_wconf 90' lang='lat' dir='ltr'>dicere</span> <span class='ocrx_word' id='word_1_199' title='bbox 1606 2945 1803 3013; x_wconf 92' lang='lat' dir='ltr'>voluit,</span> <span class='ocrx_word' id='word_1_200' title='bbox 1842 2946 1930 2999; x_wconf 91' lang='lat' dir='ltr'>vel</span> <span class='ocrx_word' id='word_1_201' title='bbox 1957 2945 2197 3000; x_wconf 88' lang='lat' dir='ltr'>demon-</span> 
     </span>
    </p>
   </div>
   <div class='ocr_carea' id='block_1_31' title="bbox 573 3038 2197 3110">
    <p class='ocr_par' dir='ltr' id='par_1_31' title="bbox 573 3038 2197 3110">
     <span class='ocr_line' id='line_1_31' title="bbox 573 3038 2197 3110; baseline 0.001 -18"><span class='ocrx_word' id='word_1_202' title='bbox 573 3042 751 3093; x_wconf 88' lang='lat' dir='ltr'>strare</span> <span class='ocrx_word' id='word_1_203' title='bbox 784 3040 1152 3109; x_wconf 88' lang='lat' dir='ltr'>completum,</span> <span class='ocrx_word' id='word_1_204' title='bbox 1185 3038 1668 3110; x_wconf 89' lang='lat' dir='ltr'>quemadmodum</span> <span class='ocrx_word' id='word_1_205' title='bbox 1699 3040 2066 3093; x_wconf 63' lang='lat' dir='ltr'>Antiochense</span> <span class='ocrx_word' id='word_1_206' title='bbox 2095 3041 2197 3094; x_wconf 91' lang='lat' dir='ltr'>Ec-</span> 
     </span>
    </p>
   </div>
   <div class='ocr_carea' id='block_1_32' title="bbox 572 3131 2201 3202">
    <p class='ocr_par' dir='ltr' id='par_1_32' title="bbox 572 3131 2201 3202">
     <span class='ocr_line' id='line_1_32' title="bbox 572 3131 2201 3202; baseline 0 -15"><span class='ocrx_word' id='word_1_207' title='bbox 572 3132 757 3187; x_wconf 81' lang='lat' dir='ltr'>clesiae</span> <span class='ocrx_word' id='word_1_208' title='bbox 828 3132 1007 3186; x_wconf 83' lang='lat' dir='ltr'>frater</span> <span class='ocrx_word' id='word_1_209' title='bbox 1076 3137 1131 3186; x_wconf 90' lang='lat' dir='ltr'>et</span> <span class='ocrx_word' id='word_1_210' title='bbox 1198 3131 1563 3202; x_wconf 91' lang='lat' dir='ltr'>coepiscopus</span> <span class='ocrx_word' id='word_1_211' title='bbox 1630 3136 1816 3187; x_wconf 89' lang='lat' dir='ltr'>noster</span> <span class='ocrx_word' id='word_1_212' title='bbox 1879 3133 2201 3187; x_wconf 83' lang='lat' dir='ltr'>Alexander</span> 
     </span>
    </p>
   </div>
   <div class='ocr_carea' id='block_1_33' title="bbox 570 3185 2275 3298">
    <p class='ocr_par' dir='ltr' id='par_1_33' title="bbox 570 3185 2275 3298">
     <span class='ocr_line' id='line_1_33' title="bbox 570 3185 2275 3298; baseline -0.001 -17"><span class='ocrx_word' id='word_1_213' title='bbox 570 3226 747 3298; x_wconf 87' lang='lat' dir='ltr'>digna</span> <span class='ocrx_word' id='word_1_214' title='bbox 768 3224 1054 3298; x_wconf 85' lang='lat' dir='ltr'>legatione</span> <span class='ocrx_word' id='word_1_215' title='bbox 1071 3229 1128 3279; x_wconf 93' lang='lat' dir='ltr'>et</span> <span class='ocrx_word' id='word_1_216' title='bbox 1151 3185 1480 3296; x_wconf 70' lang='lat' dir='ltr'>prosecutus</span> <span class='ocrx_word' id='word_1_217' title='bbox 1497 3230 1581 3280; x_wconf 89' lang='lat' dir='ltr'>est</span> <span class='ocrx_word' id='word_1_218' title='bbox 1607 3230 1663 3280; x_wconf 90' lang='lat' dir='ltr'>et</span> <span class='ocrx_word' id='word_1_219' title='bbox 1678 3226 1957 3298; x_wconf 86' lang='lat' dir='ltr'>probavit.</span> <span class='ocrx_word' id='word_1_220' title='bbox 1987 3226 2200 3291; x_wconf 88' lang='lat' dir='ltr'>Quibus</span> <span class='ocrx_word' id='word_1_221' title='bbox 2219 3185 2275 3260; x_wconf 61' lang='grc' dir='ltr'>α</span> 
     </span>
    </p>
   </div>
   <div class='ocr_carea' id='block_1_34' title="bbox 572 3317 2196 3391">
    <p class='ocr_par' dir='ltr' id='par_1_34' title="bbox 572 3317 2196 3391">
     <span class='ocr_line' id='line_1_34' title="bbox 572 3317 2196 3391; baseline 0.001 -18"><span class='ocrx_word' id='word_1_222' title='bbox 572 3319 862 3391; x_wconf 88' lang='lat' dir='ltr'>sigillatim</span> <span class='ocrx_word' id='word_1_223' title='bbox 886 3318 1151 3373; x_wconf 89' lang='lat' dir='ltr'>omnibus</span> <span class='ocrx_word' id='word_1_224' title='bbox 1177 3317 1375 3390; x_wconf 89' lang='lat' dir='ltr'>utique</span> <span class='ocrx_word' id='word_1_225' title='bbox 1403 3319 1676 3374; x_wconf 89' lang='lat' dir='ltr'>interesse</span> <span class='ocrx_word' id='word_1_226' title='bbox 1698 3319 1967 3391; x_wconf 87' lang='lat' dir='ltr'>dignatus</span> <span class='ocrx_word' id='word_1_227' title='bbox 1988 3337 2196 3391; x_wconf 87' lang='lat' dir='ltr'>cogno-</span> 
     </span>
    </p>
   </div>
   <div class='ocr_carea' id='block_1_35' title="bbox 567 3411 2200 3484">
    <p class='ocr_par' dir='ltr' id='par_1_35' title="bbox 567 3411 2200 3484">
     <span class='ocr_line' id='line_1_35' title="bbox 567 3411 2200 3484; baseline 0.002 -18"><span class='ocrx_word' id='word_1_228' title='bbox 567 3412 717 3481; x_wconf 87' lang='lat' dir='ltr'>visti,</span> <span class='ocrx_word' id='word_1_229' title='bbox 759 3411 1252 3484; x_wconf 87' lang='lat' dir='ltr'>quemadmodum</span> <span class='ocrx_word' id='word_1_230' title='bbox 1291 3412 1579 3483; x_wconf 90' lang='lat' dir='ltr'>sigillatim</span> <span class='ocrx_word' id='word_1_231' title='bbox 1624 3413 1817 3467; x_wconf 86' lang='lat' dir='ltr'>omnia</span> <span class='ocrx_word' id='word_1_232' title='bbox 1859 3414 2200 3484; x_wconf 90' lang='lat' dir='ltr'>scriptorum</span> 
     </span>
    </p>
   </div>
   <div class='ocr_carea' id='block_1_36' title="bbox 568 3504 2195 3562">
    <p class='ocr_par' dir='ltr' id='par_1_36' title="bbox 568 3504 2195 3562">
     <span class='ocr_line' id='line_1_36' title="bbox 568 3504 2195 3562; baseline 0 -2"><span class='ocrx_word' id='word_1_233' title='bbox 568 3508 891 3560; x_wconf 90' lang='lat' dir='ltr'>nostrorum</span> <span class='ocrx_word' id='word_1_234' title='bbox 914 3504 1266 3559; x_wconf 89' lang='lat' dir='ltr'>anteriorum</span> <span class='ocrx_word' id='word_1_235' title='bbox 1286 3504 1392 3559; x_wconf 89' lang='lat' dir='ltr'>hac</span> <span class='ocrx_word' id='word_1_236' title='bbox 1420 3505 1489 3559; x_wconf 90' lang='lat' dir='ltr'>de</span> <span class='ocrx_word' id='word_1_237' title='bbox 1510 3522 1675 3560; x_wconf 88' lang='lat' dir='ltr'>causa</span> <span class='ocrx_word' id='word_1_238' title='bbox 1698 3506 2009 3561; x_wconf 89' lang='lat' dir='ltr'>beatissimi</span> <span class='ocrx_word' id='word_1_239' title='bbox 2028 3508 2195 3562; x_wconf 84' lang='lat' dir='ltr'>Joan-</span> 
     </span>
    </p>
   </div>
   <div class='ocr_carea' id='block_1_37' title="bbox 571 3597 2199 3672">
    <p class='ocr_par' dir='ltr' id='par_1_37' title="bbox 571 3597 2199 3672">
     <span class='ocr_line' id='line_1_37' title="bbox 571 3597 2199 3672; baseline 0.001 -18"><span class='ocrx_word' id='word_1_240' title='bbox 571 3599 659 3654; x_wconf 87' lang='lat' dir='ltr'>nis</span> <span class='ocrx_word' id='word_1_241' title='bbox 689 3598 986 3670; x_wconf 90' lang='lat' dir='ltr'>qnondam</span> <span class='ocrx_word' id='word_1_242' title='bbox 1009 3597 1256 3669; x_wconf 87' lang='lat' dir='ltr'>episcopi</span> <span class='ocrx_word' id='word_1_243' title='bbox 1286 3598 1467 3653; x_wconf 88' lang='lat' dir='ltr'>nostri</span> <span class='ocrx_word' id='word_1_244' title='bbox 1493 3598 1871 3668; x_wconf 89' lang='lat' dir='ltr'>discusserim,</span> <span class='ocrx_word' id='word_1_245' title='bbox 1901 3605 1965 3655; x_wconf 88' lang='lat' dir='ltr'>ut</span> <span class='ocrx_word' id='word_1_246' title='bbox 1990 3601 2089 3672; x_wconf 90' lang='lat' dir='ltr'>qui</span> <span class='ocrx_word' id='word_1_247' title='bbox 2118 3601 2199 3655; x_wconf 91' lang='lat' dir='ltr'>illi</span> 
     </span>
    </p>
   </div>
   <div class='ocr_carea' id='block_1_38' title="bbox 570 3690 2196 3765">
    <p class='ocr_par' dir='ltr' id='par_1_38' title="bbox 570 3690 2196 3765">
     <span class='ocr_line' id='line_1_38' title="bbox 570 3690 2196 3765; baseline 0.002 -19"><span class='ocrx_word' id='word_1_248' title='bbox 570 3692 631 3747; x_wconf 91' lang='lat' dir='ltr'>in</span> <span class='ocrx_word' id='word_1_249' title='bbox 663 3691 927 3746; x_wconf 89' lang='lat' dir='ltr'>omnibus</span> <span class='ocrx_word' id='word_1_250' title='bbox 978 3692 1111 3746; x_wconf 88' lang='lat' dir='ltr'>satis</span> <span class='ocrx_word' id='word_1_251' title='bbox 1165 3690 1460 3746; x_wconf 86' lang='lat' dir='ltr'>evidenter</span> <span class='ocrx_word' id='word_1_252' title='bbox 1509 3693 1873 3749; x_wconf 85' lang='lat' dir='ltr'>ostenderent</span> <span class='ocrx_word' id='word_1_253' title='bbox 1917 3694 2196 3765; x_wconf 89' lang='lat' dir='ltr'>universa,</span> 
     </span>
    </p>
   </div>
   <div class='ocr_carea' id='block_1_39' title="bbox 571 3785 2198 3859">
    <p class='ocr_par' dir='ltr' id='par_1_39' title="bbox 571 3785 2198 3859">
     <span class='ocr_line' id='line_1_39' title="bbox 571 3785 2198 3859; baseline 0.002 -19"><span class='ocrx_word' id='word_1_254' title='bbox 571 3802 701 3858; x_wconf 63' lang='lat' dir='ltr'>qum</span> <span class='ocrx_word' id='word_1_255' title='bbox 720 3786 870 3857; x_wconf 90' lang='lat' dir='ltr'>apud</span> <span class='ocrx_word' id='word_1_256' title='bbox 889 3785 1251 3840; x_wconf 85' lang='lat' dir='ltr'>Antiochiam</span> <span class='ocrx_word' id='word_1_257' title='bbox 1268 3785 1392 3839; x_wconf 82' lang='lat' dir='ltr'>fieri</span> <span class='ocrx_word' id='word_1_258' title='bbox 1414 3785 1736 3855; x_wconf 91' lang='lat' dir='ltr'>debuerint,</span> <span class='ocrx_word' id='word_1_259' title='bbox 1756 3786 1927 3842; x_wconf 89' lang='lat' dir='ltr'>fuisse</span> <span class='ocrx_word' id='word_1_260' title='bbox 1948 3790 2198 3859; x_wconf 89' lang='lat' dir='ltr'>comple-</span> 
     </span>
    </p>
   </div>
   <div class='ocr_carea' id='block_1_40' title="bbox 568 3879 2196 3952">
    <p class='ocr_par' dir='ltr' id='par_1_40' title="bbox 568 3879 2196 3952">
     <span class='ocr_line' id='line_1_40' title="bbox 568 3879 2196 3952; baseline 0.001 -17"><span class='ocrx_word' id='word_1_261' title='bbox 568 3884 648 3935; x_wconf 86' lang='lat' dir='ltr'>ta.</span> <span class='ocrx_word' id='word_1_262' title='bbox 682 3880 936 3945; x_wconf 91' lang='lat' dir='ltr'>Quorum</span> <span class='ocrx_word' id='word_1_263' title='bbox 965 3879 1275 3951; x_wconf 83' lang='lat' dir='ltr'>amplexati</span> <span class='ocrx_word' id='word_1_264' title='bbox 1294 3896 1496 3950; x_wconf 89' lang='lat' dir='ltr'>pacem</span> <span class='ocrx_word' id='word_1_265' title='bbox 1513 3880 1711 3952; x_wconf 86' lang='lat' dir='ltr'>utique</span> <span class='ocrx_word' id='word_1_266' title='bbox 1738 3881 1909 3936; x_wconf 86' lang='lat' dir='ltr'>tidem</span> <span class='ocrx_word' id='word_1_267' title='bbox 1937 3881 2196 3950; x_wconf 91' lang='lat' dir='ltr'>fecimus,</span> 
     </span>
    </p>
   </div>
   <div class='ocr_carea' id='block_1_41' title="bbox 572 3973 2201 4047">
    <p class='ocr_par' dir='ltr' id='par_1_41' title="bbox 572 3973 2201 4047">
     <span class='ocr_line' id='line_1_41' title="bbox 572 3973 2201 4047; baseline 0.002 -20"><span class='ocrx_word' id='word_1_268' title='bbox 572 3979 630 4028; x_wconf 90' lang='lat' dir='ltr'>et</span> <span class='ocrx_word' id='word_1_269' title='bbox 653 3990 867 4045; x_wconf 85' lang='lat' dir='ltr'>magno</span> <span class='ocrx_word' id='word_1_270' title='bbox 899 3973 1125 4028; x_wconf 87' lang='lat' dir='ltr'>tramite</span> <span class='ocrx_word' id='word_1_271' title='bbox 1162 3973 1427 4027; x_wconf 91' lang='lat' dir='ltr'>omnibus</span> <span class='ocrx_word' id='word_1_272' title='bbox 1464 3973 1729 4029; x_wconf 91' lang='lat' dir='ltr'>eamdem</span> <span class='ocrx_word' id='word_1_273' title='bbox 1764 3991 1935 4046; x_wconf 91' lang='lat' dir='ltr'>quam</span> <span class='ocrx_word' id='word_1_274' title='bbox 1970 3979 2201 4047; x_wconf 65' lang='lat' dir='ltr'>praesto-</span> 
     </span>
    </p>
   </div>
   <div class='ocr_carea' id='block_1_42' title="bbox 568 4066 2198 4142">
    <p class='ocr_par' dir='ltr' id='par_1_42' title="bbox 568 4066 2198 4142">
     <span class='ocr_line' id='line_1_42' title="bbox 568 4066 2198 4142; baseline 0.003 -22"><span class='ocrx_word' id='word_1_275' title='bbox 568 4068 703 4122; x_wconf 91' lang='lat' dir='ltr'>laris</span> <span class='ocrx_word' id='word_1_276' title='bbox 730 4067 1105 4135; x_wconf 90' lang='lat' dir='ltr'>ostendimus,</span> <span class='ocrx_word' id='word_1_277' title='bbox 1145 4066 1191 4120; x_wconf 93' lang='lat' dir='ltr'>si</span> <span class='ocrx_word' id='word_1_278' title='bbox 1233 4067 1400 4121; x_wconf 90' lang='lat' dir='ltr'>modo</span> <span class='ocrx_word' id='word_1_279' title='bbox 1439 4084 1566 4138; x_wconf 83' lang='lat' dir='ltr'>quae</span> <span class='ocrx_word' id='word_1_280' title='bbox 1597 4069 1845 4123; x_wconf 90' lang='lat' dir='ltr'>discussa</span> <span class='ocrx_word' id='word_1_281' title='bbox 1874 4075 2005 4124; x_wconf 91' lang='lat' dir='ltr'>sunt</span> <span class='ocrx_word' id='word_1_282' title='bbox 2028 4075 2198 4142; x_wconf 89' lang='lat' dir='ltr'>atque</span> 
     </span>
    </p>
   </div>
   <div class='ocr_carea' id='block_1_43' title="bbox 571 4158 2201 4230">
    <p class='ocr_par' dir='ltr' id='par_1_43' title="bbox 571 4158 2201 4230">
     <span class='ocr_line' id='line_1_43' title="bbox 571 4158 2201 4230; baseline 0.002 -16"><span class='ocrx_word' id='word_1_283' title='bbox 571 4162 874 4230; x_wconf 90' lang='lat' dir='ltr'>completa,</span> <span class='ocrx_word' id='word_1_284' title='bbox 917 4160 1088 4214; x_wconf 90' lang='lat' dir='ltr'>etiam</span> <span class='ocrx_word' id='word_1_285' title='bbox 1117 4158 1227 4230; x_wconf 91' lang='lat' dir='ltr'>ipsi</span> <span class='ocrx_word' id='word_1_286' title='bbox 1253 4176 1356 4230; x_wconf 94' lang='lat' dir='ltr'>pro</span> <span class='ocrx_word' id='word_1_287' title='bbox 1404 4177 1504 4214; x_wconf 91' lang='lat' dir='ltr'>suo</span> <span class='ocrx_word' id='word_1_288' title='bbox 1541 4161 1665 4215; x_wconf 89' lang='lat' dir='ltr'>loco</span> <span class='ocrx_word' id='word_1_289' title='bbox 1699 4161 1894 4217; x_wconf 87' lang='lat' dir='ltr'>fecisse</span> <span class='ocrx_word' id='word_1_290' title='bbox 1931 4162 2017 4217; x_wconf 85' lang='lat' dir='ltr'>vel</span> <span class='ocrx_word' id='word_1_291' title='bbox 2050 4178 2201 4218; x_wconf 92' lang='lat' dir='ltr'>com-</span> 
     </span>
    </p>
   </div>
   <div class='ocr_carea' id='block_1_44' title="bbox 568 4252 2196 4327">
    <p class='ocr_par' dir='ltr' id='par_1_44' title="bbox 568 4252 2196 4327">
     <span class='ocr_line' id='line_1_44' title="bbox 568 4252 2196 4327; baseline 0.003 -21"><span class='ocrx_word' id='word_1_292' title='bbox 568 4253 753 4324; x_wconf 90' lang='lat' dir='ltr'>plesse</span> <span class='ocrx_word' id='word_1_293' title='bbox 778 4252 1084 4323; x_wconf 90' lang='lat' dir='ltr'>aliquando</span> <span class='ocrx_word' id='word_1_294' title='bbox 1113 4253 1577 4323; x_wconf 87' lang='lat' dir='ltr'>monstraverint,</span> <span class='ocrx_word' id='word_1_295' title='bbox 1596 4254 2196 4327; x_wconf 90' lang='lat' dir='ltr'>communionemque,</span> 
     </span>
    </p>
   </div>
   <div class='ocr_carea' id='block_1_45' title="bbox 572 4340 2202 4416">
    <p class='ocr_par' dir='ltr' id='par_1_45' title="bbox 572 4340 2202 4416">
     <span class='ocr_line' id='line_1_45' title="bbox 572 4340 2202 4416; baseline 0.002 -21"><span class='ocrx_word' id='word_1_296' title='bbox 572 4346 634 4395; x_wconf 91' lang='lat' dir='ltr'>ut</span> <span class='ocrx_word' id='word_1_297' title='bbox 651 4340 766 4409; x_wconf 86' lang='lat' dir='ltr'>isti,</span> <span class='ocrx_word' id='word_1_298' title='bbox 791 4341 1074 4412; x_wconf 83' lang='lat' dir='ltr'>legatione</span> <span class='ocrx_word' id='word_1_299' title='bbox 1099 4341 1427 4396; x_wconf 90' lang='lat' dir='ltr'>solemniter</span> <span class='ocrx_word' id='word_1_300' title='bbox 1444 4342 1722 4397; x_wconf 91' lang='lat' dir='ltr'>destinata</span> <span class='ocrx_word' id='word_1_301' title='bbox 1747 4343 1852 4397; x_wconf 91' lang='lat' dir='ltr'>sibi</span> <span class='ocrx_word' id='word_1_302' title='bbox 1876 4346 2202 4416; x_wconf 87' lang='lat' dir='ltr'>rogaverint</span> 
     </span>
    </p>
   </div>
   <div class='ocr_carea' id='block_1_46' title="bbox 570 4434 2197 4507">
    <p class='ocr_par' dir='ltr' id='par_1_46' title="bbox 570 4434 2197 4507">
     <span class='ocr_line' id='line_1_46' title="bbox 570 4434 2197 4507; baseline 0.004 -17"><span class='ocrx_word' id='word_1_303' title='bbox 570 4434 876 4490; x_wconf 90' lang='lat' dir='ltr'>redhiberi.</span> <span class='ocrx_word' id='word_1_304' title='bbox 895 4436 1294 4506; x_wconf 86' lang='lat' dir='ltr'>Exspectamus</span> <span class='ocrx_word' id='word_1_305' title='bbox 1312 4451 1452 4507; x_wconf 87' lang='lat' dir='ltr'>ergo</span> <span class='ocrx_word' id='word_1_306' title='bbox 1468 4442 1523 4491; x_wconf 91' lang='lat' dir='ltr'>et</span> <span class='ocrx_word' id='word_1_307' title='bbox 1547 4436 1955 4507; x_wconf 89' lang='lat' dir='ltr'>professionem</span> <span class='ocrx_word' id='word_1_308' title='bbox 1974 4456 2197 4496; x_wconf 89' lang='lat' dir='ltr'>memo-</span> 
     </span>
    </p>
   </div>
   <div class='ocr_carea' id='block_1_47' title="bbox 570 4528 2202 4605">
    <p class='ocr_par' dir='ltr' id='par_1_47' title="bbox 570 4528 2202 4605">
     <span class='ocr_line' id='line_1_47' title="bbox 570 4528 2202 4605; baseline 0.003 -20"><span class='ocrx_word' id='word_1_309' title='bbox 570 4530 679 4585; x_wconf 86' lang='lat' dir='ltr'>rati</span> <span class='ocrx_word' id='word_1_310' title='bbox 707 4530 776 4585; x_wconf 91' lang='lat' dir='ltr'>de</span> <span class='ocrx_word' id='word_1_311' title='bbox 801 4529 1101 4601; x_wconf 90' lang='lat' dir='ltr'>completis</span> <span class='ocrx_word' id='word_1_312' title='bbox 1121 4528 1384 4583; x_wconf 89' lang='lat' dir='ltr'>omnibus</span> <span class='ocrx_word' id='word_1_313' title='bbox 1401 4529 1845 4600; x_wconf 90' lang='lat' dir='ltr'>conditionibus,</span> <span class='ocrx_word' id='word_1_314' title='bbox 1868 4550 2008 4605; x_wconf 89' lang='lat' dir='ltr'>quas</span> <span class='ocrx_word' id='word_1_315' title='bbox 2024 4534 2202 4590; x_wconf 89' lang='lat' dir='ltr'>diver-</span> 
     </span>
    </p>
   </div>
   <div class='ocr_carea' id='block_1_48' title="bbox 572 4623 2200 4696">
    <p class='ocr_par' dir='ltr' id='par_1_48' title="bbox 572 4623 2200 4696">
     <span class='ocr_line' id='line_1_48' title="bbox 572 4623 2200 4696; baseline 0.004 -18"><span class='ocrx_word' id='word_1_316' title='bbox 572 4626 646 4679; x_wconf 89' lang='lat' dir='ltr'>sis</span> <span class='ocrx_word' id='word_1_317' title='bbox 678 4623 1033 4696; x_wconf 88' lang='lat' dir='ltr'>temporibus</span> <span class='ocrx_word' id='word_1_318' title='bbox 1058 4623 1452 4696; x_wconf 75' lang='lat' dir='ltr'>przediximus,</span> <span class='ocrx_word' id='word_1_319' title='bbox 1487 4627 1546 4678; x_wconf 90' lang='lat' dir='ltr'>et</span> <span class='ocrx_word' id='word_1_320' title='bbox 1574 4624 1908 4695; x_wconf 91' lang='lat' dir='ltr'>petitionem</span> <span class='ocrx_word' id='word_1_321' title='bbox 1943 4645 2200 4684; x_wconf 91' lang='lat' dir='ltr'>commu-</span> 
     </span>
    </p>
   </div>
   <div class='ocr_carea' id='block_1_49' title="bbox 571 4710 2201 4790">
    <p class='ocr_par' dir='ltr' id='par_1_49' title="bbox 571 4710 2201 4790">
     <span class='ocr_line' id='line_1_49' title="bbox 571 4710 2201 4790; baseline 0.004 -18"><span class='ocrx_word' id='word_1_322' title='bbox 571 4719 779 4787; x_wconf 88' lang='lat' dir='ltr'>nionis,</span> <span class='ocrx_word' id='word_1_323' title='bbox 821 4724 882 4775; x_wconf 90' lang='lat' dir='ltr'>ut</span> <span class='ocrx_word' id='word_1_324' title='bbox 922 4722 1074 4774; x_wconf 90' lang='lat' dir='ltr'>recte</span> <span class='ocrx_word' id='word_1_325' title='bbox 1101 4722 1158 4774; x_wconf 89' lang='lat' dir='ltr'>et</span> <span class='ocrx_word' id='word_1_326' title='bbox 1184 4710 1405 4790; x_wconf 84' lang='lat' dir='ltr'>petenti</span> <span class='ocrx_word' id='word_1_327' title='bbox 1446 4723 1503 4773; x_wconf 91' lang='lat' dir='ltr'>et</span> <span class='ocrx_word' id='word_1_328' title='bbox 1536 4719 1804 4790; x_wconf 89' lang='lat' dir='ltr'>probanti</span> <span class='ocrx_word' id='word_1_329' title='bbox 1836 4738 1894 4776; x_wconf 90' lang='lat' dir='ltr'>se</span> <span class='ocrx_word' id='word_1_330' title='bbox 1935 4724 2201 4779; x_wconf 86' lang='lat' dir='ltr'>eamdem</span> 
     </span>
    </p>
   </div>
   <div class='ocr_carea' id='block_1_50' title="bbox 573 4811 2202 4881">
    <p class='ocr_par' dir='ltr' id='par_1_50' title="bbox 573 4811 2202 4881">
     <span class='ocr_line' id='line_1_50' title="bbox 573 4811 2202 4881; baseline 0.005 -16"><span class='ocrx_word' id='word_1_331' title='bbox 573 4812 777 4866; x_wconf 86' lang='lat' dir='ltr'>mereri</span> <span class='ocrx_word' id='word_1_332' title='bbox 795 4812 1114 4881; x_wconf 88' lang='lat' dir='ltr'>reddamus,</span> <span class='ocrx_word' id='word_1_333' title='bbox 1138 4812 1315 4867; x_wconf 88' lang='lat' dir='ltr'>frater</span> <span class='ocrx_word' id='word_1_334' title='bbox 1333 4811 1683 4869; x_wconf 77' lang='lat' dir='ltr'>charissima.</span> <span class='ocrx_word' id='word_1_335' title='bbox 1698 4814 1836 4869; x_wconf 90' lang='lat' dir='ltr'>Nam</span> <span class='ocrx_word' id='word_1_336' title='bbox 1851 4815 1920 4869; x_wconf 91' lang='lat' dir='ltr'>de</span> <span class='ocrx_word' id='word_1_337' title='bbox 1937 4817 2202 4873; x_wconf 88' lang='lat' dir='ltr'>omnibus</span> 
     </span>
    </p>
   </div>
   <div class='ocr_carea' id='block_1_51' title="bbox 570 4903 2201 4982">
    <p class='ocr_par' dir='ltr' id='par_1_51' title="bbox 570 4903 2201 4982">
     <span class='ocr_line' id='line_1_51' title="bbox 570 4903 2201 4982; baseline 0.005 -23"><span class='ocrx_word' id='word_1_338' title='bbox 570 4903 929 4976; x_wconf 89' lang='lat' dir='ltr'>plenissimas</span> <span class='ocrx_word' id='word_1_339' title='bbox 947 4905 1020 4959; x_wconf 90' lang='lat' dir='ltr'>ad</span> <span class='ocrx_word' id='word_1_340' title='bbox 1041 4912 1292 4961; x_wconf 89' lang='lat' dir='ltr'>sanctam</span> <span class='ocrx_word' id='word_1_341' title='bbox 1312 4911 1644 4962; x_wconf 90' lang='lat' dir='ltr'>nostrorum</span> <span class='ocrx_word' id='word_1_342' title='bbox 1665 4906 1906 4963; x_wconf 88' lang='lat' dir='ltr'>fratrum</span> <span class='ocrx_word' id='word_1_343' title='bbox 1924 4911 2201 4982; x_wconf 88' lang='lat' dir='ltr'>synodum</span> 
     </span>
    </p>
   </div>
   <div class='ocr_carea' id='block_1_52' title="bbox 572 4997 1372 5072">
    <p class='ocr_par' dir='ltr' id='par_1_52' title="bbox 572 4997 1372 5072">
     <span class='ocr_line' id='line_1_52' title="bbox 572 4997 1372 5072; baseline 0.003 -20"><span class='ocrx_word' id='word_1_344' title='bbox 572 4998 788 5053; x_wconf 91' lang='lat' dir='ltr'>dudum</span> <span class='ocrx_word' id='word_1_345' title='bbox 814 4997 1028 5054; x_wconf 87' lang='lat' dir='ltr'>litteras</span> <span class='ocrx_word' id='word_1_346' title='bbox 1051 5000 1372 5072; x_wconf 89' lang='lat' dir='ltr'>percepisti.</span> 
     </span>
    </p>
   </div>
   <div class='ocr_carea' id='block_1_53' title="bbox 643 5115 2132 5191">
    <p class='ocr_par' dir='ltr' id='par_1_53' title="bbox 643 5115 2132 5191">
     <span class='ocr_line' id='line_1_53' title="bbox 643 5115 2132 5191; baseline 0.005 -20"><span class='ocrx_word' id='word_1_347' title='bbox 643 5115 737 5171; x_wconf 81' lang='lat' dir='ltr'>Ad</span> <span class='ocrx_word' id='word_1_348' title='bbox 796 5117 1165 5170; x_wconf 68' lang='lat' dir='ltr'>Ammonem</span> <span class='ocrx_word' id='word_1_349' title='bbox 1229 5116 1620 5173; x_wconf 75' lang='lat' dir='ltr'>Antiochenam</span> <span class='ocrx_word' id='word_1_350' title='bbox 1681 5122 2001 5191; x_wconf 79' lang='lat' dir='ltr'>episcopum.</span> <span class='ocrx_word' id='word_1_351' title='bbox 2060 5126 2132 5179; x_wconf 87' lang='lat' dir='ltr'>De</span> 
     </span>
    </p>
   </div>
   <div class='ocr_carea' id='block_1_54' title="bbox 1289 5204 1446 5258">
    <p class='ocr_par' dir='ltr' id='par_1_54' title="bbox 1289 5204 1446 5258">
     <span class='ocr_line' id='line_1_54' title="bbox 1289 5204 1446 5258; baseline 0.006 -16"><span class='ocrx_word' id='word_1_352' title='bbox 1289 5204 1446 5258; x_wconf 85' lang='lat' dir='ltr'>pace.</span> 
     </span>
    </p>
   </div>
   <div class='ocr_carea' id='block_1_55' title="bbox 645 5280 2202 5359">
    <p class='ocr_par' dir='ltr' id='par_1_55' title="bbox 645 5280 2202 5359">
     <span class='ocr_line' id='line_1_55' title="bbox 645 5280 2202 5359; baseline 0.003 -21"><span class='ocrx_word' id='word_1_353' title='bbox 645 5280 695 5354; x_wconf 74' lang='grc'>1</span> <span class='ocrx_word' id='word_1_354' title='bbox 711 5280 836 5354; x_wconf 81' lang='lat'>75</span> <span class='ocrx_word' id='word_1_355' title='bbox 859 5280 1161 5353; x_wconf 84' lang='lat' dir='ltr'>Apostolici</span> <span class='ocrx_word' id='word_1_356' title='bbox 1181 5281 1383 5336; x_wconf 88' lang='lat' dir='ltr'>favoris</span> <span class='ocrx_word' id='word_1_357' title='bbox 1404 5282 1588 5353; x_wconf 87' lang='lat' dir='ltr'>gratia</span> <span class='ocrx_word' id='word_1_358' title='bbox 1609 5298 1824 5355; x_wconf 88' lang='lat' dir='ltr'>magno</span> <span class='ocrx_word' id='word_1_359' title='bbox 1850 5287 2004 5356; x_wconf 89' lang='lat' dir='ltr'>pacis</span> <span class='ocrx_word' id='word_1_360' title='bbox 2025 5304 2202 5359; x_wconf 88' lang='lat' dir='ltr'>usque</span> 
     </span>
    </p>
   </div>
   <div class='ocr_carea' id='block_1_56' title="bbox 567 5374 2198 5450">
    <p class='ocr_par' dir='ltr' id='par_1_56' title="bbox 567 5374 2198 5450">
     <span class='ocr_line' id='line_1_56' title="bbox 567 5374 2198 5450; baseline 0.003 -19"><span class='ocrx_word' id='word_1_361' title='bbox 567 5376 638 5431; x_wconf 87' lang='lat' dir='ltr'>ad</span> <span class='ocrx_word' id='word_1_362' title='bbox 667 5392 773 5431; x_wconf 91' lang='lat' dir='ltr'>nos</span> <span class='ocrx_word' id='word_1_363' title='bbox 793 5375 999 5430; x_wconf 91' lang='lat' dir='ltr'>decore</span> <span class='ocrx_word' id='word_1_364' title='bbox 1028 5374 1396 5445; x_wconf 89' lang='lat' dir='ltr'>resplenduit,</span> <span class='ocrx_word' id='word_1_365' title='bbox 1429 5379 1767 5447; x_wconf 88' lang='lat' dir='ltr'>tantumque</span> <span class='ocrx_word' id='word_1_366' title='bbox 1792 5378 1934 5433; x_wconf 90' lang='lat' dir='ltr'>lueis</span> <span class='ocrx_word' id='word_1_367' title='bbox 1964 5381 2198 5450; x_wconf 88' lang='lat' dir='ltr'>gaudio-</span> 
     </span>
    </p>
   </div>
   <div class='ocr_carea' id='block_1_57' title="bbox 567 5467 2202 5542">
    <p class='ocr_par' dir='ltr' id='par_1_57' title="bbox 567 5467 2202 5542">
     <span class='ocr_line' id='line_1_57' title="bbox 567 5467 2202 5542; baseline 0.002 -16"><span class='ocrx_word' id='word_1_368' title='bbox 567 5486 817 5542; x_wconf 89' lang='lat' dir='ltr'>rumque</span> <span class='ocrx_word' id='word_1_369' title='bbox 835 5468 1056 5524; x_wconf 89' lang='lat' dir='ltr'>infulsit</span> <span class='ocrx_word' id='word_1_370' title='bbox 1083 5467 1363 5535; x_wconf 77' lang='lat' dir='ltr'>fidelibus,</span> <span class='ocrx_word' id='word_1_371' title='bbox 1395 5472 1476 5538; x_wconf 91' lang='lat' dir='ltr'>ut,</span> <span class='ocrx_word' id='word_1_372' title='bbox 1504 5469 1755 5526; x_wconf 89' lang='lat' dir='ltr'>dicentes</span> <span class='ocrx_word' id='word_1_373' title='bbox 1781 5472 1899 5527; x_wconf 90' lang='lat' dir='ltr'>Deo</span> <span class='ocrx_word' id='word_1_374' title='bbox 1927 5474 2202 5530; x_wconf 89' lang='lat' dir='ltr'>maximas</span> 
     </span>
    </p>
   </div>
   <div class='ocr_carea' id='block_1_58' title="bbox 568 5563 2200 5638">
    <p class='ocr_par' dir='ltr' id='par_1_58' title="bbox 568 5563 2200 5638">
     <span class='ocr_line' id='line_1_58' title="bbox 568 5563 2200 5638; baseline 0.004 -20"><span class='ocrx_word' id='word_1_375' title='bbox 568 5564 786 5633; x_wconf 89' lang='lat' dir='ltr'>laudes,</span> <span class='ocrx_word' id='word_1_376' title='bbox 818 5563 1064 5634; x_wconf 88' lang='lat' dir='ltr'>majores</span> <span class='ocrx_word' id='word_1_377' title='bbox 1091 5563 1295 5618; x_wconf 91' lang='lat' dir='ltr'>debere</span> <span class='ocrx_word' id='word_1_378' title='bbox 1316 5579 1420 5617; x_wconf 90' lang='lat' dir='ltr'>nos</span> <span class='ocrx_word' id='word_1_379' title='bbox 1445 5563 1749 5633; x_wconf 88' lang='lat' dir='ltr'>fateamur,</span> <span class='ocrx_word' id='word_1_380' title='bbox 1773 5566 2014 5638; x_wconf 88' lang='lat' dir='ltr'>plusque</span> <span class='ocrx_word' id='word_1_381' title='bbox 2030 5585 2063 5623; x_wconf 89' lang='lat' dir='ltr'>a</span> <span class='ocrx_word' id='word_1_382' title='bbox 2081 5569 2200 5625; x_wconf 91' lang='lat' dir='ltr'>Deo</span> 
     </span>
    </p>
   </div>
   <div class='ocr_carea' id='block_1_59' title="bbox 561 5656 2201 5729">
    <p class='ocr_par' dir='ltr' id='par_1_59' title="bbox 561 5656 2201 5729">
     <span class='ocr_line' id='line_1_59' title="bbox 561 5656 2201 5729; baseline 0.004 -18"><span class='ocrx_word' id='word_1_383' title='bbox 561 5658 861 5728; x_wconf 89' lang='lat' dir='ltr'>jocundati</span> <span class='ocrx_word' id='word_1_384' title='bbox 889 5674 1104 5725; x_wconf 89' lang='lat' dir='ltr'>sumus,</span> <span class='ocrx_word' id='word_1_385' title='bbox 1135 5656 1308 5729; x_wconf 92' lang='lat' dir='ltr'>quod,</span> <span class='ocrx_word' id='word_1_386' title='bbox 1350 5656 1610 5711; x_wconf 89' lang='lat' dir='ltr'>discussis</span> <span class='ocrx_word' id='word_1_387' title='bbox 1638 5659 1904 5715; x_wconf 90' lang='lat' dir='ltr'>omnibus</span> <span class='ocrx_word' id='word_1_388' title='bbox 1932 5662 2201 5718; x_wconf 87' lang='lat' dir='ltr'>lateribus</span> 
     </span>
    </p>
   </div>
   <div class='ocr_carea' id='block_1_60' title="bbox 567 5750 2198 5829">
    <p class='ocr_par' dir='ltr' id='par_1_60' title="bbox 567 5750 2198 5829">
     <span class='ocr_line' id='line_1_60' title="bbox 567 5750 2198 5829; baseline 0.007 -27"><span class='ocrx_word' id='word_1_389' title='bbox 567 5750 856 5805; x_wconf 82' lang='lat' dir='ltr'>actionum</span> <span class='ocrx_word' id='word_1_390' title='bbox 887 5753 998 5806; x_wconf 68' lang='lat' dir='ltr'>tua:</span> <span class='ocrx_word' id='word_1_391' title='bbox 1026 5750 1416 5821; x_wconf 83' lang='lat' dir='ltr'>fraternitatis,</span> <span class='ocrx_word' id='word_1_392' title='bbox 1452 5750 1529 5805; x_wconf 90' lang='lat' dir='ltr'>ita</span> <span class='ocrx_word' id='word_1_393' title='bbox 1556 5754 1743 5807; x_wconf 88' lang='lat' dir='ltr'>totum</span> <span class='ocrx_word' id='word_1_394' title='bbox 1777 5754 1987 5825; x_wconf 89' lang='lat' dir='ltr'>pietate</span> <span class='ocrx_word' id='word_1_395' title='bbox 2012 5774 2075 5811; x_wconf 87' lang='lat' dir='ltr'>ac</span> <span class='ocrx_word' id='word_1_396' title='bbox 2096 5775 2198 5829; x_wconf 87' lang='lat' dir='ltr'>pa-</span> 
     </span>
    </p>
   </div>
   <div class='ocr_carea' id='block_1_61' title="bbox 568 5842 2198 5916">
    <p class='ocr_par' dir='ltr' id='par_1_61' title="bbox 568 5842 2198 5916">
     <span class='ocr_line' id='line_1_61' title="bbox 568 5842 2198 5916; baseline 0.006 -19"><span class='ocrx_word' id='word_1_397' title='bbox 568 5842 763 5897; x_wconf 82' lang='lat' dir='ltr'>tientia</span> <span class='ocrx_word' id='word_1_398' title='bbox 807 5849 1027 5914; x_wconf 83' lang='lat' dir='ltr'>gestum</span> <span class='ocrx_word' id='word_1_399' title='bbox 1074 5846 1463 5916; x_wconf 85' lang='lat' dir='ltr'>cognovimus,</span> <span class='ocrx_word' id='word_1_400' title='bbox 1513 5849 1577 5900; x_wconf 88' lang='lat' dir='ltr'>ut</span> <span class='ocrx_word' id='word_1_401' title='bbox 1632 5846 1690 5900; x_wconf 91' lang='lat' dir='ltr'>in</span> <span class='ocrx_word' id='word_1_402' title='bbox 1721 5850 1981 5905; x_wconf 88' lang='lat' dir='ltr'>omnibus</span> <span class='ocrx_word' id='word_1_403' title='bbox 2009 5852 2198 5907; x_wconf 87' lang='lat' dir='ltr'>Domi-</span> 
     </span>
    </p>
   </div>
   <div class='ocr_carea' id='block_1_62' title="bbox 2223 1811 2280 1882">
    <p class='ocr_par' dir='ltr' id='par_1_62' title="bbox 2223 1811 2280 1882">
     <span class='ocr_line' id='line_1_62' title="bbox 2223 1811 2280 1882; baseline 0 0"><span class='ocrx_word' id='word_1_404' title='bbox 2223 1811 2280 1882; x_wconf 93' lang='lat' dir='ltr'><strong>B</strong></span> 
     </span>
    </p>
   </div>
   <div class='ocr_carea' id='block_1_63' title="bbox 2306 522 3839 593">
    <p class='ocr_par' dir='ltr' id='par_1_63' title="bbox 2306 522 3839 593">
     <span class='ocr_line' id='line_1_63' title="bbox 2306 522 3839 593; baseline 0.001 -13"><span class='ocrx_word' id='word_1_405' title='bbox 2306 525 2500 580; x_wconf 82' lang='lat' dir='ltr'>siitum</span> <span class='ocrx_word' id='word_1_406' title='bbox 2526 523 2637 578; x_wconf 90' lang='lat' dir='ltr'>tuis</span> <span class='ocrx_word' id='word_1_407' title='bbox 2679 523 2970 579; x_wconf 86' lang='lat' dir='ltr'>laboribus</span> <span class='ocrx_word' id='word_1_408' title='bbox 3015 522 3324 590; x_wconf 86' lang='lat' dir='ltr'>videamus,</span> <span class='ocrx_word' id='word_1_409' title='bbox 3372 523 3516 593; x_wconf 90' lang='lat' dir='ltr'>quod</span> <span class='ocrx_word' id='word_1_410' title='bbox 3551 526 3655 578; x_wconf 89' lang='lat' dir='ltr'>tota</span> <span class='ocrx_word' id='word_1_411' title='bbox 3683 524 3839 581; x_wconf 85' lang='lat' dir='ltr'>virtute</span> 
     </span>
    </p>
   </div>
   <div class='ocr_carea' id='block_1_64' title="bbox 2303 614 3839 690">
    <p class='ocr_par' dir='ltr' id='par_1_64' title="bbox 2303 614 3839 690">
     <span class='ocr_line' id='line_1_64' title="bbox 2303 614 3839 690; baseline 0 -18"><span class='ocrx_word' id='word_1_412' title='bbox 2303 618 2458 690; x_wconf 89' lang='lat' dir='ltr'>pacis</span> <span class='ocrx_word' id='word_1_413' title='bbox 2482 621 2706 672; x_wconf 90' lang='lat' dir='ltr'>amator</span> <span class='ocrx_word' id='word_1_414' title='bbox 2734 616 2980 671; x_wconf 82' lang='lat' dir='ltr'>existens</span> <span class='ocrx_word' id='word_1_415' title='bbox 3006 632 3137 670; x_wconf 89' lang='lat' dir='ltr'>eam</span> <span class='ocrx_word' id='word_1_416' title='bbox 3179 614 3499 686; x_wconf 87' lang='lat' dir='ltr'>requisitam</span> <span class='ocrx_word' id='word_1_417' title='bbox 3522 616 3776 683; x_wconf 83' lang='lat' dir='ltr'>inveneris,</span> <span class='ocrx_word' id='word_1_418' title='bbox 3801 624 3839 672; x_wconf 85' lang='lat' dir='ltr'>et</span> 
     </span>
    </p>
   </div>
   <div class='ocr_carea' id='block_1_65' title="bbox 2304 708 3842 783">
    <p class='ocr_par' dir='ltr' id='par_1_65' title="bbox 2304 708 3842 783">
     <span class='ocr_line' id='line_1_65' title="bbox 2304 708 3842 783; baseline -0.001 -17"><span class='ocrx_word' id='word_1_419' title='bbox 2304 714 2588 783; x_wconf 89' lang='lat' dir='ltr'>repertam</span> <span class='ocrx_word' id='word_1_420' title='bbox 2622 726 2844 764; x_wconf 90' lang='lat' dir='ltr'>summa</span> <span class='ocrx_word' id='word_1_421' title='bbox 2871 708 3149 763; x_wconf 80' lang='lat' dir='ltr'>charitate</span> <span class='ocrx_word' id='word_1_422' title='bbox 3188 708 3428 763; x_wconf 85' lang='lat' dir='ltr'>tenueris</span> <span class='ocrx_word' id='word_1_423' title='bbox 3479 725 3598 762; x_wconf 92' lang='lat' dir='ltr'>cum</span> <span class='ocrx_word' id='word_1_424' title='bbox 3621 725 3736 780; x_wconf 88' lang='lat' dir='ltr'>erga</span> <span class='ocrx_word' id='word_1_425' title='bbox 3756 727 3842 765; x_wconf 90' lang='lat' dir='ltr'>om-</span> 
     </span>
    </p>
   </div>
   <div class='ocr_carea' id='block_1_66' title="bbox 2301 801 3841 874">
    <p class='ocr_par' dir='ltr' id='par_1_66' title="bbox 2301 801 3841 874">
     <span class='ocr_line' id='line_1_66' title="bbox 2301 801 3841 874; baseline -0.001 -16"><span class='ocrx_word' id='word_1_426' title='bbox 2301 820 2404 858; x_wconf 91' lang='lat' dir='ltr'>nes</span> <span class='ocrx_word' id='word_1_427' title='bbox 2429 810 2551 859; x_wconf 89' lang='lat' dir='ltr'>tum</span> <span class='ocrx_word' id='word_1_428' title='bbox 2588 804 2875 874; x_wconf 63' lang='lat' dir='ltr'>praecipue</span> <span class='ocrx_word' id='word_1_429' title='bbox 2918 803 3064 856; x_wconf 89' lang='lat' dir='ltr'>circa</span> <span class='ocrx_word' id='word_1_430' title='bbox 3109 802 3237 856; x_wconf 87' lang='lat' dir='ltr'>illos</span> <span class='ocrx_word' id='word_1_431' title='bbox 3268 801 3364 873; x_wconf 92' lang='lat' dir='ltr'>qui</span> <span class='ocrx_word' id='word_1_432' title='bbox 3389 802 3649 872; x_wconf 90' lang='lat' dir='ltr'>quondam</span> <span class='ocrx_word' id='word_1_433' title='bbox 3680 804 3841 857; x_wconf 87' lang='lat' dir='ltr'>Paulini</span> 
     </span>
    </p>
   </div>
   <div class='ocr_carea' id='block_1_67' title="bbox 2282 895 3841 969">
    <p class='ocr_par' dir='ltr' id='par_1_67' title="bbox 2282 895 3841 969">
     <span class='ocr_line' id='line_1_67' title="bbox 2282 895 3841 969; baseline -0.002 -17"><span class='ocrx_word' id='word_1_434' title='bbox 2282 896 2472 969; x_wconf 77' lang='lat' dir='ltr'>atque</span> <span class='ocrx_word' id='word_1_435' title='bbox 2499 897 2717 968; x_wconf 89' lang='lat' dir='ltr'>Evagrii</span> <span class='ocrx_word' id='word_1_436' title='bbox 2745 896 3149 967; x_wconf 89' lang='lat' dir='ltr'>episcoporum</span> <span class='ocrx_word' id='word_1_437' title='bbox 3190 895 3384 949; x_wconf 89' lang='lat' dir='ltr'>censiti</span> <span class='ocrx_word' id='word_1_438' title='bbox 3423 895 3630 949; x_wconf 84' lang='lat' dir='ltr'>fuerant</span> <span class='ocrx_word' id='word_1_439' title='bbox 3648 897 3841 950; x_wconf 84' lang='lat' dir='ltr'>nomine.</span> 
     </span>
    </p>
   </div>
   <div class='ocr_carea' id='block_1_68' title="bbox 2304 989 3844 1060">
    <p class='ocr_par' dir='ltr' id='par_1_68' title="bbox 2304 989 3844 1060">
     <span class='ocr_line' id='line_1_68' title="bbox 2304 989 3844 1060; baseline -0.001 -15"><span class='ocrx_word' id='word_1_440' title='bbox 2304 991 2494 1045; x_wconf 89' lang='lat' dir='ltr'>Habeo</span> <span class='ocrx_word' id='word_1_441' title='bbox 2536 1006 2825 1044; x_wconf 90' lang='lat' dir='ltr'>summum</span> <span class='ocrx_word' id='word_1_442' title='bbox 2870 993 3136 1043; x_wconf 89' lang='lat' dir='ltr'>votorum</span> <span class='ocrx_word' id='word_1_443' title='bbox 3180 1005 3458 1057; x_wconf 89' lang='lat' dir='ltr'>meorum,</span> <span class='ocrx_word' id='word_1_444' title='bbox 3505 989 3639 1059; x_wconf 91' lang='lat' dir='ltr'>quod</span> <span class='ocrx_word' id='word_1_445' title='bbox 3680 990 3844 1060; x_wconf 87' lang='lat' dir='ltr'>antiqui</span> 
     </span>
    </p>
   </div>
   <div class='ocr_carea' id='block_1_69' title="bbox 2305 1081 3841 1155">
    <p class='ocr_par' dir='ltr' id='par_1_69' title="bbox 2305 1081 3841 1155">
     <span class='ocr_line' id='line_1_69' title="bbox 2305 1081 3841 1155; baseline -0.001 -17"><span class='ocrx_word' id='word_1_446' title='bbox 2305 1084 2451 1139; x_wconf 74' lang='lat' dir='ltr'>nasvi</span> <span class='ocrx_word' id='word_1_447' title='bbox 2470 1084 2735 1155; x_wconf 89' lang='lat' dir='ltr'>purgatio</span> <span class='ocrx_word' id='word_1_448' title='bbox 2768 1083 2881 1137; x_wconf 89' lang='lat' dir='ltr'>tuis</span> <span class='ocrx_word' id='word_1_449' title='bbox 2910 1082 3284 1153; x_wconf 89' lang='lat' dir='ltr'>temporibus,</span> <span class='ocrx_word' id='word_1_450' title='bbox 3302 1082 3519 1152; x_wconf 90' lang='lat' dir='ltr'>tuisque</span> <span class='ocrx_word' id='word_1_451' title='bbox 3546 1081 3730 1136; x_wconf 88' lang='lat' dir='ltr'>meritis</span> <span class='ocrx_word' id='word_1_452' title='bbox 3750 1099 3841 1153; x_wconf 85' lang='lat' dir='ltr'>pro-</span> 
     </span>
    </p>
   </div>
   <div class='ocr_carea' id='block_1_70' title="bbox 2303 1174 3844 1249">
    <p class='ocr_par' dir='ltr' id='par_1_70' title="bbox 2303 1174 3844 1249">
     <span class='ocr_line' id='line_1_70' title="bbox 2303 1174 3844 1249; baseline -0.003 -17"><span class='ocrx_word' id='word_1_453' title='bbox 2303 1182 2557 1249; x_wconf 88' lang='lat' dir='ltr'>rogatur.</span> <span class='ocrx_word' id='word_1_454' title='bbox 2588 1178 2841 1241; x_wconf 89' lang='lat' dir='ltr'>Quorum</span> <span class='ocrx_word' id='word_1_455' title='bbox 2889 1176 3059 1230; x_wconf 87' lang='lat' dir='ltr'>etiam</span> <span class='ocrx_word' id='word_1_456' title='bbox 3089 1176 3219 1229; x_wconf 92' lang='lat' dir='ltr'>illos</span> <span class='ocrx_word' id='word_1_457' title='bbox 3260 1175 3512 1245; x_wconf 88' lang='lat' dir='ltr'>ejusdem</span> <span class='ocrx_word' id='word_1_458' title='bbox 3548 1174 3758 1229; x_wconf 87' lang='lat' dir='ltr'>nominis</span> <span class='ocrx_word' id='word_1_459' title='bbox 3776 1178 3844 1245; x_wconf 84' lang='lat' dir='ltr'>qui</span> 
     </span>
    </p>
   </div>
   <div class='ocr_carea' id='block_1_71' title="bbox 2302 1268 3847 1339">
    <p class='ocr_par' dir='ltr' id='par_1_71' title="bbox 2302 1268 3847 1339">
     <span class='ocr_line' id='line_1_71' title="bbox 2302 1268 3847 1339; baseline -0.002 -15"><span class='ocrx_word' id='word_1_460' title='bbox 2302 1270 2362 1325; x_wconf 89' lang='lat' dir='ltr'>in</span> <span class='ocrx_word' id='word_1_461' title='bbox 2382 1270 2541 1325; x_wconf 91' lang='lat' dir='ltr'>Italia</span> <span class='ocrx_word' id='word_1_462' title='bbox 2565 1270 2835 1325; x_wconf 90' lang='lat' dir='ltr'>meritum</span> <span class='ocrx_word' id='word_1_463' title='bbox 2860 1268 3158 1323; x_wconf 86' lang='lat' dir='ltr'>clericatus</span> <span class='ocrx_word' id='word_1_464' title='bbox 3190 1271 3536 1339; x_wconf 89' lang='lat' dir='ltr'>acceperant,</span> <span class='ocrx_word' id='word_1_465' title='bbox 3558 1268 3724 1322; x_wconf 87' lang='lat' dir='ltr'>censui</span> <span class='ocrx_word' id='word_1_466' title='bbox 3741 1268 3847 1322; x_wconf 89' lang='lat' dir='ltr'>bono</span> 
     </span>
    </p>
   </div>
   <div class='ocr_carea' id='block_1_72' title="bbox 2303 1360 3847 1435">
    <p class='ocr_par' dir='ltr' id='par_1_72' title="bbox 2303 1360 3847 1435">
     <span class='ocr_line' id='line_1_72' title="bbox 2303 1360 3847 1435; baseline -0.001 -19"><span class='ocrx_word' id='word_1_467' title='bbox 2303 1363 2507 1435; x_wconf 91' lang='lat' dir='ltr'>quietis</span> <span class='ocrx_word' id='word_1_468' title='bbox 2545 1362 2788 1434; x_wconf 78' lang='lat' dir='ltr'>gratiam</span> <span class='ocrx_word' id='word_1_469' title='bbox 2828 1362 3073 1416; x_wconf 90' lang='lat' dir='ltr'>retinere</span> <span class='ocrx_word' id='word_1_470' title='bbox 3112 1367 3452 1432; x_wconf 90' lang='lat' dir='ltr'>susceptam.</span> <span class='ocrx_word' id='word_1_471' title='bbox 3491 1362 3553 1415; x_wconf 88' lang='lat' dir='ltr'>Et</span> <span class='ocrx_word' id='word_1_472' title='bbox 3573 1360 3687 1431; x_wconf 90' lang='lat' dir='ltr'>quia</span> <span class='ocrx_word' id='word_1_473' title='bbox 3709 1366 3847 1415; x_wconf 82' lang='lat' dir='ltr'>noster</span> 
     </span>
    </p>
   </div>
   <div class='ocr_carea' id='block_1_73' title="bbox 2303 1453 3844 1528">
    <p class='ocr_par' dir='ltr' id='par_1_73' title="bbox 2303 1453 3844 1528">
     <span class='ocr_line' id='line_1_73' title="bbox 2303 1453 3844 1528; baseline -0.002 -17"><span class='ocrx_word' id='word_1_474' title='bbox 2303 1457 2727 1528; x_wconf 85' lang='lat' dir='ltr'>compresbyter</span> <span class='ocrx_word' id='word_1_475' title='bbox 2752 1455 3066 1523; x_wconf 85' lang='lat' dir='ltr'>Cassianus,</span> <span class='ocrx_word' id='word_1_476' title='bbox 3098 1459 3327 1526; x_wconf 88' lang='lat' dir='ltr'>gratum</span> <span class='ocrx_word' id='word_1_477' title='bbox 3371 1454 3527 1508; x_wconf 84' lang='lat' dir='ltr'>duxit</span> <span class='ocrx_word' id='word_1_478' title='bbox 3548 1459 3648 1509; x_wconf 65' lang='lat' dir='ltr'>tua:</span> <span class='ocrx_word' id='word_1_479' title='bbox 3670 1453 3765 1508; x_wconf 85' lang='lat' dir='ltr'>fore</span> <span class='ocrx_word' id='word_1_480' title='bbox 3786 1454 3844 1508; x_wconf 88' lang='lat' dir='ltr'>di-</span> 
     </span>
    </p>
   </div>
   <div class='ocr_carea' id='block_1_74' title="bbox 2305 1547 3846 1621">
    <p class='ocr_par' dir='ltr' id='par_1_74' title="bbox 2305 1547 3846 1621">
     <span class='ocr_line' id='line_1_74' title="bbox 2305 1547 3846 1621; baseline -0.002 -17"><span class='ocrx_word' id='word_1_481' title='bbox 2305 1551 2580 1621; x_wconf 86' lang='lat' dir='ltr'>gnationi,</span> <span class='ocrx_word' id='word_1_482' title='bbox 2609 1550 2655 1603; x_wconf 92' lang='lat' dir='ltr'>si</span> <span class='ocrx_word' id='word_1_483' title='bbox 2678 1566 2805 1604; x_wconf 93' lang='lat' dir='ltr'>meo</span> <span class='ocrx_word' id='word_1_484' title='bbox 2829 1548 3071 1604; x_wconf 91' lang='lat' dir='ltr'>concilio</span> <span class='ocrx_word' id='word_1_485' title='bbox 3101 1548 3160 1602; x_wconf 92' lang='lat' dir='ltr'>in</span> <span class='ocrx_word' id='word_1_486' title='bbox 3188 1547 3413 1603; x_wconf 88' lang='lat' dir='ltr'>civitate</span> <span class='ocrx_word' id='word_1_487' title='bbox 3437 1553 3609 1602; x_wconf 87' lang='lat' dir='ltr'>vestra</span> <span class='ocrx_word' id='word_1_488' title='bbox 3623 1548 3846 1602; x_wconf 84' lang='lat' dir='ltr'>clericatus</span> 
     </span>
    </p>
   </div>
   <div class='ocr_carea' id='block_1_75' title="bbox 2305 1641 3848 1713">
    <p class='ocr_par' dir='ltr' id='par_1_75' title="bbox 2305 1641 3848 1713">
     <span class='ocr_line' id='line_1_75' title="bbox 2305 1641 3848 1713; baseline -0.003 -15"><span class='ocrx_word' id='word_1_489' title='bbox 2305 1644 2564 1699; x_wconf 90' lang='lat' dir='ltr'>ordinem</span> <span class='ocrx_word' id='word_1_490' title='bbox 2596 1643 2779 1697; x_wconf 90' lang='lat' dir='ltr'>dicere</span> <span class='ocrx_word' id='word_1_491' title='bbox 2822 1647 3183 1709; x_wconf 90' lang='lat' dir='ltr'>censeantur,</span> <span class='ocrx_word' id='word_1_492' title='bbox 3232 1641 3403 1696; x_wconf 89' lang='lat' dir='ltr'>statui</span> <span class='ocrx_word' id='word_1_493' title='bbox 3436 1646 3652 1713; x_wconf 86' lang='lat' dir='ltr'>propter</span> <span class='ocrx_word' id='word_1_494' title='bbox 3674 1641 3848 1696; x_wconf 76' lang='lat' dir='ltr'>benevo-</span> 
     </span>
    </p>
   </div>
   <div class='ocr_carea' id='block_1_76' title="bbox 2303 1735 3847 1807">
    <p class='ocr_par' dir='ltr' id='par_1_76' title="bbox 2303 1735 3847 1807">
     <span class='ocr_line' id='line_1_76' title="bbox 2303 1735 3847 1807; baseline -0.003 -16"><span class='ocrx_word' id='word_1_495' title='bbox 2303 1737 2537 1792; x_wconf 91' lang='lat' dir='ltr'>lentiam</span> <span class='ocrx_word' id='word_1_496' title='bbox 2563 1742 2716 1791; x_wconf 89' lang='lat' dir='ltr'>tuam</span> <span class='ocrx_word' id='word_1_497' title='bbox 2744 1735 3132 1807; x_wconf 88' lang='lat' dir='ltr'>promissaque</span> <span class='ocrx_word' id='word_1_498' title='bbox 3161 1735 3487 1801; x_wconf 87' lang='lat' dir='ltr'>memorati,</span> <span class='ocrx_word' id='word_1_499' title='bbox 3517 1740 3573 1789; x_wconf 93' lang='lat' dir='ltr'>ut</span> <span class='ocrx_word' id='word_1_500' title='bbox 3589 1735 3717 1788; x_wconf 89' lang='lat' dir='ltr'>inter</span> <span class='ocrx_word' id='word_1_501' title='bbox 3735 1738 3847 1788; x_wconf 68' lang='lat' dir='ltr'>cate</span> 
     </span>
    </p>
   </div>
   <div class='ocr_carea' id='block_1_77' title="bbox 2303 1828 3845 1901">
    <p class='ocr_par' dir='ltr' id='par_1_77' title="bbox 2303 1828 3845 1901">
     <span class='ocr_line' id='line_1_77' title="bbox 2303 1828 3845 1901; baseline -0.003 -16"><span class='ocrx_word' id='word_1_502' title='bbox 2303 1847 2398 1885; x_wconf 89' lang='lat' dir='ltr'>ros</span> <span class='ocrx_word' id='word_1_503' title='bbox 2417 1830 2737 1885; x_wconf 87' lang='lat' dir='ltr'>sacerdotes</span> <span class='ocrx_word' id='word_1_504' title='bbox 2762 1830 3163 1901; x_wconf 89' lang='lat' dir='ltr'>ministrosque</span> <span class='ocrx_word' id='word_1_505' title='bbox 3194 1829 3294 1900; x_wconf 90' lang='lat' dir='ltr'>qui</span> <span class='ocrx_word' id='word_1_506' title='bbox 3320 1830 3379 1883; x_wconf 91' lang='lat' dir='ltr'>in</span> <span class='ocrx_word' id='word_1_507' title='bbox 3417 1828 3629 1883; x_wconf 87' lang='lat' dir='ltr'>civitate</span> <span class='ocrx_word' id='word_1_508' title='bbox 3653 1831 3762 1882; x_wconf 91' lang='lat' dir='ltr'>sunt</span> <span class='ocrx_word' id='word_1_509' title='bbox 3776 1844 3845 1880; x_wconf 86' lang='lat' dir='ltr'>an-</span> 
     </span>
    </p>
   </div>
   <div class='ocr_carea' id='block_1_78' title="bbox 2302 1921 3846 1990">
    <p class='ocr_par' dir='ltr' id='par_1_78' title="bbox 2302 1921 3846 1990">
     <span class='ocr_line' id='line_1_78' title="bbox 2302 1921 3846 1990; baseline -0.003 -13"><span class='ocrx_word' id='word_1_510' title='bbox 2302 1930 2697 1990; x_wconf 88' lang='lat' dir='ltr'>numerentur,</span> <span class='ocrx_word' id='word_1_511' title='bbox 2730 1923 2906 1977; x_wconf 89' lang='lat' dir='ltr'>frater</span> <span class='ocrx_word' id='word_1_512' title='bbox 2945 1921 3296 1990; x_wconf 89' lang='lat' dir='ltr'>charissime,</span> <span class='ocrx_word' id='word_1_513' title='bbox 3340 1921 3594 1976; x_wconf 89' lang='lat' dir='ltr'>libenter.</span> <span class='ocrx_word' id='word_1_514' title='bbox 3637 1922 3846 1975; x_wconf 68' lang='lat' dir='ltr'>Praeterea</span> 
     </span>
    </p>
   </div>
   <div class='ocr_carea' id='block_1_79' title="bbox 2302 2012 3845 2088">
    <p class='ocr_par' dir='ltr' id='par_1_79' title="bbox 2302 2012 3845 2088">
     <span class='ocr_line' id='line_1_79' title="bbox 2302 2012 3845 2088; baseline -0.005 -17"><span class='ocrx_word' id='word_1_515' title='bbox 2302 2017 2369 2072; x_wconf 90' lang='lat' dir='ltr'>de</span> <span class='ocrx_word' id='word_1_516' title='bbox 2399 2016 2675 2088; x_wconf 90' lang='lat' dir='ltr'>episcopis</span> <span class='ocrx_word' id='word_1_517' title='bbox 2703 2016 2957 2087; x_wconf 87' lang='lat' dir='ltr'>Helpidio</span> <span class='ocrx_word' id='word_1_518' title='bbox 2985 2019 3155 2087; x_wconf 88' lang='lat' dir='ltr'>atque</span> <span class='ocrx_word' id='word_1_519' title='bbox 3183 2017 3337 2087; x_wconf 91' lang='lat' dir='ltr'>Papo</span> <span class='ocrx_word' id='word_1_520' title='bbox 3364 2015 3596 2086; x_wconf 88' lang='lat' dir='ltr'>cognovi</span> <span class='ocrx_word' id='word_1_521' title='bbox 3619 2012 3748 2084; x_wconf 90' lang='lat' dir='ltr'>quod</span> <span class='ocrx_word' id='word_1_522' title='bbox 3762 2012 3845 2066; x_wconf 87' lang='lat' dir='ltr'>sine</span> 
     </span>
    </p>
   </div>
   <div class='ocr_carea' id='block_1_80' title="bbox 2303 2106 3846 2181">
    <p class='ocr_par' dir='ltr' id='par_1_80' title="bbox 2303 2106 3846 2181">
     <span class='ocr_line' id='line_1_80' title="bbox 2303 2106 3846 2181; baseline -0.004 -17"><span class='ocrx_word' id='word_1_523' title='bbox 2303 2110 2613 2181; x_wconf 85' lang='lat' dir='ltr'>quaestione</span> <span class='ocrx_word' id='word_1_524' title='bbox 2640 2127 2769 2164; x_wconf 91' lang='lat' dir='ltr'>suas</span> <span class='ocrx_word' id='word_1_525' title='bbox 2793 2110 3065 2164; x_wconf 90' lang='lat' dir='ltr'>Ecclesias</span> <span class='ocrx_word' id='word_1_526' title='bbox 3091 2108 3567 2180; x_wconf 87' lang='lat' dir='ltr'>recuperaverint,</span> <span class='ocrx_word' id='word_1_527' title='bbox 3589 2112 3637 2161; x_wconf 90' lang='lat' dir='ltr'>et</span> <span class='ocrx_word' id='word_1_528' title='bbox 3663 2106 3846 2160; x_wconf 86' lang='lat' dir='ltr'>multum</span> 
     </span>
    </p>
   </div>
   <div class='ocr_carea' id='block_1_81' title="bbox 2299 2198 3847 2275">
    <p class='ocr_par' dir='ltr' id='par_1_81' title="bbox 2299 2198 3847 2275">
     <span class='ocr_line' id='line_1_81' title="bbox 2299 2198 3847 2275; baseline -0.005 -17"><span class='ocrx_word' id='word_1_529' title='bbox 2299 2204 2359 2258; x_wconf 92' lang='lat' dir='ltr'>in</span> <span class='ocrx_word' id='word_1_530' title='bbox 2389 2204 2581 2275; x_wconf 89' lang='lat' dir='ltr'>gestis,</span> <span class='ocrx_word' id='word_1_531' title='bbox 2610 2206 2671 2257; x_wconf 91' lang='lat' dir='ltr'>ut</span> <span class='ocrx_word' id='word_1_532' title='bbox 2700 2203 3014 2274; x_wconf 89' lang='lat' dir='ltr'>subscripta</span> <span class='ocrx_word' id='word_1_533' title='bbox 3033 2206 3331 2269; x_wconf 90' lang='lat' dir='ltr'>testantur,</span> <span class='ocrx_word' id='word_1_534' title='bbox 3355 2201 3614 2256; x_wconf 88' lang='lat' dir='ltr'>sollicitus</span> <span class='ocrx_word' id='word_1_535' title='bbox 3632 2198 3847 2271; x_wconf 88' lang='lat' dir='ltr'>inquisivi,</span> 
     </span>
    </p>
   </div>
   <div class='ocr_carea' id='block_1_82' title="bbox 2299 2292 3849 2352">
    <p class='ocr_par' dir='ltr' id='par_1_82' title="bbox 2299 2292 3849 2352">
     <span class='ocr_line' id='line_1_82' title="bbox 2299 2292 3849 2352; baseline -0.005 -1"><span class='ocrx_word' id='word_1_536' title='bbox 2299 2303 2496 2352; x_wconf 89' lang='lat' dir='ltr'>utrum</span> <span class='ocrx_word' id='word_1_537' title='bbox 2522 2298 2581 2351; x_wconf 92' lang='lat' dir='ltr'>in</span> <span class='ocrx_word' id='word_1_538' title='bbox 2603 2297 2869 2351; x_wconf 90' lang='lat' dir='ltr'>omnibus</span> <span class='ocrx_word' id='word_1_539' title='bbox 2891 2301 3038 2350; x_wconf 86' lang='lat' dir='ltr'>esset</span> <span class='ocrx_word' id='word_1_540' title='bbox 3057 2295 3479 2350; x_wconf 89' lang='lat' dir='ltr'>conditionibus</span> <span class='ocrx_word' id='word_1_541' title='bbox 3501 2294 3792 2349; x_wconf 83' lang='lat' dir='ltr'>satisfactum</span> <span class='ocrx_word' id='word_1_542' title='bbox 3812 2292 3849 2344; x_wconf 90' lang='lat' dir='ltr'>in</span> 
     </span>
    </p>
   </div>
   <div class='ocr_carea' id='block_1_83' title="bbox 2300 2372 3852 2461">
    <p class='ocr_par' dir='ltr' id='par_1_83' title="bbox 2300 2372 3852 2461">
     <span class='ocr_line' id='line_1_83' title="bbox 2300 2372 3852 2461; baseline -0.006 -16"><span class='ocrx_word' id='word_1_543' title='bbox 2300 2408 2467 2445; x_wconf 88' lang='lat' dir='ltr'>causa</span> <span class='ocrx_word' id='word_1_544' title='bbox 2493 2391 2641 2445; x_wconf 85' lang='lat' dir='ltr'>beati</span> <span class='ocrx_word' id='word_1_545' title='bbox 2673 2396 2729 2445; x_wconf 88' lang='lat' dir='ltr'>et</span> <span class='ocrx_word' id='word_1_546' title='bbox 2758 2406 2885 2444; x_wconf 91' lang='lat' dir='ltr'>vere</span> <span class='ocrx_word' id='word_1_547' title='bbox 2914 2392 3027 2444; x_wconf 91' lang='lat' dir='ltr'>Deo</span> <span class='ocrx_word' id='word_1_548' title='bbox 3058 2389 3219 2461; x_wconf 85' lang='lat' dir='ltr'>digni</span> <span class='ocrx_word' id='word_1_549' title='bbox 3251 2389 3553 2444; x_wconf 89' lang='lat' dir='ltr'>sacerdotis</span> <span class='ocrx_word' id='word_1_550' title='bbox 3578 2372 3785 2443; x_wconf 82' lang='lat' dir='ltr'>Joannis.</span> <span class='ocrx_word' id='word_1_551' title='bbox 3808 2385 3852 2437; x_wconf 80' lang='lat' dir='ltr'>Et</span> 
     </span>
    </p>
   </div>
   <div class='ocr_carea' id='block_1_84' title="bbox 2299 2479 3850 2555">
    <p class='ocr_par' dir='ltr' id='par_1_84' title="bbox 2299 2479 3850 2555">
     <span class='ocr_line' id='line_1_84' title="bbox 2299 2479 3850 2555; baseline -0.006 -17"><span class='ocrx_word' id='word_1_552' title='bbox 2299 2501 2430 2539; x_wconf 94' lang='lat' dir='ltr'>cum</span> <span class='ocrx_word' id='word_1_553' title='bbox 2448 2501 2551 2555; x_wconf 92' lang='lat' dir='ltr'>per</span> <span class='ocrx_word' id='word_1_554' title='bbox 2568 2484 2791 2555; x_wconf 90' lang='lat' dir='ltr'>singula</span> <span class='ocrx_word' id='word_1_555' title='bbox 2809 2484 3042 2538; x_wconf 90' lang='lat' dir='ltr'>assertio</span> <span class='ocrx_word' id='word_1_556' title='bbox 3062 2484 3393 2554; x_wconf 88' lang='lat' dir='ltr'>legatorum</span> <span class='ocrx_word' id='word_1_557' title='bbox 3413 2500 3481 2538; x_wconf 88' lang='lat' dir='ltr'>ex</span> <span class='ocrx_word' id='word_1_558' title='bbox 3498 2487 3617 2537; x_wconf 84' lang='lat' dir='ltr'>voto</span> <span class='ocrx_word' id='word_1_559' title='bbox 3637 2479 3850 2549; x_wconf 77' lang='lat' dir='ltr'>completa</span> 
     </span>
    </p>
   </div>
   <div class='ocr_carea' id='block_1_85' title="bbox 2299 2574 3852 2648">
    <p class='ocr_par' dir='ltr' id='par_1_85' title="bbox 2299 2574 3852 2648">
     <span class='ocr_line' id='line_1_85' title="bbox 2299 2574 3852 2648; baseline -0.005 -16"><span class='ocrx_word' id='word_1_560' title='bbox 2299 2594 2416 2633; x_wconf 88' lang='lat' dir='ltr'>esse</span> <span class='ocrx_word' id='word_1_561' title='bbox 2466 2579 2757 2644; x_wconf 89' lang='lat' dir='ltr'>fateretur,</span> <span class='ocrx_word' id='word_1_562' title='bbox 2803 2578 3014 2648; x_wconf 86' lang='lat' dir='ltr'>gratias</span> <span class='ocrx_word' id='word_1_563' title='bbox 3071 2594 3249 2648; x_wconf 89' lang='lat' dir='ltr'>agens</span> <span class='ocrx_word' id='word_1_564' title='bbox 3306 2578 3423 2631; x_wconf 91' lang='lat' dir='ltr'>Deo</span> <span class='ocrx_word' id='word_1_565' title='bbox 3467 2574 3852 2631; x_wconf 85' lang='lat' dir='ltr'>communionem</span> 
     </span>
    </p>
   </div>
   <div class='ocr_carea' id='block_1_86' title="bbox 2298 2670 3852 2742">
    <p class='ocr_par' dir='ltr' id='par_1_86' title="bbox 2298 2670 3852 2742">
     <span class='ocr_line' id='line_1_86' title="bbox 2298 2670 3852 2742; baseline -0.004 -18"><span class='ocrx_word' id='word_1_566' title='bbox 2298 2671 2560 2726; x_wconf 72' lang='lat' dir='ltr'>Ecclesiae</span> <span class='ocrx_word' id='word_1_567' title='bbox 2599 2674 2802 2725; x_wconf 70' lang='lat' dir='ltr'>vestrae</span> <span class='ocrx_word' id='word_1_568' title='bbox 2843 2670 2919 2725; x_wconf 90' lang='lat' dir='ltr'>ita</span> <span class='ocrx_word' id='word_1_569' title='bbox 2958 2671 3167 2741; x_wconf 85' lang='lat' dir='ltr'>recepi,</span> <span class='ocrx_word' id='word_1_570' title='bbox 3203 2674 3269 2725; x_wconf 89' lang='lat' dir='ltr'>ut</span> <span class='ocrx_word' id='word_1_571' title='bbox 3300 2687 3423 2742; x_wconf 66' lang='lat' dir='ltr'>pra:</span> <span class='ocrx_word' id='word_1_572' title='bbox 3451 2686 3541 2725; x_wconf 90' lang='lat' dir='ltr'>me</span> <span class='ocrx_word' id='word_1_573' title='bbox 3565 2670 3723 2724; x_wconf 87' lang='lat' dir='ltr'>feram</span> <span class='ocrx_word' id='word_1_574' title='bbox 3758 2680 3852 2735; x_wconf 84' lang='lat' dir='ltr'>apo-</span> 
     </span>
    </p>
   </div>
   <div class='ocr_carea' id='block_1_87' title="bbox 2299 2757 3853 2835">
    <p class='ocr_par' dir='ltr' id='par_1_87' title="bbox 2299 2757 3853 2835">
     <span class='ocr_line' id='line_1_87' title="bbox 2299 2757 3853 2835; baseline -0.005 -17"><span class='ocrx_word' id='word_1_575' title='bbox 2299 2765 2509 2819; x_wconf 74' lang='lat' dir='ltr'>stolicae</span> <span class='ocrx_word' id='word_1_576' title='bbox 2560 2764 2707 2819; x_wconf 88' lang='lat' dir='ltr'>sedis</span> <span class='ocrx_word' id='word_1_577' title='bbox 2751 2763 3167 2835; x_wconf 88' lang='lat' dir='ltr'>condiscipulos</span> <span class='ocrx_word' id='word_1_578' title='bbox 3207 2764 3428 2835; x_wconf 90' lang='lat' dir='ltr'>primos</span> <span class='ocrx_word' id='word_1_579' title='bbox 3472 2762 3673 2817; x_wconf 88' lang='lat' dir='ltr'>dedisse</span> <span class='ocrx_word' id='word_1_580' title='bbox 3694 2757 3853 2813; x_wconf 61' lang='lat' dir='ltr'>ceteris</span> 
     </span>
    </p>
   </div>
   <div class='ocr_carea' id='block_1_88' title="bbox 2297 2850 3854 2929">
    <p class='ocr_par' dir='ltr' id='par_1_88' title="bbox 2297 2850 3854 2929">
     <span class='ocr_line' id='line_1_88' title="bbox 2297 2850 3854 2929; baseline -0.006 -16"><span class='ocrx_word' id='word_1_581' title='bbox 2297 2858 2448 2913; x_wconf 86' lang='lat' dir='ltr'>viam</span> <span class='ocrx_word' id='word_1_582' title='bbox 2478 2858 2651 2929; x_wconf 92' lang='lat' dir='ltr'>pacis,</span> <span class='ocrx_word' id='word_1_583' title='bbox 2675 2858 2734 2912; x_wconf 92' lang='lat' dir='ltr'>in</span> <span class='ocrx_word' id='word_1_584' title='bbox 2764 2874 2877 2929; x_wconf 88' lang='lat' dir='ltr'>qua</span> <span class='ocrx_word' id='word_1_585' title='bbox 2901 2857 3094 2911; x_wconf 84' lang='lat' dir='ltr'>ﬁrmos</span> <span class='ocrx_word' id='word_1_586' title='bbox 3126 2874 3240 2927; x_wconf 86' lang='lat' dir='ltr'>vos,</span> <span class='ocrx_word' id='word_1_587' title='bbox 3285 2873 3501 2928; x_wconf 89' lang='lat' dir='ltr'>nosque</span> <span class='ocrx_word' id='word_1_588' title='bbox 3522 2854 3720 2910; x_wconf 88' lang='lat' dir='ltr'>Domini</span> <span class='ocrx_word' id='word_1_589' title='bbox 3738 2850 3854 2906; x_wconf 82' lang='lat' dir='ltr'>Chri-</span> 
     </span>
    </p>
   </div>
   <div class='ocr_carea' id='block_1_89' title="bbox 2299 2943 3853 3023">
    <p class='ocr_par' dir='ltr' id='par_1_89' title="bbox 2299 2943 3853 3023">
     <span class='ocr_line' id='line_1_89' title="bbox 2299 2943 3853 3023; baseline -0.006 -18"><span class='ocrx_word' id='word_1_590' title='bbox 2299 2952 2374 3006; x_wconf 91' lang='lat' dir='ltr'>sti</span> <span class='ocrx_word' id='word_1_591' title='bbox 2411 2952 2486 3007; x_wconf 89' lang='lat' dir='ltr'>ita</span> <span class='ocrx_word' id='word_1_592' title='bbox 2529 2950 2853 3023; x_wconf 86' lang='lat' dir='ltr'>benignitas</span> <span class='ocrx_word' id='word_1_593' title='bbox 2895 2950 3315 3022; x_wconf 83' lang='lat' dir='ltr'>amplexabitur</span> <span class='ocrx_word' id='word_1_594' title='bbox 3357 2956 3525 3021; x_wconf 90' lang='lat' dir='ltr'>atque</span> <span class='ocrx_word' id='word_1_595' title='bbox 3560 2943 3853 3007; x_wconf 72' lang='lat' dir='ltr'>communiat,</span> 
     </span>
    </p>
   </div>
   <div class='ocr_carea' id='block_1_90' title="bbox 2300 3040 3855 3111">
    <p class='ocr_par' dir='ltr' id='par_1_90' title="bbox 2300 3040 3855 3111">
     <span class='ocr_line' id='line_1_90' title="bbox 2300 3040 3855 3111; baseline -0.008 -11"><span class='ocrx_word' id='word_1_596' title='bbox 2300 3051 2356 3100; x_wconf 87' lang='lat' dir='ltr'>et</span> <span class='ocrx_word' id='word_1_597' title='bbox 2393 3045 2549 3100; x_wconf 91' lang='lat' dir='ltr'>nullo</span> <span class='ocrx_word' id='word_1_598' title='bbox 2600 3045 2672 3099; x_wconf 90' lang='lat' dir='ltr'>de</span> <span class='ocrx_word' id='word_1_599' title='bbox 2714 3048 2919 3100; x_wconf 74' lang='lat' dir='ltr'>caetero</span> <span class='ocrx_word' id='word_1_600' title='bbox 2969 3044 3363 3111; x_wconf 89' lang='lat' dir='ltr'>titillamento,</span> <span class='ocrx_word' id='word_1_601' title='bbox 3411 3044 3498 3097; x_wconf 91' lang='lat' dir='ltr'>vel</span> <span class='ocrx_word' id='word_1_602' title='bbox 3524 3041 3622 3097; x_wconf 90' lang='lat' dir='ltr'>levi</span> <span class='ocrx_word' id='word_1_603' title='bbox 3646 3040 3855 3109; x_wconf 84' lang='lat' dir='ltr'>cujusque</span> 
     </span>
    </p>
   </div>
   <div class='ocr_carea' id='block_1_91' title="bbox 2299 3134 3855 3209">
    <p class='ocr_par' dir='ltr' id='par_1_91' title="bbox 2299 3134 3855 3209">
     <span class='ocr_line' id='line_1_91' title="bbox 2299 3134 3855 3209; baseline -0.006 -16"><span class='ocrx_word' id='word_1_604' title='bbox 2299 3138 2682 3194; x_wconf 88' lang='lat' dir='ltr'>contentionis</span> <span class='ocrx_word' id='word_1_605' title='bbox 2756 3137 2975 3209; x_wconf 93' lang='lat' dir='ltr'>pudore</span> <span class='ocrx_word' id='word_1_606' title='bbox 3048 3138 3375 3208; x_wconf 88' lang='lat' dir='ltr'>pulsentur.</span> <span class='ocrx_word' id='word_1_607' title='bbox 3464 3136 3663 3206; x_wconf 85' lang='lat' dir='ltr'>Scripta</span> <span class='ocrx_word' id='word_1_608' title='bbox 3718 3134 3855 3186; x_wconf 87' lang='lat' dir='ltr'>autem</span> 
     </span>
    </p>
   </div>
   <div class='ocr_carea' id='block_1_92' title="bbox 2299 3227 3855 3303">
    <p class='ocr_par' dir='ltr' id='par_1_92' title="bbox 2299 3227 3855 3303">
     <span class='ocr_line' id='line_1_92' title="bbox 2299 3227 3855 3303; baseline -0.004 -17"><span class='ocrx_word' id='word_1_609' title='bbox 2299 3232 2467 3286; x_wconf 85' lang='lat' dir='ltr'>Attici</span> <span class='ocrx_word' id='word_1_610' title='bbox 2511 3232 2777 3303; x_wconf 87' lang='lat' dir='ltr'>episcOpi,</span> <span class='ocrx_word' id='word_1_611' title='bbox 2807 3231 3081 3303; x_wconf 89' lang='lat' dir='ltr'>quoniam</span> <span class='ocrx_word' id='word_1_612' title='bbox 3113 3247 3244 3285; x_wconf 90' lang='lat' dir='ltr'>cum</span> <span class='ocrx_word' id='word_1_613' title='bbox 3278 3230 3482 3285; x_wconf 89' lang='lat' dir='ltr'>vestris</span> <span class='ocrx_word' id='word_1_614' title='bbox 3524 3233 3645 3283; x_wconf 88' lang='lat' dir='ltr'>sunt</span> <span class='ocrx_word' id='word_1_615' title='bbox 3665 3227 3855 3298; x_wconf 71' lang='lat' dir='ltr'>porrecta</span> 
     </span>
    </p>
   </div>
   <div class='ocr_carea' id='block_1_93' title="bbox 2298 3316 3855 3396">
    <p class='ocr_par' dir='ltr' id='par_1_93' title="bbox 2298 3316 3855 3396">
     <span class='ocr_line' id='line_1_93' title="bbox 2298 3316 3855 3396; baseline -0.006 -17"><span class='ocrx_word' id='word_1_616' title='bbox 2298 3325 2668 3396; x_wconf 90' lang='lat' dir='ltr'>suscepimus,</span> <span class='ocrx_word' id='word_1_617' title='bbox 2706 3342 2778 3381; x_wconf 91' lang='lat' dir='ltr'>ne</span> <span class='ocrx_word' id='word_1_618' title='bbox 2807 3342 2910 3396; x_wconf 91' lang='lat' dir='ltr'>per</span> <span class='ocrx_word' id='word_1_619' title='bbox 2939 3328 3181 3379; x_wconf 88' lang='lat' dir='ltr'>vestram</span> <span class='ocrx_word' id='word_1_620' title='bbox 3222 3324 3301 3395; x_wconf 90' lang='lat' dir='ltr'>inj</span> <span class='ocrx_word' id='word_1_621' title='bbox 3313 3324 3495 3379; x_wconf 89' lang='lat' dir='ltr'>uriam</span> <span class='ocrx_word' id='word_1_622' title='bbox 3527 3323 3615 3378; x_wconf 90' lang='lat' dir='ltr'>ille</span> <span class='ocrx_word' id='word_1_623' title='bbox 3659 3319 3741 3392; x_wconf 90' lang='lat' dir='ltr'>qui</span> <span class='ocrx_word' id='word_1_624' title='bbox 3762 3316 3855 3371; x_wconf 88' lang='lat' dir='ltr'>olim</span> 
     </span>
    </p>
   </div>
   <div class='ocr_carea' id='block_1_94' title="bbox 2300 3417 3853 3492">
    <p class='ocr_par' dir='ltr' id='par_1_94' title="bbox 2300 3417 3853 3492">
     <span class='ocr_line' id='line_1_94' title="bbox 2300 3417 3853 3492; baseline -0.006 -18"><span class='ocrx_word' id='word_1_625' title='bbox 2300 3436 2334 3474; x_wconf 90' lang='lat' dir='ltr'>a</span> <span class='ocrx_word' id='word_1_626' title='bbox 2378 3419 2543 3474; x_wconf 90' lang='lat' dir='ltr'>nobis</span> <span class='ocrx_word' id='word_1_627' title='bbox 2593 3436 2898 3492; x_wconf 90' lang='lat' dir='ltr'>suspensus</span> <span class='ocrx_word' id='word_1_628' title='bbox 2944 3419 3129 3473; x_wconf 89' lang='lat' dir='ltr'>fuerat</span> <span class='ocrx_word' id='word_1_629' title='bbox 3176 3418 3600 3489; x_wconf 90' lang='lat' dir='ltr'>repudiaretur,</span> <span class='ocrx_word' id='word_1_630' title='bbox 3636 3417 3684 3469; x_wconf 89' lang='lat' dir='ltr'>et</span> <span class='ocrx_word' id='word_1_631' title='bbox 3715 3418 3853 3467; x_wconf 81' lang='lat' dir='ltr'>tamen</span> 
     </span>
    </p>
   </div>
   <div class='ocr_carea' id='block_1_95' title="bbox 2300 3508 3855 3584">
    <p class='ocr_par' dir='ltr' id='par_1_95' title="bbox 2300 3508 3855 3584">
     <span class='ocr_line' id='line_1_95' title="bbox 2300 3508 3855 3584; baseline -0.008 -17"><span class='ocrx_word' id='word_1_632' title='bbox 2300 3512 2432 3567; x_wconf 87' lang='lat' dir='ltr'>satis</span> <span class='ocrx_word' id='word_1_633' title='bbox 2450 3513 2675 3568; x_wconf 90' lang='lat' dir='ltr'>abunde</span> <span class='ocrx_word' id='word_1_634' title='bbox 2702 3530 2829 3584; x_wconf 64' lang='lat' dir='ltr'>quas</span> <span class='ocrx_word' id='word_1_635' title='bbox 2855 3512 2914 3566; x_wconf 91' lang='lat' dir='ltr'>in</span> <span class='ocrx_word' id='word_1_636' title='bbox 2940 3512 3081 3567; x_wconf 91' lang='lat' dir='ltr'>actis</span> <span class='ocrx_word' id='word_1_637' title='bbox 3111 3511 3442 3579; x_wconf 89' lang='lat' dir='ltr'>statuimus,</span> <span class='ocrx_word' id='word_1_638' title='bbox 3470 3510 3605 3565; x_wconf 87' lang='lat' dir='ltr'>sicut</span> <span class='ocrx_word' id='word_1_639' title='bbox 3622 3508 3855 3579; x_wconf 78' lang='lat' dir='ltr'>dignanter</span> 
     </span>
    </p>
   </div>
   <div class='ocr_carea' id='block_1_96' title="bbox 2299 3598 3855 3678">
    <p class='ocr_par' dir='ltr' id='par_1_96' title="bbox 2299 3598 3855 3678">
     <span class='ocr_line' id='line_1_96' title="bbox 2299 3598 3855 3678; baseline -0.007 -17"><span class='ocrx_word' id='word_1_640' title='bbox 2299 3607 2553 3678; x_wconf 88' lang='lat' dir='ltr'>relegere</span> <span class='ocrx_word' id='word_1_641' title='bbox 2582 3607 2933 3678; x_wconf 89' lang='lat' dir='ltr'>procurabis,</span> <span class='ocrx_word' id='word_1_642' title='bbox 2990 3605 3130 3677; x_wconf 90' lang='lat' dir='ltr'>quid</span> <span class='ocrx_word' id='word_1_643' title='bbox 3178 3605 3238 3660; x_wconf 92' lang='lat' dir='ltr'>in</span> <span class='ocrx_word' id='word_1_644' title='bbox 3291 3607 3421 3677; x_wconf 85' lang='lat' dir='ltr'>ejus</span> <span class='ocrx_word' id='word_1_645' title='bbox 3452 3619 3678 3676; x_wconf 88' lang='lat' dir='ltr'>persona</span> <span class='ocrx_word' id='word_1_646' title='bbox 3709 3598 3855 3654; x_wconf 78' lang='lat' dir='ltr'>debeat</span> 
     </span>
    </p>
   </div>
   <div class='ocr_carea' id='block_1_97' title="bbox 2300 3694 3855 3770">
    <p class='ocr_par' dir='ltr' id='par_1_97' title="bbox 2300 3694 3855 3770">
     <span class='ocr_line' id='line_1_97' title="bbox 2300 3694 3855 3770; baseline -0.005 -15"><span class='ocrx_word' id='word_1_647' title='bbox 2300 3700 2590 3767; x_wconf 91' lang='lat' dir='ltr'>custodiri,</span> <span class='ocrx_word' id='word_1_648' title='bbox 2608 3701 2693 3754; x_wconf 89' lang='lat' dir='ltr'>vel</span> <span class='ocrx_word' id='word_1_649' title='bbox 2718 3700 2765 3754; x_wconf 90' lang='lat' dir='ltr'>si</span> <span class='ocrx_word' id='word_1_650' title='bbox 2780 3716 2885 3770; x_wconf 90' lang='lat' dir='ltr'>per</span> <span class='ocrx_word' id='word_1_651' title='bbox 2900 3699 3094 3754; x_wconf 89' lang='lat' dir='ltr'>omnia</span> <span class='ocrx_word' id='word_1_652' title='bbox 3116 3700 3322 3754; x_wconf 88' lang='lat' dir='ltr'>vestris</span> <span class='ocrx_word' id='word_1_653' title='bbox 3344 3698 3587 3754; x_wconf 88' lang='lat' dir='ltr'>consiliis</span> <span class='ocrx_word' id='word_1_654' title='bbox 3604 3694 3855 3761; x_wconf 79' lang='lat' dir='ltr'>actibusque</span> 
     </span>
    </p>
   </div>
   <div class='ocr_carea' id='block_1_98' title="bbox 2299 3788 3857 3864">
    <p class='ocr_par' dir='ltr' id='par_1_98' title="bbox 2299 3788 3857 3864">
     <span class='ocr_line' id='line_1_98' title="bbox 2299 3788 3857 3864; baseline -0.006 -17"><span class='ocrx_word' id='word_1_655' title='bbox 2299 3798 2415 3847; x_wconf 89' lang='lat' dir='ltr'>tam</span> <span class='ocrx_word' id='word_1_656' title='bbox 2438 3793 2644 3848; x_wconf 91' lang='lat' dir='ltr'>sanctis</span> <span class='ocrx_word' id='word_1_657' title='bbox 2664 3810 2721 3848; x_wconf 90' lang='lat' dir='ltr'>se</span> <span class='ocrx_word' id='word_1_658' title='bbox 2744 3793 3028 3864; x_wconf 90' lang='lat' dir='ltr'>rogaverit</span> <span class='ocrx_word' id='word_1_659' title='bbox 3045 3809 3165 3848; x_wconf 88' lang='lat' dir='ltr'>esse</span> <span class='ocrx_word' id='word_1_660' title='bbox 3182 3809 3569 3859; x_wconf 90' lang='lat' dir='ltr'>communem,</span> <span class='ocrx_word' id='word_1_661' title='bbox 3593 3788 3857 3862; x_wconf 66' lang='lat' dir='ltr'>praestentur</span> 
     </span>
    </p>
   </div>
   <div class='ocr_carea' id='block_1_99' title="bbox 2299 3874 3857 3958">
    <p class='ocr_par' dir='ltr' id='par_1_99' title="bbox 2299 3874 3857 3958">
     <span class='ocr_line' id='line_1_99' title="bbox 2299 3874 3857 3958; baseline -0.003 -17"><span class='ocrx_word' id='word_1_662' title='bbox 2299 3887 2419 3941; x_wconf 88' lang='lat' dir='ltr'>seni</span> <span class='ocrx_word' id='word_1_663' title='bbox 2465 3887 2658 3942; x_wconf 88' lang='lat' dir='ltr'>favore</span> <span class='ocrx_word' id='word_1_664' title='bbox 2701 3890 2887 3942; x_wconf 91' lang='lat' dir='ltr'>vestro</span> <span class='ocrx_word' id='word_1_665' title='bbox 2939 3892 3244 3958; x_wconf 89' lang='lat' dir='ltr'>nostroque</span> <span class='ocrx_word' id='word_1_666' title='bbox 3271 3886 3498 3957; x_wconf 87' lang='lat' dir='ltr'>judicio</span> <span class='ocrx_word' id='word_1_667' title='bbox 3522 3874 3857 3940; x_wconf 68' lang='lat' dir='ltr'>communionis</span> 
     </span>
    </p>
   </div>
   <div class='ocr_carea' id='block_1_100' title="bbox 2298 3970 3855 4053">
    <p class='ocr_par' dir='ltr' id='par_1_100' title="bbox 2298 3970 3855 4053">
     <span class='ocr_line' id='line_1_100' title="bbox 2298 3970 3855 4053; baseline -0.003 -19"><span class='ocrx_word' id='word_1_668' title='bbox 2298 3984 2470 4052; x_wconf 88' lang='lat' dir='ltr'>atque</span> <span class='ocrx_word' id='word_1_669' title='bbox 2488 3981 2804 4036; x_wconf 88' lang='lat' dir='ltr'>litterarum</span> <span class='ocrx_word' id='word_1_670' title='bbox 2827 3998 2861 4036; x_wconf 92' lang='lat' dir='ltr'>a</span> <span class='ocrx_word' id='word_1_671' title='bbox 2886 3981 3050 4035; x_wconf 92' lang='lat' dir='ltr'>nobis</span> <span class='ocrx_word' id='word_1_672' title='bbox 3076 3980 3256 4052; x_wconf 86' lang='lat' dir='ltr'>gratia</span> <span class='ocrx_word' id='word_1_673' title='bbox 3279 3986 3609 4053; x_wconf 84' lang='lat' dir='ltr'>prorogata.</span> <span class='ocrx_word' id='word_1_674' title='bbox 3635 3970 3855 4039; x_wconf 75' lang='lat' dir='ltr'>Subscrip-</span> 
     </span>
    </p>
   </div>
   <div class='ocr_carea' id='block_1_101' title="bbox 2299 4074 3225 4146">
    <p class='ocr_par' dir='ltr' id='par_1_101' title="bbox 2299 4074 3225 4146">
     <span class='ocr_line' id='line_1_101' title="bbox 2299 4074 3225 4146; baseline 0.001 -18"><span class='ocrx_word' id='word_1_675' title='bbox 2299 4079 2496 4129; x_wconf 91' lang='lat' dir='ltr'>serunt</span> <span class='ocrx_word' id='word_1_676' title='bbox 2524 4074 2771 4146; x_wconf 90' lang='lat' dir='ltr'>episcopi</span> <span class='ocrx_word' id='word_1_677' title='bbox 2800 4077 2889 4130; x_wconf 83' lang='lat'>20.</span> <span class='ocrx_word' id='word_1_678' title='bbox 2918 4075 3094 4129; x_wconf 70' lang='lat' dir='ltr'>Italia:</span> <span class='ocrx_word' id='word_1_679' title='bbox 3136 4075 3225 4129; x_wconf 74' lang='grc'>24.</span> 
     </span>
    </p>
   </div>
   <div class='ocr_carea' id='block_1_102' title="bbox 2428 4168 3767 4240">
    <p class='ocr_par' dir='ltr' id='par_1_102' title="bbox 2428 4168 3767 4240">
     <span class='ocr_line' id='line_1_102' title="bbox 2428 4168 3767 4240; baseline -0.004 -16"><span class='ocrx_word' id='word_1_680' title='bbox 2428 4170 2675 4238; x_wconf 82' lang='lat' dir='ltr'>Epistola</span> <span class='ocrx_word' id='word_1_681' title='bbox 2700 4169 2937 4237; x_wconf 83' lang='lat' dir='ltr'>ejusdem</span> <span class='ocrx_word' id='word_1_682' title='bbox 2965 4169 3041 4223; x_wconf 85' lang='lat' dir='ltr'>ad</span> <span class='ocrx_word' id='word_1_683' title='bbox 3069 4168 3455 4224; x_wconf 68' lang='lat' dir='ltr'>Alexandrum</span> <span class='ocrx_word' id='word_1_684' title='bbox 3484 4171 3767 4240; x_wconf 83' lang='lat' dir='ltr'>episcopum.</span> 
     </span>
    </p>
   </div>
   <div class='ocr_carea' id='block_1_103' title="bbox 2378 4253 3855 4334">
    <p class='ocr_par' dir='ltr' id='par_1_103' title="bbox 2378 4253 3855 4334">
     <span class='ocr_line' id='line_1_103' title="bbox 2378 4253 3855 4334; baseline -0.006 -17"><span class='ocrx_word' id='word_1_685' title='bbox 2378 4267 2424 4317; x_wconf 89' lang='lat' dir='ltr'>l.</span> <span class='ocrx_word' id='word_1_686' title='bbox 2450 4262 2608 4327; x_wconf 83' lang='lat' dir='ltr'>Quod</span> <span class='ocrx_word' id='word_1_687' title='bbox 2639 4263 2824 4334; x_wconf 91' lang='lat' dir='ltr'>prima</span> <span class='ocrx_word' id='word_1_688' title='bbox 2852 4263 3013 4317; x_wconf 91' lang='lat' dir='ltr'>sedes</span> <span class='ocrx_word' id='word_1_689' title='bbox 3039 4262 3189 4318; x_wconf 87' lang='lat' dir='ltr'>beati</span> <span class='ocrx_word' id='word_1_690' title='bbox 3215 4263 3376 4317; x_wconf 87' lang='lat' dir='ltr'>Petri</span> <span class='ocrx_word' id='word_1_691' title='bbox 3403 4260 3555 4334; x_wconf 91' lang='lat' dir='ltr'>apud</span> <span class='ocrx_word' id='word_1_692' title='bbox 3579 4253 3855 4316; x_wconf 81' lang='lat' dir='ltr'>Antiochiam</span> 
     </span>
    </p>
   </div>
   <div class='ocr_carea' id='block_1_104' title="bbox 2299 4361 2821 4411">
    <p class='ocr_par' dir='ltr' id='par_1_104' title="bbox 2299 4361 2821 4411">
     <span class='ocr_line' id='line_1_104' title="bbox 2299 4361 2821 4411; baseline -0.004 0"><span class='ocrx_word' id='word_1_693' title='bbox 2299 4372 2421 4411; x_wconf 90' lang='lat' dir='ltr'>esse</span> <span class='ocrx_word' id='word_1_694' title='bbox 2450 4361 2821 4411; x_wconf 77' lang='lat' dir='ltr'>memoratur.</span> 
     </span>
    </p>
   </div>
   <div class='ocr_carea' id='block_1_105' title="bbox 2369 4445 3859 4521">
    <p class='ocr_par' dir='ltr' id='par_1_105' title="bbox 2369 4445 3859 4521">
     <span class='ocr_line' id='line_1_105' title="bbox 2369 4445 3859 4521; baseline -0.004 -16"><span class='ocrx_word' id='word_1_695' title='bbox 2369 4453 2422 4505; x_wconf 83' lang='lat'>2.</span> <span class='ocrx_word' id='word_1_696' title='bbox 2449 4449 2610 4514; x_wconf 90' lang='lat' dir='ltr'>Quod</span> <span class='ocrx_word' id='word_1_697' title='bbox 2628 4466 2747 4504; x_wconf 94' lang='lat' dir='ltr'>non</span> <span class='ocrx_word' id='word_1_698' title='bbox 2766 4454 2991 4521; x_wconf 91' lang='lat' dir='ltr'>oportet</span> <span class='ocrx_word' id='word_1_699' title='bbox 3015 4449 3341 4505; x_wconf 89' lang='lat' dir='ltr'>secundum</span> <span class='ocrx_word' id='word_1_700' title='bbox 3362 4450 3658 4507; x_wconf 88' lang='lat' dir='ltr'>constituta</span> <span class='ocrx_word' id='word_1_701' title='bbox 3679 4445 3859 4513; x_wconf 70' lang='lat' dir='ltr'>impera-</span> 
     </span>
    </p>
   </div>
   <div class='ocr_carea' id='block_1_106' title="bbox 2302 4543 3506 4617">
    <p class='ocr_par' dir='ltr' id='par_1_106' title="bbox 2302 4543 3506 4617">
     <span class='ocr_line' id='line_1_106' title="bbox 2302 4543 3506 4617; baseline 0.002 -21"><span class='ocrx_word' id='word_1_702' title='bbox 2302 4546 2485 4599; x_wconf 89' lang='lat' dir='ltr'>torem</span> <span class='ocrx_word' id='word_1_703' title='bbox 2515 4543 2656 4597; x_wconf 90' lang='lat' dir='ltr'>duos</span> <span class='ocrx_word' id='word_1_704' title='bbox 2683 4559 2804 4598; x_wconf 90' lang='lat' dir='ltr'>esse</span> <span class='ocrx_word' id='word_1_705' title='bbox 2838 4544 3164 4615; x_wconf 90' lang='lat' dir='ltr'>metropolis</span> <span class='ocrx_word' id='word_1_706' title='bbox 3193 4545 3506 4617; x_wconf 88' lang='lat' dir='ltr'>episcopos.</span> 
     </span>
    </p>
   </div>
   <div class='ocr_carea' id='block_1_107' title="bbox 2371 4624 3860 4705">
    <p class='ocr_par' dir='ltr' id='par_1_107' title="bbox 2371 4624 3860 4705">
     <span class='ocr_line' id='line_1_107' title="bbox 2371 4624 3860 4705; baseline -0.004 -14"><span class='ocrx_word' id='word_1_707' title='bbox 2371 4640 2423 4692; x_wconf 89' lang='lat'>3.</span> <span class='ocrx_word' id='word_1_708' title='bbox 2458 4636 2624 4700; x_wconf 92' lang='lat' dir='ltr'>Quod</span> <span class='ocrx_word' id='word_1_709' title='bbox 2648 4638 2987 4693; x_wconf 88' lang='lat' dir='ltr'>Arianorum</span> <span class='ocrx_word' id='word_1_710' title='bbox 3015 4638 3206 4692; x_wconf 90' lang='lat' dir='ltr'>clerici</span> <span class='ocrx_word' id='word_1_711' title='bbox 3238 4655 3358 4694; x_wconf 90' lang='lat' dir='ltr'>non</span> <span class='ocrx_word' id='word_1_712' title='bbox 3384 4642 3519 4693; x_wconf 89' lang='lat' dir='ltr'>sunt</span> <span class='ocrx_word' id='word_1_713' title='bbox 3542 4624 3860 4705; x_wconf 77' lang='lat' dir='ltr'>recipiendiiﬂ</span> 
     </span>
    </p>
   </div>
   <div class='ocr_carea' id='block_1_108' title="bbox 2300 4721 3859 4804">
    <p class='ocr_par' dir='ltr' id='par_1_108' title="bbox 2300 4721 3859 4804">
     <span class='ocr_line' id='line_1_108' title="bbox 2300 4721 3859 4804; baseline 0.001 -18"><span class='ocrx_word' id='word_1_714' title='bbox 2300 4731 2416 4786; x_wconf 90' lang='lat' dir='ltr'>suis</span> <span class='ocrx_word' id='word_1_715' title='bbox 2442 4730 2658 4799; x_wconf 84' lang='lat' dir='ltr'>ofﬁciis,</span> <span class='ocrx_word' id='word_1_716' title='bbox 2702 4733 2962 4803; x_wconf 89' lang='lat' dir='ltr'>quamvis</span> <span class='ocrx_word' id='word_1_717' title='bbox 2989 4749 3185 4787; x_wconf 89' lang='lat' dir='ltr'>eorum</span> <span class='ocrx_word' id='word_1_718' title='bbox 3213 4732 3580 4804; x_wconf 90' lang='lat' dir='ltr'>baptismum,</span> <span class='ocrx_word' id='word_1_719' title='bbox 3606 4728 3695 4801; x_wconf 85' lang='lat' dir='ltr'>qui</span> <span class='ocrx_word' id='word_1_720' title='bbox 3717 4721 3859 4778; x_wconf 67' lang='grc' dir='ltr'>θᾶῑίιο·</span> 
     </span>
    </p>
   </div>
   <div class='ocr_carea' id='block_1_109' title="bbox 2299 4825 3339 4893">
    <p class='ocr_par' dir='ltr' id='par_1_109' title="bbox 2299 4825 3339 4893">
     <span class='ocr_line' id='line_1_109' title="bbox 2299 4825 3339 4893; baseline 0.002 -13"><span class='ocrx_word' id='word_1_721' title='bbox 2299 4826 2438 4880; x_wconf 90' lang='lat' dir='ltr'>licus</span> <span class='ocrx_word' id='word_1_722' title='bbox 2470 4830 2707 4893; x_wconf 89' lang='lat' dir='ltr'>constat,</span> <span class='ocrx_word' id='word_1_723' title='bbox 2741 4825 3043 4881; x_wconf 87' lang='lat' dir='ltr'>confirmet</span> <span class='ocrx_word' id='word_1_724' title='bbox 3072 4827 3339 4882; x_wconf 85' lang='lat' dir='ltr'>Ecclesia.</span> 
     </span>
    </p>
   </div>
   <div class='ocr_carea' id='block_1_110' title="bbox 2369 4916 3862 4993">
    <p class='ocr_par' dir='ltr' id='par_1_110' title="bbox 2369 4916 3862 4993">
     <span class='ocr_line' id='line_1_110' title="bbox 2369 4916 3862 4993; baseline -0.011 -17"><span class='ocrx_word' id='word_1_725' title='bbox 2369 4922 2498 4976; x_wconf 80' lang='lat' dir='ltr'>CAP.</span> <span class='ocrx_word' id='word_1_726' title='bbox 2540 4920 2580 4974; x_wconf 90' lang='grc' dir='ltr'><strong>Ι.</strong></span> <span class='ocrx_word' id='word_1_727' title='bbox 2620 4920 2983 4977; x_wconf 79' lang='lat' dir='ltr'>INNOCENTIUS</span> <span class='ocrx_word' id='word_1_728' title='bbox 3021 4924 3356 4977; x_wconf 73' lang='lat' dir='ltr'>ALEXANDRO</span> <span class='ocrx_word' id='word_1_729' title='bbox 3385 4921 3660 4993; x_wconf 90' lang='lat' dir='ltr'>episcopo.</span> <span class='ocrx_word' id='word_1_730' title='bbox 3685 4916 3741 4969; x_wconf 86' lang='lat' dir='ltr'>Et</span> <span class='ocrx_word' id='word_1_731' title='bbox 3759 4918 3862 4963; x_wconf 81' lang='lat' dir='ltr'>onus</span> 
     </span>
    </p>
   </div>
   <div class='ocr_carea' id='block_1_111' title="bbox 2301 5012 3860 5086">
    <p class='ocr_par' dir='ltr' id='par_1_111' title="bbox 2301 5012 3860 5086">
     <span class='ocr_line' id='line_1_111' title="bbox 2301 5012 3860 5086; baseline -0.005 -18"><span class='ocrx_word' id='word_1_732' title='bbox 2301 5019 2358 5069; x_wconf 90' lang='lat' dir='ltr'>et</span> <span class='ocrx_word' id='word_1_733' title='bbox 2381 5014 2568 5069; x_wconf 91' lang='lat' dir='ltr'>honor</span> <span class='ocrx_word' id='word_1_734' title='bbox 2592 5014 2757 5069; x_wconf 91' lang='lat' dir='ltr'>nobis</span> <span class='ocrx_word' id='word_1_735' title='bbox 2787 5032 2821 5069; x_wconf 90' lang='lat' dir='ltr'>a</span> <span class='ocrx_word' id='word_1_736' title='bbox 2850 5020 2950 5070; x_wconf 91' lang='lat' dir='ltr'>tua</span> <span class='ocrx_word' id='word_1_737' title='bbox 2976 5014 3335 5069; x_wconf 87' lang='lat' dir='ltr'>fraternitate</span> <span class='ocrx_word' id='word_1_738' title='bbox 3358 5012 3651 5086; x_wconf 88' lang='lat' dir='ltr'>impositus</span> <span class='ocrx_word' id='word_1_739' title='bbox 3667 5013 3860 5064; x_wconf 71' lang='lat' dir='ltr'>necessa-</span> 
     </span>
    </p>
   </div>
   <div class='ocr_carea' id='block_1_112' title="bbox 2300 5105 3863 5181">
    <p class='ocr_par' dir='ltr' id='par_1_112' title="bbox 2300 5105 3863 5181">
     <span class='ocr_line' id='line_1_112' title="bbox 2300 5105 3863 5181; baseline -0.006 -20"><span class='ocrx_word' id='word_1_740' title='bbox 2300 5107 2371 5161; x_wconf 90' lang='lat' dir='ltr'>rii</span> <span class='ocrx_word' id='word_1_741' title='bbox 2393 5111 2663 5162; x_wconf 89' lang='lat' dir='ltr'>tractatus</span> <span class='ocrx_word' id='word_1_742' title='bbox 2684 5124 2891 5175; x_wconf 81' lang='lat' dir='ltr'>causas</span> <span class='ocrx_word' id='word_1_743' title='bbox 2916 5108 3162 5179; x_wconf 85' lang='lat' dir='ltr'>induxit,</span> <span class='ocrx_word' id='word_1_744' title='bbox 3193 5126 3307 5181; x_wconf 90' lang='lat' dir='ltr'>quo</span> <span class='ocrx_word' id='word_1_745' title='bbox 3341 5107 3549 5162; x_wconf 88' lang='lat' dir='ltr'>litteris</span> <span class='ocrx_word' id='word_1_746' title='bbox 3574 5105 3654 5159; x_wconf 84' lang='lat' dir='ltr'>vel</span> <span class='ocrx_word' id='word_1_747' title='bbox 3679 5107 3863 5155; x_wconf 74' lang='lat' dir='ltr'>commo-</span> 
     </span>
    </p>
   </div>
   <div class='ocr_carea' id='block_1_113' title="bbox 2299 5198 3862 5274">
    <p class='ocr_par' dir='ltr' id='par_1_113' title="bbox 2299 5198 3862 5274">
     <span class='ocr_line' id='line_1_113' title="bbox 2299 5198 3862 5274; baseline -0.003 -19"><span class='ocrx_word' id='word_1_748' title='bbox 2299 5200 2511 5257; x_wconf 89' lang='lat' dir='ltr'>nitorio</span> <span class='ocrx_word' id='word_1_749' title='bbox 2555 5206 2756 5271; x_wconf 88' lang='lat' dir='ltr'>vestro,</span> <span class='ocrx_word' id='word_1_750' title='bbox 2802 5208 2869 5256; x_wconf 90' lang='lat' dir='ltr'>ut</span> <span class='ocrx_word' id='word_1_751' title='bbox 2894 5203 2991 5258; x_wconf 89' lang='lat' dir='ltr'>dat</span> <span class='ocrx_word' id='word_1_752' title='bbox 3017 5204 3195 5258; x_wconf 89' lang='lat' dir='ltr'>sancti</span> <span class='ocrx_word' id='word_1_753' title='bbox 3223 5203 3468 5274; x_wconf 89' lang='lat' dir='ltr'>Spiritus</span> <span class='ocrx_word' id='word_1_754' title='bbox 3491 5198 3661 5272; x_wconf 87' lang='lat' dir='ltr'>gratia</span> <span class='ocrx_word' id='word_1_755' title='bbox 3683 5200 3862 5261; x_wconf 55' lang='grc' dir='ltr'>κερου-</span> 
     </span>
    </p>
   </div>
   <div class='ocr_carea' id='block_1_114' title="bbox 2301 5286 3861 5368">
    <p class='ocr_par' dir='ltr' id='par_1_114' title="bbox 2301 5286 3861 5368">
     <span class='ocr_line' id='line_1_114' title="bbox 2301 5286 3861 5368; baseline -0.004 -19"><span class='ocrx_word' id='word_1_756' title='bbox 2301 5295 2434 5350; x_wconf 89' lang='lat' dir='ltr'>dere</span> <span class='ocrx_word' id='word_1_757' title='bbox 2490 5295 2787 5367; x_wconf 90' lang='lat' dir='ltr'>possimus.</span> <span class='ocrx_word' id='word_1_758' title='bbox 2861 5297 3233 5352; x_wconf 84' lang='lat' dir='ltr'>Revolventes</span> <span class='ocrx_word' id='word_1_759' title='bbox 3286 5298 3481 5368; x_wconf 87' lang='lat' dir='ltr'>itaque</span> <span class='ocrx_word' id='word_1_760' title='bbox 3534 5286 3861 5348; x_wconf 63' lang='lat' dir='ltr'>auctoritatem</span> 
     </span>
    </p>
   </div>
   <div class='ocr_carea' id='block_1_115' title="bbox 2301 5382 3864 5462">
    <p class='ocr_par' dir='ltr' id='par_1_115' title="bbox 2301 5382 3864 5462">
     <span class='ocr_line' id='line_1_115' title="bbox 2301 5382 3864 5462; baseline -0.004 -19"><span class='ocrx_word' id='word_1_761' title='bbox 2301 5389 2543 5444; x_wconf 65' lang='lat' dir='ltr'>Nicaeum</span> <span class='ocrx_word' id='word_1_762' title='bbox 2569 5390 2793 5461; x_wconf 83' lang='lat' dir='ltr'>synodi,</span> <span class='ocrx_word' id='word_1_763' title='bbox 2824 5406 2954 5462; x_wconf 84' lang='lat' dir='ltr'>quae</span> <span class='ocrx_word' id='word_1_764' title='bbox 2987 5408 3096 5446; x_wconf 87' lang='lat' dir='ltr'>una</span> <span class='ocrx_word' id='word_1_765' title='bbox 3120 5391 3379 5446; x_wconf 88' lang='lat' dir='ltr'>omnium</span> <span class='ocrx_word' id='word_1_766' title='bbox 3407 5406 3512 5461; x_wconf 88' lang='lat' dir='ltr'>per</span> <span class='ocrx_word' id='word_1_767' title='bbox 3535 5386 3715 5442; x_wconf 87' lang='lat' dir='ltr'>orbem</span> <span class='ocrx_word' id='word_1_768' title='bbox 3736 5382 3864 5432; x_wconf 69' lang='lat' dir='ltr'>terr&quot;</span> 
     </span>
    </p>
   </div>
   <div class='ocr_carea' id='block_1_116' title="bbox 2301 5463 3862 5555">
    <p class='ocr_par' dir='ltr' id='par_1_116' title="bbox 2301 5463 3862 5555">
     <span class='ocr_line' id='line_1_116' title="bbox 2301 5463 3862 5555; baseline -0.01 -18"><span class='ocrx_word' id='word_1_769' title='bbox 2301 5499 2431 5537; x_wconf 91' lang='lat' dir='ltr'>rum</span> <span class='ocrx_word' id='word_1_770' title='bbox 2456 5483 2700 5554; x_wconf 83' lang='lat' dir='ltr'>explicat</span> <span class='ocrx_word' id='word_1_771' title='bbox 2727 5490 2974 5539; x_wconf 89' lang='lat' dir='ltr'>mentem</span> <span class='ocrx_word' id='word_1_772' title='bbox 3025 5486 3401 5551; x_wconf 90' lang='lat' dir='ltr'>sacerdotum,</span> <span class='ocrx_word' id='word_1_773' title='bbox 3454 5498 3578 5555; x_wconf 73' lang='lat' dir='ltr'>qua:</span> <span class='ocrx_word' id='word_1_774' title='bbox 3609 5471 3792 5533; x_wconf 88' lang='lat' dir='ltr'>censuit</span> <span class='ocrx_word' id='word_1_775' title='bbox 3815 5463 3862 5516; x_wconf 74' lang='lat' dir='ltr'>de</span> 
     </span>
    </p>
   </div>
   <div class='ocr_carea' id='block_1_117' title="bbox 2300 5560 3864 5635">
    <p class='ocr_par' dir='ltr' id='par_1_117' title="bbox 2300 5560 3864 5635">
     <span class='ocr_line' id='line_1_117' title="bbox 2300 5560 3864 5635; baseline -0.005 -5"><span class='ocrx_word' id='word_1_776' title='bbox 2300 5576 2661 5632; x_wconf 87' lang='lat' dir='ltr'>Antiochena</span> <span class='ocrx_word' id='word_1_777' title='bbox 2708 5578 2957 5633; x_wconf 86' lang='lat' dir='ltr'>Ecclesia</span> <span class='ocrx_word' id='word_1_778' title='bbox 3008 5580 3223 5635; x_wconf 89' lang='lat' dir='ltr'>cunctis</span> <span class='ocrx_word' id='word_1_779' title='bbox 3265 5577 3525 5633; x_wconf 85' lang='lat' dir='ltr'>ﬁdelibus</span> <span class='ocrx_word' id='word_1_780' title='bbox 3565 5590 3633 5630; x_wconf 90' lang='lat' dir='ltr'>ne</span> <span class='ocrx_word' id='word_1_781' title='bbox 3676 5560 3864 5623; x_wconf 73' lang='lat' dir='ltr'>dixerim</span> 
     </span>
    </p>
   </div>
   <div class='ocr_carea' id='block_1_118' title="bbox 2301 5664 3866 5736">
    <p class='ocr_par' dir='ltr' id='par_1_118' title="bbox 2301 5664 3866 5736">
     <span class='ocr_line' id='line_1_118' title="bbox 2301 5664 3866 5736; baseline -0.001 -13"><span class='ocrx_word' id='word_1_782' title='bbox 2301 5670 2688 5726; x_wconf 89' lang='lat' dir='ltr'>sacerdotibus</span> <span class='ocrx_word' id='word_1_783' title='bbox 2714 5688 2835 5727; x_wconf 90' lang='lat' dir='ltr'>esse</span> <span class='ocrx_word' id='word_1_784' title='bbox 2862 5674 3245 5729; x_wconf 88' lang='lat' dir='ltr'>necessarium</span> <span class='ocrx_word' id='word_1_785' title='bbox 3277 5670 3581 5734; x_wconf 87' lang='lat' dir='ltr'>custodire,</span> <span class='ocrx_word' id='word_1_786' title='bbox 3618 5680 3714 5736; x_wconf 77' lang='lat' dir='ltr'>qua</span> <span class='ocrx_word' id='word_1_787' title='bbox 3738 5664 3866 5723; x_wconf 66' lang='grc' dir='ltr'>ευρθτ</span> 
     </span>
    </p>
   </div>
   <div class='ocr_carea' id='block_1_119' title="bbox 2301 5756 3866 5839">
    <p class='ocr_par' dir='ltr' id='par_1_119' title="bbox 2301 5756 3866 5839">
     <span class='ocr_line' id='line_1_119' title="bbox 2301 5756 3866 5839; baseline 0 -20"><span class='ocrx_word' id='word_1_788' title='bbox 2301 5764 2586 5821; x_wconf 86' lang='lat' dir='ltr'>dioecesim</span> <span class='ocrx_word' id='word_1_789' title='bbox 2639 5783 2800 5821; x_wconf 88' lang='lat' dir='ltr'>suam</span> <span class='ocrx_word' id='word_1_790' title='bbox 2856 5767 3191 5839; x_wconf 60' lang='lat' dir='ltr'>praedictam</span> <span class='ocrx_word' id='word_1_791' title='bbox 3249 5765 3546 5823; x_wconf 88' lang='lat' dir='ltr'>Ecclesiam</span> <span class='ocrx_word' id='word_1_792' title='bbox 3596 5773 3699 5814; x_wconf 87' lang='lat' dir='ltr'>non</span> <span class='ocrx_word' id='word_1_793' title='bbox 3737 5756 3866 5819; x_wconf 58' lang='lat' dir='ltr'>super</span> 
     </span>
    </p>
   </div>
   <div class='ocr_carea' id='block_1_120' title="bbox 2299 5850 3864 5934">
    <p class='ocr_par' dir='ltr' id='par_1_120' title="bbox 2299 5850 3864 5934">
     <span class='ocr_line' id='line_1_120' title="bbox 2299 5850 3864 5934; baseline -0.006 -22"><span class='ocrx_word' id='word_1_794' title='bbox 2299 5858 2551 5929; x_wconf 88' lang='lat' dir='ltr'>aliquam</span> <span class='ocrx_word' id='word_1_795' title='bbox 2610 5861 2961 5932; x_wconf 83' lang='lat' dir='ltr'>provinciam</span> <span class='ocrx_word' id='word_1_796' title='bbox 3012 5859 3472 5934; x_wconf 84' lang='lat' dir='ltr'>recognoscimus</span> <span class='ocrx_word' id='word_1_797' title='bbox 3534 5850 3864 5912; x_wconf 77' lang='lat' dir='ltr'>constitutam-</span> 
     </span>
    </p>
   </div>
  </div>
