4026 6182
48 314 61 323 “
140 327 216 381 613
1298 321 1781 383 DECRETALIUM
1820 325 2208 383 COLLECTIO.

3346 323 3450 379 714

135 432 260 487 L'nde
285 430 613 484 advertimus
638 446 752 484 non
782 434 897 486 tam
926 448 1031 501 per
1055 431 1292 487 civitatis
1323 433 1699 505 magnificen-
1725 443 1782 517 Α
1804 434 1895 487 Ad
1919 433 2161 488 Atticum
2205 437 2349 517 Bora?
2371 433 2706 517 episcopum,
2739 431 2804 488 de
2833 436 3034 515 _sancto
3075 432 3279 488 Joanne
3310 434 3446 491 Con-

133 528 244 578 tiam
270 524 367 577 hoc
394 523 539 577 idem
567 523 927 591 attributum,
948 542 1117 595 quam
1149 528 1302 597 quod
1331 528 1518 600 prima
1538 530 1711 600 primi

132 616 328 687 apostoli
356 617 508 670 sedes
532 632 652 670 esse
682 623 1051 685 monstratur,
1085 619 1181 673 ubi
1226 625 1281 674 et
1311 638 1526 675 nomen
1552 639 1707 678 acce-

130 712 194 783 pit
218 710 397 780 religio
438 709 747 764 Christiana
778 713 833 764 et
875 728 999 781 quae
1044 718 1385 767 conventum
1426 717 1706 785 apostolo-

130 821 230 859 rum
271 803 409 873 apud
446 819 500 856 se
531 802 654 857 ﬁeri
703 803 1143 860 celeberrimum
1192 808 1421 874 meruit,
1466 824 1709 881 quaeque

131 898 253 953 urbis
272 900 452 953 Romae
477 896 591 951 sedi
618 913 732 951 non
754 899 999 964 cederet,
1020 899 1129 953 nisi
1161 900 1312 971 quod
1340 901 1437 955 illa
1454 901 1512 955 in
1533 907 1711 958 trans-

126 994 191 1047 itu
212 992 432 1060 meruit;
480 991 587 1046 ista
612 995 874 1063 suscepto
916 993 1070 1065 apud
1113 1010 1170 1047 se
1202 999 1708 1069 consummatoque

131 1087 377 1157 gauderet.
414 1087 604 1158 Itaque
651 1086 1018 1155 arbitramur,
1060 1086 1237 1141 frater
1262 1088 1610 1157 charissime,
1643 1095 1708 1145 ut

126 1181 239 1233 sicut
271 1178 722 1250 metropolitanos
764 1179 1099 1234 auctoritate
1132 1180 1359 1236 ordinas
1406 1182 1703 1253 singulari,

124 1273 186 1325 sic
223 1277 269 1327 et
310 1277 530 1326 caeteros
586 1289 704 1327 non
749 1272 870 1326 sine
918 1273 1199 1343 permissu
1250 1274 1704 1348 conscientiaque

124 1370 197 1418 tua
220 1365 351 1419 sinas
393 1365 682 1437 episcopos
708 1366 1008 1437 procreari.
1056 1368 1118 1421 In
1150 1367 1354 1437 quibus
1382 1369 1532 1423 hunc
1578 1386 1702 1425 mo-

124 1459 229 1513 dum
253 1461 388 1513 recte
432 1459 699 1528 servabis,
730 1463 797 1513 ut
839 1459 1013 1529 longe
1058 1460 1272 1531 positos
1310 1461 1510 1517 litteris
1557 1464 1704 1518 datis

122 1552 326 1606 ordinari
374 1568 600 1607 censeas
626 1553 697 1607 ab
741 1554 829 1609 his
879 1553 979 1624 qui
1027 1570 1179 1608 nunc
1211 1571 1307 1609 eos
1344 1572 1445 1609 suo
1475 1559 1702 1615 tantum

124 1646 338 1700 ordinant
383 1646 685 1715 arbitratu,
734 1647 948 1701 vicinos
998 1652 1192 1703 autem
1241 1648 1286 1702 si
1345 1648 1593 1705 aestimas
1633 1651 1704 1706 ad

123 1756 279 1793 manus
319 1740 736 1811 impositionem
760 1745 873 1796 tua:
908 1741 1103 1812 gratiae
1147 1746 1355 1797 statuas
1384 1744 1699 1816 pervenire.

124 1832 327 1895 Quorum
357 1833 508 1887 enim
549 1837 604 1889 te
644 1835 893 1889 maxima
922 1838 1210 1907 exspectat
1252 1853 1386 1891 cura
1420 1838 1702 1911 praecipue

122 1930 246 1980 tuum
266 1926 459 1982 debent
484 1929 703 1982 mereri
726 1928 1033 1999 judicium.

172 2020 223 2074 ll.
268 2020 395 2074 Nam
433 2021 593 2092 quod
632 2022 930 2079 sciscitaris
971 2028 1162 2079 utrum
1192 2024 1381 2079 divisis
1421 2026 1704 2098 imperiali

112 2112 282 2182 judicio
321 2115 642 2185 provinciis,
680 2120 741 2169 ut
772 2116 900 2170 duae
944 2120 1293 2190 metropoles
1318 2120 1473 2188 ﬁant,
1520 2120 1564 2175 si
1591 2121 1703 2178 duo

116 2208 480 2278 metropolitani
523 2209 777 2280 episcopi
810 2209 1021 2265 debent
1068 2212 1370 2282 nominari,
1414 2230 1529 2269 non
1572 2232 1703 2271 vere

115 2299 255 2353 visum
295 2307 371 2356 est
396 2302 465 2355 ad
513 2302 899 2357 mobilitatem
940 2304 1341 2359 necessitatum
1388 2308 1704 2365 mundana-

114 2408 212 2446 rum
237 2394 321 2447 Dei
348 2395 657 2450 Ecclesiam
701 2397 1057 2467 commutari,
1091 2398 1447 2472 honoresque
1488 2405 1588 2455 aut
1616 2402 1698 2457 di-

112 2485 305 2541 visiones
343 2487 589 2559 perpeti,
623 2505 762 2559 quas
795 2506 901 2560 pro
930 2490 1043 2544 suis
1070 2491 1250 2545 causis
1280 2492 1556 2547 faciendis
1592 2494 1698 2549 du-

114 2579 225 2633 xerit
246 2580 566 2652 imperator.
598 2583 747 2653 Ergo
774 2584 1091 2638 secundum
1132 2584 1432 2660 pristinum
1466 2587 1697 2658 provin-

113 2673 281 2728 ciarum
321 2692 542 2731 morem
586 2677 1050 2747 metropolitanos
1095 2679 1391 2751 episcopos
1440 2681 1703 2736 convenit

112 2767 365 2824 nominari.
395 2770 639 2842 Cyprios
668 2787 800 2826 sane
848 2772 1051 2826 asseris
1078 2772 1215 2826 olim
1243 2772 1465 2827 Arianae
1495 2774 1696 2846 impie-

112 2861 210 2914 tatis
232 2865 467 2932 potentia
506 2865 780 2936 fatigatos
820 2881 936 2920 non
962 2866 1210 2921 tenuisse
1249 2866 1504 2922 Nicaznos
1535 2886 1702 2925 cano-

110 2968 185 3005 nes
228 2956 276 3009 in
304 2957 637 3037 ordinandis
681 2958 784 3013 sibi
832 2959 1147 3030 episcopos,
1205 2965 1261 3015 et
1293 2977 1468 3033 usque
1513 2962 1700 3020 adhuc

110 3044 275 3102 habere
321 3057 759 3122 praesumptum,
815 3058 878 3107 ut
940 3069 1041 3106 suo
1096 3053 1373 3109 arbitratu
1433 3056 1700 3112 ordinent

109 3141 350 3197 nominem
391 3145 782 3200 consulentes.
830 3147 1102 3210 Quocirca
1145 3148 1553 3217 persuademus
1595 3150 1694 3220 eis,

107 3239 150 3285 ut
175 3241 349 3290 curent
368 3240 536 3309 juxta
587 3256 867 3295 canonum
899 3241 1068 3294 ﬁdem
1099 3240 1432 3297 catholicam
1476 3260 1695 3314 sapere,

107 3331 234 3395 atque
270 3347 437 3386 unum
468 3349 607 3389 cum
654 3334 871 3387 caeteris
902 3334 1113 3389 sentire
1149 3335 1475 3407 provinciis,
1523 3342 1585 3391 ut
1609 3354 1703 3408 ap-

108 3428 258 3486 pareat
291 3428 461 3480 sancti
504 3426 752 3497 Spiritus
786 3428 994 3498 gratia,
1031 3430 1185 3501 ipsos
1228 3445 1455 3502 quoque
1481 3434 1543 3485 ut
1568 3447 1697 3485 om-

108 3526 181 3565 nes
201 3515 448 3574 Ecclesias
469 3519 810 3589 gubernari.

159 3609 227 3661 lll.
271 3611 498 3667 Arianos
544 3616 822 3693 praeterea
866 3620 1209 3687 caeterosque
1246 3616 1466 3672 homini
1511 3624 1701 3689 pestes

108 3699 176 3767 qui
200 3718 375 3759 eorum
410 3706 595 3760 laicos
633 3724 936 3763 conversos
961 3710 1031 3763 ad
1078 3710 1381 3765 Dominum
1422 3711 1527 3765 sub
1562 3712 1699 3766 ima-

107 3793 204 3859 gine
234 3799 583 3868 poenitentiae
631 3818 694 3855 ac
737 3802 914 3856 sancti
964 3804 1203 3874 Spiritus
1247 3804 1698 3861 sanctificatione

106 3900 178 3952 per
206 3906 388 3947 manus
437 3893 875 3964 impositionem
920 3896 1279 3967 suscipimus,
1314 3914 1432 3953 non
1475 3898 1699 3953 videtur

104 3979 288 4038 clericos
330 4003 536 4042 eorum
588 3988 994 4043 consacerdotii
1019 3994 1119 4044 aut
1161 3990 1461 4046 ministerii
1504 3993 1695 4063 cujus-

105 4072 219 4139 piam
263 4081 458 4150 suscipi
515 4081 732 4136 debere
799 4082 1094 4153 dignitate,
1156 4084 1427 4155 quoniam
1490 4086 1697 4158 quibus

103 4166 237 4222 solum
300 4172 588 4243 baptisma
664 4180 850 4229 ratum
917 4192 1037 4229 esse
1100 4178 1482 4247 permittimus
1544 4182 1695 4251 quod

103 4258 255 4329 utique
294 4265 349 4319 in
381 4268 625 4321 nomine
676 4269 871 4335 Patris,
922 4273 979 4323 et
1013 4268 1157 4335 Filii,
1198 4274 1255 4323 et
1296 4271 1535 4341 Spiritus
1563 4290 1692 4328 san-

102 4353 153 4403 cti
195 4358 491 4429 perficitur,
545 4377 654 4415 nec
691 4361 959 4433 Spiritum
1019 4367 1273 4418 sanctum
1334 4380 1430 4419 eos
1487 4366 1695 4422 habere

101 4457 149 4495 ex
202 4448 281 4503 illo
331 4453 709 4524 baptismate,
790 4455 1006 4527 illisque
1093 4457 1381 4528 mysteriis
1460 4459 1697 4515 arbitra-

2235 506 2716 574 stantinopolitano
2753 507 3014 575 episcopo.

1882 620 2221 692 Aggaudere
2243 620 2447 674 litteris
2476 620 2893 675 fraternitatem
2922 623 3078 675 tuam
3108 620 3178 675 de
3207 619 3448 691 receptis

1808 714 2047 780 Paulini,
2064 715 2152 767 vel
2181 714 2400 784 Evagrii
2414 715 2814 785 episcoporum
2834 713 3073 781 clericis,
3087 714 3444 786 populisque,

1809 812 1866 861 et
1885 807 1953 862 de
1980 807 2251 862 restitutis
2296 807 2532 878 Helpido
2561 811 2733 878 atque
2764 810 2914 879 Papo
2940 808 3289 879 coepiscopis
3312 824 3442 879 per-

1809 901 2153 969 censuimus,
2195 905 2252 955 et
2288 901 2377 955 vel
2405 917 2530 956 sero
2576 904 2822 972 receptae
2865 902 3021 972 pacis
3068 900 3308 972 gratiam
3359 918 3446 955 re-

1808 994 1999 1048 fovere
2035 986 2342 1065 postposita
2392 994 2547 1049 omni
2598 995 3024 1065 contemptione
3076 994 3443 1065 pervidimus.

1807 1087 1970 1141 Unde
2017 1088 2119 1142 has
2144 1088 2217 1143 ad
2259 1088 2797 1159 praestantissimum
2840 1088 3100 1156 fratrem,
3150 1091 3206 1141 et
3232 1087 3447 1157 coepis-

1806 1196 1871 1234 co
1879 1197 2015 1251 pum
2032 1186 2291 1237 nostrum
2308 1181 2695 1237 Alexandrum
2714 1181 3031 1237 reddendas
3047 1186 3159 1236 tum
3174 1180 3442 1235 transmi-

1805 1274 1982 1328 simus
2012 1275 2683 1344 unanimitati,videlicet,
2702 1280 2768 1330 ut
2793 1275 2839 1330 si
2868 1292 3071 1330 omnes
3104 1273 3441 1343 inimicitiae,

1804 1368 1990 1421 omnis
2014 1367 2316 1438 aemulatio,
2366 1374 2481 1423 tam
2523 1368 2592 1423 de
2623 1368 2856 1423 nomine
2881 1368 3055 1423 sancti
3093 1367 3329 1423 Joannis
3354 1367 3447 1422 Μὶν
3522 1416 3533 1425 .

1804 1460 1967 1514 randi
1993 1461 2266 1532 episcopi,
2298 1478 2471 1533 quam
2507 1461 2577 1516 de
2612 1462 2878 1517 omnibus
2909 1461 3165 1532 ejusdem
3192 1477 3445 1516 commu-

1804 1553 1992 1608 nionis
2031 1554 2399 1625 participibus
2443 1573 2476 1609 a
2519 1560 2620 1610 tua
2645 1555 3004 1611 animositate
3037 1554 3312 1621 discessit,
3344 1554 3447 1608 has

1803 1653 2009 1702 nostra:
2035 1646 2318 1702 societatis
2342 1648 2581 1718 recipias
2607 1649 2841 1715 litteras,
2878 1649 3053 1702 frater
3088 1647 3442 1715 charissime,

1802 1740 1976 1795 modo
2019 1746 2080 1795 ut
2107 1741 2318 1808 omnia,
2352 1758 2480 1813 quae
2522 1742 2609 1795 his
2644 1742 2781 1796 actis
2821 1742 3049 1796 ﬁrmata
3087 1745 3240 1807 sunt,
3287 1741 3444 1814 apud

1803 1833 2171 1889 mediatorem
2200 1840 2459 1889 nostrum
2480 1835 2787 1889 amabilem
2802 1835 3183 1891 Alexandrum
3204 1850 3301 1888 ore
3318 1850 3445 1905 pro-

1801 1926 1946 1999 prio,
1974 1930 2038 1981 ut
2062 1928 2607 1995 communicantem,
2629 1929 2910 1995 convenit,
2930 1928 3177 1996 fatearis;
3198 1932 3260 1982 ut
3284 1927 3441 1981 enim

1803 2020 1971 2075 nobis
2000 2021 2122 2076 Ιιωο
2145 2021 2537 2077 unanimitatis
2578 2021 2983 2092 charitatisque
3009 2037 3176 2075 causa
3199 2036 3439 2075 venera-

1801 2113 1931 2169 bilis
1974 2119 2077 2183 est,
2120 2115 2197 2170 sic
2240 2114 2485 2170 inhaeret
2531 2114 2786 2182 sollicita,
2841 2132 2914 2170 ne
2942 2114 3076 2187 quid
3120 2114 3437 2185 obliquum,

1801 2213 1900 2263 aut
1948 2209 2281 2265 succisivum
2326 2225 2443 2265 esse
2492 2209 2553 2264 in
2604 2226 2894 2283 quoquam
2925 2208 3176 2265 residere
3221 2224 3437 2280 cogno-

1800 2307 2005 2358 scatur.

1872 2421 2003 2475 Item
2030 2420 2260 2490 epistola
2285 2422 2583 2475 Innocentii
2600 2436 2763 2491 papa
2796 2420 2871 2475 ad
2892 2420 3246 2475 Laurentium
3269 2421 3368 2489 Sy-

2335 2506 2566 2546 mcnscm
2602 2495 2903 2561 episcopum

1875 2586 1922 2637 1.
1956 2584 2028 2637 De
2064 2583 2383 2638 Bonosiacis
2409 2584 2561 2655 quod
2588 2583 2797 2639 Iudaeis
2833 2582 2947 2638 sint
2974 2584 3362 2656 comparandi.

1869 2679 1924 2731 2.
1979 2677 2053 2731 De
2100 2676 2467 2748 suscipiendis
2521 2677 2735 2732 clericis
2779 2694 2918 2749 quos
2970 2679 3223 2733 Bonosus
3272 2680 3433 2733 ante-

1801 2785 1973 2840 quam
2002 2769 2373 2824 damnaretur
2402 2770 2689 2825 ordinasse
2725 2769 3112 2842 cognoscitur.

1869 2865 1996 2917 CAP.
2028 2866 2069 2919 l.
2106 2864 2464 2918 INNOCENTIUS
2504 2864 2838 2932 LAL'RENTIO,
2866 2863 3127 2934 episcopo
3152 2862 3434 2935 Symensi.

1800 2957 1908 3011 Diu
1934 2956 2123 3011 mirati
2150 2973 2345 3011 sumus
2372 2957 2687 3011 dilectionis
2716 2960 2825 3011 ture
2856 2956 3059 3011 litteris
3085 2956 3244 3011 lectis
3263 2957 3438 3012 haere-

1796 3050 1936 3106 ticos
1961 3051 2183 3119 Fotoni,
2213 3066 2429 3105 venena
2458 3054 2756 3119 sectantes,
2786 3050 2847 3105 in
2870 3051 3153 3106 territorio
3181 3050 3435 3106 dilectio-

1797 3143 1886 3198 nis
1914 3146 2024 3197 tuze
2058 3160 2173 3197 non
2204 3144 2389 3197 solum
2430 3160 2574 3209 esse,
2606 3144 2703 3198 sed
2738 3144 2958 3215 publice
3006 3144 3112 3198 sibi
3144 3145 3436 3199 conventi-

1800 3237 1926 3291 cula
1968 3236 2029 3291 in
2060 3237 2383 3308 aliquorum
2427 3237 2873 3307 possessionibus
2907 3254 3251 3309 praeparare,
3300 3254 3435 3292 cum

1800 3330 1868 3384 de
1900 3332 2016 3384 toto
2044 3346 2188 3401 pene
2232 3330 2365 3384 orbe
2392 3346 2674 3400 nusquam
2714 3334 2831 3384 tam
2862 3331 3029 3384 multi
3072 3346 3247 3400 quam
3285 3331 3436 3400 apud

1799 3439 1899 3477 vos
1934 3423 2253 3495 delegerint
2297 3423 2574 3477 habitare.
2622 3424 2873 3487 Quorum
2901 3423 3175 3477 doctrinas
3202 3422 3435 3476 nefarias

1797 3522 2016 3585 auctor,
2065 3518 2277 3571 Marcus
2306 3515 2526 3570 dudum
2576 3516 2649 3571 de
2676 3516 2813 3570 urbe
2870 3516 3064 3587 pulsus
3098 3515 3435 3570 temeritatis

1799 3613 1955 3665 tanta
1990 3610 2192 3665 ductus
2223 3615 2308 3664 est
2344 3609 2598 3675 audacia,
2640 3615 2702 3664 ut
2729 3609 2979 3680 primum
3024 3608 3127 3663 sibi
3158 3609 3308 3663 inter
3334 3625 3431 3664 eos

1797 3702 2044 3757 vindicet
2088 3703 2297 3757 locum.
2345 3702 2453 3757 Sed
2495 3719 2569 3756 ne
2620 3702 2856 3756 ulterius
2902 3701 3286 3756 debacchandi
3336 3703 3433 3756 ha-

1797 3796 1973 3850 beant
1999 3795 2347 3864 facultatem,
2364 3801 2419 3850 et
2442 3795 2661 3849 animas
2679 3794 3021 3865 simplicium
3041 3811 3105 3849 ac
3126 3795 3433 3861 rusticano:

1797 3906 1929 3944 rum
1960 3905 2151 3944 secum
2170 3890 2229 3943 in
2257 3889 2600 3959 gehennam,
2618 3889 2708 3943 cui
2728 3887 2990 3943 destinati
3010 3892 3159 3955 sunt,
3178 3889 3428 3955 trahant,

1796 3986 1986 4037 actum
2034 3986 2119 4037 est
2168 3983 2433 4037 adversus
2482 3999 2578 4036 eos
2632 3999 2665 4037 a
2730 3982 3119 4037 defensoribus
3170 3982 3429 4037 Ecclesiae

1796 4081 2023 4146 nostrae,
2071 4092 2185 4147 quo
2216 4092 2315 4131 eos
2342 4075 2557 4147 possint
2585 4076 2891 4148 expellere,
2925 4081 2987 4130 ut
3023 4076 3121 4147 qui
3145 4075 3430 4131 Christum

1798 4172 1977 4225 Deum
2020 4187 2090 4225 ex
2121 4170 2298 4224 Patris
2348 4169 2664 4224 substantia
2693 4173 2824 4224 ante
2852 4170 3059 4224 saecula
3098 4175 3310 4241 negant
3338 4187 3431 4241 ge-

1798 4264 2003 4331 nitum,
2026 4264 2086 4318 hi
2111 4280 2242 4318 cum
2267 4263 2491 4332 Judaais,
2518 4263 2616 4335 qui
2636 4264 2756 4334 ejus
2782 4263 3046 4318 deitatem
3076 4267 3433 4335 negaverunt

1797 4364 1852 4413 et
1878 4375 2030 4412 nunc
2059 4374 2238 4429 usque
2262 4362 2494 4429 negant,
2526 4357 2891 4429 participium
2921 4358 3172 4413 habeant
3199 4358 3435 4413 damna-

1793 4451 1985 4506 tionis.
2013 4452 2195 4505 Tuum
2222 4455 2323 4519 est,
2366 4452 2544 4506 frater
2582 4451 2932 4521 charissime,
2984 4468 3113 4523 quas
3152 4456 3433 4523 prmcepta

97 4551 211 4607 mur,
234 4547 494 4614 quoniam
535 4564 668 4602 cum
698 4566 731 4602 a
756 4550 1030 4604 catholica
1062 4551 1173 4606 ﬁde
1213 4568 1415 4607 eorum
1439 4546 1771 4619 auctoresD
1795 4548 1929 4600 sunt
1968 4560 2084 4598 non
2132 4545 2362 4615 segnius
2404 4562 2598 4616 agere,
2631 4562 2704 4599 ne
2749 4545 2972 4615 plebem
3016 4544 3117 4598 tibi
3156 4546 3428 4600 creditam

97 4628 414 4705 discederent,
444 4641 863 4711 perfectionem
886 4643 1128 4714 Spiritus
1158 4662 1329 4715 quem
1356 4652 1696 4718 acceperant

95 4726 376 4787 amiserunt.
401 4735 546 4789 Nam
572 4751 678 4789 nec
709 4736 845 4790 dare
868 4737 990 4807 ejus
1015 4738 1431 4808 plenitudinem
1458 4747 1698 4811 possunt

98 4830 195 4883 qua?
222 4826 454 4883 maxime
484 4829 549 4883 in
592 4818 1356 4902 ordinationibus’operatur,
1384 4850 1558 4904 quam
1592 4852 1697 4907 per

96 4910 352 4982 impietatis
395 4939 513 4976 suae
560 4922 861 4993 perfidiam
914 4925 1119 4994 potius,
1167 4942 1342 4997 quam
1375 4943 1477 4999 per
1522 4928 1693 4983 ﬁdem

96 5002 315 5077 dixerim,
342 5016 743 5086 perdiderunt.
778 5018 1077 5082 Quomodo
1118 5019 1241 5074 fieri
1279 5025 1484 5091 potest,
1514 5028 1576 5077 ut
1604 5040 1696 5078 eo-

96 5112 208 5169 rum,
249 5109 516 5176 profanos
556 5110 875 5165 sacerdotes
925 5112 1127 5183 dignos
1155 5113 1361 5169 Christi
1387 5115 1695 5171 honoribus

96 5192 408 5267 arbitremur,
438 5220 689 5275 quorum
720 5203 889 5258 laicos
936 5206 1323 5277 imperfectos,
1352 5214 1415 5262 ut
1460 5209 1594 5277 dixi,
1622 5210 1697 5264 ad

97 5286 232 5339 sancti
256 5288 497 5360 Spiritus
523 5292 972 5363 praecipiendam
1005 5296 1247 5365 gratiam
1270 5313 1399 5351 cum
1425 5298 1698 5368 pceniten-

96 5372 166 5423 tite
185 5378 423 5452 imagine
450 5385 841 5455 recipiamus?
866 5388 1115 5443 Gravitas
1142 5389 1334 5460 itaque
1358 5397 1453 5445 tua
1476 5392 1598 5447 haec
1624 5392 1695 5447 ad

96 5469 306 5529 notitiam
333 5478 836 5549 coepisc0porum,
865 5482 954 5535 vel
976 5498 1079 5552 per
1107 5484 1409 5553 synodum,
1439 5486 1486 5540 si
1514 5491 1694 5556 potes,

98 5560 159 5611 τιεί
196 5581 287 5634 per
314 5584 520 5624 eorum
550 5572 938 5653 recitationem
971 5575 1142 5630 faciat
1166 5578 1488 5648 pervenire,
1519 5582 1585 5633 ut
1609 5596 1695 5647 ea,

96 5666 193 5719 qua!
232 5659 345 5729 ipse
395 5668 517 5717 tam
568 5667 881 5723 necessario
933 5674 1333 5740 percunctatus
1387 5687 1445 5725 es
1485 5676 1542 5726 et
1594 5689 1699 5728 nos

95 5744 185 5800 tam
240 5754 530 5810 eliminata
598 5761 1015 5832 respondimus,
1085 5764 1376 5821 communi
1442 5766 1700 5822 omnium

95 5855 327 5903 consensu
354 5850 660 5924 studioque
688 5859 1012 5915 serventur.

1794 4637 2219 4694 dissimilatione
2246 4637 2453 4709 perdas
2475 4641 2533 4692 et
2558 4638 2793 4709 incipias
2818 4640 2928 4693 Deo
2958 4637 3027 4692 de
3046 4637 3281 4709 perditis
3306 4640 3433 4694 red-

1795 4732 1926 4787 dere
1952 4730 2247 4785 rationem.

1864 4826 1927 4880 II.
1959 4827 2317 4880 INNOCENTIUS
2346 4825 2655 4893 MARTIANO,
2686 4823 2947 4896 episcopo
2991 4824 3288 4882 Naiﬁtano.
3335 4828 3434 4883 Su-

1796 4919 2009 4989 periori
2050 4922 2329 4990 tempore,
2372 4918 2420 4972 si
2450 4921 2645 4972 tamen
2691 4922 2844 4973 recte
2869 4920 3151 4989 recordor,
3190 4922 3435 4977 memini

1796 5028 1888 5066 me
1937 5017 2057 5066 tam
2119 5012 2187 5067 ad
2242 5012 2610 5067 dilectionem
2677 5014 2829 5066 tuam
2893 5029 3062 5084 quam
3114 5014 3183 5069 ad
3231 5015 3433 5071 fratres

1797 5105 2154 5177 coepiscOpos
2167 5111 2392 5161 nostros
2418 5105 2647 5172 Rufum,
2672 5111 2975 5162 etcasteros
3000 5107 3327 5179 hujusmodi
3349 5110 3435 5163 lit-

1795 5204 1949 5253 teras
1978 5200 2047 5253 de
2077 5200 2296 5254 clericis
2331 5200 2687 5255 Naifensibus
2726 5200 3123 5270 transmisisse,
3169 5204 3257 5257 his
3285 5204 3435 5257 vide-

1795 5292 1931 5348 licet
1957 5310 2085 5364 quae
2104 5310 2163 5348 se
2181 5297 2312 5349 ante
2334 5294 2762 5349 damnationem
2786 5296 2994 5351 Bonosi
3015 5296 3337 5351 asserebant
3360 5296 3431 5349 ab

1799 5392 2006 5447 eodem
2056 5397 2174 5447 tam
2207 5392 2563 5464 presbyteros
2618 5410 2792 5465 quam
2823 5394 3091 5450 diaconos
3128 5394 3430 5460 ordinatos,

1800 5489 1862 5539 ut
1901 5487 1967 5553 si,
2018 5486 2210 5541 relicto
2265 5489 2437 5558 atque
2486 5486 2759 5543 damnato
2797 5489 2919 5560 ejus
2973 5504 3181 5556 errore,
3228 5487 3437 5541 vellent

1798 5580 2058 5635 Ecclesia:
2105 5580 2380 5652 copulari,
2425 5580 2675 5637 libenter
2718 5583 3124 5653 reciperentur,
3164 5597 3238 5635 ne
3288 5580 3432 5635 forte

1799 5674 1898 5744 qui
1923 5678 2108 5728 essent
2150 5674 2309 5745 digni
2352 5675 2755 5746 recuperanda;
2795 5673 2993 5729 salutis
3018 5674 3077 5727 in
3106 5672 3305 5728 eodem
3350 5690 3434 5729 er-

1799 5783 1927 5822 rore
1968 5766 2316 5838 deperirent.
2372 5770 2578 5824 Verum
2629 5784 2782 5823 nunc
2835 5768 2894 5822 in
2939 5767 3249 5822 Ravennati
3289 5769 3434 5824 urbe

1800 5859 1944 5919 mihi
1972 5860 2281 5916 constituto
2318 5865 2553 5938 propter
2578 5862 2815 5918 Romani
2840 5860 3039 5935 populi
3077 5862 3434 5922 necessitates
