4026 6182
649 250 752 304 ’715

639 353 1012 411 creberrimas
1056 355 1396 421 Germanus,
1457 353 1553 424 qui
1585 353 1803 429 asserit
1855 369 1912 407 se
1967 369 2086 408 esse
2144 367 2269 422 pre-
2295 362 2354 434 Α

642 449 953 519 sbyterum,
986 452 1155 518 atque
1180 446 1534 517 Lupentinus
1558 445 1656 517 qui
1682 463 1741 500 se
1778 446 2084 500 diaconum
2114 446 2272 516 dicit,

639 543 954 597 multorum
996 541 1216 607 talium,
1249 540 1409 611 quasi
1453 540 1736 610 legatione
1764 542 2042 610 suscepta,
2083 556 2270 610 prece,

636 638 764 692 fusa
794 635 1016 690 dolores
1061 633 1320 704 proprios
1364 633 1677 704 exprimere
1717 633 2081 703 gestiverunt,
2130 649 2276 688 asse-

638 734 832 786 rentes
858 728 1142 800 siquidem
1172 726 1443 781 Ecclesias
1482 727 1539 780 in
1580 726 1896 781 dilectionis
1928 729 2040 780 tuae
2066 726 2270 780 consti-

638 830 791 881 tutas
807 822 1090 896 parochiis
1115 820 1377 887 retinere,
1397 819 1609 874 scilicet
1627 825 1784 874 tuam
1807 821 2275 874 communionem

643 936 760 974 non
800 917 1048 989 potuisse
1100 913 1344 978 mereri;
1415 912 1673 967 videlicet
1721 930 1786 967 ea
1850 913 2087 983 ratione,
2144 913 2275 984 quia

639 1011 925 1069 Rusticius
963 1009 1194 1081 quidem
1238 1005 1475 1062 nomine
1504 1006 1700 1061 iterata
1740 1007 2097 1061 ordinatione
2140 1023 2272 1078 pre-

643 1104 954 1177 sbyterium
981 1101 1333 1172 suscepisset,
1373 1104 1428 1154 et
1455 1117 1571 1154 non
1600 1100 1707 1154 levi
1738 1100 2148 1172 impedimento
2183 1099 2270 1167 sit,

644 1201 783 1255 dum
813 1203 910 1253 aut
936 1195 1014 1250 illi
1054 1195 1247 1251 dolent
1271 1194 1490 1249 homini
1523 1195 1816 1248 hominem
1850 1195 1910 1248 in
1931 1194 2166 1248 ecclesia
2191 1210 2276 1249 re-

640 1294 875 1360 ctincre,
905 1294 1003 1345 aut
1030 1290 1123 1344 ille
1146 1289 1191 1342 si
1218 1305 1447 1360 peccare
1475 1289 1682 1343 debere
1710 1288 1769 1342 in
1797 1289 1932 1342 alios
1950 1288 2272 1355 arbitretur,

644 1383 1134 1459 quemadmodum
1179 1383 1238 1436 in
1269 1400 1329 1437 se
1371 1383 1626 1454 agnoscit
1670 1399 1789 1436 esse
1843 1388 2156 1452 peccatum.
2210 1383 2278 1437 Et

643 1479 900 1554 quamvis
941 1479 1012 1534 de
1059 1477 1256 1532 eadem
1301 1493 1362 1531 re
1392 1475 1619 1548 plenius
1666 1476 1870 1530 littera
1913 1493 2056 1530 meae
2095 1477 2273 1532 conti-

642 1577 838 1641 neant,
873 1590 1010 1643 quas
1040 1569 1302 1642 superius
1327 1569 1666 1636 memoravi,
1695 1571 1887 1622 tamen
1918 1586 2068 1623 nunc
2099 1571 2276 1624 etiam

641 1667 1060 1724 admonendam
1084 1664 1349 1719 duximus
1367 1662 1783 1718 fraternitatem
1804 1671 1983 1732 tuam,
2007 1669 2066 1719 ut
2086 1664 2133 1717 si
2145 1680 2275 1718 vere

1527 245 1814 301 APPEND.
1855 244 1944 300 AD
1982 243 2147 298 SAEC.
2188 243 2276 296 1X.
2305 270 2374 282 —
2410 240 2648 297 ISIDORI
2682 240 3112 297 MERCATORIS

3782 268 3851 318 716

2375 350 2666 404 mentibus
2710 351 2918 404 nostris
2959 350 3289 418 indicerent,
3328 353 3639 430 facerentque
3673 380 3751 418 nos
3778 384 3854 422 non

2373 443 2661 498 modicum
2684 443 2948 498 dubitare
2974 447 3167 498 utrum
3185 446 3341 500 aliter
3355 451 3640 518 putaremus
3655 472 3710 508 an
3730 457 3854 513 ilailla

2375 540 2563 591 essent
2579 538 2766 608 posita
2792 538 3270 608 quemadmodum
3289 544 3642 610 personabant.
3657 549 3757 610 Quae
3771 567 3854 605 cum

2373 631 2580 703 saepius
2606 631 2788 702 repeti
2820 631 3099 700 fecissem,
3130 633 3332 686 adverti
3370 635 3470 689 sedi
3499 640 3755 706 apostolicae
3777 643 3855 697 fieri

2373 724 2668 795 injuriam,
2707 725 2777 778 ad
2806 741 2980 796 quam
3011 725 3210 780 relatio
3240 728 3386 796 quasi
3415 728 3481 781 ad
3505 735 3648 800 caput
3669 734 3856 788 Ecclesia-

2374 835 2501 872 rum
2534 819 2707 872 missa
2734 819 3017 886 currebat,
3050 819 3209 889 cujus
3232 820 3403 874 adhuc
3426 821 3477 876 in
3497 823 3764 894 ambiguum
3783 843 3857 880 sen-

2375 912 2551 966 tentia
2596 912 2920 966 duceretur.
2955 913 3112 966 Unde
3149 913 3217 967 de
3247 914 3437 984 quibus
3470 915 3749 985 jamdudum
3770 921 3857 972 scri-

2374 1005 2549 1076 psisse
2579 1021 2672 1058 me
2700 1005 2957 1072 memini,
2994 1022 3146 1059 nunc
3175 1006 3373 1060 iterare
3396 1007 3609 1062 formam
3632 1013 3860 1079 augmentis

2377 1097 2817 1152 evidentioribus
2839 1097 3067 1168 gemina
3089 1100 3458 1169 percunctatio
3471 1107 3626 1155 vestra
3648 1103 3860 1172 compellit.

2447 1192 2577 1246 CAP.
2608 1193 2649 1246 Ι.
2683 1193 2791 1245 Eos
2822 1191 2918 1262 qui
2948 1191 3138 1245 viduas
3159 1192 3425 1263 accepisse
3449 1198 3859 1265 suggerunturuxo-

2376 1301 2464 1339 res
2486 1301 2599 1338 non
2626 1284 2808 1338 solum
2836 1285 3069 1339 clericos
3095 1285 3315 1340 effectos
3339 1287 3540 1356 agnovi,
3571 1303 3732 1340 verum
3752 1288 3862 1340 etiam

2375 1394 2553 1449 usque
2580 1378 2650 1432 ad
2677 1377 2884 1432 infulas
2911 1379 3120 1432 summi
3160 1379 3448 1433 sacerdotii
3471 1380 3750 1450 pervenisse,
3769 1380 3863 1449 quod

2376 1476 2574 1527 contra
2599 1471 2740 1544 legis
2775 1488 2893 1526 esse
2921 1476 3202 1544 praecepta
3228 1473 3643 1542 nullusignorat.
3666 1474 3772 1525 Nam
3786 1489 3866 1524 cum

2375 1567 2593 1637 Moyses
2617 1565 2909 1636 legislator
2934 1565 3189 1620 clamitet
3208 1583 3221 1620 :
3241 1585 3266 1617 ‹(
3282 1565 3532 1620 Sacerdos
3544 1581 3734 1618 uxorem
3755 1565 3866 1632 virgi-

2378 1675 2510 1714 nem
2539 1658 2813 1729 accipiat;
2845 1675 2909 1714 ac
2935 1675 3007 1712 nc
3034 1659 3094 1713 in
3108 1659 3211 1712 hoc
3237 1663 3506 1730 praecepto
3529 1657 3707 1728 aliquid
3719 1661 3865 1727 putare-

641 1764 862 1818 constat
888 1760 1106 1830 aliquos
1134 1761 1264 1812 ante
1293 1757 1719 1811 damnationem
1749 1757 1956 1812 Bonosi
1983 1757 2051 1811 ab
2073 1757 2278 1812 eodem
2296 1734 2353 1806 B
2376 1755 2470 1806 tur
2497 1751 2833 1822 ambiguum
2873 1752 3092 1806 addidit
3114 1769 3232 1806 non
3267 1752 3499 1818 viduam,
3537 1767 3691 1821 neque
3713 1749 3867 1818 ejectum

643 1856 951 1923 ordinatos,
969 1858 1166 1924 postea
1196 1851 1434 1906 voluisse
1458 1851 1548 1905 vel
1578 1867 1731 1905 nunc
1760 1852 1902 1905 velle
1927 1851 2150 1920 reverti,
2179 1869 2276 1907 eos

639 1948 993 2020 recipiendos
1024 1963 1144 2001 esse
1189 1961 1503 2012 censemus,
1537 1945 1787 1998 maxime
1813 1961 1944 1999 cum
1977 1945 2279 1999 memorati

643 2045 897 2098 asserant
945 2057 1003 2095 se
1034 2041 1320 2094 intantum
1360 2038 1638 2092 anteriori
1681 2043 1936 2110 tempore
1987 2039 2279 2094 ordinatos

636 2141 706 2193 ut
737 2138 947 2191 sanctae
971 2132 1378 2189 recordationis
1402 2132 1585 2185 virum
1607 2133 1930 2187 Cornelium
1950 2133 2278 2204 episcopum

642 2227 984 2302 Syrimensis
1025 2226 1205 2288 urbis,
1248 2241 1469 2279 necnon
1519 2227 1575 2278 et
1607 2225 1842 2279 fratrem
1894 2229 2150 2280 nostrum
2178 2226 2277 2280 Ni-

641 2327 821 2378 cetam
847 2321 1095 2392 aliosque
1121 2319 1424 2374 nonnullos
1448 2318 1618 2373 fuisse
1654 2323 1982 2390 praesentes,
2015 2337 2145 2374 cum
2172 2321 2275 2375 ho-

641 2417 875 2471 noribus
895 2431 1035 2486 quos
1087 2429 1143 2468 se
1173 2413 1385 2467 habere
1420 2418 1872 2468 commemorant
1909 2417 2275 2485 augerentur.

641 2511 822 2576 Unde,
871 2510 1045 2563 frater
1095 2506 1444 2574 charissime,
1501 2506 1549 2560 si
1579 2523 1776 2560 eorum
1827 2508 2054 2562 assertio
2106 2508 2278 2562 fidem

639 2604 843 2676 recipit
869 2603 1006 2671 veri,
1041 2601 1428 2672 suscipiendos
1455 2616 1573 2655 esse
1612 2600 1902 2672 ambigere
1945 2618 2058 2655 non
2085 2601 2274 2670 debes,

641 2714 780 2768 quos
825 2695 1023 2749 tandiu
1070 2693 1340 2748 Ecclesias
1370 2693 1475 2748 sibi
1514 2693 1756 2748 creditas
1794 2710 1992 2764 passus
2017 2698 2101 2748 est
2141 2694 2276 2748 reti-

637 2805 798 2846 nere.

747 2886 879 2938 Item
909 2881 1135 2952 epistola
1161 2881 1400 2949 ejusdem
1429 2881 1503 2934 ad
1527 2883 1796 2950 episcopos
1821 2881 2167 2936 Macedonia.

715 2975 764 3025 t.
816 2971 888 3024 Ut
929 2969 975 3023 si
999 2969 1273 3037 sacerdos,
1311 2969 1399 3022 vel
1443 2968 1683 3039 quilibet
1732 2985 1798 3022 ex
1849 2970 2015 3037 clero,
2049 2971 2279 3026 viduam

642 3080 882 3119 uxorem
936 3061 1181 3131 duxerit,
1237 3062 1633 3133 vel‘ejectam,
1689 3079 1856 3116 suum
1897 3063 2100 3133 perdat
2145 3065 2273 3118 offi-
2294 3102 2349 3176 Ο

639 3157 813 3212 cium.

709 3254 761 3304 2.
796 3251 865 3305 Ut
890 3249 936 3304 si
978 3249 1106 3320 quis
1149 3249 1595 3303 catechumenus
1639 3247 1901 3303 habuerit
1924 3266 2186 3321 uxorem,
2220 3255 2278 3307 et

638 3343 905 3398 defuncta
931 3359 995 3398 ea
1023 3347 1152 3414 post
1185 3342 1531 3413 baptismum
1561 3342 1842 3413 acceperit
1874 3343 2136 3412 alteram,
2169 3346 2276 3400 cle-

636 3438 788 3494 ricus
815 3453 937 3492 esse
968 3453 1086 3491 non
1104 3436 1298 3508 possit.

707 3534 758 3586 3.
791 3531 949 3596 Quod
992 3546 1107 3585 non
1136 3529 1518 3585 admittantur
1545 3528 1738 3584 clerici
1771 3529 1841 3583 ab
1870 3529 2152 3586 haereticis
2182 3548 2274 3587 or.

635 3625 834 3680 dinati.

707 3717 899 3792 176
933 3720 984 3775 4.
1013 3718 1191 3787 Quod,
1237 3716 1298 3770 in
1339 3715 1790 3771 ordinationibus
1819 3717 2057 3773 crimina
2085 3718 2172 3774 vel
2198 3719 2274 3774 vi-

633 3813 732 3881 tia,
760 3829 878 3868 non
903 3813 1050 3868 bene
1081 3811 1386 3866 credantur
1407 3809 1638 3864 auferri.

705 3911 756 3963 5.
783 3906 946 3971 Quod
974 3906 1054 3976 hi,
1095 3904 1193 3978 qui
1228 3922 1262 3958 a
1291 3905 1511 3959 Bonoso
1543 3903 1810 3959 hmretico
1839 3905 2089 3960 ordinati
2118 3911 2269 3976 sunt,

629 4003 934 4073 propterea
959 4000 1074 4054 sint
1100 3997 1333 4070 recepti,
1363 4013 1437 4051 ne
1467 3997 1797 4052 scandalum
1829 4003 2150 4054 remaneret
2177 4001 2273 4054 Ec-

630 4093 836 4148 clesiae.

703 4189 754 4240 6.
784 4185 944 4250 Quod
969 4185 1029 4239 in
1068 4184 1314 4239 Ecclesia
1351 4185 1651 4256 peccatum
1679 4183 1874 4254 populi
1902 4184 2146 4240 multum
2177 4203 2268 4240 so-

628 4279 744 4333 leat
763 4295 1086 4332 remanere.

701 4377 753 4426 7.
808 4371 969 4436 Quod
1023 4371 1358 4442 subreptum
1415 4368 1588 4422 fuerit
1638 4370 1957 4441 apostolica:
2018 4373 2156 4441 sedi,
2213 4377 2272 4428 et

629 4483 792 4522 suam
817 4467 877 4521 in
895 4465 1100 4521 melius
1129 4464 1471 4520 sententiam
1483 4464 1851 4520 commutarit
1864 4467 2093 4536 quando
2111 4467 2268 4523 dam—
2284 4471 2345 4542 Β

624 4561 916 4618 nationem
946 4559 1129 4616 Fotini
1159 4558 1408 4614 rescidit.

698 4658 1056 4712 [NNOCENTIUS
1085 4657 1237 4711 RUFO
1269 4657 1325 4709 et
1351 4655 1603 4722 Eussmo,
1650 4657 1706 4708 et
1742 4653 1958 4708 czeteris
1988 4655 2266 4727 episcopis

624 4749 1040 4817 Macedonibus,
1065 4755 1120 4804 et
1151 4748 1423 4817 diaconis,
1448 4748 1509 4806 in
1537 4748 1776 4803 Domino
1805 4749 2063 4802 salutem.

697 4844 897 4914 Mag‘na
923 4860 1013 4897 me
1044 4843 1350 4913 gratulatio
1384 4841 1583 4895 habuit
1601 4857 1752 4910 cum,
1785 4846 1914 4912 post
1941 4841 2265 4899 discrimina

622 4935 798 4990 totius
847 4936 933 5008 (ut
987 4937 1068 4991 ita
1099 4937 1360 5007 dixerim)
1391 4935 1611 5004 mundi,
1663 4935 1860 4989 Vitalis
1912 4936 2258 4993 archidiaco-

625 5046 730 5083 nus
749 5031 1067 5084 vestrarum
1085 5028 1330 5100 portitor
1352 5029 1674 5082 litterarum
1695 5044 1761 5082 ex
1780 5028 1886 5081 illis
1906 5029 2164 5099 partibus
2189 5031 2260 5086 ad

624 5139 728 5177 nos
757 5138 939 5194 usque
967 5121 1214 5178 directus
1257 5123 1506 5177 advenit.
1537 5122 1718 5186 Quem
1747 5139 1876 5176 cum
1905 5122 2256 5195 vidissemus,

619 5216 771 5272 illico
803 5221 864 5271 ut
887 5216 1207 5288 oportebat,
1259 5215 1612 5288 percunctati
1639 5216 1708 5270 de
1761 5219 1946 5271 vestro
1992 5220 2144 5271 statu
2172 5234 2260 5272 su-

621 5327 769 5365 mus.
803 5312 1031 5381 Verum,
1062 5310 1157 5364 ubi
1186 5310 1500 5382 reperimus
1519 5327 1616 5364 vos
1639 5325 1708 5364 ex
1735 5310 2016 5365 sententia
2028 5311 2254 5382 degere,

619 5405 738 5460 Deo
767 5408 960 5460 nostro
1010 5404 1210 5460 uberes
1243 5403 1452 5476 gratias
1494 5403 1807 5470 retulimus,
1843 5404 1995 5475 quod
2051 5421 2147 5458 vos
2178 5405 2257 5459 fa-

619 5499 802 5554 mulos
851 5516 983 5554 suos
1013 5498 1129 5554 suis
1165 5497 1437 5553 altaribus
1480 5497 1808 5565 servientes,
1840 5501 1896 5552 et
1919 5497 1977 5551 in
2008 5497 2256 5553 adversis

616 5595 830 5660 tuetur,
850 5597 907 5648 et
933 5592 993 5648 in
1019 5592 1307 5666 prosperis
1335 5591 1655 5665 gubernare
1683 5591 1971 5662 dignatur.
2003 5591 2255 5656 Quicum

613 5687 941 5744 tradidisset
962 5687 1253 5759 epistolas,
1287 5704 1382 5743 eas
1408 5686 1656 5758 prmcepi
1687 5685 1836 5740 illico
1866 5686 2164 5753 recenseri,
2194 5686 2254 5742 in

611 5779 815 5848 quibus
863 5781 1045 5838 multa
1090 5782 1276 5856 posita
1319 5798 1442 5839 esse
1481 5781 1742 5856 praevidi,
1773 5798 1898 5858 quae
1951 5787 2246 5858 stuporem

2379 1845 2582 1917 (Ezech.
2621 1862 2763 1912 XLIv,
2797 1844 2903 1918 32).
2942 1867 2970 1894 »
3018 1847 3228 1901 Contra
3255 1846 3399 1917 quod
3421 1846 3720 1916 praaceptum
3752 1841 3870 1894 divina

2379 1938 2709 1994 auctoritate
2724 1939 2922 1993 subnix
2933 1955 3026 1993 um
3053 1939 3208 1993 nulla
3235 1939 3478 1993 defensio
3494 1937 3709 1992 mandati
3722 1934 3870 1988 alterius

2379 2032 2704 2104 opponitur,
2726 2032 2835 2087 nisi
2864 2033 3216 2087 consuetudo
3250 2038 3446 2100 vestra,
3467 2047 3598 2103 quae,
3619 2034 3671 2082 ut
3691 2027 3767 2098 ipsi
3785 2025 3872 2079 fate-

2379 2127 2543 2196 mini,
2575 2143 2640 2181 ex
2663 2126 2992 2198 ignorantia
3033 2128 3116 2196 (ut
3140 2125 3501 2182 verecundius
3529 2121 3717 2191 dicam),
3737 2135 3814 2172 non
3833 2133 3872 2168 ex

2377 2220 2680 2292 apostolica
2703 2219 3008 2275 traditione
3045 2224 3102 2274 et
3143 2220 3364 2274 ratione
3394 2220 3614 2288 integra,
3639 2216 3792 2269 statuta
3813 2215 3874 2262 est.

2378 2316 2485 2368 Nos
2505 2317 2697 2368 autem
2734 2330 2931 2368 omnes
2957 2313 3054 2385 qui
3084 2330 3183 2385 per
3209 2313 3494 2369 Orientem
3515 2309 3874 2372 Occidentemque

2377 2407 2650 2463 Ecclesias
2681 2408 2954 2480 regimus,
2978 2408 3199 2462 noverit
3222 2411 3406 2462 vestra
3432 2404 3634 2460 dilectio
3660 2402 3754 2455 hac
3776 2395 3876 2468 peni-

2378 2507 2466 2556 tus
2495 2519 2608 2556 non
2634 2502 2951 2569 admittere,
2991 2519 3095 2556 nec
3128 2501 3200 2556 ad
3230 2501 3489 2556 ultimum
3519 2489 3805 2552 ecclesiastici
3821 2504 3876 2540 or-

2379 2596 2525 2650 dinis
2569 2597 2758 2650 locum
2812 2597 2954 2650 tales
3001 2613 3315 2665 assumere,
3347 2599 3402 2650 et
3443 2593 3485 2647 si
3509 2587 3693 2662 reperti
3727 2581 3879 2641 fuerint,

2379 2690 2736 2744 submovere.

2447 2785 2511 2836 Il.
2552 2781 2770 2837 Deinde
2813 2769 3047 2854 ponitur
3083 2800 3201 2838 non
3251 2783 3362 2838 dici
3409 2785 3644 2852 oportere
3681 2774 3882 2843 digamum

2377 2893 2507 2931 eum
2568 2877 2667 2948 qui
2729 2877 3172 2931 catechumenus
3223 2875 3487 2931 habuerit
3543 2876 3688 2941 atque
3719 2859 3883 2919 amiserit

2379 2986 2634 3038 uxorem,
2681 2971 2726 3023 si
2769 2977 2897 3041 post
2938 2971 3294 3041 baptismum
3334 2968 3499 3023 fuerit
3541 2966 3687 3019 aliam
3719 2955 3883 3013 sortitus.

2378 3080 2620 3134 eamque
2648 3064 2895 3134 primam
2937 3064 3121 3118 videri
3149 3081 3280 3134 quas
3320 3079 3463 3118 novo
3490 3056 3681 3114 homini
3716 3048 3884 3120 copulata

2375 3158 2467 3227 sit,
2495 3157 2628 3228 quia
2647 3157 2787 3211 illud
2806 3157 3136 3228 conjugium
3158 3161 3289 3228 post
3306 3153 3562 3228 baptismi
3580 3145 3885 3206 sacramentum

2377 3268 2506 3306 cum
2533 3250 2748 3305 caeteris
2761 3251 3094 3305 criminibus
3107 3251 3177 3304 sit
3191 3245 3623 3312 ablutum.Quod
3637 3257 3741 3297 cum
3758 3237 3806 3289 de
3819 3245 3885 3328 uua

2376 3346 2575 3416 utique
2605 3344 2828 3411 dicitur,
2862 3347 3015 3398 certe
3042 3344 3084 3398 si
3115 3348 3235 3399 tres
3262 3343 3522 3400 habuerit
3545 3341 3598 3394 in
3621 3341 3771 3391 vetere
3793 3341 3884 3399 p051-

2374 3443 2464 3494 tus
2516 3438 2769 3506 homine,
2803 3455 2948 3493 uxor
2994 3438 3101 3492 erit
3148 3439 3274 3509 ejus
3321 3455 3447 3510 ῳ]εὲ
3489 3439 3605 3507 post
3645 3425 3886 3498 baptismum

2376 3537 2581 3604 quarta
2607 3537 2708 3600 est,
2727 3532 2804 3586 sic
2835 3533 3349 3604 interpretantibus
3363 3531 3569 3602 prima:
3592 3519 3888 3595 virginisaque

2375 3643 2587 3681 nomen
2608 3625 2848 3697 accipiat
2870 3642 2998 3696 quae
3025 3631 3228 3696 quarto
3247 3627 3418 3680 ducta
3436 3627 3516 3678 est
3538 3623 3662 3675 loco.
3687 3613 3886 3678 Ουίενοῖθθ

2375 3719 2526 3773 istud
2564 3735 2681 3773 non
2716 3717 2908 3773 videat
2945 3725 3139 3773 contra
3180 3717 3439 3790 Apostoli
3477 3732 3590 3772 esse
3623 3707 3887 3790 praeceptum,

2373 3813 2472 3884 qui
2487 3812 2567 3865 ait
2590 3829 2602 3866 :
2634 3834 2661 3862 «
2684 3813 2863 3867 Unius
2880 3812 3075 3867 uxoris
3103 3813 3290 3867 virum
3310 3825 3454 3884 opus
3476 3808 3588 3864 ﬁeri
3607 3787 3888 3860 sacerdotem?

2373 3905 2504 3978 (Τίεο
2535 3923 2571 3973 Ι,
2614 3907 2688 3977 6.)
2724 3927 2750 3954 ››
2784 3905 2892 3960 Sed
2920 3905 3186 3975 objicitur
3234 3907 3389 3978 quod
3428 3905 3486 3958 in
3511 3900 3751 3972 baptismo
3776 3892 3890 3980 tetuli

2374 3976 2654 4071 quidquid
2674 3976 2732 4053 in
2760 4002 2948 4054 vetere
2977 4000 3207 4054 homine
3236 3976 3465 4071 gestum
3490 4000 3568 4052 est
3594 3993 3656 4047 sit
3677 3991 3822 4043 lotum.
3840 3976 3890 4027 Di-

2371 4093 2479 4148 cite
2509 4093 2672 4162 mihi,
2706 4110 2837 4147 cum
2867 4109 3001 4164 pace
3033 4099 3215 4148 vestra
3251 4094 3482 4165 loquor,
3509 4087 3722 4144 crimina
3743 4079 3891 4132 tantum

2372 4187 2740 4241 dimittuntur
2763 4187 2820 4241 in
2848 4187 3155 4258 baptismo,
3189 4205 3264 4241 an
3307 4192 3365 4242 et
3395 4187 3504 4241 alia
3534 4198 3649 4254 qua:
3673 4167 3890 4231 secundum

2372 4281 2590 4335 Domini
2621 4283 2929 4352 praecepta,
2955 4298 3019 4335 ac
3043 4281 3141 4334 Dei
3171 4281 3433 4336 instituta
3449 4265 3794 4347 complentur?
3812 4273 3894 4355 Im"r

2368 4391 2490 4430 rem
2522 4375 2727 4429 ducere
2755 4375 2977 4428 crimen
3014 4381 3114 4442 est,
3146 4392 3348 4430 annon
3391 4377 3474 4429 est
3508 4363 3739 4425 crimen?
3767 4357 3892 4450 Si

2370 4485 2504 4523 men
2537 4474 2638 4538 est,
2662 4485 2800 4538 ergo
2831 4469 3086 4539 (praefata
3110 4469 3279 4523 venia
3311 4467 3570 4534 dixerim)
3593 4461 3688 4517 erit
3705 4455 3846 4547 auctet
3864 4457 3897 4494 ιη

2367 4562 2532 4633 CUIPa
2571 4562 2688 4633 qui,
2723 4565 2785 4616 ut
2813 4562 3055 4616 crimina
3089 4563 3583 4617 committerentur
3615 4557 3669 4609 in
3706 4542 3893 4622 pamdlsov

2367 4671 2497 4709 cum
2538 4655 2658 4726 ipse
2690 4671 2788 4709 eos
2829 4656 3120 4727 jungeret,
3148 4656 3472 4712 benedixit.
3510 4653 3568 4709 Si
3610 4664 3724 4703 vero
3745 4653 3827 4696 non
3847 4632 3897 4683 θέί

2364 4749 2602 4818 crimen,
2637 4749 2770 4820 quia
2797 4749 2951 4820 quod
2973 4751 3118 4804 Deus
3137 4750 3336 4820 junxit
3375 4750 3533 4804 nefas
3558 4746 3624 4800 sit
3644 4740 3813 4796 crimen
3833 4741 3893 4792 δρ-

2363 4843 2585 4914 pellari,
2617 4848 2672 4896 et
2702 4844 2972 4898 Salomon
2996 4843 3247 4898 addidit:
3287 4865 3314 4895 «
3341 4843 3554 4899 etenim
3583 4857 3610 4893 a
3639 4838 3738 4891 Deo
3759 4834 3900 4916 pra’lfl‘

2364 4941 2524 4990 ratur
2553 4936 2672 4990 viro
2715 4953 2860 4990 uxor
2891 4936 3066 5006 (Prov.
3112 4954 3220 5004 xxx,
3267 4940 3377 5006 14).
3408 4960 3435 4986 ››
3492 4927 3754 5000 Quomodo
3784 4911 3897 5009 cred)i

2363 5030 2511 5085 inter
2537 5030 2777 5084 crimina
2804 5046 2922 5085 esse
2955 5030 3251 5085 dimissum
3282 5032 3440 5102 quod
3472 5032 3687 5084 auctore
3707 5022 3792 5073 Deo
3816 5012 3903 5075 id?“

2362 5128 2456 5177 tur
2483 5128 2938 5178 consummatum
2956 5125 2984 5179 ?
3021 5125 3156 5196 quid
3185 5125 3254 5179 de
3288 5126 3496 5179 talium
3540 5119 3662 5175 ﬁliis
3685 5114 3898 5197 percense-

2359 5218 2499 5272 tur?
2531 5217 2800 5290 Nunquid
2830 5235 2948 5273 non
2987 5225 3155 5274 erunt
3191 5217 3537 5274 admittendi
3570 5216 3626 5269 in
3651 5200 3905 5291 han-editam.5

2358 5312 2665 5378 consortio,
2707 5312 2841 5384 quia
2868 5329 2933 5368 ex
2970 5329 3034 5368 ea
3063 5314 3308 5384 suscepti
3342 5318 3476 5367 sunt
3505 5326 3626 5382 quae
3652 5309 3762 5360 ante
3786 5293 3904 5362 δείλῃ

2358 5423 2547 5460 smum
2574 5406 2680 5461 fuit
2709 5423 2850 5461 uxor
2869 5407 2896 5461 ?
2944 5409 3235 5480 Erantque
3263 5405 3615 5480 appellandi,
3653 5397 3822 5456 scilicet
3841 5404 3903 5441 ua-

2357 5501 2588 5568 turales,
2622 5501 2707 5554 vel
2739 5501 2935 5571 spurii,
2963 5503 3096 5573 quia
3123 5520 3238 5558 non
3271 5519 3397 5557 esse
3441 5499 3744 5572 legitimum
3768 5492 3902 5542 mam“

2355 5594 2634 5665 monium,
2667 5594 2774 5649 nisi
2806 5595 2966 5660 illud,
3000 5599 3061 5650 ut
3094 5597 3249 5652 vobis
3274 5597 3526 5661 videtur,
3558 5591 3697 5665 quod
3720 5588 3816 5658 post
3841 5578 3904 5630 ba-

2354 5689 2628 5759 ptismum
2654 5690 2978 5745 assumitur.
3003 5692 3126 5762 Ipse
3158 5691 3436 5745 Dominus
3466 5705 3590 5743 cum
3615 5684 3907 5744 interroga”

2353 5785 2448 5840 tur
2489 5799 2521 5838 a
2564 5783 2789 5857 Judaeis,
2835 5785 2880 5842 si
2921 5785 3117 5844 liceret
3155 5784 3448 5845 dimittere
3499 5794 3715 5842 uxorem
3750 5763 3906 5848 (HW!
