4026 6182
153 250 235 298 717

1297 239 1771 300 DECRETALIUM
1807 245 2192 301 COLLECTIO.

3369 250 3470 303 7l8

152 368 241 417 ιιι,
277 353 321 419 3)
363 354 531 418 atque
562 350 870 417 exponeret
898 346 1020 402 ﬁeri
1052 364 1168 402 non
1198 347 1428 418 debere,
1462 351 1685 406 addidit
1715 369 1728 406 :
1755 380 1812 454 Α
1832 353 1931 424 qui
1960 370 1992 406 a
2013 353 2410 408 benedictione
2437 353 2812 409 ordinationis
2827 354 3086 424 crimina,
3105 353 3193 409 vel
3221 354 3352 410 vitia
3366 373 3468 428 pu-

150 468 168 496 (ι
198 442 342 509 Quod
370 458 503 512 ergo
531 442 675 495 Deus
695 441 904 511 junxit,
925 442 1100 496 homo
1127 459 1240 496 non
1268 450 1488 513 separet
1515 447 1729 514 (Matth.

146 557 234 604 ιιι,
261 540 372 604 6).»
387 539 461 590 Ac
479 552 551 589 ne
573 535 637 589 de
654 535 742 589 his
760 534 980 588 locutus
1001 553 1122 589 esse
1143 537 1424 604 credatur,
1457 555 1581 610 quas
1607 544 1736 610 post

145 631 455 701 baptismum
481 628 808 698 sortiuntur,
845 630 1214 684 meminerint
1244 631 1350 685 hoc
1384 636 1441 685 et
1471 649 1501 686 a
1526 634 1734 687 Judteis

145 727 544 794 interrogatum,
572 726 627 776 et
647 723 852 777 Judaais
883 740 1006 777 esse
1039 741 1395 795 responsum.
1426 727 1644 795 Quaero,
1678 732 1735 782 et

147 818 376 873 sollicitus
409 832 620 887 quaero,
651 816 695 871 si
727 834 838 870 una
866 817 1181 890 eademque
1209 819 1280 872 sit
1311 836 1453 873 uxor
1483 821 1605 890 ejus
1632 821 1730 892 qui

147 919 250 966 ante
295 910 730 965 catechumenus
776 913 1106 982 susceperit,
1158 919 1355 985 postea
1409 914 1481 968 sit
1527 915 1729 983 ﬁdelis,

148 1006 366 1075 ﬁliosque
397 1020 464 1058 ex
493 1020 561 1058 ea
589 1021 719 1058 cum
749 1008 898 1060 esset
927 1007 1374 1061 catechumenus
1405 1010 1730 1080 susceperit,

147 1116 198 1152 ac
232 1103 414 1169 postea
450 1097 593 1153 alios
633 1115 762 1152 cum
804 1098 1005 1166 ﬁdelis,
1037 1106 1232 1154 utrum
1265 1101 1376 1156 sint
1413 1103 1732 1173 appellandi

144 1192 329 1257 fratres,
360 1207 429 1244 an
465 1207 582 1245 non
609 1191 859 1247 habeant
880 1197 1078 1263 postea
1107 1194 1373 1249 defuncto
1404 1201 1564 1266 patre
1597 1196 1730 1250 her-

144 1285 382 1339 ciscundae
427 1285 779 1339 hmreditatis
825 1287 1196 1354 consortium,
1245 1289 1450 1359 quibus
1486 1288 1729 1343 ﬁliorum

143 1395 319 1432 nomen
353 1379 707 1448 regeneratio
745 1380 1056 1451 spiritualis
1092 1382 1342 1436 creditur
1377 1383 1672 1437 abstulisse
1703 1383 1730 1437 ἱ)

145 1477 278 1540 Quod
305 1494 427 1531 cum
456 1478 536 1532 ita
567 1477 781 1532 sentire
809 1485 978 1550 atque
997 1480 1260 1550 judicare
1285 1482 1593 1536 absurdum
1622 1486 1727 1548 est,

144 1588 242 1642 qua?
269 1571 399 1626 ratio
432 1576 518 1625 est
545 1573 653 1626 hoc
702 1573 917 1627 malum
955 1574 1203 1641 defendi,
1247 1578 1305 1628 et
1339 1592 1514 1630 vacua
1545 1577 1730 1647 magis

147 1665 367 1734 opinione
396 1666 604 1736 jactari
645 1684 820 1737 quam
869 1667 1056 1739 aliqua
1087 1670 1418 1724 auctoritate
1449 1670 1726 1738 roborari,

1833 450 2032 502 tantur
2056 447 2287 516 auferri,
2313 448 2503 502 nullus
2540 448 2611 504 sit
2642 448 2991 520 pmnitentiaa
3021 448 3201 518 locus,
3242 450 3377 520 quia
3405 449 3465 505 id

1833 544 2017 612 potest
2041 543 2307 611 praestare
2328 541 2610 596 ordinatio
2631 542 2787 615 quod
2807 543 2980 614 longa
3000 542 3306 598 satisfactio
3323 560 3465 615 prae-

1833 639 1978 689 stare
2007 636 2314 691 consuevit.
2347 636 2455 691 Sed
2481 640 2689 691 nostra;
2717 637 2810 691 lex
2840 637 3100 692 Ecclesia:
3128 642 3213 692 est
3236 638 3467 692 venien-

1832 728 1982 782 tibus
2008 730 2076 783 ab
2102 729 2386 784 haereticis
2413 729 2512 801 qui
2541 733 2734 784 tamen
2767 729 2880 784 illic
2912 730 3175 801 baptizati
3201 736 3335 785 sunt
3363 748 3466 802 per

1832 838 2037 876 manus
2067 822 2493 894 impositionem
2533 823 2735 878 laicam
2765 827 2990 878 tantum
3026 824 3275 880 tribuere
3304 841 3461 880 com-

1831 916 2186 986 munionem,
2207 932 2311 971 nec
2326 933 2397 971 ex
2416 916 2503 970 his
2519 916 2770 989 aliquem
2788 917 2844 972 in
2858 918 3150 973 clericatus
3160 919 3460 988 honorem,

1831 1009 1921 1063 vel
1948 1010 2244 1080 exiguum,
2276 1010 2607 1082 subrogare.

1901 1104 1964 1156 V.
1997 1106 2070 1158 At
2097 1119 2226 1159 vero
2269 1103 2329 1158 hi
2369 1104 2468 1176 qui
2521 1121 2554 1158 a
2603 1105 2882 1160 catholica
2930 1105 3043 1160 tide
3090 1107 3160 1160 ad
3203 1107 3463 1163 haeresim

1829 1197 2198 1265 transierunt,
2227 1213 2368 1269 quos
2395 1214 2510 1252 non
2529 1199 2691 1254 aliter
2725 1203 2970 1271 Oportet,
2999 1200 3109 1254 nisi
3128 1201 3465 1272 poenitentia

1831 1291 2059 1362 suscipi,
2079 1291 2233 1363 apud
2253 1308 2352 1346 vos
2369 1309 2486 1347 non
2507 1293 2695 1348 solum
2712 1293 3110 1365 paenitentiam
3126 1311 3241 1350 non
3261 1301 3461 1366 agunt,

1829 1401 2032 1439 verum
2065 1385 2234 1440 etiam
2266 1385 2486 1441 honore
2525 1387 2909 1442 cumulantur.
2942 1389 3049 1443 Sed
3078 1388 3253 1443 Anisii
3281 1405 3464 1461 quon-

1831 1478 1966 1533 dam
1994 1479 2186 1534 fratris
2229 1480 2408 1535 nostri
2450 1480 2814 1553 aliorumque
2859 1482 3215 1538 sacerdotum
3242 1499 3468 1538 summa

1831 1572 2165 1628 deliberatio
2189 1574 2310 1629 haec
2352 1574 2479 1644 fuit,
2525 1579 2586 1630 ut
2614 1591 2757 1647 quos
2787 1577 3042 1631 Bonosus
3083 1577 3464 1645 ordinaverat,

1828 1682 1901 1721 ne
1928 1683 2058 1720 cum
2077 1667 2278 1723 eodem
2304 1673 2693 1738 remanerent,
2733 1686 2797 1724 ac
2829 1669 2995 1725 ﬁeret
3036 1687 3149 1726 non
3179 1671 3468 1728 mediocre

144 1774 242 1811 cum
265 1775 366 1812 non
392 1761 566 1829 possit
587 1761 736 1815 inter
762 1765 992 1831 peccata
1008 1763 1264 1832 deputari
1285 1763 1441 1834 quod
1466 1765 1551 1817 lex
1578 1781 1726 1834 prae-
1749 1753 1806 1825 B
1829 1761 2180 1832 scandalum,
2204 1762 2450 1818 ordinati
2471 1771 2854 1818 remanerent.
2874 1764 3123 1819 Vicimus
3144 1764 3224 1834 (ut
3242 1765 3466 1836 opinor)

145 1853 276 1923 cepit,
303 1859 354 1906 et
379 1855 522 1908 Deus
543 1855 753 1924 junxit,
786 1856 1190 1926 etlexjunxit?
1222 1858 1509 1929 Numquid
1539 1858 1583 1911 si
1604 1859 1730 1930 quis

145 1947 541 2002 catechumenos
568 1949 870 2003 virtutibus
897 1950 1197 2016 studuerit,
1229 1952 1612 2007 humilitatem
1639 1970 1726 2008 se-

145 2045 273 2094 cutus
293 2041 470 2110 fuerit,
499 2043 843 2114 patientiam
869 2045 1135 2112 tenuerit,
1167 2047 1557 2117 eleemosynas
1577 2047 1726 2101 fece-

144 2134 213 2198 rit,
235 2136 384 2188 morti
406 2135 716 2191 destinatos
733 2138 984 2208 qualibet
1006 2139 1228 2193 ratione
1249 2140 1540 2210 eripuerit,
1565 2140 1728 2194 adul-

142 2227 254 2281 teria
273 2230 640 2297 exhorruerit,
663 2231 975 2285 castitatem
994 2234 1260 2301 tenuerit,
1282 2250 1495 2304 quaero,
1517 2233 1564 2287 si
1583 2235 1726 2302 haec,

141 2338 242 2376 cum
263 2322 419 2378 fuerit
441 2325 626 2378 factus
647 2325 844 2393 ﬁdelis,
864 2325 1092 2392 amittit,
1112 2327 1244 2397 quia
1262 2343 1364 2398 per
1378 2327 1730 2398 baptismum

144 2420 290 2470 totum
334 2418 482 2488 quod
506 2421 676 2472 vetus
709 2418 877 2472 homo
901 2423 1175 2490 gesserat,
1204 2424 1436 2491 putatur
1465 2421 1674 2476 auferri
1703 2422 1730 2476 ?

142 2509 442 2578 Aspiciamus
472 2511 750 2582 gentilem
782 2513 1079 2567 hominem
1103 2515 1435 2578 Cornelium
1467 2515 1733 2569 orationi-

142 2601 221 2655 bus
258 2607 412 2675 atque
449 2607 830 2677 eleemosynis
868 2623 971 2677 per
1005 2607 1415 2662 revelationem
1455 2608 1728 2679 angelum

144 2695 435 2768 Petrumque
465 2699 656 2770 ipsum
671 2700 896 2755 vidisse.
926 2701 1220 2773 Numquid
1251 2719 1354 2772 per
1376 2702 1730 2774 baptismum

144 2788 235 2842 haec
261 2790 333 2844 illi
359 2793 543 2846 ablata
573 2799 707 2847 sunt
735 2799 965 2864 propter
997 2812 1125 2866 quae.
1155 2796 1207 2849 ei
1232 2796 1547 2867 baptismus
1572 2796 1726 2850 vide-

145 2887 214 2934 tur
233 2900 511 2940 concessus
537 2888 566 2941 ?
595 2887 655 2941 Si
672 2888 750 2941 ita
769 2888 1036 2956 creditur,
1060 2889 1200 2942 mihi
1223 2890 1451 2944 credite.
1475 2891 1594 2943 Non
1613 2906 1732 2945 mo-

144 2975 294 3031 dicum
313 2984 548 3044 erratur,
578 2981 716 3052 quia
741 2981 1017 3053 quidquid
1046 2982 1191 3036 bene
1217 2986 1440 3052 gestum
1460 2983 1650 3052 fuerit,
1676 2989 1732 3040 et

143 3072 409 3127 secundum
438 3078 728 3146 praecepta
765 3075 975 3146 legalia
1002 3075 1373 3143 custoditum,
1403 3093 1516 3131 non
1544 3081 1729 3148 potest

140 3163 422 3221 facientibus
459 3168 742 3238 deperire.
785 3169 1123 3240 Nuptiarum
1173 3186 1310 3240 ergo
1341 3171 1563 3241 copula,
1597 3127 1804 3242 quiaC‘

143 3256 215 3309 Dei
239 3261 486 3315 mandato
508 3262 822 3332 perﬁcitur,
854 3279 970 3317 non
993 3267 1180 3332 potest
1199 3264 1305 3316 dici
1334 3269 1646 3334 peccatum,
1674 3269 1729 3318 et

140 3349 175 3402 si
199 3358 464 3420 peccatum
483 3372 604 3410 non
626 3361 731 3421 est,
755 3356 887 3426 quia
908 3356 1046 3410 solvi
1069 3356 1217 3410 inter
1241 3362 1466 3427 peccata
1490 3357 1725 3412 omnino

143 3459 228 3498 non
251 3447 422 3516 debet,
455 3449 686 3520 eritque
719 3449 1012 3520 integrum
1047 3450 1333 3504 aestimare
1367 3451 1581 3504 aboleri
1611 3468 1726 3505 non

140 3553 265 3605 posse
281 3542 494 3611 prioris,
520 3559 733 3597 nomen
765 3544 978 3614 uxoris,
1021 3561 1151 3599 cum
1191 3561 1305 3597 non
1334 3543 1630 3599 dimissum
1659 3545 1729 3601 sit

143 3646 218 3698 pro
242 3641 470 3705 peccato,
499 3637 637 3709 quia
658 3655 726 3692 ex
754 3638 846 3694 Dei
874 3640 947 3692 sit
973 3639 1259 3692 voluntate
1286 3639 1652 3710 completum.

195 3728 261 3782 ll].
300 3731 536 3786 Ventum
582 3735 669 3785 est
691 3733 762 3786 ad
787 3731 1011 3786 tertiam
1039 3731 1438 3802 quaestionem,
1468 3749 1596 3803 quas
1626 3749 1728 3804 pro

143 3821 206 3874 sui
226 3823 530 3879 difﬁcultate
560 3825 884 3894 longiorem
907 3824 1082 3896 exigit
1111 3826 1572 3896 disputationem,
1595 3843 1726 3881 cum

145 3930 220 3967 nos
241 3917 475 3972 dicamus
507 3918 584 3972 ab
632 3918 911 3973 hiereticis
955 3919 1266 3985 ordinatos,
1299 3921 1599 3974 vulnerum
1628 3938 1729 3992 per

143 4007 262 4062 illam
277 4027 467 4066 manus
495 4012 924 4083 impositionem
946 4013 1156 4067 habere
1185 4019 1370 4085 caput.
1401 4015 1505 4068 Ubi
1526 4017 1728 4069 vulnus

141 4099 330 4158 inﬁxum
355 4110 455 4173 est,
486 4106 777 4160 medicina
805 4112 889 4161 est
912 4107 1252 4174 adhibenda,
1285 4124 1413 4178 quae
1436 4108 1610 4178 possit
1641 4125 1730 4162 re-

141 4194 284 4263 cipere
325 4200 652 4254 sanitatem.
695 4202 832 4264 Quae
884 4201 1094 4255 sanitas
1137 4205 1267 4272 post
1306 4203 1510 4255 vulnus
1539 4205 1730 4256 secuta

141 4287 230 4342 sine
250 4292 496 4348 cicatrice
529 4309 652 4347 esse
684 4310 799 4348 non
820 4294 1049 4365 poterit,
1073 4299 1241 4365 atque
1261 4295 1360 4349 ubi
1382 4295 1728 4365 paenitentiae

138 4385 404 4440 remedium
417 4388 812 4442 necessarium
825 4392 928 4452 est,
945 4389 1056 4443 illic
1070 4389 1440 4444 ordinationis
1455 4390 1728 4444 honorem

137 4473 282 4530 locum
297 4496 404 4534 non
425 4499 591 4552 posse
616 4481 851 4535 habere.
875 4482 1018 4535 Nam
1041 4483 1084 4535 si
1104 4486 1167 4535 ut
1187 4483 1394 4552 legitur
1416 4504 1442 4531 ‹‹
1470 4483 1626 4554 quod
1652 4487 1728 4537 te-
1745 4499 1805 4572 D

139 4567 288 4636 tigerit
313 4573 642 4629 immundus
676 4575 1043 4628 immundum
1067 4575 1174 4628 erit
1209 4576 1387 4642 (Num.
1421 4577 1664 4647 x1x,22),
1695 4596 1723 4628 ››

136 4663 252 4729 quod
269 4665 313 4718 ei
333 4669 634 4733 tribuetur,
656 4668 946 4738 quomodo
970 4668 1250 4721 munditia
1268 4684 1332 4721 ac
1352 4668 1570 4739 puritas
1589 4685 1723 4724 con-

139 4757 279 4810 suevit
304 4757 554 4832 accipere
577 4763 604 4816 ?
634 4762 738 4816 Sed
768 4778 798 4815 e
826 4763 1112 4816 contrario
1142 4761 1412 4816 asseritur
1443 4778 1594 4830 eum,
1629 4764 1752 4845 qui.

136 4843 369 4907 honorem
391 4855 600 4921 amisit,
625 4856 903 4910 honorem
921 4857 1056 4909 dare
1084 4873 1200 4910 non
1223 4873 1410 4926 posse,
1437 4873 1542 4911 nec
1565 4856 1726 4911 illum

135 4939 310 5010 aliquid
335 4949 632 5020 accepisse,
663 4949 797 5020 quia
826 4948 967 5002 nihil
996 4949 1054 5003 in
1084 4950 1252 5004 dante
1275 4953 1412 5017 erat,
1449 4951 1605 5021 quod
1630 4951 1726 5005 ille

135 5042 289 5100 posset
321 5043 588 5113 accipere.
615 5043 1056 5114 Acquiescimus,
1097 5049 1154 5098 et
1185 5061 1382 5099 verum
1412 5049 1494 5099 est
1531 5062 1542 5099 :
1577 5050 1726 5100 certe

136 5129 211 5193 qui
227 5147 328 5186 non
345 5135 542 5191 habuit
561 5137 691 5192 dare
711 5154 829 5192 non
848 5137 1050 5208 potuit.
1079 5139 1508 5193 Damnationem
1533 5139 1725 5209 utique

140 5233 277 5286 quam
289 5225 495 5296 habuit,
510 5247 618 5302 per
635 5247 867 5302 pravam
884 5247 1090 5284 manus
1107 5231 1532 5302 impositionem
1549 5231 1723 5297 dedit,

139 5316 179 5364 et
189 5317 268 5384 qui
283 5323 553 5393 particeps
566 5324 803 5378 effectus
814 5327 898 5378 est
911 5324 1198 5392 damnato,
1219 5325 1510 5395 quomodo
1525 5324 1729 5381 debeat

141 5402 379 5467 honorem
400 5415 676 5487 accipere,
707 5418 961 5472 invenire
982 5434 1096 5471 non
1116 5433 1372 5488 possum.

194 5501 265 5556 IV.
285 5507 349 5559 At
366 5508 568 5564 dicitur
577 5528 710 5565 vera
733 5528 796 5566 ac
808 5511 963 5583 justa
976 5511 1216 5583 legitimi
1234 5509 1536 5565 sacerdotis
1548 5509 1726 5565 bene-

145 5589 279 5648 dictio
315 5603 529 5658 auferre
576 5622 744 5660 omne
787 5605 986 5660 vitium
1034 5605 1183 5677 quod
1221 5621 1254 5658 a
1299 5603 1496 5658 vitioso
1543 5604 1730 5659 fuerat

146 5683 391 5753 i"iiectum.
445 5698 587 5768 Ergo
633 5700 678 5754 εἰ
718 5700 797 5753 ita
838 5703 942 5764 est,
994 5699 1355 5770 applicentur
1389 5699 1460 5752 ad
1500 5698 1728 5752 ordines

146 5783 383 5858 sacrilegi,
431 5791 690 5866 adulteri,
740 5798 910 5871 atque
956 5793 1222 5852 omnium
1275 5791 1581 5854 criminum
1625 5792 1725 5873 rei,

1828 1855 2112 1926 ambigua.
2143 1858 2169 1910 J
2176 1872 2270 1910 am
2303 1873 2440 1928 ergo
2459 1857 2615 1928 quod
2635 1874 2738 1928 pro
2765 1857 3020 1913 remedio
3044 1875 3108 1913 ac
3127 1859 3464 1915 necessitate

1827 1949 2103 2018 temporis
2146 1953 2419 2004 statutum
2461 1955 2546 2004 est
2571 1954 2790 2006 constat
2833 1951 3096 2022 primitus
3124 1969 3240 2006 non
3264 1953 3461 2020 fuisse,

1829 2057 1892 2095 ac
1911 2040 2082 2096 fuisse
2108 2043 2334 2113 regulas
2363 2049 2602 2112 veteres,
2627 2062 2766 2116 quas
2791 2045 2860 2099 ab
2889 2045 3185 2117 apostolis,
3229 2047 3316 2100 vel
3336 2063 3468 2118 apo-

1829 2135 2038 2190 stolicis
2075 2136 2210 2190 viris
2243 2137 2476 2192 traditas
2512 2139 2760 2192 Ecclesia
2791 2139 3048 2194 Romana
3079 2140 3342 2207 custodit,
3375 2157 3469 2194 cu-

1830 2229 2269 2302 stodiendasque
2307 2231 2542 2286 mandat
2586 2232 2675 2286 his
2722 2234 2821 2303 qui
2847 2249 2975 2287 eam
3004 2233 3202 2288 audire
3237 2249 3468 2288 censue-

1831 2325 1988 2376 runt.
2042 2322 2152 2377 Sed
2195 2325 2498 2378 necessitas
2545 2325 2822 2397 temporis
2862 2325 2921 2379 id
2957 2325 3080 2380 ﬁeri
3115 2343 3467 2398 magnopere

1829 2417 2169 2487 postulabat.
2201 2418 2349 2488 Ergo
2387 2419 2539 2489 quod
2563 2419 2862 2473 necessitas
2889 2435 2993 2490 pro
3024 2421 3276 2475 remedio
3307 2436 3469 2492 repe-

1831 2510 1905 2564 rit
1928 2514 2184 2565 cessante
2229 2512 2582 2580 necessitate,
2627 2513 2796 2567 debet
2845 2512 3041 2584 utique
3073 2530 3285 2569 cessare
3312 2514 3465 2585 pari-

1831 2607 1918 2658 ter
1941 2604 2095 2674 quod
2119 2605 2381 2675 urgebat,
2409 2605 2546 2676 quia
2564 2605 2710 2659 alius
2729 2609 2813 2659 est
2839 2605 2981 2660 ordo
3012 2607 3321 2677 legitimus,
3351 2607 3462 2662 alia

1831 2700 1917 2751 est
1943 2698 2241 2768 usurpatio
2272 2714 2447 2768 quam
2473 2699 2541 2753 ad
2569 2716 2818 2770 praesens
2847 2703 3072 2770 tempus
3109 2700 3233 2754 ﬁeri
3260 2700 3463 2771 impel-

1827 2791 1911 2845 lit.
1942 2792 2051 2846 Sed
2079 2807 2326 2846 canones
2366 2793 2518 2863 apud
2554 2793 2800 2847 Nicaeam
2849 2793 3139 2848 constituti
3169 2795 3238 2848 de
3279 2795 3463 2849 Nova-

1828 2884 1994 2939 tianis
2019 2885 2145 2939 ﬁeri
2175 2886 2576 2956 permiserunt.
2620 2887 2778 2940 Prius
2809 2887 2901 2942 ille
2933 2903 3112 2941 canon
3143 2904 3177 2941 a
3207 2887 3466 2942 Patribus

1828 2979 2118 3033 institutus
2147 2979 2446 3049 ponendus
2477 2983 2580 3048 est,
2619 2985 2684 3035 ut
2720 2981 2999 3052 possimus
3026 2981 3343 3049 advertere,
3377 2983 3466 3036 vel

1830 3072 1987 3143 quid,
2016 3074 2102 3127 vel
2132 3073 2382 3143 qualiter
2407 3074 2478 3128 ab
2517 3073 2733 3128 eisdem
2773 3091 3004 3130 sensum
3039 3076 3110 3130 sit
3147 3075 3289 3130 illud
3313 3091 3464 3147 prae-

1831 3171 2074 3237 ceptum.
2092 3169 2169 3221 De
2183 3168 2290 3236 his,
2308 3167 2513 3238 inquit,
2530 3168 2626 3238 qui
2640 3169 2942 3223 nominant
2954 3169 3166 3240 seipsos
3179 3169 3463 3236 catharos,

1829 3259 1890 3313 id
1918 3265 2001 3314 est
2029 3261 2298 3327 mundos,
2331 3264 2388 3314 et
2425 3260 2732 3331 aliquando
2760 3263 2995 3317 veniunt
3021 3263 3094 3318 ad
3124 3263 3462 3318 catholicam

1829 3354 2160 3421 Ecclesiam,
2185 3355 2396 3426 placuit
2415 3360 2624 3408 sanctas
2639 3361 2696 3409 et
2709 3372 2932 3428 magnae
2951 3358 3188 3428 synodo,
3211 3360 3290 3423 ut,
3314 3373 3466 3411 acce-

1827 3451 1924 3518 pta
1951 3464 2152 3501 manus
2179 3448 2561 3518 impositione,
2590 3448 2667 3502 sic
2695 3453 2966 3503 maneant
2985 3449 3045 3503 in
3073 3451 3244 3504 clero.
3269 3451 3463 3504 Possu-

1829 3558 1956 3595 mus
1982 3557 2113 3596 vero
2141 3541 2327 3596 dicere
2357 3541 2428 3595 de
2454 3541 2583 3596 solis
2602 3541 2691 3596 his
2710 3541 3034 3597 Novatianis
3061 3559 3180 3598 esse
3207 3560 3460 3615 praecep-

1831 3639 1972 3702 tum,
2015 3651 2117 3689 nec
2146 3635 2215 3689 ad
2257 3635 2497 3690 aliarum
2543 3636 2832 3690 haeresum
2877 3635 3111 3691 clericos
3149 3637 3456 3708 pertinere.

1827 3730 1972 3783 Nam
1997 3729 2043 3783 si
2062 3729 2260 3800 utique
2280 3729 2349 3784 de
2369 3730 2635 3786 omnibus
2655 3730 2735 3784 ita
2757 3729 3081 3800 deﬁnirent,
3109 3730 3460 3786 addidissent

1829 3839 1860 3876 a
1889 3822 2205 3876 Novatianis
2233 3823 2471 3894 aliisque
2502 3824 2783 3878 haereticis
2803 3828 3145 3879 revertentes
3173 3826 3377 3880 debere
3399 3826 3460 3881 in

1828 3929 1997 3971 suum
2027 3917 2284 3971 ordinem
2315 3917 2510 3988 recipi.
2560 3917 2722 3982 Quod
2761 3918 2806 3972 si
2828 3918 2906 3973 ita
2931 3921 3095 3986 esset,
3125 3919 3296 3974 etiam
3318 3919 3458 3974 illud

1827 4011 2094 4080 maxime,
2145 4011 2295 4082 quod
2339 4011 2408 4065 de
2446 4011 2802 4066 Paulianistis
2841 4012 3059 4066 dictum
3099 4016 3202 4080 est,
3248 4013 3460 4085 poterit

1828 4105 2171 4174 conﬁrmari,
2201 4123 2233 4158 a
2257 4105 2463 4176 quibus
2485 4106 2775 4160 venientes
2806 4106 2981 4161 etiam
3009 4107 3284 4179 baptizari
3311 4124 3455 4179 prae-

1829 4200 2134 4270 cipiuntur.
2171 4199 2574 4270 Nunquidnam
2621 4216 2752 4254 cum
2778 4201 2846 4255 de
2872 4201 3228 4256 Paulianistis
3250 4202 3461 4272 jubent

1831 4310 2029 4348 omnes
2051 4294 2148 4364 qui
2175 4293 2244 4347 ab
2261 4292 2540 4347 haereticis
2555 4297 2937 4362 revertuntur,
2955 4298 3126 4350 erunt
3148 4296 3258 4351 hoc
3275 4312 3463 4351 exem-

1827 4387 1922 4456 plo
1949 4386 2315 4457 baptizandi?
2339 4387 2502 4451 Quod
2531 4403 2662 4441 cum
2691 4388 2881 4442 nullus
2911 4388 3120 4443 audeat
3155 4389 3360 4460 facere,
3387 4390 3458 4444 de

1827 4479 1964 4550 ipsis
1988 4482 2211 4534 tantum
2237 4496 2359 4533 esse
2385 4483 2740 4552 praeceptum
2761 4481 2906 4535 ratio
2930 4482 3055 4552 ipsa
3076 4483 3456 4538 demonstrat.

1830 4573 2080 4644 Denique
2105 4573 2417 4643 baptizatos
2444 4573 2552 4627 rite
2584 4574 2653 4628 ab
2682 4575 3024 4645 evangelista
3049 4575 3330 4646 Philippo,
3361 4578 3462 4630 Pe-

1826 4672 1964 4735 trus,
1997 4671 2052 4720 et
2075 4668 2310 4720 Joannes
2364 4667 2484 4721 sola
2537 4684 2738 4721 manus
2784 4667 3149 4739 impositiOne
3188 4685 3458 4724 consum-

1829 4763 2005 4814 mant.
2039 4761 2165 4814 Illos
2194 4776 2325 4813 vero
2361 4776 2506 4830 quos
2547 4761 2839 4832 apostolus
2870 4762 3072 4816 Paulus
3097 4763 3330 4818 Joannis
3357 4764 3458 4819 ha-

1828 4854 2089 4925 ptismate
2127 4853 2439 4925 baptizatos
2471 4858 2762 4924 repererat
2788 4854 3160 4927 interrogavit
3185 4879 3213 4906 «
3244 4875 3316 4912 an
3343 4859 3463 4930 Spi-

1827 4948 2000 5002 ritum
2016 4953 2274 5002 sanctum
2288 4947 2657 5019 accepissent,
2683 4969 2710 4997 »
2738 4949 3324 5022 respondentibusque
3351 4974 3380 5003 ‹‹
3405 4970 3462 5009 se

1827 5059 1900 5097 ne
1928 5042 2066 5096 illud
2093 5041 2326 5113 quidem
2351 5058 2565 5096 nomen
2596 5043 2837 5110 audisse,
2861 5043 3034 5115 jussit
3063 5060 3158 5099 eos
3184 5046 3460 5117 baptizari

1829 5136 1970 5207 (Act.
2001 5152 2110 5204 ιιι,
2143 5139 2271 5204 2-6).
2304 5157 2331 5183 ››
2377 5135 2586 5191 Videtis
2634 5153 2772 5208 ergo
2821 5142 2969 5192 recte
3003 5137 3316 5210 baptizatos
3362 5141 3461 5194 illo

1828 5230 1977 5284 dono
2006 5230 2209 5285 iterare
2238 5246 2357 5284 non
2387 5246 2572 5300 posse,
2600 5234 2657 5286 et
2688 5231 2853 5286 aliter
2887 5232 3006 5287 sola
3033 5249 3178 5304 aqua
3197 5234 3340 5287 lotos
3364 5233 3462 5287 ba-

1828 5324 2030 5395 ptizari
2066 5325 2124 5378 in
2151 5324 2384 5379 nomine
2410 5323 2613 5393 Patris,
2648 5329 2706 5379 et
2734 5325 2878 5393 Filii,
2911 5329 2968 5380 et
2993 5326 3235 5397 Spiritus
3259 5325 3458 5394 sancti,

1828 5418 2211 5473 necessarium
2253 5418 2565 5489 provideri.
2595 5422 2675 5473 Ita
2701 5425 2759 5475 et
2787 5420 2856 5475 de
2886 5419 3206 5474 Novatianis
3230 5423 3459 5474 tantum

1823 5511 2044 5582 jussum
2071 5528 2191 5567 esse
2221 5512 2408 5568 lucida
2434 5513 2892 5568 manifestatione
2918 5512 3255 5584 perlegitur.
3290 5510 3459 5575 Quod

1829 5605 2040 5660 idcirco
2103 5606 2433 5663 distinctum
2495 5623 2615 5663 esse
2678 5607 2815 5678 ipsis
2885 5605 3101 5660 duabus
3151 5605 3462 5661 hteresibus

1830 5699 1972 5754 ratio
2039 5700 2342 5755 manifesta
2420 5701 2690 5767 declarat,
2771 5699 2903 5770 quia
2967 5698 3322 5754 Paulianistte
3401 5700 3462 5755 in

1830 5793 2064 5856 nomine
2111 5794 2319 5866 Patris,
2375 5799 2432 5855 et
2480 5794 2642 5865 Filii,
2700 5797 2760 5849 et
2807 5791 3048 5868 Spiritus
3088 5793 3295 5869 sancti,
3350 5794 3462 5858 mi.
