4026 6182
554 185 663 238 719
1458 184 1740 240 APPEND.
1779 184 1867 240 AD
1903 183 2062 240 SEC.
2105 182 2192 240 IX.
2226 208 2296 223 -—
2333 179 2579 238 [SIDORI
2616 182 3039 239 MERCATORIS
3740 198 3819 250 720

551 291 708 347 nime
735 289 1044 361 baptizant,
1079 306 1182 345 nec
1205 291 1354 362 apud
1382 291 1515 346 istos
1541 292 1611 347 de
1641 293 1854 348 unitate
1881 292 2180 364 potestatis
2202 303 2261 378 Α
2281 290 2670 347 annitentibus
2695 294 2825 362 post
2853 291 3388 348 condemnationem
3407 310 3553 350 more
3570 302 3818 367 apostolico

553 385 776 451 divinae,
811 384 917 438 hoc
945 387 1049 450 est,
1076 384 1274 451 Patris,
1305 384 1448 452 Filii,
1472 391 1528 440 et
1549 386 1788 457 Spiritus
1807 387 2002 454 sancti,
2032 403 2184 457 quze-
2283 385 2680 456 subrogamus,
2704 385 2989 456 tantisque
3008 385 3202 440 vestris
3215 387 3597 443 assertionibus
3611 391 3821 465 vobisque

550 479 659 533 stio
683 478 986 548 aliquando
1011 478 1310 533 commoda
1335 483 1437 533 est.
1468 481 1538 533 Et
1564 480 1692 534 ideo
1713 481 1978 535 omnibus
1999 496 2184 551 segre-
2285 482 2402 532 tam
2423 479 2607 546 bonis,
2636 482 2752 532 tam
2773 479 2958 532 charis
2975 495 3090 534 non
3107 479 3240 534 dare
3261 496 3599 550 consensum,
3617 486 3822 541 omnibus

554 571 696 642 gatis
721 572 840 625 haec
881 573 999 626 sola
1029 573 1206 626 electa
1241 576 1344 640 est,
1379 573 1470 626 cui
1501 573 1650 627 istud
1688 575 1947 629 crederet
1979 591 2180 630 conce-
2284 572 2479 627 durius
2513 572 2684 626 rebus
2717 573 3084 628 arbitramur.
3115 575 3220 628 Pro
3251 579 3428 628 vestra
3456 592 3580 646 ergo
3605 581 3823 648 approba-

551 665 827 734 dendum,
867 665 1001 736 quia
1052 665 1194 719 nihil
1242 666 1301 720 in
1342 666 1541 734 Patris,
1580 670 1637 722 et
1674 668 1819 735 Filii,
1859 672 1915 722 et
1940 668 2183 738 Spiritus
2282 665 2458 734 tione,
2500 666 2702 720 fratres
2747 665 3085 735 charissimi,
3133 671 3190 720 et
3223 669 3516 734 sententia,
3545 686 3602 724 ac
3628 675 3820 741 postula-

553 759 728 814 sancti
788 763 1141 815 sacramento
1198 765 1475 832 peccaret.
1529 761 1584 816 Si
1635 762 1762 833 quis
1801 779 1934 816 vero
1977 761 2046 817 de
2072 761 2181 818 ﬁde
2285 760 2443 814 tione
2472 759 2802 831 episcopum
2832 760 3100 814 Fotinum
3139 760 3424 816 Habetote.
3455 762 3667 818 Licitum
3688 767 3822 822 estita

549 853 826 909 catholica
854 854 924 908 ad
949 855 1210 911 haeresim
1246 855 1552 924 transiens,
1579 861 1675 910 aut
1713 855 1891 910 fidelis
1914 857 1984 910 ab
2012 872 2180 927 apos-
2285 853 2644 922 constituere,
2691 858 2752 907 ut
2792 853 3205 925 deprecamini,
3246 858 3303 908 et
3329 859 3565 910 nostram
3590 857 3644 911 in
3676 859 3824 914 melius

547 947 687 1002 tasia
718 951 1101 1015 reverentens,
1123 952 1179 1002 et
1205 949 1547 1020 resipiscens
1563 949 1746 1004 redire
1763 950 2019 1017 voluerit,
2043 966 2186 1004 nun~
2283 963 2612 1002 conversam
2637 947 2980 1003 sententiam
3009 947 3222 1016 labore,
3253 948 3337 1004 vel
3362 949 3657 1005 testimonio
3679 957 3822 1007 nostro

547 1041 683 1114 quid
713 1041 912 1096 eadem
943 1042 1154 1097 ratione
1185 1043 1392 1114 poterit
1413 1043 1481 1097 ad
1505 1044 1719 1098 clerum
1750 1043 1994 1112 admitti,
2025 1043 2186 1114 cujus
2285 1045 2613 1112 compotem
2644 1040 2828 1096 verbis
2855 1040 3142 1112 suscipite.
3172 1043 3347 1112 Eque
3377 1043 3824 1100 Eustachiumame

550 1135 915 1190 commissum
946 1135 1178 1191 nonnisi
1224 1153 1325 1208 per
1354 1138 1588 1208 longam
1637 1137 2037 1208 paenitentiam
2083 1155 2183 1208 po-
2286 1134 2592 1205 saepissime
2626 1134 3060 1205 comprobatum
3097 1135 3276 1190 nolite
3323 1141 3625 1206 exspectare
3657 1143 3707 1191 ut
3740 1138 3824 1191 dia-

549 1229 682 1285 terit
704 1229 920 1284 aboleri
949 1231 975 1284 ?
1001 1231 1110 1285 Nec
1148 1233 1278 1301 post
1315 1231 1709 1303 paenitentiam
1750 1231 2018 1286 clericum
2061 1231 2183 1285 fieri
2284 1228 2430 1282 conii
2463 1227 2644 1300 gratia
2667 1229 2961 1299 spolietur.
3001 1229 3276 1284 Sollicitos
3303 1229 3451 1284 enim
3475 1246 3563 1284 vos
3586 1247 3672 1301 pro
3695 1232 3825 1286 salute

549 1323 657 1395 ipsi
678 1339 924 1378 canones
949 1341 1052 1379 sua
1080 1324 1410 1380 auctoritate
1438 1325 1832 1396 permittunt?
1859 1325 2019 1380 Unde
2046 1341 2180 1380 con-
2284 1322 2527 1377 libenter
2551 1321 2741 1392 audio,
2770 1327 2968 1377 contra
2999 1327 3172 1394 caput
3196 1323 3372 1378 etiam
3397 1340 3453 1377 se
3473 1324 3750 1378 faciendum
3769 1332 3825 1379 est

547 1420 656 1473 stat
673 1418 772 1489 qui
798 1418 866 1472 de
887 1418 1168 1473 catholica
1184 1419 1253 1473 ad
1279 1420 1560 1474 Bonosum
1580 1419 1935 1474 transierunt
1955 1420 2185 1474 damna-
2285 1431 2404 1470 non
2427 1415 2670 1470 libenter
2690 1415 2948 1470 admitto.
2989 1416 3091 1471 Cui
3120 1433 3356 1471 manum
3377 1417 3661 1488 porrigitis,
3684 1418 3822 1472 vobis-

544 1515 696 1581 tum,
726 1517 896 1582 atque
924 1512 1070 1584 passi
1097 1517 1248 1580 sunt,
1272 1517 1370 1568 aut
1389 1513 1692 1584 cupierunt
1717 1513 1787 1567 ab
1809 1513 2010 1567 eodem
2033 1512 2181 1567 ordi-
2285 1525 2414 1563 cum
2445 1508 2692 1580 porrigo.
2743 1509 2845 1564 Cui
2889 1509 3139 1580 porrigo,
3180 1526 3406 1565 mecum
3443 1511 3705 1581 porrigite.
3737 1513 3825 1564 Hac

546 1605 693 1675 nari,
723 1621 839 1660 non
861 1604 1175 1677 oportuisse
1196 1605 1570 1661 ordinationis
1604 1606 1993 1662 ecclesiasticae
2020 1605 2184 1660 susci-
2205 1669 2249 1677 _
2285 1602 2438 1658 enim
2462 1603 2532 1657 ad
2557 1603 2882 1658 Corinthios
2904 1603 3213 1674 apostolica
3235 1607 3319 1659 est
3337 1604 3603 1658 declarata
3627 1604 3824 1675 benigni-

547 1716 683 1771 pere
714 1698 1079 1770 dignitatem,
1122 1699 1221 1770 qui
1267 1700 1669 1754 communione
1710 1700 1970 1755 omnium
2003 1701 2182 1754 Eccle-
2205 1669 2260 1742 B
2285 1699 2388 1763 tas,
2405 1696 2538 1750 utin
2557 1713 2671 1751 uno
2695 1697 2898 1767 spiritu
2921 1697 3154 1752 ductam
3171 1714 3236 1751 ac
3254 1698 3540 1752 reductam
3558 1698 3824 1752 sententiam

545 1794 762 1847 siarum
785 1793 1068 1864 judicium
1119 1793 1469 1860 deserentes,
1514 1811 1675 1849 suam
1717 1793 2094 1865 spiritualiter
2123 1793 2182 1848 in
2281 1789 2422 1844 boni
2449 1805 2673 1860 semper
2698 1789 3093 1846 indifferenter
3125 1794 3439 1862 sequantur
3463 1792 3534 1860 (II
3548 1794 3651 1849 Cor.
3675 1793 3824 1860 ψη).

547 1888 771 1942 Bonoso
809 1887 1090 1942 unitatem
1130 1887 1485 1958 sequendam
1527 1904 1650 1942 esse
1708 1889 2014 1942 duxerunt.
2069 1887 2183 1943 Sed
2283 1886 2446 1950 Nam,
2475 1883 2674 1952 fateor,
2715 1884 2837 1937 haec
2863 1900 2956 1939 me
2989 1884 3246 1954 primum
3287 1900 3377 1938 res
3410 1885 3546 1939 bene
3571 1883 3711 1938 habet
3731 1899 3825 1953 erga

544 1981 751 2035 multos
801 1983 1025 2035 constat
1062 1981 1175 2035 vim
1217 1997 1414 2051 passos
1453 1985 1620 2052 atque
1665 1981 1870 2036 invitos
1916 1984 2185 2036 attractos
2283 1976 2649 2032 Eustachium
2676 1977 2998 2044 diaconum,
3031 1978 3182 2048 quod
3209 1994 3316 2032 nec
3337 1981 3526 2032 contra
3548 1977 3697 2032 fidem
3715 1976 3827 2046 quid-

547 2077 1058 2146 rcpugnantesque
1099 2074 1170 2128 ab
1210 2075 1412 2130 eodem
1453 2075 1765 2129 ordinatos.
1809 2075 1969 2130 Dicat
2017 2076 2180 2144 mihi,
2284 2086 2460 2141 quam
2485 2071 2704 2125 locutus
2735 2071 2824 2137 sit,
2870 2087 2976 2125 nec
3002 2072 3332 2143 loquentem
3361 2071 3649 2138 admiserit,
3676 2086 3755 2123 nec
3779 2069 3825 2122 ad

549 2167 699 2233 volo,
735 2167 990 2238 quisquis
1015 2167 1122 2221 hoc
1147 2167 1346 2234 credit,
1382 2167 1428 2221 si
1455 2184 1572 2222 non
1601 2173 1729 2238 post
1757 2168 2183 2224 ordinationem
2282 2168 2529 2219 mortem
2577 2163 2798 2218 crimen
2829 2163 3063 2235 aliquod
3103 2164 3483 2233 commisisse,
3514 2165 3592 2218 vel
3621 2164 3827 2235 jactatum

550 2260 750 2314 Bonosi
783 2260 1061 2327 interfuit,
1083 2277 1211 2314 cum
1229 2263 1530 2316 conficeret
1549 2265 1929 2329 sacramenta,
1959 2263 2004 2316 si
2036 2280 2185 2318 com-
2285 2274 2543 2328 unquam
2563 2257 2648 2312 vel
2667 2257 2860 2312 fictum
2883 2259 3278 2329 cognoverim.
3302 2261 3370 2314 Et
3390 2258 3516 2330 quia
3539 2258 3591 2312 in
3607 2257 3682 2312 his
3697 2256 3828 2310 salvus

549 2353 929 2408 municationi
957 2353 1080 2424 ejus
1106 2353 1473 2425 participatus
1496 2371 1610 2409 non
1638 2360 1741 2422 est,
1782 2356 1829 2410 si
1856 2357 2048 2412 statim
2074 2357 2184 2411 dis-
2283 2357 2386 2418 est,
2413 2351 2460 2405 si
2489 2368 2603 2422 quo
2626 2355 2788 2422 pacto
2809 2353 3269 2407 conversationes
3293 2352 3558 2407 amabiles
3576 2367 3676 2406 non
3693 2349 3826 2412 habet,

548 2447 754 2502 cedens
798 2448 867 2502 dc
913 2448 1034 2518 ejus
1078 2447 1327 2519 pessimo
1365 2448 1737 2504 conciliabula
1775 2450 1842 2504 ad
1882 2451 2184 2506 Ecclesiam
2281 2444 2580 2500 habendus
2619 2448 2723 2513 est,
2760 2449 2820 2499 ut
2847 2445 3034 2500 minus
3066 2463 3170 2516 pro
3203 2450 3462 2518 tempore
3501 2445 3719 2509 dilectus.
3751 2459 3829 2495 11011

546 2540 732 2606 rediit,
797 2541 900 2596 iste
951 2541 1078 2596 talis
1127 2544 1316 2612 potest
1358 2541 1568 2596 habere
1633 2543 1880 2597 colorem
1931 2544 2180 2615 aliquem
2284 2544 2344 2593 ut
2367 2538 2635 2593 inimicus
2664 2538 2998 2606 aestimatus,
3037 2539 3270 2595 diabolo
3297 2541 3358 2594 in
3389 2543 3645 2611 perpetuo
3670 2535 3828 2592 manci-

549 2634 942 2690 excusationis.
976 2636 1260 2690 Caeterum
1280 2635 1378 2707 qui
1399 2639 1530 2707 post
1555 2652 1775 2690 annum
1804 2642 1902 2692 aut
1921 2653 2180 2692 mensem
2281 2630 2526 2702 pandus.
2564 2634 2855 2703 Cognosco
2902 2633 3064 2687 illum
3116 2633 3275 2688 inter
3321 2633 3447 2688 illas
3484 2633 3754 2686 simultates
3787 2644 3828 2680 ac

546 2729 617 2783 ad
643 2728 948 2783 Ecclesiam
982 2729 1302 2794 redierunt,
1349 2729 1725 2800 intelligimus
1755 2746 1966 2801 eosque
1995 2731 2093 2802 qui
2122 2731 2181 2786 in
2280 2724 2537 2779 turbines
2565 2730 2762 2780 contra
2800 2726 3113 2780 multorum
3142 2727 3353 2792 studia,
3394 2743 3508 2782 non
3535 2726 3646 2780 dico
3671 2722 3826 2794 qualia,

545 2820 877 2876 catholicam
904 2827 1186 2878 noverant
1215 2839 1274 2877 se
1305 2827 1539 2895 propter
1564 2822 1697 2878 vitia
1725 2841 1824 2877 sua
1863 2841 1979 2878 non
2017 2841 2181 2895 posse
2283 2817 2508 2872 diversa
2545 2819 2806 2887 sensisse,
2859 2823 2916 2874 et
2964 2835 3096 2874 cum
3153 2819 3290 2875 hinc
3337 2837 3428 2875 res
3468 2837 3528 2874 ac
3561 2817 3829 2873 calamitates

499 2945 502 2948 ~
547 2914 834 2985 suscipere
861 2914 1308 2984 ordinationem,
1337 2916 1548 2971 idcirco
1575 2917 1646 2970 ad
1678 2917 1840 2971 illum
1867 2918 2181 2988 perrexisse
2281 2911 2420 2982 ipSEe
2441 2912 2762 2967 emendatae
2787 2913 2921 2983 sint,
2950 2913 3136 2968 adhuc
3160 2913 3457 2969 Dizoniani
3481 2919 3533 2968 et
3558 2911 3723 2968 Siriaci
3743 2908 3831 2962 sub-

547 3007 645 3078 qui
697 3007 928 3078 passim,
975 3011 1032 3062 et
1070 3007 1190 3064 sine
1241 3009 1354 3063 ulla
1401 3009 1749 3065 discussione
1799 3011 2256 3112 ordinationesC
2281 3005 2650 3060 diaconorum
2682 3023 2799 3061 non
2844 3007 3097 3077 potuisse
3133 3009 3290 3078 apud
3327 3025 3422 3062 vos
3454 3005 3829 3062 emendationem

549 3100 772 3155 illicitas
794 3100 1060 3168 faciebat,
1092 3101 1389 3158 credentes
1415 3120 1474 3159 se
1499 3120 1664 3174 posse
1692 3121 1794 3175 per
1820 3105 1987 3160 istam
2017 3105 2178 3160 insti-
2208 3098 2256 3112 ν
2280 3099 2631 3154 reviviscere.
2663 3101 3038 3171 Compescite,
3069 3118 3288 3172 quaeso,
3309 3103 3381 3157 ab
3403 3102 3494 3157 illo
3513 3098 3829 3172 praedictisque

549 3193 832 3248 tutionem
868 3195 1057 3249 locum
1095 3195 1156 3250 in
1190 3196 1439 3252 Ecclesia
1478 3197 1760 3252 catholica
1798 3198 2070 3269 recipere,
2111 3199 2182 3254 de
2283 3209 2757 3265 quorumcumque
2779 3194 2982 3249 videtis
2996 3195 3236 3262 animos,
3258 3213 3393 3250 sane
3412 3212 3522 3250 non
3540 3195 3695 3265 justas
3711 3204 3830 3244 aemu-

547 3303 660 3359 qua
693 3290 859 3342 antea
887 3287 1282 3359 desperarant.
1328 3288 1485 3342 Nunc
1525 3287 1660 3342 illud
1705 3289 1860 3359 quod
1905 3295 2178 3362 superest,
2280 3286 2541 3356 lationes,
2594 3291 2655 3342 ut
2695 3288 2814 3359 ipse
2851 3289 3003 3360 apud
3047 3305 3148 3343 nos
3183 3288 3432 3362 integer,
3473 3288 3613 3360 apud
3647 3303 3724 3339 vos
3743 3297 3831 3336 cum

548 3397 708 3451 rogo,
736 3381 833 3452 qui
862 3385 991 3452 post
1015 3397 1296 3451 mensem,
1328 3385 1426 3436 aut
1456 3397 1523 3436 eo
1553 3382 1799 3454 amplius
1828 3383 2020 3453 rediit,
2050 3401 2181 3439 cum
2283 3381 2398 3435 suis
2428 3384 2725 3452 reparatus
2753 3387 3044 3437 mereatur
3077 3399 3284 3453 pacem
3336 3400 3448 3437 non
3479 3383 3664 3447 tictam,
3695 3374 3828 3448 provi-

549 3492 607 3529 se
640 3475 1036 3546 presbyterum
1069 3492 1104 3530 a
1130 3475 1349 3530 Bonoso
1387 3475 1698 3531 conﬁderet
1743 3476 2088 3547 ordinatum,
2135 3479 2182 3532 si
2284 3475 2425 3529 dens
2451 3475 2810 3530 charitatem.
2834 3475 3110 3531 Omnibus
3135 3476 3320 3547 igitur
3341 3477 3513 3544 vobis,
3538 3491 3595 3530 ac
3610 3468 3830 3543 sigillatim

552 3585 667 3622 non
696 3572 1047 3623 sacramenta
1082 3569 1348 3638 confecit,
1392 3569 1437 3624 si
1467 3587 1585 3625 non
1628 3570 1852 3641 populis
1885 3571 2102 3638 tribuit,
2138 3572 2182 3626 si
2284 3571 2543 3624 occurrat
2585 3569 2849 3638 charitas,
2899 3572 2956 3624 et
3006 3570 3248 3624 vinculis
3298 3587 3427 3643 quae
3474 3569 3628 3624 nullis
3651 3562 3830 3620 modisa

550 3678 668 3716 non
687 3661 888 3716 missas
902 3662 1698 3719 secundumconsuetudinem
1717 3665 2183 3737 complevit,quid
2281 3662 2502 3718 Christo
2535 3663 2860 3730 solvuntur,
2906 3663 3198 3718 vobiscum
3236 3665 3453 3736 pariter
3481 3664 3537 3719 in
3569 3663 3829 3734 perpetuum

547 3756 618 3810 de
652 3755 739 3810 his
763 3756 1058 3826 censeatis,
1091 3773 1309 3829 quasso,
1333 3758 1609 3829 prematis
1627 3759 1898 3828 apertius.
1929 3759 2015 3813 Ad
2036 3775 2184 3814 sum-
2284 3772 2541 3812 connexa
2569 3757 2795 3812 laetetur
2825 3757 2883 3811 in
2912 3757 3176 3812 Domino.

549 3865 708 3904 mam
739 3854 888 3904 certe
919 3849 1016 3920 qui
1045 3849 1190 3905 nihil
1220 3867 1254 3905 a
1296 3852 1513 3906 Bonoso
1553 3857 1894 3922 acceperunt
1931 3852 2015 3907 rei
2053 3857 2186 3908 sunt
2389 3849 2483 3904 Ad
2505 3850 2774 3919 synodum
2810 3851 2871 3904 in
2903 3852 3166 3907 Tolosana
3191 3854 3415 3908 civitate
3443 3851 3757 3907 constitutam.

549 3946 835 4014 usurpatae
879 3943 1192 4014 dignitatis,
1238 3943 1338 4015 qui
1366 3944 1848 4000 conﬁciendorum
1891 3962 2183 4000 sacrorum
2359 3947 2408 3998 t.
2441 3944 2516 3997 De
2551 3944 2952 4014 Hyspanorum
2988 3945 3440 4017 reprehensione
3470 3944 3561 4016 qui
3585 3938 3830 3998 inordinate

549 4035 655 4091 sibi
684 4035 1116 4092 vindicaverunt
1144 4038 1751 4109 auctoritatem,atque
1771 4039 1844 4092 ad
1861 4054 1919 4093 se
1953 4042 2186 4110 putave-
2283 4035 2631 4092 constituunt
2658 4038 2912 4093 clericos.

547 4133 684 4183 runt
724 4146 846 4184 esse
891 4130 1046 4200 quod
1077 4131 1147 4185 de
1176 4130 1264 4184 his
1295 4133 1452 4186 nulla
1474 4131 1660 4186 fuerat
1686 4131 1934 4202 regulari
1964 4131 2183 4188 ratione
2353 4133 2406 4184 2.
2434 4131 2503 4184 Ut
2523 4130 2805 4199 causidici,
2845 4132 2934 4187 vel
2969 4132 3228 4200 curiales,
3279 4135 3368 4190 vel
3400 4130 3636 4189 saeculari
3673 4123 3830 4182 militia

551 4238 902 4277 concessum.
2285 4222 2482 4290 dediti,
2510 4224 2580 4278 ad
2602 4224 2816 4279 clerum
2840 4242 2958 4281 non
2990 4227 3388 4283 admittantur.

624 4314 672 4388 1
690 4314 812 4386 77
850 4316 936 4371 VI.
965 4316 1262 4371 Pervideat
1279 4333 1417 4388 ergo
1445 4317 1672 4374 dilectio
1700 4320 1880 4374 vestra
1908 4317 2183 4374 hactenus
2354 4319 2407 4372 3.
2437 4318 2508 4371 Ut
2530 4317 2856 4389 quicunque
2894 4321 3036 4375 tales
3083 4320 3332 4376 ordinati
3360 4320 3568 4376 fuerint
3592 4331 3702 4372 cum
3725 4307 3828 4365 ordi-

552 4409 684 4465 talia
714 4409 1004 4477 transisse,
1037 4413 1094 4464 et
1132 4409 1411 4466 advertite
1439 4411 1596 4483 quod
1631 4412 1846 4484 utique,
1881 4418 1944 4468 ut
1974 4412 2178 4482 dicitis,
2200 4410 2261 4483 D
2285 4410 2580 4466 natoribus
2601 4411 2715 4466 suis
2744 4412 3130 4484 deponantur.

548 4504 856 4560 necessitas
883 4503 1181 4575 imperavit
1200 4504 1261 4558 in
1277 4520 1413 4577 pace
1428 4506 1550 4578 jam
1571 4506 1835 4562 ecclesias
1851 4507 2188 4562 constitutas
2245 4564 2252 4571 ,
2359 4506 2409 4559 4.
2459 4507 2535 4559 De
2576 4507 3119 4562 commemoratione
3163 4508 3376 4563 Nicseni
3422 4505 3647 4569 concilii,
3681 4502 3728 4556 in
3758 4509 3834 4567 quo

549 4615 667 4653 non
689 4614 1054 4670 praesumere,
1079 4599 1200 4665 sed,
1225 4604 1289 4654 ut
1305 4615 1455 4672 saepe
1474 4599 1698 4668 accidit,
1721 4601 2186 4672 quotiesapopu-
2287 4598 2614 4669 supradicta
2645 4599 3040 4670 prohibentur.

549 4691 748 4761 1is,aut
774 4709 807 4746 a
831 4692 997 4746 turba
1015 4697 1301 4763 peccatur,
1328 4693 1464 4765 quia
1481 4694 1540 4748 in
1564 4712 1766 4750 omnes
1786 4698 2026 4766 prOpter
2045 4695 2188 4749 mul-
2357 4696 2408 4747 5.
2445 4691 2646 4756 Quales
2672 4694 2918 4764 eligendi
2948 4699 3082 4750 sunt
3107 4694 3166 4750 in
3195 4696 3398 4751 ordine
3418 4695 3732 4750 clericorum.

548 4783 854 4839 titudinem
891 4802 1008 4840 non
1048 4789 1232 4856 potest
1250 4787 1507 4854 vidicari,
1529 4789 1774 4843 multum
1796 4789 1974 4843 soleat
1997 4793 2183 4844 trans-
2357 4789 2409 4840 6.
2445 4788 2524 4841 De
2552 4803 2617 4841 eo
2644 4787 2740 4858 qui
2775 4792 2904 4842 ante
2943 4788 3296 4859 baptismum
3331 4805 3556 4845 uxorem
3591 4781 3769 4846 habuit,
3798 4779 3835 4828 et

550 4877 654 4932 ire.
680 4878 872 4932 Priora
909 4895 1047 4949 ergo
1091 4879 1432 4936 dimittenda
1473 4881 1599 4937 dico
1629 4882 1732 4937 Dei
1755 4881 1996 4953 judicio,
2029 4887 2086 4937 et
2114 4883 2185 4938 de
2285 4886 2414 4951 post
2441 4881 2790 4952 baptismum
2810 4881 3001 4952 aliam,
3031 4882 3266 4937 clericus
3296 4899 3413 4938 non
3444 4883 3550 4936 fiat.

549 4971 771 5042 reliquo
803 4973 1048 5026 maxima
1081 4973 1462 5030 sollicitudine
1490 4976 1949 5046 praecavendum.
2357 4977 2483 5032 CAP.
2524 4977 2566 5031 Ι.
2609 4977 2964 5030 INNOCENTIUS
3005 4976 3282 5031 universis
3319 4975 3604 5049 episcopis,
3641 4972 3690 5026 in
3712 4963 3829 5022 Tolo-

619 5066 725 5119 VlI.
750 5064 984 5120 Veniam
1011 5083 1161 5121 nunc
1181 5067 1253 5122 ad
1278 5069 1596 5124 maximum
1618 5069 1777 5141 quasi
1798 5069 1870 5124 ad
1891 5070 2183 5142 quoddam
2285 5085 2419 5123 sana
2458 5068 2671 5139 synodo
2719 5069 3055 5136 constitutis,
3108 5070 3445 5125 dulcissimis
3493 5063 3752 5124 fratribus,
3792 5054 3830 5107 in

548 5158 744 5214 thema
758 5157 1028 5226 fontium,
1052 5162 1109 5214 et
1128 5161 1279 5231 quod
1299 5162 1443 5217 mihi
1466 5162 1700 5218 anxium
1729 5167 1816 5218 est
1834 5180 1898 5218 ac
1918 5163 2181 5218 difﬁcilli-
2283 5161 2530 5217 Domino
2557 5162 2816 5216 salutem.
2855 5164 3012 5233 Saepe
3042 5179 3136 5217 me
3169 5169 3226 5218 et
3253 5164 3490 5218 nimium
3521 5176 3638 5215 cum
3666 5151 3831 5209 teneret

547 5268 728 5320 mum,
758 5251 1043 5323 majorum
1075 5255 1360 5309 revolvam
1383 5255 1710 5310 sententias.
1752 5257 1962 5312 Fuerat
1989 5257 2059 5313 de
2083 5257 2181 5312 illo
2283 5271 2416 5310 cura
2449 5254 2752 5310 sollicitum
2791 5271 2961 5327 super
2991 5256 3355 5312 dissentionis
3393 5255 3672 5311 schismata
3701 5241 3830 5301 Eccle-

549 5363 774 5419 quoque
803 5353 990 5418 pacto,
1023 5351 1090 5401 ut
1116 5347 1286 5402 etiam
1327 5348 1435 5424 ipsi
1479 5350 1976 5420 commeministis,
2026 5350 2183 5406 aliud
2280 5348 2513 5416 siarum,
2555 5348 2708 5418 quod
2753 5349 2968 5404 malum
3010 5367 3117 5421 per
3161 5350 3451 5423 Hispanias
3484 5347 3635 5403 latius
3665 5344 3713 5396 in
3746 5335 3828 5390 dies

546 5441 741 5514 utique
775 5441 1004 5514 gravius
1029 5441 1421 5497 constitutum.
1455 5444 1664 5498 Verum
1695 5444 1968 5516 quoniam
1998 5443 2056 5499 id
2079 5460 2182 5515 per
2279 5441 2647 5514 separationis
2692 5442 2872 5514 gradu
2907 5442 3172 5500 incedere
3201 5445 3356 5498 fama
3393 5438 3730 5515 proloquitur,
3761 5441 3828 5481 ne-

542 5551 843 5590 rumorem
868 5535 1093 5603 falsum,
1123 5539 1187 5590 ut
1217 5536 1486 5603 asseritis,
1516 5537 1854 5610 subreptum
1881 5537 2014 5592 huic
2036 5537 2174 5604 sedi,
2275 5535 2581 5592 cessarium
2608 5541 2836 5608 tempus
2864 5537 3096 5593 emersit
3113 5554 3227 5610 quo
3254 5555 3367 5592 non
3386 5535 3555 5609 possit
3571 5520 3826 5588 emendatio

543 5633 601 5686 et
632 5629 886 5684 elicitum
928 5647 1034 5701 per
1070 5630 1305 5686 insidias
1348 5631 1779 5702 demonstratis,
1823 5633 1955 5704 quia
1992 5649 2078 5687 res
2104 5631 2177 5687 ad
2274 5635 2434 5686 tanta
2465 5629 2704 5697 diﬁ‘erri,
2735 5634 2792 5685 et
2827 5630 3060 5686 deberet
3101 5649 3356 5704 congrua
3403 5626 3660 5685 medicina
3686 5613 3825 5692 proti'

541 5721 786 5780 salutem
832 5723 1040 5794 rediit,
1089 5725 1313 5786 veniam
1354 5743 1456 5790 nos
1496 5726 1643 5786 hanc
1689 5727 1975 5792 intentum
2019 5725 2173 5786 vobis
2273 5724 2414 5792 deri.
2443 5724 2586 5788 Nam
2616 5724 2685 5790 de
2714 5723 3168 5790 ordinationibus
3207 5743 3343 5807 quas
3382 5738 3559 5803 pravae
3581 5715 3821 5781 consuete
