4026 6182
199 279 273 330 721
1373 269 1846 325 DECRETALIUM
1885 269 2270 324 COLLECTIO.

3401 271 3502 323 722

189 381 309 436 dinis
322 378 444 432 vitio
455 375 833 446 Hispanienses
853 374 1147 446 episcopos
1171 375 1459 431 celebrare
1476 376 1762 446 cognosci-
1786 388 1844 460 Α
1866 391 1999 430 nem
2030 375 2353 443 habuerint,
2375 374 2508 445 quia
2526 374 2801 445 scriptum
2829 373 2889 427 in
2906 373 3090 428 Veteri
3105 373 3496 429 Testamento:

191 473 480 538 mus,fuerat
503 468 708 540 aliquid
735 469 1051 523 secundum
1077 469 1361 540 majorum
1393 468 1763 524 traditionem

189 563 529 630 statuendum,
561 561 666 616 nisi
687 561 1181 633 perpenderemus
1209 579 1279 616 ne
1307 562 1768 633 perturbationes

189 675 328 731 quam
342 656 596 728 plurimas
613 655 868 710 Ecclesiis
885 671 1261 710 moveremus.
1279 657 1530 720 Quorum
1551 657 1767 710 factum

187 755 248 808 ita
283 749 754 822 reprehendimus,
812 753 873 803 ut
935 753 1168 820 propter
1219 766 1525 804 numerum
1589 749 1765 803 corri-

188 845 483 917 gendorum,
507 859 709 914 eaquae
731 859 957 914 quoquo
985 843 1135 897 facta
1162 847 1294 897 sunt
1323 843 1510 898 nonin
1531 843 1767 898 dubium

185 955 426 1004 vocemus,
457 937 550 991 sed
582 937 675 991 Dei
707 937 890 1008 potius
923 936 1280 992 dimittamus
1301 936 1539 1007 judicio.

241 1033 290 1086 ll.
329 1033 565 1094 Quantos
608 1031 762 1084 enim
795 1046 860 1084 ex
891 1030 991 1095 eis,
1029 1030 1124 1100 qui
1171 1033 1302 1101 post
1333 1035 1626 1100 acceptam
1665 1031 1764 1085 ba~

182 1125 340 1197 ptismi
367 1123 599 1194 gratiam
623 1124 683 1178 in
708 1123 920 1178 forensi
947 1123 1354 1178 exercitatione
1387 1125 1584 1178 versati
1613 1129 1763 1190 sunt,

184 1227 227 1274 et
259 1217 523 1272 obtinendi
565 1216 940 1287 pertinaciam
992 1221 1382 1287 susceperunt,
1438 1219 1642 1272 ascitos
1696 1219 1766 1272 ad

182 1310 506 1366 sacerdotium
533 1325 651 1364 esse
683 1310 1071 1382 comperimus
1095 1310 1108 1363 l
1142 1312 1222 1365 Ex
1251 1326 1496 1381 quorum
1523 1326 1766 1366 numero

181 1405 376 1459 Ruﬁnus
426 1407 481 1458 et
531 1404 835 1474 Gregorius
901 1403 1294 1474 perhibentur.
1379 1405 1633 1468 Quantos
1695 1421 1766 1459 ex

181 1497 344 1552 militia
370 1496 462 1568 qui
507 1512 639 1551 cum
667 1497 1046 1568 potestatibus
1096 1496 1417 1552 obedierint
1442 1514 1634 1552 severa
1662 1514 1764 1553 ne-

181 1590 376 1645 cessario
414 1593 702 1661 praecepta
737 1593 873 1644 sunt
914 1590 1185 1657 exsecuti,
1225 1594 1470 1661 quantos
1497 1607 1562 1644 ex
1592 1591 1768 1645 curia-

180 1683 293 1738 libus
335 1683 426 1755 qui
453 1683 590 1737 dum
631 1688 841 1756 parent
887 1684 1259 1755 potestatibus
1311 1700 1440 1754 quae
1479 1684 1586 1738 sibi
1634 1688 1768 1738 sunt

1873 472 2158 526 «Uxorem
2186 469 2464 539 virginem
2492 467 2731 538 accipiat
2756 467 3085 532 sacerdos;»
3103 470 3159 522 et
3180 467 3313 522 alibi
3334 485 3348 522 :
3366 487 3393 518 α
3409 469 3504 523 Sa~

1869 564 2128 618 cerdotes
2147 562 2260 616 mei
2285 562 2461 615 semel
2488 561 2768 615 nubant.»
2792 562 2986 632 Neque
3006 560 3106 632 qui
3133 560 3272 614 duas
3297 577 3504 616 uxores

1868 656 2193 722 habuerint,
2228 656 2359 726 quia
2390 655 2596 708 Paulus
2629 655 2910 724 apostolus
2937 653 3035 720 ait,
3063 676 3089 703 «
3117 654 3286 708 unius
3316 654 3503 709 uxoris
3577 640 3593 650 ’

1868 751 2050 805 virum
2084 751 2210 818 (Tit.
2244 765 2282 818 1,
2313 751 2385 817 6).
2421 769 2447 795 »

1940 846 2025 900 Vl.
2059 845 2170 898 Nec
2216 841 2356 896 illud
2382 841 2591 895 debere
2637 840 2862 895 admitti
2889 841 3040 912 quod
3081 841 3358 912 aliquanti
3398 859 3502 913 pro

1866 938 2194 994 defensione
2226 936 2381 1007 pravi
2403 934 2613 989 erroris
2642 939 2943 1006 opponunt
2971 938 3026 988 et
3057 940 3321 989 asserunt
3349 936 3502 1006 quod

1865 1038 1995 1087 ante
2008 1031 2352 1103 baptismum
2370 1029 2564 1084 omnia
2581 1028 2965 1095 dimittuntur,
2983 1045 3097 1083 non
3113 1029 3501 1100 intelligentes

1866 1127 1962 1198 huj
1974 1143 2092 1180 usm
2101 1125 2196 1180 odi
2208 1123 2363 1196 quod
2375 1124 2491 1178 sola
2503 1123 2562 1176 in
2580 1122 2858 1192 baptismo
2873 1123 3101 1192 peccata
3116 1123 3500 1190 dimittuntur,

1869 1238 1973 1274 nec
2003 1221 2195 1274 uxoris
2214 1234 2486 1272 numerus
2516 1216 2794 1270 aboletur.
2828 1217 2971 1270 Nam
2999 1215 3043 1268 si
3072 1233 3106 1270 a
3132 1217 3267 1283 Deo,
3289 1219 3351 1269 ut
3375 1218 3504 1270 scri-

1865 1318 2026 1386 ptum
2053 1317 2138 1368 est
2166 1333 2194 1364 «
2225 1315 2579 1382 praeparatur
2607 1309 2726 1363 viro
2758 1326 2904 1363 uxor
2927 1310 3104 1381 (Prov.
3123 1326 3239 1378 xix,
3263 1311 3368 1380 14),
3391 1332 3417 1358 ››
3443 1313 3502 1363 et

1867 1430 1895 1459 «
1918 1408 2068 1480 quod
2086 1409 2227 1461 Deus
2236 1405 2450 1477 junxit,
2464 1405 2636 1459 homo
2656 1420 2772 1458 non
2789 1403 3370 1476 separet(Matth.x1x,
3385 1406 3456 1472 6),
3475 1425 3499 1454 »

1865 1506 1920 1556 et
1931 1501 2037 1572 ipsi
2051 1505 2310 1555 auctores
2325 1497 2550 1570 generis
2564 1498 2800 1552 humani
2822 1498 2880 1552 in
2897 1497 3120 1569 origine
3147 1515 3178 1551 a
3192 1500 3305 1552 Deo
3319 1498 3500 1552 bene-

1864 1592 2445 1666 dicuntur,quomodo
2463 1592 2873 1663 interperfecta
2890 1591 2997 1645 ista
3010 1592 3506 1662 creduntur,posse

1869 1688 2123 1742 dimitti?
2171 1687 2330 1751 Quod
2370 1687 2415 1740 si
2452 1685 2767 1740 secundum
2819 1685 2942 1739 illos
2991 1685 3088 1755 qui
3131 1685 3210 1739 ita
3238 1685 3499 1754 credunt,

179 1777 412 1848 imperata
466 1777 725 1832 fecerunt
755 1778 766 1831 l
821 1778 1070 1841 Quantos
1100 1777 1197 1849 qui
1221 1777 1538 1848 voluptates
1567 1783 1624 1832 et
1646 1778 1758 1832 edi-
1788 1762 1844 1833 B
1868 1798 2065 1836 verum
2097 1784 2201 1849 est,
2242 1797 2379 1850 ergo
2423 1779 2605 1834 omnis
2628 1778 2848 1849 justitia
2878 1795 2992 1849 qua
3027 1795 3060 1832 a
3093 1779 3506 1833 catechuminis

177 1871 322 1925 tiones
348 1871 550 1942 populo
593 1871 972 1938 celebrarunt,
1003 1870 1074 1925 ad
1119 1871 1400 1926 honorem
1431 1871 1638 1925 summi
1681 1887 1764 1925 sa-

176 1963 367 2017 cerdotii
392 1963 746 2034 pervenisse!
781 1965 1034 2028 Quorum
1075 1963 1336 2018 omnium
1370 1963 1660 2018 neminem
1691 1981 1762 2017 ne

174 2057 228 2111 ad
249 2057 551 2112 societatem
578 2057 815 2128 quidem
846 2057 1061 2112 ordinis
1075 2057 1409 2112 clericorum
1437 2059 1765 2128 oportuerat

173 2151 609 2220 pervenisse.Quae
621 2151 666 2205 si
676 2150 902 2222 singula
915 2150 1271 2206 discutienda
1285 2150 1763 2218 mandemus,non

174 2243 381 2298 modicos
424 2248 636 2311 motus,
686 2247 785 2298 aut
831 2243 1095 2298 scandala
1138 2244 1602 2316 Hispaniensibus
1639 2261 1765 2316 pro-

171 2336 352 2404 vinciis,
376 2338 578 2408 quibus
619 2337 838 2393 mederi
863 2337 1142 2409 cupimus,
1179 2338 1250 2392 de
1277 2338 1464 2393 studio
1498 2339 1765 2395 emenda-

170 2429 306 2484 tionis
352 2431 697 2497 indicemus;
749 2430 961 2486 idcirco
1007 2431 1348 2486 remittenda
1405 2432 1592 2503 potius
1643 2434 1764 2488 haec

170 2528 410 2593 putamus.
460 2525 573 2580 Sed
625 2542 698 2579 ne
740 2525 1006 2596 deinceps
1058 2525 1262 2580 similia
1306 2526 1760 2596 committantur,

170 2617 438 2672 dilectionis
487 2623 695 2674 vestrae
742 2619 1038 2674 maturitas
1068 2620 1368 2690 providere
1419 2620 1663 2690 debebit,
1701 2625 1765 2676 ut

170 2714 310 2764 tantae
362 2713 715 2784 usurpationi
770 2713 975 2767 saltem
1026 2729 1180 2768 nunc
1229 2712 1356 2767 ﬁnis
1413 2715 1765 2769 necessarius

165 2802 472 2874 imponatur,
522 2823 592 2862 eo
649 2805 910 2861 videlicet
955 2807 1278 2875 constituto,
1325 2810 1391 2861 ut
1439 2808 1765 2879 quicunque

169 2898 278 2950 tales
304 2899 531 2955 ordinati
563 2899 783 2955 fuerint
825 2917 957 2955 cum
984 2899 1409 2955 ordinatoribus
1460 2901 1576 2955 suis
1600 2901 1764 2973 depo-

171 2996 362 3046 nentur.

220 3086 295 3139 lll.
334 3087 457 3140 Post
485 3087 613 3141 haec
658 3086 704 3141 si
732 3087 858 3158 quis
885 3087 1150 3142 adversus
1189 3088 1399 3143 formas
1454 3105 1760 3157 canonum,

165 3176 230 3229 vel
251 3177 308 3231 ad
337 3180 774 3235 ecclesiasticum
813 3180 1098 3249 ordinem,
1137 3181 1225 3235 vel
1250 3182 1320 3236 ad
1360 3181 1548 3252 ipsum
1579 3199 1761 3238 sacer-

167 3269 347 3326 dotium
365 3274 552 3328 venire
587 3274 912 3341 tentaverit,
929 3291 1040 3328 una
1055 3291 1187 3328 cum
1209 3274 1630 3330 ordinatoribus
1648 3276 1763 3331 suis

165 3360 263 3432 ipso
299 3364 352 3420 in
378 3383 489 3437 quo
535 3355 762 3422 inventi
809 3367 1020 3422 fuerint
1064 3368 1260 3424 ordine
1301 3372 1359 3423 et
1387 3370 1603 3424 honore
1644 3370 1761 3442 pri-

164 3458 311 3511 vetur.
339 3460 400 3513 Et
425 3461 692 3532 quamvis
723 3460 1012 3516 dilectioni
1043 3465 1265 3529 vestraa,
1297 3462 1502 3517 fratres
1545 3463 1760 3518 charis-

164 3546 280 3615 simi,
313 3554 515 3624 regula:
556 3554 803 3609 Nicaeum
835 3554 948 3608 sint
971 3554 1240 3626 cognitae,
1280 3556 1592 3611 secundum
1619 3573 1763 3628 quos

164 3642 352 3699 ordines
387 3664 505 3703 esse
549 3647 841 3702 faciendos
867 3647 1258 3718 decernentes,
1291 3653 1486 3704 tamen
1515 3649 1763 3720 aliquam

163 3745 345 3806 partem
360 3761 483 3816 quae
501 3745 575 3800 de
596 3745 1049 3800 ordinationibus
1066 3751 1152 3800 est
1167 3745 1386 3816 provisa
1399 3745 1763 3802 inserendam

164 3837 341 3905 putavi,
370 3843 433 3893 ut
463 3840 783 3895 secundum
816 3855 944 3894 eam
970 3839 1357 3895 ordinationes
1382 3839 1440 3894 in
1470 3845 1763 3912 posterum

163 3927 484 3988 celebrandas
531 3950 660 3989 esse
692 3933 956 4000 sciamus,
997 3950 1103 3988 nec
1149 3933 1565 4005 interpretandi
1601 3935 1765 3990 aliter

162 4016 364 4079 liberum
404 4027 714 4083 arbitrium
756 4027 1129 4098 relinquatur.
1180 4028 1307 4082 Haec
1351 4027 1602 4098 primum
1634 4045 1762 4100 quas

162 4118 266 4168 sunt
290 4120 572 4187 prohibita
604 4121 960 4192 digerantur.

219 4209 286 4263 lV.
321 4213 394 4268 Ne
455 4213 746 4286 quispiam
811 4214 912 4285 qui
956 4217 1082 4285 post
1142 4214 1494 4286 baptismum
1548 4215 1762 4271 milita-

163 4301 290 4369 verit,
315 4306 379 4360 ad
406 4307 677 4363 ordinem
720 4308 927 4363 debeat
953 4307 1249 4362 clericatus
1297 4308 1539 4376 admitti,
1578 4324 1764 4380 neque

163 4394 238 4461 qui
259 4413 439 4454 causas
481 4406 616 4473 post
655 4406 952 4473 acceptum
993 4400 1340 4472 baptismum
1383 4401 1627 4473 egerint,
1668 4406 1766 4457 aut

1785 3133 1840 3208 C

1862 1881 1995 1930 ante
2013 1875 2366 1947 baptismum
2387 1873 2563 1928 fuerit
2583 1876 2838 1942 operata,
2859 1887 2962 1941 per
2973 1871 3322 1942 baptismum
3342 1872 3500 1926 aufe-

1863 1974 2043 2023 ratur.
2097 1969 2292 2023 Nullus
2351 1983 2488 2038 ergo
2527 1969 2720 2021 contra
2781 1964 3061 2036 apostolos
3121 1966 3230 2020 tale
3289 1965 3503 2035 aliquid

1862 2062 2090 2131 sentiat,
2122 2079 2229 2117 nec
2259 2061 2548 2127 admittat,
2573 2059 2673 2114 sed
2694 2058 2944 2114 ﬁdeliter
2971 2059 3250 2129 intelligat
3282 2079 3309 2110 «
3334 2059 3504 2112 unius

1864 2156 2058 2210 uxoris
2072 2157 2323 2222 virum,»
2345 2155 2458 2210 sive
2472 2157 2603 2209 ante
2619 2153 2966 2226 baptismum
2983 2169 3101 2207 esse
3117 2152 3500 2218 nominatum,

1862 2251 1974 2305 sive
2014 2255 2141 2320 post
2204 2249 2576 2320 baptismum.
2636 2248 2690 2303 Si
2749 2247 2901 2301 enim
2953 2263 3095 2300 uxor
3143 2249 3275 2300 ante
3325 2246 3507 2317 bapti-

1863 2361 2054 2398 smum
2082 2347 2314 2414 accepta
2342 2359 2458 2397 non
2481 2341 2712 2396 ducitur
2740 2341 2796 2394 in
2828 2356 3154 2408 numerum,
3177 2355 3279 2394 nec
3302 2339 3402 2393 filii
3431 2356 3499 2394 ex

1865 2437 2068 2493 eadem
2113 2437 2355 2507 suscepti
2402 2435 2555 2490 inter
2610 2435 2756 2489 filios
2809 2434 3020 2489 debent
3073 2432 3501 2488 communicari.

1865 2531 2027 2594 Quod
2055 2547 2230 2601 quam
2269 2530 2580 2584 absurdum
2620 2529 2691 2582 sit
2717 2531 2888 2599 atque
2919 2527 3170 2582 alienum
3205 2526 3507 2597 prudentia

1863 2627 2046 2680 vestra
2104 2624 2304 2680 melius
2373 2621 2695 2677 aestimabit.
2764 2622 2922 2677 Unde
2988 2620 3280 2676 neminem
3341 2620 3508 2674 liceat

1863 2717 2230 2788 interpretari
2258 2717 2422 2771 aliter
2442 2715 2659 2770 divinas
2679 2715 3015 2786 Scripturas,
3036 2714 3142 2768 nisi
3169 2713 3324 2784 quod
3346 2717 3506 2767 recta

1863 2812 2010 2867 ratio
2038 2809 2336 2882 permittit,
2387 2826 2460 2864 ne
2501 2810 2639 2863 dum
2677 2807 2914 2880 quidam
2944 2806 3203 2862 remedia
3257 2806 3364 2860 sibi
3391 2805 3504 2860 ini-

1865 2922 1977 2977 qua
2025 2904 2095 2958 ad
2147 2903 2575 2959 excusationem
2624 2907 2967 2973 praeparant,
3026 2918 3090 2956 ex
3153 2916 3220 2955 eo
3289 2898 3507 2970 rupisse

1865 3000 2077 3070 legem,
2100 3003 2156 3053 et
2175 2999 2405 3069 regulas
2427 2996 2694 3051 evertisse
2700 2995 3051 3066 judicentur,
3065 2994 3165 3049 sed
3180 3010 3247 3048 ea
3263 2993 3510 3048 tenenda

1865 3097 1996 3147 sunt
2037 3109 2165 3164 quae
2192 3091 2516 3146 divinarum
2561 3090 2988 3160 Scripturarum
3014 3088 3184 3144 series
3232 3086 3505 3151 continet,

1865 3191 1920 3241 et
1949 3203 1981 3239 a
2003 3184 2398 3240 sacerdotibus
2429 3183 2552 3237 utili
2582 3183 2805 3238 ratione
2835 3186 2970 3237 sunt
2998 3182 3320 3236 constituta.
3361 3181 3507 3234 Bene

1862 3279 2115 3346 valeatis,
2144 3279 2350 3333 fratres
2375 3275 2715 3331 charissimi.

2021 3395 2268 3464 Epistola
2297 3394 2514 3448 concilii
2540 3392 2988 3461 Carthaginemis
3015 3391 3090 3445 ad
3108 3395 3353 3444 sanctum

2364 3466 2732 3518 Innocentium
2773 3465 3005 3532 Papam.

1937 3558 2176 3613 Domino
2207 3557 2537 3612 beatissimo
2582 3559 2639 3610 et
2667 3553 3109 3610 honoratissimo
3138 3553 3319 3623 fratri,
3352 3554 3508 3608 INNo-

1863 3668 2053 3710 CENTIO
2118 3667 2303 3722 papae,
2367 3649 2646 3716 Aurelius,
2735 3648 3052 3714 Nnmidius,
3129 3646 3510 3713 Rusticianus,

1864 3746 2174 3811 Fidentius,
2220 3745 2516 3815 Evagrius,
2564 3742 2865 3808 Antonius,
2917 3741 3202 3797 Palatinus
3251 3741 3511 3796 Adeoda-

1862 3844 1972 3905 tus,
2025 3838 2372 3906 Vincentius,
2418 3836 2747 3905 Publianus,
2794 3835 3084 3902 Theasius,
3117 3837 3312 3902 Tutus,
3361 3835 3509 3888 Pan-

1862 3933 2096 4000 nonius,
2147 3932 2350 3999 Victor,
2399 3930 2736 3996 Restitutus,
2777 3928 2921 3983 alius
2950 3927 3284 3997 Restitutus,
3322 3927 3509 3982 Rusti-

1863 4045 1981 4094 cus,
2035 4024 2523 4090 .Fortunatianus,
2615 4023 2923 4094 Ampelius,
3001 4021 3254 4088 Avinius,
3335 4019 3509 4089 Felix,

1865 4119 2211 4177 Donatianus
2252 4118 2579 4183 Adeotatus,
2628 4115 2906 4182 Octavius,
2963 4115 3277 4180 Serotinus,
3341 4113 3510 4184 Majo-

1863 4215 2040 4281 rinus,
2086 4212 2475 4278 Porturianus,
2519 4210 2806 4281 Crispolis,
2857 4209 3067 4276 Victor,
3116 4208 3259 4262 alius
3302 4207 3510 4273 Victor,

1864 4309 2114 4377 Leutius,
2145 4306 2413 4373 Marinus,
2468 4305 2826 4373 Fructuosus,
2868 4302 3279 4369 Faustinianus,
3318 4301 3508 4364 Quod-

1866 4402 2149 4468 vultdeus,
2179 4399 2509 4466 Candorius,
2554 4397 2852 4466 Maximus,
2882 4396 3186 4467 Magarius,
3229 4394 3510 4461 Rusticus,

170 4488 245 4554 ίΙυί
282 4497 397 4560 post
435 4499 736 4566 acceptam
782 4495 876 4549 Dei
923 4494 1168 4565 gratiam
1214 4495 1848 4578 administraverint;D
1872 4494 2232 4560 Ruﬁnianus,
2276 4492 2571 4560 Proculus,
2599 4491 2864 4557 Thomas,
2909 4489 3229 4554 Ianuarius,
3260 4485 3511 4542 Octavia-

170 4593 322 4652 neque
348 4586 414 4641 de
439 4587 754 4642 curialibus
774 4587 1021 4658 aliquem
1048 4589 1119 4643 ad
1148 4589 1583 4644 ecclesiasticum
1617 4589 1768 4644 ordi-

165 4685 271 4729 nem
295 4681 482 4736 venire
509 4697 698 4752 posse,
730 4681 830 4752 qui
859 4685 987 4752 post
1015 4682 1364 4753 baptismum
1403 4683 1484 4737 vel
1517 4682 1771 4737 coronati

165 4764 361 4841 fuerint,
391 4776 476 4829 vel
505 4775 894 4830 sacerdotium
932 4776 1089 4847 quod
1124 4776 1349 4843 dicitur,
1380 4776 1766 4847 sustinuerint,

166 4864 207 4912 et
230 4863 490 4924 editiones
533 4867 790 4940 publicas
833 4869 1261 4926 celebraverint.
1300 4872 1440 4925 Nam
1465 4876 1522 4926 et
1561 4871 1669 4925 hoc
1701 4872 1769 4925 de

164 4959 444 5015 carnalibus
489 4966 579 5017 est
618 4963 950 5032 cavendum,
998 4980 1074 5018 ne
1117 4963 1310 5032 iidem,
1343 4964 1442 5036 qui
1483 4980 1547 5018 ex
1592 4964 1770 5018 curia-

162 5044 281 5104 libus
303 5052 530 5125 fuerint,
546 5056 857 5128 aliquando
875 5073 909 5111 a
930 5057 1044 5112 suis
1065 5057 1253 5126 curiis,
1268 5058 1418 5129 quod
1437 5057 1770 5129 frequenter

162 5141 382 5202 Videmus
413 5149 692 5218 accidere,
725 5154 1050 5222 pascantur.
1073 5152 1210 5216 Quae
1242 5152 1434 5206 omnia
1459 5151 1767 5207 rationabi-

162 5232 265 5291 liter
281 5242 560 5309 prohibita
588 5248 814 5314 oportet
839 5245 1024 5300 modis
1051 5245 1314 5300 omnibus
1334 5245 1623 5300 custodiri.

217 5330 268 5384 V.
296 5334 496 5397 Quales
523 5353 658 5392 vero
685 5337 938 5410 eligendi
967 5341 1102 5393 sunt
1126 5338 1185 5393 in
1204 5339 1406 5394 ordine
1426 5340 1766 5394 clericorum

161 5423 357 5481 evidens
385 5429 570 5484 forma
585 5430 855 5499 declarat,
884 5432 943 5487 id
969 5435 1074 5502 est,
1107 5433 1202 5504 qui
1235 5433 1306 5487 ab
1336 5433 1573 5488 ineunte
1604 5436 1768 5488 aetate

161 5511 394 5587 haptizati
434 5523 670 5594 fuerint,
699 5529 758 5580 et
797 5526 1076 5581 lectorum
1108 5524 1295 5581 ofIicio
1336 5525 1552 5596 sociati,
1596 5527 1685 5581 vel
1720 5526 1768 5580 si

161 5611 370 5680 majores
394 5622 548 5685 sunt,
581 5633 710 5673 cum
740 5619 956 5674 fuerint
983 5619 1084 5674 Dei
1116 5621 1357 5692 gratiam
1389 5620 1694 5691 consecuti,
1723 5620 1766 5674 si

159 5706 317 5760 statim
348 5726 404 5762 se
443 5710 830 5769 ecclesiasticis
877 5713 1172 5770 ordinibus
1201 5713 1666 5784 mancipaverint.
1701 5715 1771 5768 Et

159 5795 195 5852 si
224 5815 410 5860 uxores
451 5804 774 5882 habuerint,
819 5808 1194 5885 quaerendum
1243 5807 1288 5867 si
1314 5823 1554 5865 uxorem
1590 5807 1764 5884 virgi-

1869 4607 1998 4655 nus,
2025 4589 2422 4654 Praetextatus,
2472 4585 2678 4652 Sixtus,
2707 4582 3154 4648 Quodvultdeus,
3185 4579 3510 4649 Pentadius,

1871 4681 2205 4754 Cyprianus,
2228 4677 2515 4744 Servilius,
2546 4677 2827 4748 Pelagius,
2849 4675 3159 4740 Marcellus,
3181 4673 3510 4742 Venantius,

1870 4775 2166 4847 Dydimus,
2236 4770 2599 4837 Saturninus,
2661 4771 2996 4835 Bazecenus,
3078 4765 3511 4835 Germanianus,

1871 4871 2283 4925 Germamenus
2309 4907 2322 4932 ,
2378 4862 2710 4930 Juventius,
2779 4860 3104 4931 Majorinus,
3172 4859 3464 4915 Juventius
3499 4886 3512 4910 ν

1868 4961 2184 5028 Candidus,
2251 4957 2606 5030 Cyprianus,
2675 4958 2732 5011 et
2802 4953 3112 5009 Emilianus
3178 4954 3506 5020 Romanus,

1866 5056 2182 5121 Africanus,
2235 5057 2292 5108 et
2332 5051 2707 5119 Marcellinus,
2735 5049 2834 5121 qui
2872 5049 2932 5103 in
2973 5047 3205 5103 consilio
3247 5045 3510 5103 Ecclesiae

1867 5146 2298 5219 Cathaginensis
2329 5145 2615 5200 affuimus.

1941 5245 2083 5300 Cum
2111 5258 2177 5298 ex
2220 5257 2378 5295 more
2415 5239 2486 5294 ad
2515 5237 3022 5309 Carthaginensem
3075 5234 3381 5290 Ecclesiam
3424 5248 3508 5285 so-

1867 5336 2138 5393 lemniter
2179 5334 2528 5400 veniremus,
2573 5336 2742 5404 atque
2771 5348 2840 5387 ex
2891 5328 3124 5384 diversis
3168 5327 3348 5382 causis
3376 5341 3506 5379 con-

1870 5433 2103 5504 gregata
2132 5446 2201 5484 ex
2230 5428 2394 5484 nobis
2434 5426 2684 5500 synodus
2710 5425 3038 5491 haberetur,
3083 5418 3511 5491 compresbyter

1869 5530 2066 5581 noster
2107 5522 2339 5579 Orosius
2378 5520 2540 5576 nobis
2570 5519 2786 5575 litteras
2816 5519 3140 5572 sanctorum
3183 5513 3426 5566 fratrum
3455 5514 3511 5565 et

1868 5618 2336 5674 consacerdotum
2355 5619 2685 5671 nostrorum
2713 5611 2870 5667 dedit
2893 5605 3191 5664 Averothis
3212 5608 3270 5660 et
3294 5604 3504 5672 Lazari,

1867 5729 2111 5784 quarum
2148 5712 2393 5766 formam
2427 5710 2516 5764 bis
2545 5704 2936 5764 constituimus
2976 5716 3096 5757 esse
3127 5697 3504 5754 subdendam.

1870 5807 1966 5864 His
2008 5822 2145 5882 ergo
2192 5805 2368 5876 lectis,
2428 5801 2721 5876 Pelagium
2777 5802 2834 5855 et
2877 5793 3198 5852 Calestium
3249 5798 3506 5853 auctores
