4026 6182
531 246 633 297 723

1429 247 1708 301 APPEND.
1750 248 1838 302 AD
1874 249 2035 303 SxEC.
2081 247 2159 300 lx.

2297 247 2540 302 lSlDORl
2581 249 3002 330 MERCATORIS
3711 271 3784 321 τρι

528 352 732 408 nefarii
775 369 1003 422 prorsus
1055 356 1110 406 et
1166 354 1690 411 anathematizandi
1752 357 1822 410 ab
1882 358 2148 412 omnibus
2169 367 2230 441 Α
2251 355 2318 424 (Il
2336 359 2453 413 Cor.
2474 373 2569 424 xu,
2598 359 2759 426 10);»
2785 362 2870 412 et:
2891 380 2918 407 ‹‹
2944 359 3134 414 Gratia
3150 361 3242 415 Dei
3265 379 3382 416 sum
3401 363 3452 418 id
3468 369 3599 436 quod
3617 381 3792 441 sum,et

529 447 689 500 nobis
732 447 935 500 erroris
969 447 1336 502 advertimus.
1389 449 1548 503 Unde
1588 451 1800 504 factum
1843 455 1928 506 est
1963 457 2029 506 ut
2079 469 2161 507 re-

525 539 874 602 censendum
909 546 1229 610 peteremus
1249 541 1387 612 quid
1425 546 1556 597 ante
1589 543 2043 616 quinquennium
2075 563 2161 600 su-

526 650 628 704 per
649 633 890 687 Coelestii
909 634 1143 688 nomine
1157 635 1249 688 hic
1268 636 1418 706 apud
1437 637 1742 690 Ecclesiam
1757 637 2161 709 Carthaginen-

525 744 645 780 sem
664 727 830 781 fuerit
845 728 1213 797 exagitatum.
1246 729 1369 793 Quo
1400 730 1653 799 recitato,
1685 731 1904 786 sicutex
1923 733 2158 788 subditis

524 820 814 874 advertere
854 822 1062 891 poterit
1110 822 1374 876 sanctitas
1418 826 1531 889 tua,
1585 824 1844 894 quamvis
1887 826 2160 895 judicatio

527 914 829 968 manifesta
855 917 1137 968 constaret
1174 917 1306 986 quia
1338 917 1397 970 in
1433 916 1530 970 illo
1559 921 1810 988 tempore
1848 920 2159 991 episcopali

522 1007 732 1078 judicio
754 1008 1003 1063 excisum
1031 1010 1140 1064 hoc
1159 1012 1387 1080 tantum
1415 1012 1620 1065 vulnus
1639 1011 1708 1065 ab
1730 1013 1974 1067 Ecclesia
2000 1015 2156 1069 vide-

526 1107 698 1167 retur,
748 1101 1123 1156 nihilominus
1167 1105 1360 1158 tamen
1409 1103 1465 1158 id
1529 1106 1818 1159 communi
1877 1107 2154 1162 delibera-

525 1194 682 1248 tione
723 1195 1064 1265 censuimus,
1102 1199 1163 1249 ut
1191 1197 1518 1268 hujusmodi
1557 1199 1934 1270 persuasionis
1963 1205 2156 1256 aucto-

527 1304 638 1353 res,
690 1288 945 1358 quamvis
994 1292 1051 1342 et
1093 1289 1165 1343 ad
1216 1291 1631 1362 presbyterium
1665 1293 1820 1347 idem
1871 1295 2159 1348 Ctelestius

523 1387 721 1452 postea
798 1382 1123 1452 pervenisse
1186 1384 1423 1452 dicatur,
1513 1386 1620 1440 nisi
1683 1387 1742 1441 hi
1805 1388 2158 1458 apertissime

528 1476 1146 1545 anathematizaverint,
1198 1479 1349 1549 ipsos
1403 1496 1633 1551 quoque
1694 1482 2158 1536 anathematizari

526 1572 792 1639 oportet,
868 1573 934 1624 ut
989 1571 1036 1624 si
1096 1572 1351 1642 ipsorum
1414 1590 1531 1628 non
1597 1575 1887 1644 potuerit,
1960 1576 2158 1629 saltem

527 1678 721 1717 eorum
771 1663 867 1736 qui
921 1665 1145 1735 decepti
1195 1669 1327 1720 sunt
1387 1667 1458 1721 ab
1509 1667 1609 1736 eis,
1657 1668 1742 1721 vel
1793 1669 1974 1740 decipi
2027 1686 2154 1740 pos-

2261 450 2441 520 gratia
2473 451 2594 520 ejus
2620 450 2678 504 in
2708 467 2798 505 me
2829 467 3004 506 vacua
3031 469 3148 508 non
3175 454 3294 522 fuit,
3333 457 3421 510 sed
3446 459 3557 528 plus
3583 466 3793 521 omnibus

2257 543 2367 596 illis
2401 543 2663 613 laboravi,
2699 561 2810 598 non
2844 562 2951 615 ego
2983 552 3193 613 autem,
3213 549 3307 602 sed
3333 551 3499 620 gratia
3517 554 3597 608 Dei
3622 573 3796 615 mecum

2261 636 2306 706 (1
2325 640 2442 694 Cor.
2472 654 2561 704 xv,
2588 638 2746 707 10);»
2770 641 2854 692 et:
2873 660 2900 687 «
2930 640 3144 694 Gratias
3175 657 3280 713 ago
3301 643 3407 696 Deo
3421 645 3506 714 qui
3532 647 3796 706 deditnobis

2261 730 2553 784 victoriam
2584 748 2689 801 per
2732 732 3040 786 Dominum
3073 739 3327 789 nostrum
3370 738 3544 792 Jesum
3573 741 3798 800 Christum

2263 824 2303 891 (1
2335 826 2456 881 Cor.
2502 841 2590 890 xv,
2641 827 2747 895 57),
2781 845 2807 876 ››
2845 845 2871 876 ‹‹
2903 826 3034 897 quia
3067 827 3256 882 idonei
3291 846 3398 884 non
3424 847 3596 886 sumus
3636 837 3799 906 aliquid

2261 919 2510 988 cogitare
2556 919 2720 990 quasi
2768 935 2836 972 ex
2890 920 3327 993 nobismetipsis,
3393 925 3484 979 sed
3532 927 3800 985 sufficientia

2259 1015 2454 1066 nostra
2483 1028 2552 1066 ex
2591 1013 2705 1065 Deo
2752 1029 2809 1066 se
2851 1015 2925 1082 (II
2952 1015 3070 1070 Cor.
3101 1031 3180 1083 ιιι,
3210 1019 3290 1084 5);
3323 1038 3348 1065 η
3391 1022 3443 1072 et
3474 1035 3486 1072 :
3531 1042 3556 1067 «
3584 1020 3800 1077 Habemus

2259 1104 2588 1159 thesaurum
2617 1106 2788 1160 istum
2818 1106 2877 1160 in
2904 1107 3048 1161 vasis
3073 1108 3351 1178 fictilibus,
3382 1115 3443 1164 ut
3468 1112 3732 1169 eminentia
3754 1117 3804 1171 sit

2259 1198 2479 1252 virtutis
2499 1199 2596 1253 Dei
2621 1203 2678 1252 et
2703 1216 2822 1253 non
2849 1215 2914 1254 ex
2941 1201 3105 1256 nobis
3136 1202 3209 1264 (II
3235 1203 3352 1258 Cor.
3387 1220 3454 1271 Iv,
3482 1204 3550 1276 7),
3571 1227 3596 1255 »
3617 1212 3664 1260 et
3684 1208 3805 1262 innu-

2261 1292 2558 1346 merabilia
2600 1309 2729 1364 quae
2773 1294 2844 1348 de
2893 1295 3198 1366 Scripturis
3227 1297 3483 1353 omnibus
3523 1299 3565 1354 si
3600 1301 3805 1372 colligere

2257 1386 2520 1439 volumus
2549 1390 2735 1440 tomus
2765 1403 2884 1441 non
2910 1389 3141 1444 sufﬁcit.
3176 1391 3243 1444 Et
3267 1407 3516 1446 veremur
3537 1409 3602 1447 ne
3619 1395 3742 1465 apud
3769 1400 3806 1449 te

2257 1485 2519 1549 tempora
2544 1480 2654 1534 ista
2673 1483 3191 1538 commemorando
3221 1501 3346 1556 quas
3367 1485 3571 1556 majore
3595 1488 3746 1558 gratia
3760 1489 3808 1542 de

2258 1573 2388 1626 sede
2428 1574 2737 1644 apostolica
2766 1575 3040 1645 praedicas
3086 1577 3540 1634 inconvenienter
3578 1581 3732 1635 facere
3751 1581 3806 1633 vi-

2259 1665 2516 1734 deamur,
2553 1668 2652 1722 sed
2694 1667 2822 1723 ideo
2856 1669 3117 1739 facimus,
3157 1672 3293 1742 quia
3336 1673 3394 1726 in
3439 1688 3502 1727 eo
3528 1673 3661 1744 quod
3695 1675 3808 1728 inﬁr-

527 1761 676 1822 sunt,
720 1759 948 1828 cognita
977 1760 1257 1814 sententia
1291 1777 1418 1831 quas
1468 1761 1527 1814 in
1555 1777 1650 1816 eos
1676 1761 1789 1816 lata
1818 1767 1920 1832 est,
1953 1746 2236 1816 sanitasB
2261 1759 2470 1814 miores
2511 1777 2707 1814 sumus
2735 1778 3162 1834 quaquaversus
3201 1765 3437 1836 quisque
3473 1771 3697 1820 nostrum
3721 1784 3808 1820 ver-

526 1856 879 1921 procuretur.
940 1853 1053 1907 Hoc
1104 1854 1295 1925 itaque
1359 1860 1601 1926 gestum,
1669 1857 1896 1910 domine
1960 1858 2158 1924 frater,

527 1947 733 1999 sanctae
758 1945 1016 2000 charitati
1061 1951 1172 2002 tua:
1209 1948 1595 2004 intimandum
1628 1950 1912 2018 duximus,
1947 1956 2008 2006 ut
2049 1955 2158 2005 sta-

525 2037 662 2091 tutis
716 2043 924 2094 nostraa
972 2041 1379 2097 mediocritatis
1426 2044 1596 2098 etiam
1645 2045 1968 2115 apostolicae
2017 2045 2162 2101 sedis

525 2131 860 2187 adhibeatur
885 2135 1191 2189 auctoritas
1230 2153 1333 2206 pro
1369 2138 1578 2191 tuenda
1602 2138 1778 2192 salute
1823 2140 2158 2210 multorum,

526 2227 584 2279 et
625 2228 1005 2296 quorumdam
1051 2229 1224 2283 etiam
1275 2231 1641 2299 perversitate
1691 2232 2049 2303 corrigenda.
2101 2233 2161 2286 ld

526 2317 680 2372 enim
709 2323 890 2389 agunt
908 2321 1001 2374 isti
1021 2322 1444 2377 damnabilihus
1465 2324 1942 2396 disputationibus
1967 2327 2082 2380 suis
2103 2332 2164 2382 ut

525 2428 638 2464 non
682 2411 1060 2482 defendendo,
1111 2417 1210 2470 sed
1250 2417 1436 2487 potius
1477 2418 1537 2472 in
1580 2419 1913 2490 sacrilegam
1962 2438 2160 2491 super-

524 2507 676 2561 biam
690 2508 1008 2563 extollendo
1025 2509 1266 2565 liberum
1280 2512 1576 2567 arbitrium
1595 2514 1817 2567 nullum
1842 2514 2165 2586 relinquant

523 2602 713 2656 locum
758 2603 958 2672 gratiae
1011 2605 1107 2658 Dei
1154 2621 1265 2675 qua
1317 2606 1620 2661 Christiani
1662 2624 1876 2662 sumus.
1933 2610 2056 2672 Qua
2108 2613 2165 2663 et

525 2695 775 2766 idipsum
815 2700 1024 2752 nostrae
1053 2699 1356 2753 voluntatis
1401 2701 1699 2755 arbitrium
1751 2718 1877 2755 vere
1907 2701 1971 2755 fit
2017 2702 2160 2757 libe-

524 2806 673 2855 rum,
711 2789 850 2843 dum
877 2807 910 2843 a
948 2793 1264 2847 carnalium
1307 2795 1893 2864 concupiscentiarum
1921 2796 2161 2850 damna-

523 2881 675 2936 tione
703 2882 993 2952 liberatur,
1021 2885 1246 2940 dicente
1274 2887 1546 2942 Domino:
1583 2907 1608 2939 «
1641 2888 1698 2942 Si
1731 2905 1824 2942 vos
1853 2889 2000 2943 ﬁlius
2026 2890 2165 2943 libe-

523 2975 752 3042 raverit,
783 2981 918 3030 tunc
945 2993 1074 3032 vere
1097 2979 1259 3032 liberi
1288 2980 1443 3034 eritis
1464 2982 1639 3052 (Joan.
1668 2999 1784 3049 vm,
1815 2984 1920 3052 36).
1954 3006 1981 3032 ››
2004 2984 2162 3047 Quod

523 3069 797 3123 auxilium
843 3071 984 3125 ﬁdes
1024 3071 1316 3143 impetrat,
1370 3091 1498 3144 quas
1538 3080 1621 3129 est
1663 3076 1723 3129 in
1770 3076 1991 3132 Christo
2031 3079 2162 3132 Jesu

524 3163 765 3216 Domino
793 3168 1007 3220 nostro.
1058 3166 1149 3220 lsti
1179 3172 1371 3221 autem
1411 3172 1668 3222 asserunt
1699 3169 1862 3239 (sicut
1900 3187 1932 3224 a
1970 3171 2161 3225 fratri-

521 3256 627 3310 bus
676 3257 774 3327 qui
837 3275 1034 3312 eorum
1095 3260 1268 3313 libros
1340 3262 1589 3332 legerint
1654 3264 2039 3334 cognovimus)
2103 3263 2163 3319 in

521 3366 587 3406 eo
646 3351 741 3404 Dei
791 3352 1029 3421 gratiam
1076 3355 1410 3423 putandam,
1466 3357 1618 3426 quod
1680 3358 1853 3412 talem
1912 3358 2164 3412 hominis

520 3443 765 3498 instituit
814 3446 1134 3517 creavitque
1186 3454 1467 3515 naturam,
1527 3467 1654 3520 qua:
1714 3468 1814 3521 per
1871 3452 2162 3522 propriam

524 3536 572 3608 1
590 3536 716 3610 '78
743 3538 1090 3594 voluntatem
1113 3541 1303 3610 legem
1336 3541 1434 3595 Dei
1465 3544 1638 3613 possit
1665 3543 1901 3615 implere
1925 3545 2038 3598 sive
2067 3562 2164 3598 na-

521 3632 777 3684 turaliter
813 3632 869 3685 in
895 3635 1063 3688 corde
1115 3635 1510 3706 conscriptam,
1555 3637 1669 3691 sive
1703 3638 1761 3691 in
1811 3638 2010 3692 litteris
2061 3639 2160 3693 da-

521 3729 664 3791 tam,
694 3726 954 3781 eamdem
988 3745 1218 3800 quoque
1249 3731 1441 3801 legem
1486 3731 1553 3784 ad
1584 3731 1824 3801 gratiam
1853 3732 2158 3802 pertinere,

520 3819 669 3888 quod
715 3819 873 3874 illam
918 3822 1065 3876 Deus
1109 3823 1165 3876 in
1215 3823 1566 3894 adjutorium
1611 3825 1943 3879 hominibus
1985 3826 2158 3881 dedit.

521 3911 680 3965 Illam
707 3929 839 3968 vero
871 3915 1113 3984 gratiam
1136 3933 1266 3987 qua,
1297 3922 1362 3971 ut
1385 3917 1599 3971 dictum
1623 3922 1724 3986 est,
1753 3918 2055 3973 Christiani
2074 3936 2162 3973 su-

518 4020 662 4073 mus,
691 4007 852 4077 cujus
879 4009 1180 4078 Apostolus
1210 4010 1546 4080 praedicator
1568 4015 1669 4077 est,
1711 4011 1936 4066 dicens:
1968 4033 1996 4061 «
2016 4013 2158 4066 Con-

520 4098 764 4152 delector
794 4100 950 4154 enim
980 4101 1095 4171 legi
1140 4102 1237 4157 Dei
1271 4104 1585 4158 secundum
1611 4104 1945 4158 interiorem
1972 4105 2159 4158 homi-

520 4207 651 4245 nem
682 4208 695 4256 ;
736 4192 898 4245 video
926 4197 1116 4248 autem
1147 4195 1315 4249 aliam
1361 4197 1545 4266 legem
1573 4197 1631 4251 in
1677 4198 1946 4251 membris
1999 4199 2157 4267 meis,

519 4289 938 4355 repugnantem
983 4287 1097 4357 legi
1126 4290 1332 4343 mentis
1358 4307 1522 4357 meas,
1567 4294 1620 4343 et
1657 4291 2038 4361 captivantem
2065 4309 2158 4346 me

519 4377 578 4430 in
618 4377 743 4448 lege
772 4380 1010 4449 peccati,
1068 4398 1195 4452 qua:
1237 4385 1318 4436 est
1345 4383 1401 4436 in
1443 4383 1711 4437 membris
1749 4385 1927 4439 meis:
1985 4387 2161 4440 miser

2182 3115 2236 3189 C

2260 1853 2396 1907 bum
2424 1854 2521 1907 Dei
2551 1855 2914 1925 praedicando
2939 1861 3171 1928 putatur
3199 1859 3482 1929 attentior,
3511 1860 3722 1915 crebrius
3747 1877 3812 1914 eos

2261 1946 2512 2016 patimur
2549 1947 2607 2000 in
2637 1965 2739 2002 nos
2764 1949 3036 2004 audacius
3074 1951 3449 2023 insurgentes.
3489 1953 3538 2008 Si
3561 1970 3677 2024 ergo
3701 1954 3808 2007 Pela-

2263 2040 2387 2111 gius
2413 2041 2828 2113 episcopalibus
2861 2044 3034 2114 gestis
3057 2061 3184 2116 quae
3211 2045 3270 2099 in
3294 2046 3505 2102 oriente
3522 2047 3735 2101 confecta
3753 2046 3813 2099 di-

2262 2138 2468 2189 cuntur
2497 2136 2689 2190 omnia
2715 2141 2828 2191 tuas
2859 2138 3222 2193 venerationi
3242 2140 3397 2210 juste
3418 2140 3558 2195 visus
3586 2140 3726 2194 fuerit
3743 2140 3813 2192 ab-

2262 2227 2497 2296 solutus,
2549 2246 2710 2284 error
2757 2234 2950 2285 tamen
3004 2231 3123 2302 ipse
3169 2238 3226 2288 et
3276 2233 3535 2305 impietas
3584 2251 3690 2305 quin
3728 2233 3816 2304 jam

2261 2322 2467 2377 multos
2481 2326 2791 2378 assertores
2805 2323 3018 2379 habent
3031 2342 3102 2396 pe
3113 2342 3140 2379 r
3153 2326 3373 2382 diversa
3398 2327 3672 2398 dispersos,
3692 2326 3815 2380 etiam

2263 2415 2585 2485 apostolica:
2634 2417 2780 2471 sedis
2830 2418 3159 2473 auctoritate
3219 2420 3712 2475 anathematizanda
3745 2424 3816 2472 est.

2260 2509 2592 2564 Consideret
2619 2510 2774 2564 enim
2801 2512 3068 2566 sanctitas
3094 2515 3212 2580 tua,
3245 2519 3306 2569 et
3333 2514 3680 2585 pastoralibus
3701 2512 3818 2566 nobis

2261 2603 2645 2673 compatiatur
2689 2603 3020 2674 visceribus,
3083 2623 3253 2677 quam
3311 2608 3381 2662 sit
3442 2608 3731 2680 pestiferum
3782 2609 3822 2658 et

2263 2691 2484 2745 exitiale
2526 2691 2724 2746 ovibus
2756 2693 2966 2748 Christi
2996 2696 3147 2766 quod
3174 2696 3417 2752 istorum
3453 2697 3711 2766 sacrilegas

2262 2786 2581 2856 putationes
2615 2788 2933 2842 necessario
2959 2789 3233 2861 sequitur,
3272 2794 3338 2846 ut
3377 2807 3480 2846 nec
3505 2806 3646 2845 orare
3671 2788 3820 2843 debea-

2261 2895 2408 2945 mus,
2436 2896 2509 2933 ne
2527 2879 2804 2934 intremus
2819 2881 2876 2934 in
2894 2884 3293 2953 tentationem,
3322 2886 3469 2957 quod
3488 2883 3726 2939 Dominus
3746 2880 3821 2934 dis-

2262 2972 2478 3042 cipulos
2527 2974 2770 3042 monuit,
2808 2978 2864 3029 et
2916 2977 3106 3045 posuit
3149 2977 3208 3030 in
3257 2978 3510 3033 oratione
3560 2975 3734 3044 (Matth.
3769 2989 3821 3040 ιι,

2267 3065 2349 3137 13)
2383 3083 2557 3137 quam
2589 3067 2800 3136 docuit,
2834 3073 2894 3122 ut
2918 3085 3036 3123 non
3068 3069 3304 3126 deﬁciat
3339 3073 3476 3127 ﬁdes
3501 3076 3686 3138 nostra,
3713 3065 3822 3139 quod

2262 3176 2366 3229 pro
2396 3160 2648 3230 apostolo
2676 3162 2840 3216 Petro
2869 3178 2929 3216 se
2958 3179 3193 3233 rogasse
3213 3165 3341 3236 ipse
3380 3170 3597 3221 testatus
3621 3168 3691 3219 est
3714 3162 3821 3231 (Luc.

2261 3269 2395 3321 xxn,
2441 3256 2548 3320 32).
2582 3254 2636 3310 Si
2684 3255 2839 3310 enim
2880 3256 3255 3327 possibilitate
3310 3263 3542 3326 naturae,
3569 3262 3619 3312 et
3645 3253 3822 3310 arbitrio

2261 3347 2566 3402 voluntatis
2616 3348 2674 3402 in
2714 3352 2996 3420 potestate
3047 3355 3181 3405 sunt
3234 3354 3554 3418 constituta,
3602 3350 3709 3423 quis
3744 3362 3823 3401 non

2263 3457 2330 3495 ea
2360 3440 2548 3496 videat
2568 3442 2816 3498 inaniter
2843 3461 2876 3498 a
2912 3445 3155 3500 Domino
3182 3447 3329 3516 peti,
3364 3451 3420 3502 et
3448 3445 3696 3501 fallaciter
3718 3437 3824 3496 orari

2262 3551 2393 3588 cum
2420 3535 2636 3590 orando
2666 3542 2981 3606 poscuntur
2999 3556 3128 3611 qua
3158 3544 3383 3596 natura:
3400 3541 3518 3612 jam
3546 3540 3619 3594 ita
3643 3535 3825 3592 condita

2261 3628 2670 3685 sufﬁcientibus
2699 3631 2912 3686 viribus
2934 3633 3286 3703 obtinentur,
3311 3651 3417 3689 nec
3436 3633 3671 3689 debuisse
3686 3630 3823 3684 dicere

2261 3722 2571 3776 Dominum
2643 3726 2836 3779 Jesum
2887 3726 3214 3782 Christum:
3272 3750 3303 3777 ‹‹
3351 3728 3580 3800 Vigilate
3624 3731 3672 3780 et
3715 3727 3825 3777 orate

2263 3816 2453 3887 (Marc.
2501 3834 2609 3884 xw,
2644 3819 2752 3888 38),
2783 3837 2809 3870 »
2850 3820 2945 3874 sed
2985 3823 3392 3877 tantummodo
3431 3841 3444 3877 :
3481 3841 3508 3874 α
3539 3819 3753 3890 Vigilate,
3781 3816 3826 3865 ut

2261 3927 2378 3964 non
2398 3910 2623 3966 intretis
2650 3911 2712 3966 in
2743 3913 3118 3969 tentationem
3141 3932 3155 3980 ;
3185 3937 3212 3965 »
3245 3932 3354 3970 nec
3379 3915 3681 3972 beatissimo
3705 3911 3824 3964 Petro

2258 4003 2444 4075 primo
2470 4005 2863 4076 apostolorum
2897 4024 2908 4062 :
2942 4028 2969 4057 «
2997 4008 3211 4079 Rogavi
3241 4025 3348 4080 pro
3379 4013 3460 4080 te;
3485 4027 3512 4060 ι)
3540 4007 3644 4075 sed,
3670 4015 3824 4059 moneo

2262 4103 2335 4165 te,
2379 4099 2465 4152 vel
2512 4099 2735 4170 impero
2783 4117 2848 4155 ac
2898 4102 3172 4172 percipio,
3220 4119 3293 4157 ne
3334 4103 3553 4158 deﬁciat
3591 4100 3709 4154 ﬁdes
3743 4103 3824 4149 tua.

2259 4191 2677 4246 Contradicitur
2715 4194 2870 4248 enim
2915 4195 3153 4249 istoriun
3183 4196 3604 4268 contemptione
3641 4187 3824 4247 benedi-

2262 4285 2542 4340 ctionibus
2597 4287 2824 4355 nostris,
2882 4293 2947 4342 ut
2984 4289 3269 4343 incassum
3302 4307 3476 4362 supra
3516 4287 3750 4361 populum
3773 4280 3827 4334 div

2261 4395 2387 4434 cere
2425 4379 2738 4451 videamur,
2785 4381 3064 4454 quidquid
3095 4383 3176 4437 eis
3214 4401 3247 4437 a
3278 4385 3523 4439 Domino
3570 4390 3823 4454 precamur,

521 4487 627 4541 ego
680 4472 880 4540 homo,
923 4474 1048 4545 quis
1103 4491 1194 4530 me
1247 4476 1504 4530 liberavit
1549 4477 1619 4531 de
1673 4495 1904 4549 corpore
1958 4476 2322 4557 mortisDut
2350 4478 2498 4528 recte
2526 4491 2590 4528 ac
2632 4474 2722 4544 pie
2759 4474 3000 4530 vivendo
3052 4475 3131 4530 illi
3170 4478 3462 4548 placeant,
3522 4478 3599 4530 vel
3626 4475 3708 4529 illa
3737 4482 3828 4540 qua:

521 4565 688 4636 hujus
716 4567 744 4621 ‘?
791 4568 975 4637 gratia
1015 4568 1110 4624 Dei
1153 4587 1257 4641 per
1294 4572 1480 4624 Jesum
1526 4571 1810 4626 Christum
1856 4573 2161 4628 Dominum

521 4663 774 4714 nostrum
828 4662 995 4730 (Rom.
1041 4680 1138 4732 vn,
1195 4664 1406 4736 22-25),
1461 4666 1664 4719 nolunt
1705 4683 1902 4720 omnes
1945 4683 2158 4738 cogno-

520 4769 673 4807 scere
688 4755 940 4822 omnino,
962 4773 1068 4812 nec
1097 4761 1289 4830 aperte
1307 4758 1543 4829 quidem
1563 4777 1898 4831 oppugnare
1926 4761 2156 4815 audent.

520 4845 621 4899 Sed
669 4847 805 4917 quid
833 4849 988 4904 aliud
1035 4856 1215 4921 agunt
1265 4869 1394 4906 cum
1447 4853 1775 4908 hominibus
1819 4854 2160 4908 animalibus

520 4955 632 4992 non
681 4941 1121 5011 percipientibus
1159 4961 1286 5015 quas
1330 4951 1464 5001 sunt
1505 4945 1746 5017 Spiritus
1774 4947 1888 5016 Dei,
1921 4965 2157 5019 persua-

521 5032 657 5086 dere
691 5049 805 5087 non
829 5039 1050 5089 cessant
1070 5038 1140 5092 ad
1164 5040 1512 5109 Operandam
1535 5039 2056 5112 perﬁciendamque
2070 5042 2162 5112 ju-

518 5126 730 5181 stitiam
763 5131 819 5182 et
859 5128 962 5182 Dei
1000 5131 1272 5186 mandata
1304 5133 1643 5204 complenda
1689 5135 1872 5188 solam
1917 5135 2022 5188 sibi
2058 5136 2161 5189 hu-

518 5237 745 5276 manam
761 5221 1019 5278 sufﬁcere
1033 5241 1196 5294 posse
1211 5231 1472 5281 naturam
1483 5244 1618 5294 ,non
1635 5227 1992 5283 attendentes
2006 5229 2159 5300 quod

517 5315 788 5386 scriptum
807 5322 918 5371 est:
941 5337 968 5369 α
996 5317 1236 5389 Spiritus
1251 5320 1478 5391 adjuvat
1494 5321 1884 5376 inﬁrmitatem
1907 5328 2159 5377 nostram

515 5409 686 5479 (Rom.
725 5427 840 5480 Vlll,
873 5411 993 5482 25);
1029 5434 1056 5461 »
1085 5415 1176 5467 et:
1210 5434 1237 5462 «
1269 5415 1391 5468 Non
1431 5415 1672 5470 volentis
1699 5431 1885 5486 neque
1923 5431 2155 5469 curren-

515 5502 604 5572 tis,
630 5504 727 5558 sed
755 5504 1074 5561 miserentis
1101 5510 1188 5561 est
1214 5507 1308 5563 Dei
1341 5509 1518 5580 gratia
1547 5509 1715 5580 (Rom.
1751 5525 1825 5577 ix,
1860 5509 1977 5579 16);
2005 5529 2032 5559 »
2067 5514 2154 5564 et:

517 5617 544 5644 «
576 5598 736 5660 Quod
764 5617 944 5654 unum
972 5617 1178 5672 corpus
1206 5618 1398 5657 sumus
1429 5602 1486 5656 in
1516 5602 1735 5657 Christo
1762 5603 1914 5669 Jesu,
1941 5603 2159 5673 singuli

515 5693 613 5742 aut
637 5691 781 5745 alter
807 5694 1036 5749 alterius
1077 5697 1340 5751 membra
1378 5696 1650 5750 habentes
1681 5699 1845 5766 (Rom.
1887 5713 1987 5763 xu,
2029 5701 2099 5763 5).
2126 5717 2153 5746 »

521 5800 548 5832 α
583 5782 735 5838 Dona
759 5785 974 5845 diversa
989 5791 1302 5847 secundum
1332 5791 1572 5864 gratiam
1595 5807 1724 5865 quas
1746 5791 1883 5848 data
1899 5796 1984 5848 est
1997 5791 2159 5847 nobis

2259 4584 2361 4638 pro
2400 4567 2656 4622 ﬁdelibus
2703 4574 2972 4638 precatur
3023 4571 3348 4640 Apostolus,
3381 4571 3599 4626 dicens:
3639 4591 3659 4616 ‹‹
3691 4565 3828 4618 Flecto

2261 4676 2452 4731 genua
2482 4677 2609 4715 mea
2657 4663 2727 4716 ad
2757 4664 2983 4717 Patrem
3022 4664 3253 4719 Domini
3285 4665 3463 4720 nostri
3503 4667 3625 4719 Jesu
3653 4654 3826 4718 Christi;

2261 4772 2330 4808 ex
2373 4771 2484 4825 quo
2527 4756 2716 4810 omnis
2742 4757 3058 4828 paternitas
3089 4758 3147 4812 in
3178 4759 3318 4813 coelo
3349 4763 3408 4814 et
3434 4759 3491 4813 in
3518 4761 3656 4813 terra
3683 4747 3825 4806 nomi-

2259 4853 2449 4916 natur,
2504 4853 2564 4904 ut
2607 4849 2704 4904 det
2735 4850 2898 4905 nobis
2941 4851 3250 4906 secundum
3281 4851 3506 4907 divitias
3531 4849 3706 4922 gloriae
3746 4855 3827 4895 sum

2258 4943 2452 4998 virtuti
2494 4943 2856 4998 corroborari
2898 4960 3001 5015 per
3054 4945 3329 5016 Spiritum
3376 4947 3497 5017 ejus
3553 4943 3736 5014 (Ephes.
3768 4949 3825 4996 ιιι»

2263 5037 2457 5101 14-16).
2490 5059 2515 5086 ››
2545 5037 2602 5091 Si
2631 5053 2768 5109 ergo
2798 5037 3147 5092 voluerimus
3170 5039 3558 5094 benedicendo
3585 5048 3735 5106 super
3752 5043 3828 5100 p0-

2259 5131 2458 5201 pulum
2485 5131 2673 5186 dicere
2697 5148 2711 5186 :
2737 5132 2815 5185 Da
2833 5131 2914 5184 illi
2945 5131 3233 5199 virtutem,
3254 5134 3516 5200 Domine,
3533 5117 3829 5185 corroborari

2259 5241 2361 5295 per
2380 5224 2652 5295 Spiritum
2673 5228 2857 5292 tuum,
2891 5225 3131 5279 istorum
3157 5227 3319 5282 nobis
3336 5224 3629 5298 disputatio
3649 5222 3828 5275 contra-

2259 5318 2412 5386 dicit,
2466 5319 2758 5373 afﬁrmans
2803 5319 3045 5374 liberum
3090 5321 3288 5392 negari
3337 5319 3647 5382 arbitrium,
3689 5312 3728 5366 si
3751 5310 3829 5362 hoc

2261 5429 2294 5467 a
2321 5413 2438 5467 Deo
2455 5413 2723 5484 poscitur,
2751 5413 2904 5484 quod
2928 5413 2986 5467 in
3016 5420 3214 5469 nostra
3236 5417 3511 5486 potestate
3540 5415 3636 5477 est,
3665 5405 3828 5460 virtute

2259 5507 2408 5562 enim
2440 5507 2794 5562 corroborari
2833 5507 2877 5561 si
2907 5507 3185 5576 volumus,
3229 5509 3518 5579 inquiunt,
3562 5509 3826 5576 possumus,

2260 5618 2328 5656 ea
2348 5601 2714 5672 possibilitate
2729 5604 2966 5671 naturas,
2982 5619 3096 5656 non
3111 5600 3528 5665 misericordias,
3542 5611 3695 5670 quam
3717 5601 3829 5644 nunc

2257 5695 2582 5766 accipimus,
2629 5695 2729 5750 sed
2763 5711 2958 5766 quam,
2991 5712 3118 5750 cum
3153 5711 3497 5763 crearemur,
3538 5687 3826 5760 accepimus.

2257 5789 2522 5846 Parvulos
2550 5789 2723 5846 etiam
2750 5794 2984 5864 propter
3007 5790 3246 5848 salutem
3271 5805 3398 5864 quae
3427 5804 3525 5864 per
3542 5785 3829 5841 Salvatoreui
