4026 6182
1405 209 1776 265 DECRETALI
1784 208 1876 262 ΟΜ
1911 206 2298 262 COLLECTIO.
3433 199 3533 250 726

235 331 475 390 Christum
502 326 659 380 datur
686 322 1052 394 baptizandos
1078 325 1310 393 negant,
1344 337 1408 375 ac
1433 320 1478 374 si
1507 337 1605 374 eos
1643 335 1795 374 mor-
1821 329 1879 402 Α
1898 316 2056 371 tiatio
2073 317 2420 380 firmaretur,
2445 312 2690 382 indeque
2713 311 3004 364 sumerent
3023 308 3240 362 caeteras
3262 305 3521 361 Ecclesiae

238 425 373 478 tifera
413 419 648 474 doctrina
694 417 753 470 in
796 418 1076 470 aeternum
1131 419 1353 483 necant,
1408 399 1879 485 promittentes—ﬁ
1904 413 2062 466 velut
2089 411 2157 465 de
2178 408 2351 463 natali
2377 423 2478 462 suo
2518 407 2670 460 fonte
2699 419 2863 474 aquae
2889 404 3106 456 cunctas
3133 399 3526 470 procederent,

235 517 376 573 etiam
399 514 440 568 si
462 529 567 566 non
587 509 964 582 baptizantur,
991 508 1287 564 habituros
1306 509 1482 562 vitam
1511 510 1804 575 teternam,
1909 509 1968 560 et
2008 522 2111 576 per
2151 503 2396 558 diversas
2435 501 2608 555 totius
2641 496 2840 552 mundi
2871 495 3133 567 regiones
3171 492 3300 564 puri
3336 492 3537 563 capitis

233 626 318 664 nec
341 606 600 680 pertinere
628 605 698 658 ad
729 621 826 659 eos
855 603 925 658 de
953 603 1158 675 quibus
1186 602 1461 657 Dominus
1492 601 1572 655 ait
1601 618 1614 656 :
1650 623 1676 651 ‹‹
1701 602 1806 658 Ve-
1907 601 2253 669 incorrupta:
2278 598 2599 662 manarent,
2618 592 2755 663 quid
2776 590 3266 662 prmcipere,quos
3285 586 3536 654 abluere,

231 703 296 757 nit
316 701 450 756 enim
475 699 615 752 {ilius
645 697 891 752 hominis
927 713 1185 769 quazrere
1221 699 1276 751 et
1296 697 1509 750 salvare
1540 695 1691 766 quod
1719 711 1812 766 pe-
1909 710 2052 766 quos
2083 691 2253 748 veluti
2280 691 2340 744 in
2367 705 2528 743 caeno
2551 683 2950 740 immundabili
2973 682 3284 737 sordidatos
3309 679 3538 734 mundis

229 797 369 851 rierat
396 793 595 863 (Matth.
635 808 785 860 xvur,
820 793 926 860 11).
963 810 990 842 ››
1024 791 1184 859 Quia,
1231 789 1496 861 inquiunt
1537 789 1650 858 isti,
1697 804 1811 842 non
1913 788 2084 859 digna
2108 783 2441 856 corporibus
2470 781 2624 835 unda
2643 780 2866 833 vitaret.
2901 776 3162 831 Gratulor
3181 774 3378 845 igitur,
3411 773 3542 827 cha-

230 888 496 960 perierant,
537 901 637 939 nec
680 888 763 938 est
804 883 957 956 quod
1001 883 1060 938 in
1105 883 1186 938 eis
1224 884 1492 949 salvetur,
1534 883 1622 936 vel
1653 884 1813 936 tanto
1911 880 2119 936 rissimi
2143 880 2366 945 fratres,
2393 875 2545 948 quod
2562 891 2663 946 per
2681 873 2919 928 fratrem
2941 874 2997 926 et
3016 868 3415 941 coepiscopum
3446 883 3540 920 no-

231 981 383 1053 pretio
421 979 783 1046 redimantur,
831 977 966 1048 quia
1011 977 1154 1031 nihil
1203 983 1285 1031 est
1326 976 1385 1029 in
1434 976 1515 1030 eis
1553 975 1813 1030 vitiatum
1912 982 2093 1031 strum
2117 974 2328 1028 Iulium
2361 971 2573 1026 litteras
2602 968 2672 1021 ad
2700 983 2804 1022 nos
2832 963 3146 1031 destinatis,
3192 965 3248 1016 et
3273 978 3406 1015 cum
3437 976 3541 1031 pro

228 1075 298 1128 vel
322 1077 522 1127 tenetur
541 1072 640 1125 sub
673 1071 886 1126 diaboli
919 1074 1196 1142 potestate
1227 1069 1533 1141 captivum,
1579 1085 1684 1123 nec
1712 1084 1814 1139 pro
1913 1070 2064 1124 illius
2094 1083 2292 1122 curam
2323 1064 2516 1136 geritis
2547 1062 2752 1133 quibus
2780 1058 3088 1130 providetis
3117 1054 3392 1122 Ecclesiis,
3425 1054 3537 1107 sol-

233 1168 294 1221 eis
317 1167 456 1220 l‘usus
502 1183 618 1219 esse
649 1164 878 1236 sanguis
909 1165 966 1219 in
996 1163 1396 1218 remissionem
1434 1164 1648 1234 legitur
1685 1179 1814 1233 pec~
1912 1163 2266 1218 licitudinem
2292 1164 2538 1213 vestram
2565 1173 2667 1227 pro
2695 1153 2955 1209 omnium
2987 1151 3225 1204 utilitate
3253 1151 3539 1202 monstra-

233 1264 470 1315 catorum.
499 1259 831 1330 Quanquam
873 1275 974 1330 per
1014 1258 1364 1329 baptismum
1406 1256 1612 1314 Christi
1643 1255 1816 1310 etiam
1915 1258 2025 1326 tis;
2060 1259 2117 1310 et
2138 1255 2255 1326 {per
2297 1255 2527 1308 cunctas
2561 1250 2730 1304 totius
2775 1247 2926 1302 orbis
2965 1242 3242 1299 Ecclesias
3282 1240 3546 1296 omnibus

234 1353 552 1425 parvulorum
581 1352 770 1407 dicant
796 1353 920 1406 fieri
947 1352 1426 1423 redemptionem.
1447 1350 1657 1405 Libello
1681 1365 1816 1404 vero
1917 1367 2033 1405 una
2065 1348 2221 1421 quod
2263 1345 2443 1419 prosit
2481 1341 2912 1399 decernendum
2956 1355 3077 1394 esse
3121 1334 3443 1407 deposcitis,
3487 1337 3549 1387 ut

233 1464 312 1501 suo
339 1447 607 1503 Coalestius
635 1447 694 1500 in
723 1445 1158 1517 Carthaginensi
1179 1445 1426 1500 Ecclesia
1448 1444 1573 1515 jam
1602 1442 1820 1498 confes—
1917 1444 2029 1498 suis
2053 1440 2420 1498 constabilitas
2449 1437 2662 1510 regulis
2697 1433 2977 1501 Ecclesiae,
3006 1449 3071 1486 ex
3099 1431 3209 1485 hoc
3243 1427 3396 1500 quod
3423 1427 3545 1480 illos

235 1558 306 1594 sus
338 1544 427 1594 est.
469 1540 574 1595 Sed
615 1539 780 1594 multi
818 1556 1021 1594 eorum
1051 1540 1152 1610 qui
1175 1538 1550 1610 perhibentur
1581 1553 1699 1592 esse
1730 1537 1819 1590 vel
1919 1542 2126 1604 caveat,
2174 1531 2653 1607 pronuntiationis
2701 1530 2853 1600 juste
2893 1528 3118 1581 firmata
3174 1520 3550 1578 decretalibus

233 1634 371 1688 fuisse
394 1633 665 1705 discipuli,
698 1633 819 1687 haec
848 1633 997 1687 mala
1029 1633 1233 1704 quibus
1259 1633 1630 1687 fundamenta
1655 1630 1816 1685 Chri-
1919 1636 2109 1703 petere
2141 1646 2252 1684 non
2294 1627 2491 1699 possit,
2532 1625 2630 1696 qui
2667 1621 2944 1694 perversis
2982 1616 3264 1683 instructi,
3302 1616 3417 1671 imo
3448 1614 3546 1669 de-

235 1726 398 1781 stianze
426 1727 549 1782 fidei
591 1732 868 1781 conantur
904 1731 1177 1794 evertere,
1216 1741 1552 1797 quacunque
1585 1705 1896 1796 possuntB
1920 1725 2117 1781 structi
2158 1723 2460 1777 verborum
2516 1717 2756 1789 argutiis
2801 1715 2902 1770 sub
2957 1713 3211 1783 imagine
3260 1707 3549 1764 catholicas

236 226 318 276 7‘25

234 1821 404 1874 astutia
433 1821 717 1876 afﬁrmare
761 1839 878 1876 non
914 1824 1152 1887 cessant,
1193 1819 1341 1874 unde
1377 1819 1553 1873 etiam
1592 1818 1637 1871 si
1664 1817 1819 1872 Pela-

238 1914 338 1983 gius
378 1915 770 1987 C(elestiusque
812 1914 1053 1970 correcti
1091 1916 1239 1980 sunt,
1279 1913 1366 1967 vel
1396 1913 1504 1966 ista
1529 1927 1824 1982 nunquam

236 2008 436 2062 sensisse
478 2026 533 2064 se
569 2010 789 2076 dicunt,
824 2013 879 2062 et
917 2009 1243 2080 quicunque
1271 2007 1478 2078 scripta
1507 2007 1703 2060 contra
1735 2021 1826 2058 eos

238 2103 423 2170 prolata
466 2103 702 2170 fuerint,
732 2119 829 2156 sua
864 2117 983 2156 esse
1027 2101 1338 2172 negabunt,
1374 2117 1476 2155 nec
1514 2103 1600 2154 est
1633 2114 1829 2170 quem-

238 2194 505 2249 admodum
551 2196 628 2250 de
668 2195 963 2250 mendacio
1000 2194 1431 2249 convincantur.
1481 2191 1830 2248 Generaliter

237 2291 396 2342 tamen
431 2289 756 2360 quicunque
785 2288 1127 2360 dogmatizat
1155 2290 1211 2342 et
1239 2287 1492 2342 affirmat
1515 2287 1831 2340 humanam

237 2380 320 2434 sibi
349 2382 413 2435 ad
448 2383 729 2438 vincenda
767 2385 993 2454 peccata
1032 2386 1089 2436 et
1117 2381 1211 2436 Dei
1257 2381 1527 2435 mandata
1569 2378 1832 2434 facienda

238 2475 455 2530 sufﬁcere
479 2494 645 2548 posse
672 2481 957 2544 naturam,
989 2479 1046 2531 et
1066 2492 1130 2530 eo
1160 2475 1330 2530 modo
1352 2473 1551 2546 gratia:
1578 2473 1675 2528 Dei
1701 2488 1830 2544 qua

239 2575 528 2624 sanctorum
556 2570 879 2626 evidentius
907 2569 1252 2624 orationibus
1291 2569 1608 2622 declaratur
1640 2567 1836 2621 adver—

240 2662 387 2716 sarius
412 2663 721 2730 invenitur,
768 2668 823 2719 et
858 2663 1186 2735 quicunque
1226 2665 1401 2732 negat
1437 2660 1698 2732 parvulos
1731 2675 1837 2730 per

237 2753 548 2826 baptismum
579 2756 793 2812 Christi
823 2774 856 2811 a
884 2756 1204 2828 perditione
1243 2754 1473 2810 liberari
1505 2757 1560 2809 et
1595 2754 1836 2808 salutem

239 2850 493 2921 percipere
527 2851 958 2922 sempiternam,
993 2851 1304 2905 anathema
1338 2849 1428 2903 sit.
1472 2848 1837 2919 Quaecunque

235 2947 396 2997 autem
440 2945 546 2999 alio
596 2945 680 2999 eis
721 2945 1078 3016 objiciantur,
1118 2960 1235 2999 non
1278 2943 1473 2997 dubito
1514 2941 1836 2997 veneratio-

236 3052 347 3089 nem
407 3043 602 3107 tuam,
669 3055 801 3093 cum
865 3040 1026 3110 gesta
1086 3037 1428 3109 episcopalia
1487 3034 1842 3108 perspexerit

237 3145 339 3198 quae
386 3131 439 3184 in
483 3133 704 3188 oriente
754 3131 952 3187 eadem
1011 3148 1176 3186 causa
1226 3131 1481 3185 confecta
1551 3129 1836 3197 dicuntur,

239 3221 578 3280 indicaturam
607 3269 621 3292 ,
689 3226 838 3280 unde
895 3241 1096 3280 omnes
1153 3225 1214 3279 in
1280 3224 1382 3278 Dei
1451 3221 1843 3278 misericordia

240 3319 574 3386 gaudeamus.
654 3321 765 3375 Ora
829 3337 930 3391 pro
998 3318 1180 3388 nobis,
1235 3318 1466 3372 domine
1515 3316 1841 3372 beatissime

240 3425 381 3480 papa.

266 3528 574 3600 Rescriptum
617 3533 916 3588 Innocentii
957 3546 1118 3600 papae
1151 3528 1229 3583 ad
1257 3529 1544 3583 concilium
1584 3527 1810 3586 Cartha-

913 3617 1149 3670 gmense.

295 3697 650 3754 lNNOCENTlUS
681 3698 940 3764 AURELIO,
992 3700 1048 3750 et
1084 3693 1349 3749 omnibus
1383 3693 1589 3748 sanctis
1629 3693 1844 3764 episco-

240 3787 328 3857 pis,
359 3795 411 3845 et
439 3791 683 3858 caeteris,
713 3790 812 3862 qui
843 3790 901 3843 in
931 3788 1164 3842 concilio
1202 3787 1635 3858 Carthaginensi
1665 3785 1844 3840 affue-

238 3889 370 3952 runt,
415 3883 681 3941 Ecclesia:
739 3882 1115 3938 dilectissimis
1156 3882 1446 3948 fratribus,
1497 3881 1555 3935 in
1608 3880 1848 3936 Domino

241 3978 478 4033 salutem.

303 4072 636 4143 [nquirendo
668 4071 737 4126 de
765 4071 851 4126 his
876 4071 1042 4126 rebus
1066 4087 1209 4142 quas
1235 4070 1390 4124 omni
1418 4086 1548 4124 cum
1575 4069 1848 4124 sollicitu-

241 4162 352 4218 dine
381 4167 538 4221 decet
565 4184 600 4221 a
623 4164 1042 4232 sacerdotibus,
1091 4164 1337 4219 maxime
1365 4181 1398 4218 a
1427 4181 1556 4217 vero
1579 4164 1851 4234 justeque

242 4261 290 4310 et
330 4261 603 4316 catholico
655 4259 888 4314 tractari
925 4258 1194 4326 concilio,
1252 4257 1504 4329 antiqua:
1530 4256 1853 4311 traditionis

241 4355 480 4424 exempla
525 4357 840 4420 servantes,
892 4355 949 4406 et
990 4352 1379 4407 ecclesiasticas
1432 4367 1721 4405 memores
1774 4350 1854 4404 di-

1923 1819 2057 1873 fidei
2085 1818 2459 1888 disputantes,
2488 1813 2641 1867 velut
2665 1809 2998 1882 pestiferum
3025 1806 3349 1860 exhalantes
3372 1801 3546 1870 virus,

1924 1917 1980 1967 et
2003 1915 2068 1966 ut
2091 1910 2392 1965 hominum
2411 1911 2562 1962 recte
2589 1903 2961 1959 sentientium
2979 1901 3039 1954 in
3057 1898 3402 1954 deteriorem
3424 1911 3554 1966 par-

1926 2011 2042 2062 tem
2071 2005 2245 2060 corda
2285 2003 2672 2071 corrumpant,
2708 2002 2884 2053 totam
2921 1994 3038 2049 veri
3077 1990 3359 2063 dogmatis
3394 2004 3551 2060 quae-

1927 2106 2062 2156 runt
2091 2104 2343 2154 evertere
2374 2094 2750 2166 disciplinam.
2780 2089 3102 2147 Sanandum
3124 2103 3260 2156 ergo
3291 2083 3550 2152 celerius,

1928 2212 2000 2249 ne
2028 2193 2257 2264 longius
2283 2189 2664 2245 exsecrandus
2692 2185 2896 2241 animis
2916 2182 3148 2238 morbus
3168 2180 3422 2248 inserpat
3449 2193 3463 2230 :
3491 2180 3557 2229 ut

1929 2289 1975 2343 si
2005 2287 2275 2354 medicus,
2319 2301 2448 2339 cum
2472 2282 2675 2338 viderit
2701 2281 2871 2351 hujus
2900 2276 3114 2333 terreni
3158 2272 3406 2344 corporis
3449 2268 3551 2323 ali-

1930 2399 2101 2455 quem
2134 2397 2255 2436 esse
2288 2381 2649 2450 languorem,
2682 2389 2962 2444 magnum
2993 2387 3109 2425 suae
3146 2367 3283 2423 artis
3315 2364 3558 2420 aestimat

1933 2477 2361 2534 documentum,
2389 2472 2433 2526 si
2460 2471 2570 2526 cito
2601 2468 2727 2541 quis
2759 2467 2908 2522 illius
2946 2465 3267 2519 interventu
3295 2460 3558 2528 despera-

1933 2575 2024 2625 tus
2042 2569 2255 2635 evadat,
2283 2567 2368 2621 vel
2407 2581 2539 2620 cum
2577 2568 2704 2636 post
2733 2579 2791 2615 se
2831 2563 2996 2632 putre
3025 2556 3231 2612 vulnus
3257 2550 3557 2624 aspexerit,

1935 2663 2167 2718 adhibet
2193 2663 2450 2716 fomenta
2473 2659 2561 2712 vel
2581 2661 2786 2712 caetera
2808 2654 3011 2725 quibus
3038 2649 3176 2706 illud
3207 2646 3382 2720 possit
3404 2643 3561 2716 quod

1936 2762 2135 2812 natum
2160 2757 2343 2810 fuerat
2369 2754 2572 2807 vulnus
2600 2749 2825 2806 obduci.
2848 2750 2923 2802 Ac
2951 2747 2997 2801 si
3023 2745 3082 2799 id
3108 2758 3350 2798 manens
3372 2737 3562 2794 sanari

1940 2868 2055 2905 non
2080 2849 2312 2921 poterit,
2350 2864 2423 2901 ne
2455 2861 2656 2916 corpus
2687 2842 2972 2913 reliquum
3011 2855 3110 2893 sua
3134 2837 3263 2891 tabe
3298 2848 3561 2888 corrum-

1941 2949 2056 3017 pat,
2082 2944 2232 2999 ferro
2262 2943 2519 3012 amputet
2543 2937 2697 3010 quod
2717 2935 2979 3000 nocebat,
3003 2931 3156 3004 quod
3176 2929 3462 2999 reliquum
3480 2925 3564 2979 in-

1942 3047 2166 3110 tegrum
2197 3040 2255 3090 et
2296 3039 2479 3090 servet
2520 3033 2816 3087 intactum.
2855 3024 3290 3083 Praecidendum
3335 3037 3472 3090 ergo
3507 3017 3566 3072 id

1944 3136 2027 3188 est
2053 3131 2205 3203 quod
2232 3129 2385 3184 velut
2411 3143 2552 3199 puro
2578 3140 2832 3195 sanoque
2856 3121 3098 3176 nimium
3117 3115 3340 3188 corpori
3361 3114 3567 3168 vulnus

1942 3225 2216 3296 obrepsit,
2244 3240 2316 3278 ne
2345 3238 2476 3276 cum
2511 3219 2726 3274 tardius
2753 3215 3098 3286 abstergitur
3131 3212 3191 3266 in
3220 3210 3356 3282 ipsis
3382 3222 3568 3280 poema

1943 3319 2246 3375 visceribus
2291 3316 2459 3386 hujus
2505 3313 2644 3368 mali
2691 3327 2808 3366 non
2848 3307 3147 3364 hauriendi
3186 3309 3314 3375 post
3339 3301 3565 3357 sentina

1943 3413 2211 3470 considat.
2261 3412 2404 3465 Nam
2442 3408 2579 3480 quid
2616 3423 2720 3461 nos
2761 3406 2832 3459 de
2875 3403 2962 3457 his
3013 3404 3136 3472 post
3179 3399 3303 3452 haec
3343 3399 3564 3450 rectum

1944 3506 2234 3564 mentibus
2258 3504 2603 3558 aestimemus
2631 3499 2730 3572 qui
2756 3497 2862 3552 sibi
2881 3513 2940 3550 se
2967 3497 3170 3566 putant
3195 3488 3388 3546 deberi
3413 3486 3570 3559 quod

1943 3601 2081 3658 boni
2125 3604 2275 3667 sunt,
2322 3614 2428 3652 nec
2476 3595 2640 3650 illum
2691 3592 3073 3654 considerant,
3117 3586 3274 3657 cujus
3323 3579 3573 3654 quotidie

1948 3695 2192 3768 gratiam
2218 3693 2642 3762 consequuntur
2665 3689 2692 3741 ‘?
2734 3685 2840 3741 Sed
2863 3686 2984 3754 jam
3016 3681 3106 3736 isti
3147 3678 3245 3751 qui
3276 3678 3418 3732 tales
3443 3677 3575 3728 sunt

1946 3790 2165 3845 nullam
2193 3787 2293 3841 Dei
2325 3783 2572 3856 gratiam
2604 3781 3028 3849 consequuntur
3054 3775 3154 3846 qui
3174 3773 3294 3827 sine
3320 3771 3414 3825 illo
3445 3773 3572 3823 tan-

1946 3890 2071 3940 tum
2117 3879 2342 3951 assequi
2385 3895 2443 3932 se
2495 3892 2653 3948 posse
2701 3872 3014 3936 conﬁdunt,
3060 3870 3340 3940 quantum
3369 3863 3459 3917 vix
3490 3860 3575 3915 illi

1950 3978 2046 4049 qui
2072 3977 2142 4031 ab
2171 3975 2267 4028 illo
2295 3971 2676 4044 postulabant,
2716 3970 2771 4021 et
2807 3965 3120 4035 accipiunt,
3152 3958 3575 4032 promerentur.

1949 4071 2092 4136 Quid
2118 4069 2270 4124 enim
2294 4072 2416 4122 tam
2445 4064 2707 4135 iniquum
2734 4076 2854 4114 esse
2880 4061 3082 4130 potest,
3104 4059 3221 4109 tam
3243 4052 3572 4115 barbarum,

1949 4171 2066 4220 tam
2096 4163 2266 4218 totius
2289 4159 2582 4231 religionis
2609 4157 2901 4228 ignarum,
2927 4155 3044 4206 tam
3061 4146 3398 4206 Christianis
3421 4158 3578 4198 men-

1950 4259 2100 4313 tibus
2120 4256 2416 4311 inimicum
2436 4269 2608 4324 quam
2630 4250 2763 4304 huic
2781 4253 2836 4303 te
2859 4247 3144 4316 denegare
3165 4241 3394 4308 debere,
3414 4236 3576 4309 quid-

1952 4351 2083 4422 quid
2131 4351 2190 4403 in
2235 4347 2565 4420 quotidiana
2604 4344 2782 4416 gratia
2824 4337 3207 4412 consequeris,
3253 4333 3344 4390 cui
3374 4337 3429 4386 te
3461 4331 3580 4401 ipse

241 4445 487 4516 sciplinze,
511 4451 730 4506 nostra:
755 4445 1044 4516 religionis
1062 4446 1318 4517 vigorem
1337 4462 1452 4500 non
1481 4445 1672 4499 minus
1700 4460 1852 4498 nunc
1870 4443 1930 4516 Ι)
1953 4443 2234 4500 conﬁteris
2270 4441 2476 4496 debere
2513 4439 2664 4510 quod
2702 4441 2868 4492 natus
2901 4452 2959 4490 es
2978 4435 3005 4487 ‘I
3040 4434 3189 4502 Ergo
3240 4427 3350 4483 eris
3395 4425 3496 4478 tibi
3522 4424 3582 4477 in

241 4537 291 4591 in
316 4543 655 4597 consulendo
678 4557 853 4612 quam
874 4543 1041 4594 antea
1069 4557 1198 4594 cum
1219 4539 1685 4611 pronuntiaretis,
1722 4554 1856 4592 vera

239 4634 438 4690 ratione
465 4635 729 4704 ﬁrmatis,
755 4635 854 4706 qui
879 4634 951 4688 ad
979 4639 1238 4688 nostrum
1265 4634 1630 4688 referendum
1653 4648 1858 4704 appro-

241 4725 368 4781 batis
398 4746 518 4784 esse
565 4728 875 4800 judicium,
921 4728 1162 4782 scientes
1210 4727 1344 4797 quid
1386 4727 1711 4798 apostolica:
1738 4725 1858 4779 sedi

243 4820 377 4884 {cum
404 4841 628 4890 omnes,
665 4823 773 4877 hoc
811 4822 933 4877 loco
963 4821 1152 4892 positi,
1204 4821 1391 4892 ipsum
1430 4820 1590 4891 sequi
1636 4818 1858 4873 deside-

243 4929 417 4971 remus
446 4916 792 4988 apostolum)
824 4916 1122 4980 debeatur,
1151 4931 1186 4969 a
1211 4931 1325 4986 quo
1352 4915 1471 4985 ipse
1502 4913 1860 4984 episcopatus

242 5012 290 5061 et
340 5013 458 5066 tota
507 5011 817 5075 auctoritas
871 5009 1040 5080 hujus
1087 5007 1337 5063 nominis
1382 5007 1632 5062 emersit.
1681 5007 1860 5070 Quem

244 5110 544 5172 sequentes,
583 5109 704 5158 tam
743 5105 897 5158 mala
930 5104 1055 5174 jam
1090 5102 1362 5156 damnare
1395 5117 1656 5155 cavemus
1686 5116 1862 5171 quam

241 5197 472 5264 probare
499 5198 786 5253 laudanda
820 5215 834 5264 ;
873 5198 961 5251 vel
991 5196 1047 5251 id
1071 5212 1203 5250 vero
1241 5195 1393 5267 quod
1421 5197 1653 5250 Patrum
1700 5193 1860 5248 insti-

247 5291 352 5343 tuta
392 5292 734 5346 sacerdotali
782 5289 1182 5357 custodientes,
1235 5289 1420 5344 ofﬁcio
1471 5305 1587 5343 non
1619 5287 1864 5342 censetis

245 5398 352 5438 esse
398 5386 686 5440 calcanda.
732 5385 896 5450 Quod
940 5384 1024 5439 illi
1069 5401 1182 5438 non
1227 5384 1499 5449 humana,
1542 5381 1644 5436 sed
1675 5381 1865 5436 divina

247 5473 530 5533 decrevere
561 5480 865 5545 sententia,
895 5483 956 5533 ut
975 5477 1272 5550 quidquid,
1293 5476 1554 5549 quamvis
1574 5474 1865 5547 disjunctis

246 5571 580 5644 remotisque
613 5573 912 5644 provinciis
941 5577 1230 5644 ageretur,
1265 5588 1380 5624 non
1409 5570 1565 5640 prius
1593 5569 1867 5623 ducerent

247 5661 577 5733 ﬁniendum,
620 5668 726 5722 nisi
765 5667 836 5722 ad
877 5667 999 5738 ejus
1037 5666 1187 5720 sedis
1230 5664 1490 5718 notitiam
1521 5662 1863 5734 perveniret,

252 5761 304 5812 ut
341 5761 452 5819 tota
477 5761 651 5836 hujus
677 5761 1010 5822 auctoritate
1043 5760 1186 5836 (juta
1229 5774 1356 5836 quae
1402 5756 1588 5828 fuerit)
1618 5772 1868 5832 pronun-

1953 4536 2303 4610 providendo
2345 4532 2707 4605 praestantior
2750 4545 2920 4600 quam
2951 4528 3139 4597 potest
3169 4525 3215 4576 is
3246 4537 3368 4575 esse
3398 4517 3495 4589 qui
3525 4521 3582 4571 te

1955 4609 2019 4687 ut
2056 4647 2202 4685 esses
2246 4628 2479 4683 effecit?
2520 4627 2586 4679 Et
2632 4640 2762 4678 cum
2809 4625 2860 4674 te
2901 4624 3066 4690 putes
3099 4617 3151 4670 ei
3192 4614 3396 4669 debere
3427 4609 3584 4682 quod

1955 4725 2114 4792 vivis,
2147 4721 2432 4794 quomodo
2459 4723 2522 4773 tu
2561 4734 2675 4771 non
2715 4719 2880 4786 putas
2915 4713 2998 4766 illi
3034 4709 3242 4765 debere
3285 4704 3440 4777 quod
3471 4719 3585 4757 non

1958 4817 2348 4890 quotidianam
2366 4815 2488 4884 ejus
2508 4808 2905 4881 consequendo
2923 4805 3168 4877 gratiam
3197 4800 3384 4856 taliter
3406 4797 3543 4852 vivis
3557 4795 3585 4850 ?

1960 4915 2025 4966 Et
2053 4911 2149 4983 qui
2173 4927 2288 4964 non
2307 4906 2590 4979 adjutorio
2614 4921 2792 4975 negas
2819 4901 3076 4971 indigere
3104 4897 3317 4962 divino,
3341 4893 3496 4965 quasi
3521 4907 3587 4944 ex

1963 5011 2152 5060 nostra
2189 5021 2252 5058 ex
2286 5006 2402 5057 toto
2433 4999 2805 5074 possibilitate
2833 4995 3130 5068 perfectos,
3159 4988 3442 5062 quomodo
3470 5000 3588 5039 non

1961 5097 2302 5169 adjutorium
2334 5097 2393 5150 in
2419 5111 2525 5150 nos
2556 5110 2689 5148 cum
2711 5093 2852 5147 tales
2884 5107 2916 5144 a
2943 5087 3107 5144 nobis
3132 5086 3304 5141 etiam
3325 5097 3444 5137 esse
3460 5094 3586 5149 pos—

1964 5209 2178 5258 sumus,
2205 5205 2576 5262 provocamus
2601 5187 2628 5241 ?

2033 5286 2138 5352 Qui
2168 5285 2322 5340 enim
2355 5281 2705 5354 adjutorium
2743 5279 2842 5332 Dei
2878 5281 3070 5348 negat,
3107 5272 3312 5326 vellem
3355 5267 3592 5320 interro-

1966 5397 2100 5453 gare
2122 5379 2275 5451 quod
2303 5377 2453 5432 dicat
2483 5394 2496 5430 :
2527 5393 2632 5430 nos
2662 5390 2778 5428 non
2806 5369 3036 5436 mereri,
3065 5383 3137 5420 an
3165 5365 3326 5418 illum
3345 5361 3451 5414 hoc
3477 5371 3593 5410 non

1965 5491 2125 5546 posse
2169 5477 2456 5546 praestare,
2504 5487 2580 5524 an
2623 5468 2764 5522 nihil
2817 5481 2936 5520 esse
2969 5468 3200 5533 propter
3233 5453 3383 5527 quod
3413 5467 3588 5506 unus-

1965 5569 2206 5640 quisque
2250 5567 2358 5620 hoc
2409 5564 2615 5618 debeat
2665 5559 2952 5632 postulare
2983 5555 3010 5609 ?
3053 5555 3216 5607 Posse
3260 5549 3367 5603 hoc
3413 5546 3592 5598 Deum

1968 5678 2140 5733 opera
2167 5661 2288 5732 ipsa
2314 5661 2608 5713 testantur.
2633 5651 2928 5725 Adjutorio
2952 5644 3283 5719 quotidiano
3307 5658 3411 5695 nos
3425 5655 3593 5710 egere

1967 5771 2183 5830 negare
2210 5770 2324 5810 non
2354 5766 2672 5830 possumus.
2707 5748 2822 5805 Hoc
2850 5742 3005 5800 enim
3027 5755 3129 5795 seu
3152 5738 3302 5794 bene
3327 5733 3590 5802 vivimus,
