4026 6182
476 208 578 262 727

1358 204 1641 262 APPEND.
1683 206 1769 260 AD
1806 206 1968 261 SEC.
2014 204 2096 259 IX.
2128 233 2196 243 —-
2237 202 2483 259 lSlDORl
2521 200 2945 257 MERCATORIS
3690 209 3774 264 728

472 325 865 385 provocamue,
902 316 968 367 ut
1005 313 1207 368 melius
1247 312 1609 385 sanctiusque
1642 312 1958 380 vincamus,
2001 329 2097 368 seu
2120 313 2510 398 Avincamur.
2542 310 2652 367 Sed
2676 324 2900 382 possem
2928 307 3094 380 plura
3113 308 3322 375 dicere,
3352 309 3460 363 nisi
3480 325 3569 362 vos
3593 315 3777 368 consta~

473 422 645 479 prave
692 406 1000 461 sentientes
1041 423 1074 460 a
1113 406 1277 461 bonis
1316 406 1645 475 avertimur,
1687 411 1750 460 ut
1786 406 1859 460 ad
1886 409 2097 461 rectam

473 500 774 554 redeamus
799 500 970 569 viam,
1002 499 1124 570 ejus
1143 500 1349 554 auxilio
1370 500 1495 571 plus
1525 516 1783 571 egemus.
1814 500 2101 571 Numquid

472 598 592 647 tam
619 592 1002 662 mortiferum,
1049 598 1165 648 tam
1200 609 1456 665 praeceps
1495 593 1749 648 videatur
1774 593 1847 648 ad
1886 609 2097 661 casum,

472 690 594 740 tam
621 686 941 758 expositum
973 688 1042 742 ad
1070 688 1265 741 omnia
1294 687 1561 759 pericula,
1593 687 1639 741 si
1661 687 1770 742 hoc
1789 687 1972 742 solum
2003 704 2103 741 n0-

472 779 559 835 bis
589 782 851 851 putantes
871 796 1033 851 posse
1063 780 1320 835 sufficere
1342 780 1488 851 quod
1521 779 1768 834 liberum
1801 779 2101 834 arbitrium

472 890 602 929 cum
645 889 1011 928 nasceremur
1050 873 1388 944 accepimus,
1441 874 1591 928 ultra
1627 874 1749 945 jam
1790 891 1822 927 a
1857 874 2100 929 Domino

474 967 616 1022 nihil
655 984 994 1039 quaeramus,
1037 966 1095 1020 id
1122 972 1222 1035 est,
1256 967 1504 1021 auctoris
1548 967 1728 1021 nostri
1770 966 1947 1037 obliti,
1982 967 2103 1038 ejus

468 1061 805 1133 potentiam,
854 1066 915 1115 ut
945 1078 1047 1116 nos
1077 1061 1462 1129 ostendamus,
1502 1060 1710 1115 liberos
1754 1061 2098 1132 adjuremus,

474 1153 634 1225 quasi
657 1154 779 1224 jam
821 1154 1062 1225 amplius
1101 1154 1255 1226 quod
1304 1153 1437 1208 dare
1477 1153 1668 1225 possit,
1712 1170 1829 1209 non
1871 1153 2098 1223 habeat,

474 1248 574 1319 qui
593 1250 647 1302 te
667 1247 725 1301 in
747 1251 844 1302 tuo
864 1252 993 1302 ortu
1017 1247 1263 1302 liberum
1289 1247 1443 1316 fecit,
1472 1247 1788 1302 nescientes
1804 1248 1978 1319 quod,
1994 1247 2102 1301 nisi

471 1340 699 1411 magnis
724 1341 985 1411 precibus
1012 1342 1197 1412 gratia
1224 1341 1281 1395 in
1312 1358 1412 1395 nos
1433 1341 1743 1412 implorata
1772 1341 2100 1408 descendat,

473 1450 837 1505 nequaquam
862 1439 1107 1489 terrenzr.
1135 1434 1277 1490 labis
1302 1438 1361 1489 et
1389 1434 1669 1490 mundani
1699 1435 1953 1506 corporis
1976 1435 2100 1489 vin-

475 1543 603 1581 cere
622 1543 899 1582 conemur
915 1544 1155 1595 errores,
1177 1544 1309 1583 cum
1325 1545 1490 1599 pares
1508 1545 1613 1583 nos
1630 1528 1703 1583 ad
1723 1528 2105 1583 resistendum

474 1636 591 1675 non
624 1620 865 1675 liberum
905 1621 1226 1689 arbitrium,
1269 1622 1369 1676 sed
1411 1623 1509 1676 Dei
1542 1623 1691 1676 solus
1718 1622 1903 1676 facere
1931 1623 2105 1693 possit

2202 411 2293 461 ret
2317 409 2522 461 cuncta
2551 404 2776 459 dixisse.
2807 401 3071 474 Quisquis
3096 417 3229 474 ergo
3250 401 3385 456 huic
3410 402 3695 457 assentiens
3710 406 3776 459 vi-

2204 501 2370 555 detur
2398 516 2520 554 esse
2549 497 2847 552 sententiae
2876 512 2989 567 qua
3016 495 3163 551 dicat
3188 495 3474 567 adjutorio
3504 496 3655 551 nobis
3683 515 3777 553 non

2201 610 2343 665 Opus
2373 609 2495 647 esse
2521 591 2734 657 divino,
2764 590 3059 645 inimicum
3085 606 3145 644 se
3170 589 3463 644 catholicas
3485 588 3611 644 ﬁdei
3632 595 3681 645 et
3700 592 3781 646 Dei

2200 686 2475 741 beneﬁcio
2501 685 2805 756 profitetur
2832 684 3142 755 ingratum.
3167 683 3307 738 Nam
3329 699 3435 737 nec
3464 688 3641 738 nostra
3665 701 3781 740 com-

2201 780 2469 835 munione
2488 781 2621 833 sunt
2646 776 2806 849 digni
2827 793 3002 848 quam
3022 776 3386 847 praedicando
3406 777 3591 831 taliter
3607 777 3784 847 pollue-

2201 877 2355 929 runt.
2398 873 2487 928 Sic
2530 871 2685 927 enim
2714 887 2818 925 sua
2845 875 3048 941 sponte
3079 870 3215 924 dum
3243 873 3558 941 sequuntur
3580 870 3664 924 illa
3684 888 3784 942 qua:

2203 967 2485 1036 dicuntur,
2499 964 2727 1037 longius
2741 981 2774 1018 a
2785 980 2920 1018 vera
2931 963 3202 1036 religione
3221 963 3510 1033 fugerunt.
3523 964 3650 1019 Cum
3661 964 3783 1019 enim

2203 1060 2310 1115 hoc
2337 1063 2522 1114 totum
2547 1060 2606 1113 in
2634 1062 2825 1113 nostra
2859 1057 3202 1129 professione
3229 1057 3520 1123 consistat,
3555 1057 3785 1129 quotidia-

2204 1153 2402 1225 nisque
2436 1153 2701 1224 precibus
2736 1151 2879 1206 nihil
2917 1168 3173 1223 agamus,
3200 1151 3316 1206 nisi
3342 1150 3782 1222 quemadmodum

2205 1248 2301 1301 Dei
2354 1246 2801 1303 misericordiam
2856 1260 3291 1318 consequamur,
3350 1244 3785 1316 quemadmodum

2203 1342 2351 1396 ferre
2393 1357 2694 1413 possumus
2734 1340 2843 1394 ista
2877 1339 3155 1410 jactantes
3179 1338 3209 1393 ‘I
3248 1338 3408 1407 Quis,
3449 1354 3599 1408 rogo,
3634 1341 3785 1394 tantus

2204 1436 2433 1490 illorum
2460 1438 2688 1506 pectora
2733 1449 2892 1489 error
2925 1432 3188 1501 obcmcat,
3218 1437 3281 1487 ut
3307 1431 3354 1486 si
3380 1431 3486 1502 ipsi
3501 1432 3697 1486 nullam
3713 1432 3786 1485 Dei

2207 1528 2449 1600 gratiam
2470 1528 2739 1595 sentiunt,
2763 1526 2896 1598 quia
2915 1542 3022 1581 nec
3045 1525 3205 1597 digni
3222 1530 3378 1593 sunt,
3399 1540 3503 1579 nec
3518 1528 3784 1590 merentur,

2205 1639 2308 1677 nec
2334 1623 2402 1677 de
2428 1622 2551 1676 aliis
2577 1620 2953 1688 considerant,
2978 1620 3131 1691 quod
3164 1619 3425 1691 quotidie
3452 1618 3669 1689 singulis
3689 1635 3784 1689 gra-

475 1713 768 1768 auxilium.
796 1715 940 1768 Nam
969 1715 1014 1768 si
1036 1714 1126 1768 ille
1153 1716 1358 1769 clamat
1385 1714 1476 1786 adj
1487 1715 1672 1770 utorio
1694 1714 1799 1771 sibi
1821 1732 1961 1787 opus
1985 1731 2104 1771 esse
2125 1697 2181 1769 Β
2206 1715 2283 1771 tia
2306 1714 2823 1786 divinalargiatur‘?
2844 1714 2989 1770 Sunt
3004 1713 3241 1785 quidem
3262 1712 3356 1767 isti
3372 1729 3565 1767 omnes
3584 1711 3787 1766 caecitate

474 1806 664 1861 divino
691 1807 785 1879 qui
813 1807 987 1878 digne
1025 1808 1130 1862 hoc
1170 1824 1284 1862 non
1314 1814 1613 1879 quaereret,
1661 1808 1706 1862 si
1747 1809 1836 1864 cui
1861 1808 2104 1863 liberum

477 1899 778 1954 arbitrium
806 1902 933 1972 plus
964 1902 1277 1973 prodesset,
1306 1903 1516 1973 quippe
1545 1918 1676 1957 cum
1714 1903 1799 1956 vir
1829 1902 2023 1958 beatus
2049 1906 2108 1956 et

467 1992 592 2062 jam
620 1995 831 2049 electus
859 2013 891 2049 a
918 1994 1158 2049 Domino
1190 1995 1330 2049 nihil
1357 1995 1558 2066 egerit,
1589 2000 1784 2051 tamen
1811 1995 1892 2051 ita
1919 1996 2104 2050 Domi-

472 2102 614 2141 num
645 2087 989 2158 deprecatur
1016 2090 1331 2161 postulans.
1371 2110 1399 2137 ‹‹
1430 2089 1668 2159 Adjutor
1687 2105 1850 2144 meus
1871 2093 2009 2157 esto,
2034 2106 2105 2144 ne

479 2179 846 2251 derelinquas
871 2198 985 2250 me,
1021 2198 1208 2253 neque
1235 2181 1509 2252 despicias
1528 2198 1644 2252 me,
1672 2183 1821 2237 Deus
1846 2182 2107 2237 salutaris

473 2288 637 2327 meus
666 2274 828 2343 (Psal.
859 2291 1011 2342 xxvi,
1042 2276 1113 2344 7).
1142 2294 1170 2326 »
1202 2277 1313 2330 Nos
1333 2274 1496 2329 nobis
1513 2275 1763 2331 liberum
1783 2275 2103 2345 arbitrium,

472 2364 569 2421 ille
591 2367 896 2422 Dominum
917 2368 1163 2440 postulat
1188 2368 1528 2439 adjutorem.
1559 2368 1720 2434 Quod
1742 2369 1863 2424 nati
1889 2386 2104 2435 sumus,

469 2477 637 2532 posse
666 2462 925 2516 sufficere
947 2461 1109 2518 nobis
1135 2462 1374 2517 dicimus
1404 2480 1419 2532 ;
1462 2462 1557 2518 ille
1587 2465 1786 2530 Deum,
1829 2479 1902 2518 ne
1941 2463 2105 2519 dere-

471 2554 787 2626 linquatur,
853 2559 1071 2610 exorat.
1116 2557 1256 2622 Non,
1305 2573 1466 2628 rogo,
1520 2557 1818 2611 manifeste
1868 2556 2108 2611 dicimus

473 2649 628 2720 quod
657 2666 902 2717 oremus,
933 2666 1063 2704 cum
1082 2650 1177 2704 ille
1197 2653 1496 2722 tantopere
1513 2650 1732 2717 beatus,
1764 2650 1909 2704 sicut
1935 2666 2109 2720 supra

476 2740 743 2807 diximus,
783 2742 886 2809 vir,
920 2759 992 2796 ne
1023 2742 1380 2813 despiciatur,
1415 2746 1669 2814 exoptat,
1702 2743 1782 2796 illi
1819 2742 1973 2797 enim
2004 2759 2103 2797 ne-

474 2850 626 2888 cesse
667 2838 770 2902 est,
827 2835 933 2889 ista
977 2839 1232 2906 arguunt
1269 2835 1367 2907 qui
1404 2835 1502 2890 illa
1540 2836 1899 2905 confirmant,
1934 2836 2109 2890 David

474 2926 632 2981 enim
656 2927 927 2982 orationis
956 2927 1207 2998 ignarus,
1241 2932 1298 2983 et
1326 2945 1441 2983 suae
1479 2934 1698 2984 naturae
1728 2929 1974 2997 nescius,
2014 2945 2104 2984 ac-

474 3021 721 3089 cusetur,
751 3020 849 3092 qui
878 3037 1008 3075 cum
1038 3020 1173 3076 sciat
1198 3026 1393 3077 tamen
1418 3022 1479 3077 in
1504 3039 1604 3077 sua
1630 3025 1831 3077 natura
1859 3039 1977 3078 esse
2006 3023 2103 3077 ad-
2128 3061 2183 3136 Ο

474 3113 715 3136 ζ--ι-..-..Α
755 3113 853 3136 -21.!
884 3114 1183 3136 n-__-:__-_i
1226 3120 1267 3136 ,ι
1308 3115 1582 3136 --,Ξ.1μ-,-μ-
1634 3133 1649 3136 Α
1674 3117 1939 3136 :I!__1A_-____
2003 3134 2065 3136 ___
2088 3134 2100 3136 _

468 3113 721 3184 jutorem
751 3113 855 3168 sibi
884 3114 1192 3169 Dominum
1219 3120 1274 3170 et
1303 3115 1590 3171 assiduum
1628 3117 1970 3188 adjutorem,
2003 3134 2107 3171 nec

474 3206 555 3261 illi
579 3207 786 3263 sufficit
813 3208 1123 3276 assiduum,
1152 3209 1253 3264 sed
1282 3225 1355 3265 ne
1390 3209 1692 3281 aliquando
1726 3210 1887 3264 illum
1916 3210 2104 3281 despi-

473 3300 600 3370 ciat,
651 3301 1001 3357 orationibus
1043 3303 1305 3373 protinus
1353 3306 1599 3374 exoptat,
1649 3308 1705 3358 et
1758 3320 1863 3375 per
1906 3320 2107 3375 corpus

474 3395 660 3449 omnis
684 3396 940 3467 psalterii
966 3397 1071 3451 hoc
1103 3399 1161 3451 et
1197 3396 1491 3468 praedicat,
1530 3401 1585 3451 et
1615 3399 1841 3452 clamat.
1879 3397 1938 3453 Si
1970 3414 2108 3469 ergo

473 3488 580 3543 hoc
633 3488 728 3543 ille
784 3489 865 3544 ita
907 3506 1183 3561 magnum
1226 3490 1348 3560 scit,
1392 3495 1454 3545 ut
1489 3490 1713 3545 assidue
1760 3491 1990 3558 diceret,
2028 3492 2109 3546 ita

473 3582 856 3637 necessarium
889 3583 1181 3639 confessus
1223 3588 1325 3653 est,
1356 3587 1419 3637 ut
1455 3584 1703 3654 doceret,
1733 3584 2104 3656 quemadmo-

474 3675 611 3729 dum
641 3676 905 3749 Pelagius
933 3677 1357 3749 Coelestiusque,
1388 3678 1634 3749 seposita
1670 3678 1832 3733 omni
1880 3694 2109 3749 respon-

475 3768 631 3824 sione
677 3770 1029 3841 psalmorum
1070 3770 1285 3843 talique
1331 3754 1593 3826 abdicata
1630 3770 1887 3826 doctrina
1918 3788 2109 3826 suasu-

472 3878 566 3917 ros
601 3879 660 3917 se
699 3863 982 3935 aliquibus
1022 3880 1140 3919 esse
1169 3863 1465 3918 confidunt
1498 3880 1601 3918 nos
1632 3864 1981 3935 adjutorium
2012 3863 2107 3920 Dei

471 3972 576 4011 nec
610 3956 820 4012 debere
856 3974 1135 4029 quaerere,
1171 3973 1274 4012 nec
1314 3973 1505 4028 egere,
1539 3974 1670 4012 cum
1700 3974 1901 4013 omnes
1929 3958 2108 4013 sancti

474 4050 614 4104 nihil
665 4067 723 4105 se
781 4051 901 4105 sine
950 4051 1056 4106 hoc
1111 4067 1284 4123 agere
1339 4067 1503 4122 posse
1551 4054 1850 4106 testantur.
1905 4051 2105 4106 Libero

472 4143 626 4197 enim
657 4143 890 4198 arbitrio
915 4144 1049 4198 olim
1081 4144 1177 4199 ille
1215 4159 1534 4214 perversus,
1575 4144 1718 4198 dum
1750 4144 1867 4198 suis
1907 4144 2103 4199 incon-

470 4236 630 4289 sultis
660 4236 837 4291 utitur
879 4237 1064 4304 bonis,
1095 4237 1306 4291 cadens
1343 4237 1405 4290 in
1447 4236 1927 4307 praevaricationis
1966 4254 2103 4308 pro-

468 4328 662 4396 funda,
711 4328 1122 4401 demersusque
1173 4329 1341 4384 nihil‘
1364 4330 1851 4401 quemadmodum
1905 4330 2106 4387 exinde

2207 1808 2547 1880 dignissimi,
2576 1808 2671 1879 qui
2695 1824 2797 1861 nec
2815 1807 2921 1861 hoc
2939 1806 3045 1861 sibi
3064 1806 3445 1879 reliquerunt,
3464 1809 3527 1860 ut
3549 1821 3602 1859 se
3616 1805 3785 1859 auxilio

2206 1902 2441 1957 credant
2468 1900 2683 1956 evocari
2711 1901 2782 1955 ab
2807 1900 3095 1955 erroribus
3126 1916 3290 1971 posse
3313 1899 3519 1954 divino.
3551 1900 3786 1970 Negantes

2207 1997 2360 2050 enim
2393 1995 2489 2050 Dei
2512 1993 2860 2066 adjutorium
2891 2010 3009 2048 non
3036 1993 3178 2059 aliis,
3213 1993 3313 2048 sed
3345 1991 3449 2048 sibi
3475 1993 3574 2046 hoc
3604 1992 3787 2063 penitus

2206 2089 2578 2155 abstulerunt,
2600 2087 2695 2159 qui
2718 2086 2994 2143 evellendi
3017 2092 3149 2142 sunt
3166 2086 3401 2159 longius
3420 2086 3557 2142 etab
3577 2085 3787 2139 Ecclesia

2206 2182 2405 2254 procul
2423 2181 2750 2237 removendi
2780 2180 3108 2248 visceribus,
3136 2196 3211 2235 ne
3233 2179 3452 2234 diutius
3478 2181 3645 2234 multa
3667 2194 3790 2232 occu-

2204 2293 2348 2348 pans
2386 2275 2718 2330 insanabilis
2759 2278 2886 2346 post
2924 2290 3083 2330 error
3117 2274 3423 2329 increscat.
3452 2273 3509 2329 Si
3542 2272 3681 2327 enim
3714 2271 3788 2325 diu

2206 2369 2423 2424 fuerint
2450 2367 2551 2422 sub
2578 2369 2687 2422 hac
2706 2367 3044 2439 impunitate
3070 2367 3307 2435 versati,
3330 2382 3556 2421 necesse
3582 2369 3659 2419 est
3679 2364 3791 2419 mul-

2206 2468 2295 2518 tas
2318 2463 2380 2517 in
2403 2462 2509 2516 hac
2535 2478 2636 2516 sua
2662 2461 2936 2533 pravitate
2959 2466 3182 2516 mentes
3203 2459 3501 2529 inducant,
3527 2459 3789 2530 decipiant-

2209 2573 2318 2629 que
2346 2555 2677 2610 innocentes
2701 2554 2786 2610 vel
2813 2554 3000 2626 potius
3020 2554 3421 2626 imprudentes
3441 2555 3535 2626 qui
3557 2553 3710 2607 tidem
3727 2568 3791 2605 ca-

2207 2650 2477 2705 tholicam
2521 2665 2636 2703 non
2678 2651 3024 2721 sequuntur;
3060 2648 3348 2719 putabant
3376 2648 3527 2702 enim
3561 2664 3649 2701 eos
3672 2650 3789 2701 recte

2208 2744 2438 2813 sentire,
2483 2760 2627 2816 quos
2658 2743 2845 2797 adhuc
2884 2741 3079 2797 vident
3116 2742 3177 2796 in
3218 2741 3472 2797 Ecclesia
3509 2741 3788 2813 perdurare.

2208 2837 2520 2909 Separetur
2547 2853 2686 2907 ergo
2717 2852 2751 2890 a
2776 2851 2913 2890 sano
2942 2851 3179 2906 corpore
3207 2836 3421 2891 vulnus
3446 2835 3706 2900 insanum,
3730 2848 3791 2885 re-

2207 2933 2478 3001 motoque
2520 2929 2704 2984 morbi
2745 2929 3025 2984 saevientis
3050 2927 3265 2995 afflatu,
3314 2928 3530 2983 cautius
3554 2944 3666 3000 quas
3690 2928 3791 2980 sunt

2208 3024 2427 3078 sincera
2452 3023 2780 3094 perdurent,
2809 3027 2866 3079 et
2883 3039 3023 3094 grex
3051 3022 3252 3094 purior
3283 3021 3357 3077 ab
3380 3022 3487 3076 hac
3515 3020 3641 3075 mali
3665 3034 3791 3091 peco-

2208 3118 2283 3172 ris
2318 3116 2656 3189 contagione
2688 3121 2987 3188 purgetur.
3021 3115 3107 3171 Sit
3135 3114 3314 3170 totius
3348 3115 3593 3188 corporis
3617 3113 3790 3168 illibata

2208 3211 2500 3283 perfectio,
2562 3226 2737 3281 quam
2781 3226 2878 3264 vos
2924 3208 3084 3281 sequi
3127 3213 3184 3264 et
3224 3213 3449 3277 tenere,
3483 3209 3585 3263 hac
3620 3207 3671 3262 in
3694 3206 3790 3260 illos

2207 3303 2675 3377 pronuntiatione
2713 3303 3087 3376 cognovimus
3123 3308 3179 3358 et
3214 3319 3331 3357 una
3376 3303 3656 3358 vobiscum
3693 3298 3789 3372 pari

2206 3398 2531 3454 assentione
2574 3414 2883 3452 servamus.
2919 3396 3028 3462 Qui
3054 3396 3099 3451 si
3128 3400 3328 3452 tamen
3355 3395 3649 3468 aliquando
3671 3394 3720 3447 in
3744 3408 3787 3444 se

2208 3491 2306 3546 Dei
2337 3490 2687 3562 adjutorium
2717 3490 2869 3565 quod
2896 3490 3008 3545 huc
3035 3506 3215 3561 usque
3246 3493 3596 3563 negaverunt
3622 3502 3785 3559 provo«

2207 3585 2478 3652 caverint,
2510 3588 2568 3639 et
2599 3601 2743 3656 opus
2773 3585 2895 3656 ejus
2925 3583 3030 3638 sibi
3062 3582 3270 3638 auxilio
3306 3600 3429 3639 esse
3454 3580 3789 3654 cognoverint,

2206 3680 2271 3733 ut
2295 3679 2364 3734 de
2391 3678 2499 3733 hac
2526 3677 2678 3743 labe,
2720 3678 2779 3732 in
2816 3694 2930 3750 qua
2960 3676 3046 3730 sui
3075 3676 3258 3731 cordis
3289 3676 3668 3732 incurvatione
3693 3688 3788 3727 cor-

2206 3775 2436 3828 ruerant
2462 3772 2794 3838 liberentur,
2828 3774 2884 3826 et
2912 3770 3074 3842 quasi
3103 3769 3163 3824 in
3194 3770 3385 3824 lucem
3412 3770 3480 3826 de
3506 3769 3641 3825 foeda
3662 3762 3789 3821 tracti

2207 3866 2470 3938 caligine,
2502 3864 2736 3920 remotis
2760 3863 3150 3935 abdicatisque
3177 3864 3449 3919 omnibus
3466 3863 3656 3935 quibus
3677 3862 3789 3913 totus

2208 3976 2280 4013 ne
2310 3975 2509 4013 verum
2534 3958 2811 4030 aspiceret
2833 3956 3155 4012 foedabatur
3179 3961 3235 4011 et
3259 3956 3541 4029 caligabat
3559 3956 3787 4026 aspectus,

2206 4051 2484 4108 damnent
2501 4052 2623 4107 haec
2642 4068 2771 4123 quae
2785 4051 2897 4106 huc
2915 4067 3092 4122 usque
3111 4057 3436 4119 senserunt,
3460 4054 3518 4105 et
3530 4043 3788 4119 aliquando

2205 4145 2462 4200 animum
2492 4145 2659 4200 rectis
2691 4144 3162 4217 disputationibus
3190 4144 3610 4199 commodantes
3630 4139 3691 4195 ab
3712 4138 3787 4192 hac

2204 4238 2620 4310 aliquantulum
2643 4238 2770 4293 labe
2798 4238 3057 4305 correcti,
3086 4237 3235 4292 veris
3260 4254 3321 4293 se
3352 4237 3619 4293 sanandos
3647 4230 3789 4288 consi-

2205 4332 2294 4388 liis
2316 4332 2570 4387 tribuant
2599 4336 2770 4403 atque
2802 4331 3161 4386 submittant.
3188 4331 3351 4396 Quod
3381 4332 3429 4386 si
3457 4330 3693 4395 fecerint,
3709 4322 3791 4379 erit

473 4438 707 4494 surgere
735 4426 947 4495 posset,
980 4423 1220 4490 invenit,
1262 4439 1479 4496 suaque
1521 4423 1581 4478 in
1620 4429 1900 4480 aeternum
1929 4424 2100 4480 liber-
2120 4436 2180 4508 D
2202 4426 2263 4481 in
2295 4430 2568 4497 potestate
2602 4425 2936 4497 pontificum
2963 4424 3084 4479 istis
3121 4424 3484 4497 aliquatenus
3509 4420 3780 4483 subvenire,

470 4520 586 4572 tate
617 4517 910 4591 deceptus,
936 4517 1107 4590 hujus
1134 4517 1317 4573 ruinas
1336 4516 1609 4589 jacuisset
1641 4534 1965 4591 oppressus,
1992 4518 2103 4573 nisi

470 4626 603 4665 eum
641 4617 769 4683 post
798 4612 1005 4669 Christi
1033 4629 1140 4685 per
1167 4629 1331 4667 suam
1378 4611 1626 4684 gratiam
1670 4613 1967 4668 relevasset
1999 4612 2101 4668 ad-

469 4707 688 4773 ventus,
717 4706 815 4777 qui
843 4723 946 4778 per
968 4724 1130 4762 novas
1163 4706 1616 4779 regenerationis
1652 4705 2105 4777 purificationem

466 4797 817 4869 praeteritum
871 4816 1043 4855 omne
1081 4801 1283 4855 vitium
1332 4800 1416 4855 sui
1459 4800 1826 4871 baptismatis
1884 4800 2104 4855 lavacro

469 4892 753 4963 purgavit,
804 4896 863 4947 et
911 4894 1031 4966 ejus
1088 4895 1434 4950 confirmans
1485 4896 1694 4949 statum
1736 4910 1849 4965 quo
1898 4894 2103 4949 rectius

468 4985 941 5059 constabiliusque
973 4988 1322 5059 procederet,
1356 4991 1548 5043 tamen
1581 5004 1740 5043 suam
1773 4987 2016 5059 gratiam
2044 4989 2103 5042 in

469 5082 763 5151 posterum
807 5096 924 5136 non
963 5080 1286 5153 denegavit.
1328 5082 1465 5136 Nam
1505 5080 1760 5153 quisquis
1811 5081 2104 5138 hominem

474 5174 812 5230 redemisset
835 5191 870 5230 a
899 5175 1204 5247 praeteritis
1250 5174 1341 5229 ille
1376 5173 1635 5246 peccatis,
1689 5178 1885 5229 tamen
1926 5176 2105 5231 sciens

474 5267 523 5341 1
540 5267 666 5342 79
694 5269 907 5324 iterum
933 5284 1099 5341 posse
1124 5284 1378 5340 peccare,
1409 5268 1485 5323 ad
1523 5268 1949 5340 reparationem
1979 5268 2102 5337 sibi,

471 5363 951 5435 quemadmodum
991 5364 1187 5434 posset
1227 5362 1322 5416 ille
1377 5365 1435 5416 et
1476 5367 1607 5433 post
1652 5362 1752 5417 illa
1801 5361 2103 5434 corrigere,

468 5457 649 5511 multa
694 5456 957 5512 servavit.
1014 5454 1361 5520 Quotidiana
1414 5457 1644 5526 praestat
1692 5454 1789 5510 illa
1833 5454 2102 5523 remedia,

472 5551 681 5622 quibus
711 5550 818 5606 nisi
841 5549 973 5606 freti
1000 5549 1311 5621 conﬁsique
1338 5547 1607 5616 nitamur,
1636 5549 1956 5605 nullatenus
1982 5549 2101 5603 vin-

470 5660 597 5698 cere
635 5645 921 5700 humanos
946 5643 1263 5716 poterimus
1290 5658 1530 5698 errores.
1575 5644 1811 5698 Necesse
1842 5646 1923 5698 est
1950 5643 2104 5698 enim

468 5739 535 5790 ut
563 5752 677 5809 quo
713 5736 1021 5795 auxiliante
1046 5737 1296 5807 vicimus,
1329 5753 1395 5793 eo
1423 5736 1632 5795 iterum
1657 5753 1771 5796 non
1798 5736 2105 5813 adjuvante

2203 4524 2260 4574 et
2278 4519 2486 4574 talibus
2507 4518 2757 4589 aliquam
2777 4533 2975 4573 curam
2998 4523 3272 4589 praestare
3291 4518 3629 4584 vulneribus,
3646 4525 3785 4586 quam

2202 4613 2343 4668 solet
2376 4611 2548 4683 lapsis
2578 4628 2710 4667 cum
2737 4611 3077 4684 resipuerint
3106 4614 3163 4666 et
3188 4612 3436 4667 Ecclesia
3464 4628 3574 4666 non
3598 4619 3784 4678 negare.

2201 4709 2269 4761 ut
2301 4722 2335 4759 a
2372 4705 2487 4759 suis
2517 4705 2844 4777 praecipitiis
2869 4704 3023 4759 intra
3048 4704 3193 4759 ovile
3226 4705 3452 4760 Domini
3481 4702 3784 4774 redigantur.

2203 4815 2276 4854 ne
2331 4798 2463 4853 foris
2507 4798 2775 4870 praesenti
2822 4801 2881 4853 et
2916 4803 3072 4853 tanto
3117 4798 3384 4869 praesidio
3430 4815 3463 4853 a
3500 4797 3602 4852 fide
3630 4792 3783 4848 minu-

2203 4893 2378 4949 tionis
2409 4892 2614 4948 exclusi
2645 4892 2912 4964 periculis
2956 4892 3223 4947 omnibus
3257 4894 3623 4964 exponantur,
3648 4888 3783 4942 devo-

2204 4986 2370 5043 randi
2428 4986 2700 5059 luporum
2760 4985 3025 5041 dentibus
3078 4989 3249 5058 atque
3302 4985 3569 5051 vexandi,
3620 4979 3785 5053 quibus

2207 5081 2478 5135 obsistere
2516 5080 2644 5147 hac,
2675 5095 2789 5151 qua
2815 5078 2941 5133 illos
2979 5079 3037 5133 in
3072 5095 3131 5135 se
3161 5079 3534 5145 irritaverant,
3560 5073 3785 5131 doctrina:

2206 5174 2569 5246 perversitate
2595 5189 2710 5227 non
2737 5175 2991 5243 possunt.
3014 5173 3119 5228 Sed
3145 5173 3283 5228 satis
3308 5172 3503 5228 vestris
3528 5165 3730 5225 monitis
3743 5165 3786 5215 et

2207 5269 2285 5322 sic
2311 5268 2448 5323 satis
2477 5265 2904 5321 abundantibus
2923 5271 3128 5321 nostra:
3158 5267 3302 5338 legis
3327 5263 3595 5336 exemplis
3614 5258 3783 5334 proba-

2206 5365 2300 5416 tur
2314 5378 2430 5417 esse
2447 5376 2786 5432 responsum
2798 5402 2811 5427 ,
2825 5376 2929 5415 nec
2941 5360 3257 5433 quidquam
3272 5374 3555 5431 superesse
3566 5354 3782 5412 dicimus.

2205 5454 2361 5527 quod
2377 5454 2633 5509 dicamus
2650 5471 2663 5521 ;
2681 5470 2809 5509 cum
2830 5453 2971 5509 nihil
2988 5454 3438 5526 praetermissum
3453 5469 3484 5506 a
3496 5448 3655 5516 vobis,
3672 5439 3783 5500 nihil

2205 5551 2427 5605 constat
2456 5564 2573 5605 esse
2596 5564 2964 5621 suppressum
2991 5565 3133 5621 quos
3162 5548 3243 5603 illi
3274 5545 3496 5603 refutati
3522 5548 3573 5598 et
3597 5538 3783 5613 penitus

2206 5644 2625 5715 cognoscantur
2650 5658 2768 5697 esse
2799 5642 3057 5697 convicti.
3090 5642 3222 5698 Ideo
3261 5659 3295 5698 a
3326 5640 3481 5696 nobis
3508 5626 3782 5692 testimonia

2206 5737 2364 5794 nulla
2390 5738 2705 5812 ponuntur,
2729 5734 2864 5812 quia
2886 5737 2944 5793 et
2970 5735 3058 5794 his
3086 5736 3256 5813 plena
3280 5733 3472 5792 relatio
3496 5733 3590 5799 est,
3610 5729 3658 5782 et
3678 5720 3780 5777 satis
