4026 6182
175 329 254 383 729
1350 310 1825 371 DECRETALIUM
1861 313 2253 371 COLLECTIO.
3370 312 3475 370 730

172 433 362 499 constat,
380 431 437 482 ut
453 424 793 481 doctissimos
815 422 1141 480 sacerdotes
1161 426 1366 478 cuncta
1381 423 1608 491 dixisse,
1637 439 1744 477 nec
1765 435 1824 507 Α
1843 425 2223 480 viﬁcabuntur
2268 424 2406 492 (Cor.
2457 438 2550 492 xv,
2580 422 2689 493 22).
2718 443 2747 472 »
2795 420 2865 477 Ut
2910 437 3049 494 ergo
3095 420 3207 476 alia
3260 422 3477 477 omitta-

173 526 301 580 decet
322 521 528 576 credere
552 535 651 574 vos
670 517 886 590 aliquid
914 516 1067 589 quod
1089 517 1161 572 ad
1181 533 1410 571 causam
1438 516 1614 588 possit
1632 516 1744 569 suf-
1845 537 1972 575 mus
2001 534 2128 591 quae
2158 520 2359 572 contra
2403 517 2718 587 Scripturas
2762 518 2987 571 sanctas
3018 515 3263 586 plurima
3296 515 3476 570 disse-

170 619 302 672 ﬁcere
316 613 629 686 praeterisse.
647 614 719 667 Et
737 612 855 666 alia
878 628 1078 666 manu:
1111 612 1263 665 Bene
1290 610 1491 678 valete,
1517 610 1740 664 fratres.
1842 619 1995 681 runt,
2024 613 2146 668 hinc
2173 611 2407 666 interim
2449 611 2563 665 duo
2602 610 2808 681 quibus
2835 608 3072 664 omnino
3107 611 3293 663 totum
3324 609 3479 679 quod

195 709 403 780 Epistula
424 706 630 760 concilii
655 706 964 761 Milevitani
990 705 1065 760 ad
1090 706 1461 760 Innocentium
1476 719 1705 773 papam.
1842 706 2143 763 Christiani
2202 722 2399 761 sumus
2453 708 2735 760 conantur
2782 708 3054 772 evertere,
3111 719 3237 773 quae
3287 702 3479 757 ﬁdelia

226 801 431 857 Domino
478 798 820 866 beatissimo,
866 798 1185 869 meritoque
1226 796 1553 863 venerabili,
1601 795 1745 850 etin
1844 802 2016 856 corda
2043 801 2397 855 sustineant:
2429 815 2546 854 non
2559 814 2680 854 esse
2705 796 3027 868 rogandum
3054 797 3333 863 Deum,ut
3351 812 3480 851 con—

170 897 345 951 Christo
370 892 672 947 venerando
700 908 862 964 papa:
888 891 1243 960 Innocentio,
1269 891 1523 946 Silvanus
1550 904 1742 956 senex,
1842 901 1932 950 tra
1954 894 2169 966 peccati
2198 893 2419 948 malum
2445 896 2620 963 atque
2634 891 2705 946 ad
2731 890 3078 962 Operandam
3101 889 3379 961 justitiam
3407 890 3480 945 sit

168 988 461 1056 Valentinus,
511 986 789 1055 Aurelius,
842 986 1114 1053 Donatus,
1166 984 1499 1051 Restitutus,
1544 982 1740 1040 Lucia-
1845 991 2038 1043 noster
2059 988 2307 1059 adjutor,
2340 991 2398 1043 et
2432 1003 2552 1042 non
2588 984 2853 1057 opitulari
2894 984 3139 1055 parvulis
3168 985 3240 1039 ad
3275 1001 3477 1040 conse-

167 1100 287 1150 nus,
342 1079 580 1151 Alippius
610 1121 624 1149 ,
705 1079 1093 1150 Augustinus,
1165 1078 1520 1144 PlacentiuS,
1583 1077 1745 1133 Seve-
1843 1082 2128 1154 quendam
2162 1082 2337 1136 vitam
2381 1085 2653 1136 aeternam
2684 1077 3019 1134 Christiana:
3062 1078 3259 1149 gratiae
3297 1095 3477 1133 sacra-

168 1193 257 1243 rus,
270 1176 601 1239 Fortunatus,
627 1171 933 1240 Possidius,
949 1173 1218 1239 Novatus,
1248 1171 1561 1237 Secundus,
1587 1170 1743 1225 Mau-
1843 1180 2122 1231 mentum.
2152 1176 2279 1229 Hiec
2299 1173 2654 1229 insinuantes
2676 1172 2986 1244 apostolico
3011 1170 3225 1242 pectori
3250 1174 3345 1225 tuo
3364 1188 3482 1227 non

168 1268 341 1323 rentius
373 1268 489 1334 Leo,
531 1265 949 1335 Faustinianus,
989 1264 1337 1331 Cresconius,
1375 1263 1597 1332 Lucius,
1646 1265 1745 1318 H0-
1843 1269 2128 1324 habemus
2158 1284 2301 1339 opus
2330 1268 2511 1322 multa
2536 1267 2746 1332 dicere,
2789 1271 2847 1320 et
2876 1269 3098 1320 tantam
3126 1263 3480 1335 impietatem

168 1362 339 1427 norius,
398 1360 734 1427 Adeodatus,
807 1361 1123 1428 Processus,
1194 1357 1503 1425 Secundus,
1571 1356 1742 1424 Felix,
1844 1378 2219 1433 exaggerare,
2265 1377 2395 1415 cum
2430 1359 2807 1431 proculdubio
2849 1363 2902 1414 te
2942 1358 3049 1412 ista
3085 1363 3478 1428 permoveant,

167 1454 406 1522 Asiaticus,
443 1454 700 1521 Ruﬁnus,
750 1452 1071 1522 Faustinus,
1134 1451 1399 1520 Malchus,
1451 1450 1741 1516 Lictorius,
1841 1459 1907 1510 ut
1933 1456 2003 1509 ab
2039 1455 2121 1511 eis
2164 1453 2539 1527 corrigendis,
2573 1470 2645 1508 ne
2674 1453 2844 1507 latius
2869 1456 3120 1524 serpant,
3157 1451 3483 1523 multosque

168 1548 468 1613 Fortunatus,
499 1547 772 1612 Donatus,
804 1546 1131 1614 Pontianus,
1163 1543 1484 1611 Saturnius,
1508 1546 1741 1600 Cresco-
1845 1548 2258 1616 contaminent,
2288 1549 2371 1603 vel
2399 1547 2587 1619 potius
2605 1547 2958 1614 interimant,
2975 1545 3111 1600 dum
3129 1545 3231 1600 sub
3251 1544 3483 1600 nomine

167 1640 282 1707 nius,
316 1639 518 1709 Lucius,
553 1638 854 1708 Honorius,
904 1638 1154 1707 Servius,
1201 1636 1558 1705 Therentius,
1610 1639 1741 1693 Cre-
1842 1642 2049 1700 Christi
2077 1659 2110 1697 a
2131 1642 2310 1713 gratia
2339 1640 2543 1698 Christi
2566 1640 2793 1712 penitus
2812 1640 3082 1707 alienant,
3106 1639 3342 1694 omnino
3373 1638 3483 1693 dis-

167 1732 364 1799 sconius,
405 1733 751 1803 Sperantius,
784 1731 1132 1801 Quadratus,
1178 1731 1442 1798 Lucillus,
1477 1730 1741 1796 Sabinus,
1765 1801 1809 1807 _
1846 1737 2115 1791 simulare
2129 1753 2244 1791 non
2260 1732 3487 1807 possis.Hujusautemperniciosissimierro-

166 1826 272 1881 item
307 1826 549 1893 Sabim”,
599 1825 947 1893 Cresconius:
993 1826 1206 1892 Vict-01‘,
1252 1827 1589 1891 Honoratus.
1631 1824 1743 1878 Ι)0-
1765 1801 1823 1873 Β
1849 1830 1928 1885 ris
1952 1835 2209 1885 auctores
2239 1846 2359 1885 esse
2384 1829 2765 1900 perhibentur
2797 1826 3057 1897 Pelagius
3086 1829 3145 1880 et
3171 1826 3481 1893 Caelestius,

167 1924 312 1987 natus,
347 1921 551 1989 Petrus,
606 1918 925 1988 Prmsidius,
967 1918 1324 1987 Cresconius,
1385 1916 1746 1989 Lampadius,
1850 1940 1993 1995 quos
2030 1922 2263 1995 quidem
2310 1923 2389 1978 in-
2428 1921 2670 1976 Ecclesia
2718 1919 2911 1975 sanari
2959 1919 3267 1974 maluimus
3309 1936 3484 1990 quam

168 2012 422 2083 Delphinus
441 2030 506 2068 ex
525 2012 769 2067 concilio
784 2012 1201 2081 Milevitano,in
1220 2012 1462 2067 Domino
1482 2010 1745 2065 salutem.
1851 2017 2146 2087 desperata
2182 2016 2360 2070 salute
2403 2015 2474 2069 ab
2508 2014 2752 2069 Ecclesia
2797 2012 3056 2080 resecari,
3090 2012 3138 2065 si
3178 2013 3483 2067 necessitas

219 2106 334 2169 Quia
380 2109 430 2159 te
473 2106 750 2161 Dominus
792 2106 992 2178 gratim
1031 2122 1148 2161 suae
1188 2104 1477 2177 praecipuo
1512 2120 1749 2158 munere
1850 2111 1967 2165 ulla
1991 2110 2316 2181 compellat.
2336 2110 2591 2173 Quorum
2608 2124 2777 2177 unus,
2801 2106 2861 2161 id
2876 2112 2963 2161 est
2980 2106 3288 2172 Caelestius,
3310 2105 3485 2160 etiam

167 2198 212 2251 in
235 2199 343 2253 sede
363 2199 665 2271 apostolica
687 2200 979 2271 talemque
1006 2198 1217 2254 nostris
1235 2197 1589 2270 temporibus
1607 2214 1749 2269 prae-
1850 2204 1917 2259 ad
1950 2203 2366 2275 presbyterium
2394 2203 2455 2257 in
2499 2202 2628 2257 Asia
2652 2200 2975 2273 pervenisse
3019 2199 3245 2269 dicitur,
3277 2200 3347 2254 de
3373 2216 3485 2270 quo

166 2292 291 2359 stitit,
308 2298 362 2347 ut
383 2294 542 2348 nobis
570 2294 763 2365 potius
785 2293 859 2348 ad
889 2293 1118 2364 culpam
1146 2292 1515 2364 negligentia:
1539 2292 1746 2359 valeat,
1850 2302 1979 2352 ante
2008 2313 2216 2368 paucos
2262 2313 2439 2351 annos
2467 2295 2606 2367 quid
2634 2299 2861 2366 gestum
2898 2292 3073 2350 fuerit
3098 2293 3364 2348 sanctitas
3388 2296 3487 2347 tua

165 2384 198 2437 si
220 2387 343 2455 apud
370 2392 521 2442 tuam
551 2386 989 2443 venerationem
1017 2402 1147 2458 quae
1188 2402 1294 2458 pro
1327 2385 1576 2440 Ecclesia
1619 2390 1752 2439 sunt
1851 2391 1920 2446 de
1944 2390 2379 2461 Carthaginensi
2410 2388 2658 2444 Ecclesia
2688 2388 2891 2443 melius
2941 2388 3273 2442 instruetur.
3325 2387 3483 2440 Pela-

164 2480 467 2549 suggerenda
496 2481 843 2536 tacuerimus
873 2496 1048 2551 quam
1075 2496 1147 2534 ea
1174 2484 1235 2534 tu
1271 2479 1452 2550 possis
1475 2480 1562 2532 vel
1593 2478 1746 2533 fasti-
1852 2484 1979 2555 gius
1994 2500 2151 2553 vero,
2183 2483 2326 2537 sicut
2350 2500 2384 2537 a
2409 2481 2750 2553 quihusdam
2780 2480 3049 2536 fratribus
3068 2480 3276 2535 nostris
3300 2480 3487 2535 missa:

166 2571 286 2625 diose
319 2574 394 2626 vel
428 2575 785 2645 negligenter
811 2573 1069 2644 accipere
1108 2572 1334 2644 magnis
1363 2572 1628 2644 periculis
1655 2572 1746 2626 in-
1848 2579 2161 2649 loquuntur
2202 2576 2477 2647 epistolae,
2508 2575 2903 2646 Hierosolymis
2936 2575 3297 2640 constitutus,
3339 2590 3484 2627 non-

164 2662 405 2720 firmorum
446 2666 840 2722 membrorum
867 2665 1074 2722 Christi
1125 2665 1470 2737 pastoralem
1498 2665 1745 2736 diligen-
1848 2672 2038 2726 nullos
2067 2671 2263 2725 fallere
2304 2670 2595 2724 asseritur.
2626 2670 3030 2723 Verumtamen
3081 2667 3265 2722 multo
3294 2667 3487 2738 plures

164 2756 287 2825 tiam,
315 2776 652 2830 quaesumus,
693 2760 968 2814 adhibere
1018 2758 1291 2830 digneris.
1346 2760 1495 2812 Nova
1534 2758 1746 2829 quippe

1892 2765 1947 2819 ui
1975 2764 2096 2835 ejus
2126 2780 2324 2818 sensus
2350 2762 2684 2833 diligentius
2709 2761 2986 2833 indagare
3018 2766 3351 2832 potuerunt,
3384 2761 3482 2814 ad-

163 2849 352 2905 haeresis
378 2857 430 2908 et
453 2854 701 2909 nimium
745 2853 1067 2925 perniciosa
1098 2855 1281 2907 tentat
1306 2868 1607 2922 assurgere
1635 2850 1746 2905 ini-
1848 2874 2043 2912 versus
2074 2874 2205 2911 eum
2236 2873 2338 2927 pro
2363 2855 2567 2911 Christi
2597 2854 2800 2926 gratia,
2834 2859 2891 2908 et
2920 2854 3210 2909 catholica:
3230 2852 3366 2908 tidei
3391 2870 3484 2906 ve-

164 2945 393 2999 micorum
420 2947 620 3018 gratiae
640 2946 867 3013 Christi,
890 2945 988 3017 qui
1012 2945 1179 3001 nobis
1205 2944 1561 2999 Dominicam
1579 2944 1749 2999 etiam
1850 2950 2017 3005 ritate
2058 2950 2393 3021 conﬂigunt,
2428 2949 2529 3004 sed
2574 2949 2861 3020 praecipue
2888 2951 3119 3003 sanctus
3156 2946 3305 3001 filius
3336 2950 3486 3015 tuus,

164 3038 424 3094 orationem
446 3040 643 3112 impiis
674 3039 1156 3111 disputationibus
1186 3043 1469 3094 conantur
1504 3038 1744 3094 auferre.
1848 3044 2050 3113 frater,
2097 3048 2155 3099 et
2203 3043 2634 3115 compresbyter
2686 3048 2880 3096 noster
2927 3041 3327 3112 Hieronymus.
3383 3040 3491 3096 Sed

164 3130 271 3184 Cum
295 3132 434 3187 enim
453 3134 728 3189 Dominus
754 3133 1037 3189 docuerit:
1077 3154 1105 3185 ί(
1370 3132 1537 3187 nobis
1765 3167 1820 3242 C
1848 3136 2215 3205 arbitramur,
2336 3140 2540 3191 uvante
2572 3134 2960 3190 misericordia
2992 3133 3222 3189 Domini
3382 3150 3487 3188 no-

164 3230 330 3293 nostra,
369 3227 505 3283 sicut
534 3234 597 3283 et
637 3244 743 3283 nos
772 3227 1110 3283 dimittimus
1150 3226 1502 3281 debitoribus
1536 3224 1745 3280 nostris
1770 3224 1820 3242 ν’
1845 3230 1945 3285 stri
1990 3232 2122 3287 Jesu
2178 3230 2405 3296 Christi,
2458 3246 2586 3300 quae
2631 3235 2686 3284 te
2731 3245 2933 3300 regere
2987 3228 3376 3283 consulentem
3434 3233 3492 3283 et

165 3316 334 3379 (Matth.
357 3337 427 3387 v1,
462 3324 567 3393 l2),
603 3340 632 3374 »
679 3321 771 3376 isti
802 3320 1000 3376 dicunt
1030 3337 1196 3393 posse
1226 3320 1524 3375 hominem
1552 3318 1611 3373 in
1640 3318 1746 3372 hac
1846 3330 2106 3380 orantem
2144 3324 2412 3378 exaudire
2441 3322 2775 3393 dignitatur,
2826 3321 3150 3377 auctoritati
3182 3320 3490 3377 sanctitatis

162 3408 262 3479 vita,
286 3415 562 3486 praeceptis
594 3414 695 3469 Dei
709 3414 973 3487 cognitis,
1000 3413 1074 3468 ad
1096 3417 1315 3469 tantam
1330 3412 1746 3485 perfectionem
1846 3422 1960 3472 tuae
1979 3418 2049 3472 de
2068 3418 2222 3472 claro
2235 3417 2654 3487 Scripturarum
2670 3416 2885 3471 lumine
2900 3416 3254 3486 depromptae
3268 3414 3491 3469 facilius

157 3501 347 3571 justitiae
386 3507 505 3563 sine
536 3508 828 3580 adjutorio
854 3508 1054 3579 gratias
1103 3507 1408 3563 Salvatoris
1433 3522 1537 3579 per
1562 3507 1747 3561 solum
1847 3528 1947 3566 eos
1963 3511 2061 3583 qui
2083 3516 2202 3565 tam
2228 3526 2494 3582 perversa
2519 3513 2575 3563 et
2600 3514 2716 3563 tam
2743 3508 3062 3580 perniciosa
3086 3507 3342 3562 sentiunt
3368 3523 3490 3562 esse

160 3594 313 3654 libera:
335 3602 641 3659 voluntatis
668 3602 968 3657 arbitrium
993 3602 1314 3673 pervenire,
1346 3604 1413 3655 ut
1432 3600 1605 3654 etiam
1629 3616 1747 3655 non
1848 3622 2123 3671 cessuros,
2150 3609 2211 3659 ut
2236 3603 2305 3659 de
2336 3602 2682 3659 correctione
2710 3603 2894 3674 potius
2919 3618 3114 3657 eorum
3137 3601 3491 3672 gratulemur

164 3689 217 3743 sit
245 3696 610 3751 necessarium
637 3695 850 3766 dicere,
882 3718 909 3745 «
940 3696 1171 3751 Dimitte
1212 3694 1379 3750 nobis
1410 3693 1602 3749 debita
1645 3711 1745 3748 no-
1849 3716 2023 3771 quam
2073 3696 2480 3753 contristemur
2531 3696 2784 3763 interitu,
2844 3695 3077 3750 domine
3140 3694 3487 3751 beatissime.

163 3786 266 3839 Sim.
291 3808 314 3840 η
342 3790 473 3846 Illud
499 3807 643 3846 vero
669 3790 822 3862 quod
840 3789 1135 3862 sequitur:
1168 3811 1195 3838 «
1225 3790 1303 3842 Ne
1324 3804 1429 3843 nos
1454 3788 1669 3842 inferas
1689 3787 1749 3841 in
1848 3791 2175 3857 Quamlibet
2215 3794 2407 3846 autem
2438 3790 2545 3861 ipsi
2589 3789 2803 3860 eligant
2837 3792 2991 3844 certe
3022 3788 3109 3843 vel
3140 3789 3277 3843 alios
3305 3788 3488 3860 pluri-

163 3880 481 3939 tentationem
532 3885 720 3947 (Ibid.,
778 3884 885 3955 l3),
946 3904 975 3933 ››
1032 3899 1148 3938 non
1194 3882 1275 3937 ita
1312 3881 1749 3953 intelligendum
1849 3903 1974 3940 mos
1994 3902 2135 3956 quos
2151 3890 2403 3957 possunt,
2428 3884 2473 3939 si
2499 3884 2569 3938 ab
2594 3883 2675 3937 eis
2696 3883 3104 3949 dissimuletur,
3134 3882 3249 3936 suis
3270 3882 3490 3953 laqueis

160 3974 387 4044 tanquam
411 3976 674 4033 divinum
693 3976 784 4047 adj
794 3977 1045 4031 utorium
1067 3992 1303 4047 poscere
1324 3974 1654 4043 debeamus,
1677 3990 1749 4029 ne
1850 3978 2164 4050 implicare,
2192 3978 2376 4033 cernit
2399 3976 2798 4033 venerabilitas
2830 3980 2925 4030 tua
2951 3976 3229 4030 instanter
3259 3978 3319 4029 et
3341 3975 3487 4031 celeo

164 4062 209 4116 in
234 4074 498 4137 peccatum
544 4071 758 4127 tentati
795 4070 1140 4137 decidamus,
1184 4067 1283 4124 sed
1324 4070 1432 4124 hoc
1464 4068 1524 4123 in
1555 4074 1751 4123 nostra
1850 4073 1990 4128 riter
2002 4072 2444 4143 providendum.
2472 4073 2600 4126 Haec
2616 4070 2689 4125 ad
2710 4070 3067 4125 sanctitatem
3092 4074 3251 4125 tuam
3269 4070 3338 4125 de
3358 4086 3492 4125 con-

162 4159 361 4226 positum
388 4182 503 4220 esse
533 4166 838 4236 potestate,
867 4166 926 4219 et
947 4163 1020 4218 ad
1045 4164 1151 4218 hoc
1179 4162 1539 4234 implendum
1571 4161 1751 4217 solam
1850 4167 1975 4222 cilio
2003 4166 2280 4221 Numidiae
2309 4165 2518 4237 scripta
2559 4165 2892 4230 direximus,
2924 4164 3216 4219 imitantes
3260 4164 3488 4220 Cartha‘

163 4251 375 4312 Snfﬁcere
398 4258 1038 4325 hominisvoluntatem,
1067 4262 1342 4328 tanquam
1366 4257 1579 4310 frustra
1602 4257 1751 4327 Apo-
1851 4260 2150 4331 ginensem
2196 4259 2505 4315 Ecclesiam
2559 4262 2616 4313 et
2667 4257 3133 4329 Carthaginensis
3182 4257 3492 4329 provinciae.

163 4348 301 4403 stolus
335 4351 563 4409 dixerit:
600 4375 630 4403 ‹‹
662 4353 783 4407 Non
816 4351 1061 4409 volentis
1099 4367 1287 4422 neque
1312 4350 1612 4417 currentis,
1651 4348 1752 4403 sed
1852 4354 2218 4424 coepiscopos
2263 4356 2481 4408 nostros
2534 4368 2676 4423 quos
2731 4352 2803 4406 ad
2852 4351 3050 4406 sedem
3093 4351 3490 4423 apostolicam,

163 4440 431 4500 miserantis
454 4451 539 4502 est
560 4446 665 4503 Dei
696 4448 861 4515 (Rom.
896 4463 972 4513 Ix,
1000 4446 1083 4518 16)
1099 4462 1118 4515 ;
1149 4466 1177 4494 ››
1207 4448 1265 4499 et
1290 4461 1302 4499 :
1328 4466 1355 4494 ‹‹
1379 4442 1579 4498 Fidelis
1605 4444 1753 4497 Deus
1854 4463 2028 4519 quam
2054 4447 2255 4502 beatus
2286 4448 2534 4501 illustras
2563 4445 2633 4501 de
2662 4446 2765 4500 hac
2809 4462 2977 4500 causa
3008 4446 3295 4516 scripsisse
3343 4462 3493 4501 com.-

164 4536 237 4603 qui
262 4554 349 4594 vos
372 4558 484 4596 non
510 4540 796 4613 permittit
811 4539 1021 4595 tentari
1044 4555 1217 4611 super
1240 4539 1301 4593 id
1326 4536 1478 4610 quod
1494 4537 1748 4610 potestis,
1769 4543 1831 4616 D
1853 4540 2129 4611 perimus.
2150 4542 2220 4595 Et
2240 4541 2355 4595 alia
2378 4556 2581 4594 manu:
2603 4539 2816 4593 Memor
2836 4539 3014 4594 nostri
3040 4540 3099 4593 in
3128 4539 3349 4593 Domini
3370 4555 3494 4609 gra-

165 4627 242 4680 sed
261 4630 408 4688 faciet
450 4651 585 4690 cum
621 4632 928 4689 tentatione
961 4632 1132 4687 etiam
1158 4632 1400 4699 exitum,
1442 4634 1500 4685 ut
1527 4630 1750 4702 possitis
1850 4634 1931 4688 tia
1958 4633 2240 4705 augearis,
2270 4632 2499 4687 domine
2522 4631 2865 4700 beatissime,
2890 4632 3093 4686 merito
3123 4630 3488 4700 venerabilis,

164 4722 396 4781 sustinere
433 4728 479 4798 (Ι
520 4732 644 4788 Cor.
687 4745 740 4795 x,
792 4729 897 4798 t3).
942 4748 970 4777 »
1015 4728 1243 4781 Frustra
1280 4725 1435 4780 enim
1477 4724 1751 4779 Dominus
1851 4732 1908 4782 et
1932 4726 1993 4781 in
2019 4726 2240 4782 Christo
2268 4725 2625 4794 honorande,
2654 4724 3006 4779 sanctissime
3035 4741 3206 4797 papa.

166 4810 333 4873 dixerit
357 4824 612 4893 apostolo
638 4823 834 4876 Petro:
880 4842 908 4871 ‹‹
938 4821 1152 4892 Rogavi
1181 4837 1285 4892 pro
1323 4823 1399 4888 te,
1433 4834 1504 4873 ne
1532 4817 1755 4873 deﬁciat

1900 4846 2189 4913 ascriptum
2249 4844 2547 4898 Innocentii
2591 4856 2753 4911 papa
2789 4842 2864 4896 ad
2916 4842 3296 4897 Mileuitanum
3351 4845 3490 4901 Con.

164 4905 278 4963 ﬁdes
298 4915 387 4968 tua
413 4914 555 4977 (Luc.
600 4932 734 4983 xxu,
767 4916 875 4986 3'2),
911 4936 938 4964 »
977 4918 1034 4969 et
1059 4913 1326 4969 omnibus
1355 4912 1499 4967 suis:
1534 4933 1563 4961 «
1593 4911 1750 4982 Vigi-
2030 4905 2051 4913 ’
2575 4905 2779 4966 cilium.

164 4996 253 5055 late
273 5007 325 5058 et
350 5011 521 5080 orate,
557 5025 630 5064 ne
667 5006 888 5065 intretis
921 5009 981 5063 in
1020 5008 1384 5063 tentationem
1413 5006 1601 5077 (Marc.
1642 5021 1751 5074 XIV,
1931 5008 2287 5063 [NNOCENTIUS
2332 5005 2573 5062 SILVANO
2623 5004 2767 5074 seni,
2818 5005 3150 5076 VALENTINO,
3184 5009 3243 5061 et
3273 5008 3495 5063 caeteris

165 5094 252 5163 33).
276 5121 301 5146 η
330 5100 383 5155 Si
410 5103 517 5158 hoc
554 5106 742 5158 totum
772 5108 858 5159 est
894 5102 1191 5175 potestatis
1231 5102 1521 5167 humanae,
1550 5115 1757 5170 pueros
1856 5101 1955 5173 qui
2002 5101 2060 5155 in
2084 5100 2404 5155 Milevitana
2442 5099 2660 5172 synodo
2691 5099 3079 5168 interfuerint,
3112 5100 3495 5157 dilectissimis

167 5200 359 5262 quoque
377 5198 641 5267 parvulos
653 5197 701 5253 si
721 5196 894 5252 nullis
918 5194 1245 5251 imbuantur
1272 5194 1606 5252 Christiana:
1632 5210 1759 5264 gra-
1859 5194 2149 5264 fratribus,
2177 5195 2236 5249 in
2262 5192 2502 5249 Domino
2532 5193 2795 5249 salutem.

168 5280 241 5336 tia:
278 5291 627 5347 sacramentis
666 5290 954 5347 habituros
993 5289 1166 5345 vitam
1213 5292 1508 5357 aeternam,
1536 5304 1756 5360 nequa-
1930 5291 2083 5345 Inter
2133 5292 2363 5344 caeteras
2415 5288 2674 5344 Ecclesia:
2722 5289 2997 5343 Romana:
3047 5303 3213 5342 curas
3264 5290 3323 5343 et
3350 5304 3492 5359 apo.

168 5382 633 5442 quamChristiana
650 5384 1098 5457 praesumptione
1112 5383 1761 5449 contendunt,evacuan-
1860 5383 2074 5439 stolicze
2113 5382 2263 5437 sedis
2304 5382 2700 5454 occupationes
2726 5381 2933 5453 quibus
2970 5380 3317 5435 diversorum
3358 5396 3496 5436 con-

168 5467 235 5520 tes
256 5474 395 5542 quod
418 5476 554 5532 dicit
571 5478 901 5549 Apostolus:
927 5500 954 5528 ‹‹
994 5479 1097 5533 Per
1126 5494 1301 5532 unum
1321 5475 1617 5531 hominem
1638 5492 1762 5548 pec-
1861 5477 2006 5532 sulta
2066 5476 2198 5531 fidei
2272 5492 2337 5531 ac
2396 5476 2621 5532 modica
2689 5473 3093 5546 disceptatione
3169 5477 3495 5541 tractamus,

170 5568 329 5620 catum
355 5568 581 5625 intravit
615 5568 671 5627 in
698 5570 1005 5642 mundum,
1038 5577 1096 5627 et
1127 5588 1230 5643 per
1260 5571 1552 5643 peccatum
1582 5586 1758 5638 mors,
1860 5570 2033 5625 frater
2115 5574 2172 5625 et
2226 5569 2592 5641 coepiscopus
2678 5571 2869 5624 noster
2929 5565 3105 5621 Julius
3178 5565 3499 5622 dilectionis

171 5655 381 5715 Glitain
408 5681 606 5721 omnes
648 5664 904 5723 homines
929 5663 1274 5738 pertransiit,
1308 5664 1366 5719 in
1413 5681 1525 5736 quo
1563 5680 1763 5719 omnes
1863 5667 2063 5719 vestra:
2116 5663 2358 5730 litteras,
2402 5680 2543 5734 quas
2587 5680 2653 5718 ex
2708 5660 3024 5718 Milevitana
3069 5664 3265 5714 nostra
3314 5667 3502 5717 aucto-

173 5761 518 5815 Peccaverunt
556 5760 718 5829 (Rom.
754 5778 802 5828 ν,
835 5761 917 5832 2);
950 5782 977 5810 ››
1013 5762 1071 5815 et
1108 5760 1219 5814 alio
1266 5759 1421 5813 loco:
1460 5781 1486 5807 ‹‹
1516 5758 1672 5814 Sicut
1704 5756 1765 5813 in
1864 5758 2032 5813 ritate
2076 5758 2312 5813 concilio
2355 5773 2491 5812 cura
2521 5755 2655 5811 fidei
2689 5751 3062 5828 propensiore
3110 5752 3361 5822 misistis,
3391 5755 3497 5811 mi-

173 5840 323 5901 Adam
342 5866 539 5908 omnes
571 5856 911 5926 moriuntur,
941 5855 1018 5910 sic
1051 5857 1109 5909 et
1132 5854 1190 5909 in
1212 5852 1433 5909 Christo
1460 5868 1661 5908 omnes
1681 5852 1762 5907 vi-
1866 5852 1924 5907 hi
1975 5851 2344 5925 inOpinanter
2392 5848 2650 5922 ingessit,
2682 5845 3145 5918 Carthaginensis
3195 5847 3371 5905 etiam
3406 5867 3498 5925 sy-
