4026 6182
501 291 598 344 731

1403 285 1688 341 APPEND.
1729 285 1817 340 AD
1853 285 2018 340 smc.
2059 287 2146 340 1x.
2175 315 2242 326 -
2282 287 2522 342 lSlDORl
2561 257 2986 344 MERCATDRIS

3692 304 3770 356 732

495 398 893 467 nodiquerelaa
911 396 1102 467 parilis
1121 393 1327 465 scripta
1349 395 1469 464 subj
1483 411 1721 464 ungens.
1742 393 2022 446 Nimirum
2045 409 2141 447 ex-
2162 407 2219 478 Α
2241 393 2514 464 despicias
2562 411 2675 462 me,
2707 397 2850 448 Deus
2893 394 3156 449 salutaris
3184 411 3340 451 meus
3367 401 3496 464 (Psal
3525 417 3650 469 xxvi,
3673 407 3728 472 9).
3755 430 3774 452 δι

500 491 672 544 sultat
700 489 947 543 Ecclesia
969 492 1187 543 tantam
1213 487 1650 542 sollicitudinem
1683 487 1999 541 commissis
2020 503 2141 558 gre-

500 583 663 654 gibus
678 583 948 638 exhibere
962 587 1304 654 pastores,ut
1321 598 1437 637 non
1453 581 1637 635 solum
1656 580 1948 635 neminem
1965 597 2036 634 ex
2052 581 2141 634 his

498 677 792 747 patiantur
824 693 1032 744 errare,
1063 677 1159 732 sed
1187 677 1231 730 si
1264 693 1404 748 quas
1430 675 1612 746 magis
1649 675 1836 729 ovium
1865 675 2141 728 obscena:

500 770 888 825 delectationis
905 771 1083 826 herba
1101 770 1346 837 seduxit,
1369 787 1433 824 ac
1453 769 1498 824 si
1525 769 1581 823 in
1607 785 1796 823 errore
1818 783 2144 839 permanse-

498 864 633 932 rint,
677 868 778 919 aut
802 865 1098 937 segregari
1137 864 1364 936 penitus
1389 863 1582 930 velint,
1617 867 1716 916 aut
1750 861 1940 916 illicite
1966 861 2143 932 petita

505 958 744 1013 vitantes
776 959 1016 1026 dudum,
1050 958 1320 1013 custodite
1353 957 1610 1029 pristina:
1639 955 2142 1026 circumspectione

510 1053 701 1120 tutari,
734 1053 792 1106 in
820 1055 1061 1123 utraque
1089 1055 1247 1123 parte
1273 1051 1533 1105 videlicet
1557 1049 1936 1115 consulentes,
1965 1065 2035 1103 ne
2056 1049 2144 1102 vel

501 1145 858 1215 suscipiendo
885 1146 1027 1200 tales
1070 1145 1242 1198 simili
1289 1148 1508 1198 caetera:
1557 1144 1837 1198 ducantur
1861 1143 2140 1213 exemplo,

501 1239 588 1291 vel
621 1239 942 1309 spernendo
971 1239 1274 1293 redeuntes
1308 1239 1576 1308 luporum
1601 1237 1885 1291 morsibus
1912 1236 2141 1291 videan-

502 1335 595 1386 tur
641 1333 898 1403 ingestae.
944 1333 1197 1387 Prudens
1236 1332 1545 1386 admodum
1597 1334 1655 1384 et
1697 1331 1984 1385 catholica:
2013 1329 2144 1384 ﬁdei

502 1427 674 1496 plena
717 1426 1144 1480 consultationis
1185 1427 1463 1480 voluntas.
1510 1425 1644 1488 Quis
1688 1425 1840 1479 enim
1877 1427 1976 1477 aut
2002 1424 2142 1477 tole-

502 1536 630 1574 rare
656 1520 831 1590 possit
852 1525 1158 1587 errantem,
1189 1523 1286 1573 aut
1305 1536 1418 1574 non
1448 1519 1702 1589 recipere
1722 1516 2144 1588 corrigentem?

502 1614 644 1668 Nam
675 1618 736 1668 ut
763 1615 970 1668 durum
998 1614 1247 1668 arbitror
1277 1612 1698 1668 conniventiam
1727 1612 1982 1684 praebere
2011 1627 2141 1681 pec-

503 1707 779 1776 cantibus,
832 1706 907 1761 ita
958 1708 1202 1778 impium
1245 1707 1442 1777 judico
1482 1722 1716 1760 manum
1773 1720 1984 1775 negare
2010 1721 2141 1758 con-

2239 489 2373 551 Quae
2400 487 2686 541 incassum
2726 489 2952 556 dixerit,
2988 489 3032 542 si
3065 492 3283 544 tantum
3313 491 3369 545 in
3394 492 3505 563 ejus
3537 499 3640 548 erat
3664 499 3778 567 posi-

2240 584 2362 634 tum
2395 581 2700 651 voluntate,
2724 582 2881 652 quod
2894 600 2926 635 a
2947 582 3190 637 Domino
3207 583 3374 638 ﬂebili
3389 601 3618 640 sermone
3637 605 3782 658 posce-

2241 675 2357 728 bat.
2385 675 2520 737 Qua:
2552 691 2681 728 cum
2729 675 2806 730 ita
2833 676 2964 746 sint,
2999 693 3244 748 cumque
3287 677 3343 732 in
3374 679 3610 734 omnibus
3631 681 3783 736 divinis

2242 767 2465 838 paginis
2490 768 2764 823 voluntati
2803 769 2994 824 liberae
3025 771 3253 825 nonnisi
3283 771 3600 843 adjutorium
3625 775 3704 829 Dei
3725 776 3782 830 le-

2243 882 2448 936 gamus
2481 882 2596 920 esse
2624 867 2992 937 nectendum,
3013 883 3252 940 eamque
3282 869 3413 922 nihil
3439 886 3585 940 posse
3609 872 3787 927 cirlesti-

2243 960 2350 1014 bus
2385 959 2662 1030 praesidiis
2695 960 3045 1029 destitutam,
3087 979 3333 1032 quonam
3379 964 3538 1017 modo
3579 964 3688 1018 huic
3713 966 3786 1018 soli

2243 1053 2664 1124 possibilitatem
2693 1053 2838 1108 hanc
2868 1055 3258 1125 pertinaciter,
3292 1061 3352 1110 ut
3373 1056 3612 1123 asseritis,
3640 1058 3786 1111 defen-

2243 1147 2438 1202 dentes
2467 1147 2710 1215 sibimet,
2741 1147 2878 1215 imo,
2923 1148 3074 1218 quod
3107 1151 3194 1202 est
3223 1147 3461 1220 dignius,
3492 1149 3652 1203 dolori
3675 1167 3788 1204 com-

2243 1241 2423 1294 muni.
2451 1241 2591 1294 Nam
2620 1240 2879 1311 plurimis
2912 1241 3172 1312 Pelagius
3209 1241 3583 1314 Caalestiusque
3614 1259 3789 1314 persua-

2244 1335 2400 1402 dent,
2457 1333 2779 1388 multifariis
2843 1333 3110 1406 equidem
3167 1335 3238 1389 ad
3304 1335 3665 1390 instruendum
3716 1338 3793 1390 tale

2243 1427 2636 1497 magisterium
2679 1428 2764 1481 uti
2801 1443 3090 1498 possemus
3128 1428 3416 1499 exemplis,
3450 1428 3550 1482 nisi
3587 1429 3794 1484 sciremus

2245 1525 2302 1576 et
2332 1521 2681 1576 sanctitatem
2707 1529 2945 1575 vestram
2971 1521 3040 1576 ad
3072 1522 3307 1592 plenum
3336 1522 3628 1593 Scripturas
3651 1539 3794 1577 omnes

2245 1615 2405 1682 scire,
2452 1614 2794 1685 intelligere,
2830 1615 3050 1680 callere,
3092 1615 3312 1669 divinas
3353 1617 3670 1687 preesertim,
3703 1632 3796 1669 cum

2245 1712 2430 1762 vestra
2454 1707 2650 1762 relatio
2677 1707 2844 1762 tantis
2873 1725 2938 1762 ac
2961 1708 3166 1762 talibus
3197 1709 3525 1763 testimoniis
3549 1710 3611 1763 sit
3627 1709 3795 1778 referta,

502 1801 698 1854 versis.
730 1801 1044 1872 Diligenter
1069 1817 1207 1871 ergo
1236 1803 1293 1854 et
1322 1815 1576 1870 congrue
1595 1799 1884 1870 apostolici
1906 1796 2148 1852 consuli-
2166 1785 2222 1855 B
2246 1804 2313 1856 ut
2341 1801 2428 1854 his
2454 1801 2587 1855 solis
2612 1802 2795 1856 valeat
2819 1818 3069 1872 praasens
3099 1802 3313 1873 dogma
3335 1802 3585 1871 rescindi,
3602 1817 3796 1872 opusque

504 1893 576 1948 tis
615 1894 850 1948 honoris
895 1910 1118 1948 arcana.
1168 1894 1430 1963 Honoris,
1479 1893 1735 1965 inquam,
1784 1891 1932 1946 illius
1975 1907 2147 1962 quem

505 1993 716 2058 praeter
746 1988 840 2041 illa
884 1993 1016 2042 sunt
1045 1988 1416 2058 extrinsecus,
1451 1987 1765 2042 sollicitudo
1804 1991 1996 2041 manet
2024 2001 2144 2038 om-

505 2079 665 2136 nium
691 2081 1057 2136 ecclesiarum
1089 2098 1258 2152 super
1273 2082 1450 2136 anxiis
1467 2081 1634 2136 rebus
1654 2097 1780 2152 qua:
1808 2081 1879 2134 sit
1901 2080 2148 2134 tenenda

505 2175 806 2229 sententia.
855 2175 1119 2246 Antiquae
1165 2176 1375 2230 scilicet
1423 2177 1640 2247 regulm
1691 2176 1935 2228 formam
1969 2173 2147 2228 secuti

507 2284 683 2338 quam
715 2271 836 2322 toto
876 2284 1101 2338 semper
1133 2269 1203 2322 ab
1243 2269 1376 2323 orbe
1403 2285 1629 2323 mecum
1657 2268 1834 2322 nostis
1879 2284 1998 2322 esse
2030 2283 2143 2322 ser-

505 2364 715 2431 vatam,
750 2378 949 2416 verum
976 2363 1100 2416 hinc
1126 2362 1298 2416 missa
1325 2361 1489 2416 facio.
1519 2363 1713 2433 Neque
1739 2361 1893 2416 enim
1915 2361 2034 2415 haec
2059 2377 2149 2416 ve-

505 2458 680 2509 stram
707 2455 877 2510 credo
902 2455 1080 2510 latere
1108 2456 1493 2526 prudentiam,
1522 2455 1620 2527 qui
1647 2455 1707 2509 id
1734 2456 1905 2510 etiam
1928 2455 2147 2510 actione

501 2547 790 2616 ﬁrmastis,
841 2548 950 2602 nisi
980 2549 1223 2604 scientes
1272 2550 1420 2620 quod
1453 2565 1554 2620 per
1596 2566 1793 2604 omnes
1834 2548 2146 2619 provincias

507 2643 577 2697 de
603 2643 916 2714 apostolico
935 2642 1090 2697 fonte
1115 2643 1440 2714 petentibus
1468 2659 1735 2713 responsa
1757 2659 1982 2713 semper
1997 2659 2148 2696 ema-

507 2746 690 2790 nent:
734 2736 1051 2807 praesertim
1089 2737 1311 2808 quoties
1358 2736 1488 2791 ﬁdei
1527 2737 1670 2791 ratio
1698 2737 2014 2803 mutilatur,
2054 2752 2144 2789 ar-

507 2828 687 2883 bitror
731 2845 929 2883 omnes
986 2829 1191 2884 fratres
1234 2833 1292 2884 et
1333 2830 1693 2901 coepiscopos
1733 2836 1979 2898 nostros,
2030 2845 2146 2882 non

508 2922 618 2976 nisi
647 2922 720 2976 ad
762 2925 1016 2989 Petrum,
1051 2923 1109 2976 id
1147 2927 1250 2991 est,
1283 2922 1368 2977 sui
1397 2923 1644 2977 nominis
1670 2926 1727 2978 et
1763 2923 2010 2990 honoris,
2053 2938 2147 2975 au-

507 3021 725 3071 ctorem
750 3017 966 3070 referre
997 3017 1226 3086 debere,
1259 3017 1413 3072 velut
1441 3033 1593 3072 nunc
1626 3017 1820 3072 retulit
1846 3020 2029 3072 vestra
2058 3015 2144 3070 di-

510 3114 672 3169 lectio
703 3115 858 3184 quod
887 3131 988 3185 per
1017 3117 1202 3169 totum
1227 3115 1509 3170 mundum
1540 3115 1718 3186 possit
1743 3114 1997 3170 Ecclesiis
2021 3131 2142 3167 om-
2166 3151 2221 3225 Ο

509 3207 678 3261 nibus
708 3208 767 3260 in
798 3225 1102 3262 commune
1133 3209 1416 3280 prodesse.
1449 3209 1608 3262 Fiant
1624 3209 1779 3263 enim
1807 3224 2034 3263 necesse
2061 3211 2147 3261 est

507 3301 809 3369 cautiores,
859 3319 988 3356 cum
1021 3301 1345 3357 inventores
1374 3303 1655 3357 malorum
1685 3303 1756 3356 ad
1789 3301 2026 3373 duplicis
2055 3318 2143 3356 re-

506 3395 777 3450 lationem
809 3395 1008 3466 synodi
1053 3395 1350 3450 sententia
1383 3399 1590 3450 nostrae
1638 3396 1863 3450 statutis
1901 3395 2148 3449 viderint

509 3489 580 3542 ab
609 3489 983 3543 ecclesiastica
1010 3489 1418 3544 communione
1447 3491 1750 3561 sejunctos.
1778 3490 2012 3544 Gemino
2034 3489 2145 3559 igi-

509 3587 605 3636 tur
631 3581 780 3636 hono
801 3583 1047 3638 charitas
1073 3589 1257 3638 vestra
1285 3583 1582 3655 fungetur,
1619 3601 1754 3638 nam
1783 3588 1840 3637 et
1865 3599 2147 3638 canonum

510 3676 807 3747 potiemini
841 3677 1024 3748 gratia
1055 3680 1428 3745 servatorum,
1459 3684 1514 3732 et
1546 3677 1822 3732 beneﬁcio
1846 3681 2030 3732 vestro
2058 3680 2143 3730 to-

509 3777 600 3826 tus
650 3771 803 3826 orbis
845 3772 1142 3826 tutabitur.
1187 3774 1322 3836 Quis
1363 3772 1517 3826 enim
1559 3773 1965 3828 catholicorum
2017 3788 2146 3826 cum

513 3865 852 3920 adversariis
895 3865 1101 3921 Christi
1155 3866 1287 3920 velit
1348 3865 1583 3921 ulterius
1644 3867 1881 3920 miscere
1929 3881 2143 3920 sermo-

509 3977 641 4014 nem
662 3961 690 4014 ?
731 3959 866 4023 Quis
892 3961 1092 4013 saltem
1125 3959 1308 4030 ipsam
1352 3960 1479 4014 vitae
1506 3961 1692 4014 lucem
1740 3960 2146 4014 communione

508 4053 705 4125 partiri
739 4070 896 4107 novae
925 4053 1209 4107 haereseos
1227 4052 1503 4107 nimirum
1532 4053 1829 4124 fugiantur
1848 4052 2148 4106 auctores?

509 4147 653 4209 Quid
683 4147 836 4200 enim
861 4145 1118 4199 acerbius
1145 4147 1204 4200 in
1236 4147 1539 4200 Dominum
1577 4148 1791 4217 ﬁngere
1817 4148 2145 4217 potuerunt,

508 4255 679 4310 quam
724 4256 851 4292 cum
898 4238 1181 4308 adjutoria
1225 4239 1417 4293 divina
1456 4243 1759 4306 cessarent,
1809 4256 2148 4310 causamque

508 4331 856 4404 quotidianae,
899 4331 1241 4403 precationis
1284 4334 1620 4388 auferrent?
1650 4334 1762 4387 Iloc
1805 4339 1890 4388 est
1921 4333 2147 4389 dicere:

507 4425 620 4480 Cur
648 4424 788 4479 mihi
830 4442 971 4498 opus
998 4425 1115 4480 Deo
1138 4425 1165 4480 ?
1193 4425 1390 4481 Merito
1429 4425 1486 4480 in
1527 4426 1630 4480 hos
1661 4425 1830 4481 David
1867 4427 2148 4498 hymnum

2248 1912 2361 1949 non
2407 1911 2526 1949 esse
2570 1895 2896 1965 recognitis,
2945 1912 3076 1950 cum
3107 1895 3195 1950 his
3243 1896 3346 1967 qui
3372 1896 3527 1950 facile
3575 1895 3702 1948 vobis
3733 1910 3797 1947 oc-

2247 1988 2529 2044 currentia
2553 1989 2834 2059 posuistis,
2862 2005 2965 2044 nec
2984 1989 3228 2044 audeant
3247 1989 3491 2058 obviare,
3512 2005 3603 2043 nec
3620 1987 3799 2059 possint.

2247 2084 2393 2154 Ergo
2408 2082 2502 2137 Dei
2521 2083 2763 2153 gratiam
2781 2085 3067 2137 conantur
3079 2083 3505 2154 auferre,quam
3527 2098 3720 2136 necesse
3729 2087 3801 2145 est,

2248 2177 2423 2230 etiam
2455 2176 2714 2230 instituta
2742 2179 2919 2231 status
2952 2177 3178 2247 pristini
3217 2177 3478 2231 libertate
3512 2188 3802 2247 quaeramus:

2247 2269 2454 2341 quippe
2483 2285 2584 2323 nec
2600 2269 2736 2324 alias
2764 2269 2973 2324 diaboli
2996 2271 3310 2338 machinas,
3345 2269 3450 2324 nisi
3468 2269 3643 2324 eadem
3667 2283 3804 2338 possu-

2245 2380 2373 2417 mus
2397 2364 2636 2434 juvante
2664 2364 2839 2418 vitare
2871 2380 2884 2430 ;
2918 2363 3057 2418 illud
3092 2380 3222 2418 vero
3249 2363 3408 2435 quod
3434 2380 3522 2417 eos
3551 2366 3708 2415 vestra
3724 2359 3803 2412 fra-

2246 2457 2480 2511 ternitas
2497 2457 2692 2512 asserit
2718 2456 3024 2527 prmdicare
3050 2458 3316 2528 parvulos
3334 2461 3552 2511 aeternas
3575 2456 3682 2508 vita:
3705 2469 3806 2523 prte-

2247 2550 2375 2604 miis
2407 2551 2617 2620 absque
2646 2550 2998 2620 baptismatis
3027 2551 3212 2621 gratia
3242 2567 3412 2622 posse
3438 2549 3636 2612 donari,
3667 2546 3803 2618 perfa-

2247 2649 2411 2698 tuum
2423 2647 2509 2698 est
2525 2661 2538 2699 :
2559 2663 2584 2695 «
2603 2645 2716 2698 Nisi
2738 2644 2891 2699 enim
2913 2645 3613 2699 manducaverintcarnem
3629 2641 3726 2696 Filii
3742 2641 3809 2692 ho-

2247 2737 2418 2792 minis
2439 2738 2758 2792 etbiberint
2775 2738 3109 2809 sanguinem
3123 2739 3269 2809 ejus,
3284 2755 3398 2793 non
3412 2733 3810 2792 habebuntvitam

2248 2832 2306 2885 in
2340 2831 2661 2902 semetipsis
2688 2832 2860 2901 (Joan.
2890 2848 2964 2898 v1,
2995 2833 3101 2902 54).
3138 2853 3164 2879 ››
3199 2833 3308 2896 Qui
3335 2837 3520 2886 autem
3545 2828 3732 2884 hancin
3755 2826 3810 2878 eis

2248 2925 2369 2978 sine
2402 2924 2841 2996 regeneratione
2870 2925 3208 2995 defendunt,
3236 2926 3500 2981 videntur
3528 2922 3650 2978 mihi
3674 2922 3811 2992 ipsum

2245 3018 2593 3089 baptismum
2623 3019 2762 3074 velle
2793 3036 3031 3088 cassare,
3055 3036 3186 3074 cum
3216 3019 3525 3090 praedicant
3548 3015 3701 3072 hosid
3724 3029 3813 3084 gra-

2249 3112 2341 3165 tia:
2387 3112 2597 3167 habere
2625 3113 2780 3183 quod
2806 3114 2867 3167 in
2895 3113 2973 3168 eis
3017 3114 3258 3168 credunt
3293 3113 3518 3168 nonnisi
3541 3109 3811 3182 baptismate

2248 3206 2680 3260 conferendum.
2712 3206 2768 3261 Si
2791 3223 2929 3278 ergo
2961 3206 3102 3260 nihil
3134 3207 3339 3261 volunt
3371 3208 3605 3270 ofﬁcere,
3632 3219 3724 3257 non
3747 3215 3810 3252 reo

2247 3299 2419 3368 nasci,
2449 3299 2735 3354 fateantur
2764 3317 2995 3355 necesse
3023 3305 3229 3355 estnec
3256 3296 3682 3373 regenerationis
3703 3305 3813 3346 sacra

2246 3394 2456 3447 ﬂuenta
2485 3394 2774 3464 prodesse.
2811 3396 3014 3448 Verum
3045 3398 3106 3448 ut
3136 3395 3557 3466 superfluarum
3580 3388 3812 3446 hominum

2248 3504 2424 3559 prava
2449 3488 2707 3542 doctrina
2737 3488 2909 3542 celeri
2940 3488 3194 3543 veritatis
3234 3489 3415 3560 possit
3443 3486 3644 3542 ratione
3667 3480 3812 3537 distin-

2249 3581 2366 3652 gui,
2395 3583 2708 3652 proclamat
2747 3582 3022 3637 Dominus
3045 3582 3104 3636 in
3137 3583 3447 3655 Evangelio
3475 3581 3678 3636 dicens:
3715 3598 3735 3624 «
3756 3573 3812 3628 Si-

2247 3675 2362 3730 nite
2404 3675 2666 3743 infantes,
2699 3680 2754 3730 et
2782 3676 2953 3730 nolite
2985 3693 3078 3730 eos
3118 3676 3425 3746 prohibere
3454 3675 3631 3730 venire
3651 3670 3709 3725 ad
3732 3681 3813 3731 me,

2249 3769 2452 3823 talium
2481 3773 2566 3823 est
2615 3769 2767 3823 enim
2799 3785 3043 3840 regnum
3089 3770 3368 3824 caelorum
3403 3771 3581 3831 (Marc.
3611 3782 3656 3832 Χ,
3693 3763 3771 3829 lli).
3794 3779 3810 3803 υ

2247 3865 2428 3928 Quare
2470 3863 2760 3934 Pelagium
2797 3864 3260 3934 Coelestiumque,
3309 3864 3367 3918 id
3411 3867 3514 3932 est,
3561 3859 3814 3915 inventores

2247 3973 2446 4011 vocum
2477 3973 2767 4026 novarum,
2796 3974 2923 4028 qua:
2943 3957 3108 4028 (sicut
3133 3957 3279 4011 dixit
3303 3956 3607 4029 Apostolus)
3631 3950 3811 4006 aediﬁca-

2250 4051 2418 4106 tionis
2461 4051 2726 4118 nihilum,
2777 4051 2877 4105 sed
2934 4051 3118 4121 magis
3160 4052 3500 4106 vanissimas
3541 4043 3816 4104 consuerunt

2250 4161 2452 4216 parare
2483 4145 2828 4216 qumstiones
2857 4145 2905 4215 (Ι
2922 4147 3059 4200 Tim.
3090 4162 3127 4212 ι,
3151 4145 3223 4216 4),
3242 4145 3605 4200 ecclesiastica
3626 4150 3816 4194 commu-

2250 4239 2417 4294 nione
2432 4238 2642 4310 privari
2668 4239 2954 4310 apostolici
2970 4239 3182 4310 vigoris
3207 4239 3542 4294 auctoritate
3565 4242 3814 4292 censemus,

2251 4333 2433 4387 donec
2461 4333 2790 4404 resipiscant
2814 4350 2846 4386 a
2872 4333 3082 4387 diaboli
3111 4333 3333 4405 laqueis
3365 4350 3399 4388 a
3429 4349 3536 4404 quo
3560 4325 3734 4399 captivi
3756 4327 3815 4374 te-

2250 4431 2458 4481 nentur
2477 4427 2790 4482 secundum
2811 4427 2988 4499 ipsius
3007 4427 3390 4496 voluntatem,
3419 4440 3619 4497 eosque
3639 4413 3817 4474 interim

505 4520 669 4576 dicit:
702 4540 729 4573 «
764 4523 901 4577 Ecce
927 4520 1194 4575 homines
1225 4521 1322 4593 qui
1361 4537 1474 4575 non
1500 4525 1819 4593 posuerunt
1843 4522 2022 4576 Deum
2054 4522 2226 4602 ad-D
2250 4521 2544 4576 Dominico
2569 4522 2700 4576 ovili
2731 4539 2845 4576 non
2880 4521 3078 4592 recipi,
3110 4521 3302 4592 quoad
3339 4520 3449 4592 ipsi
3475 4528 3724 4590 perversa!
3746 4507 3820 4559 vite

498 4615 755 4686 jutorem
785 4616 889 4670 sibi
918 4615 1085 4686 (Psa-l.
1111 4632 1184 4682 LI,
1220 4617 1292 4683 9).
1329 4634 1357 4666 »
1393 4617 1676 4687 Negantes
1706 4632 1841 4687 ergo
1871 4615 2148 4672 auxilium

505 4708 624 4775 Dei,
671 4708 960 4780 inquiunt,
1013 4709 1311 4764 hominem
1363 4709 1468 4764 sibi
1501 4726 1664 4780 posse
1715 4709 1996 4778 sufﬁcere,
2048 4726 2176 4764 nec.

507 4801 691 4872 gratia
716 4802 869 4856 hunc
901 4819 1071 4873 egere
1099 4803 1308 4871 divina,
1353 4821 1464 4875 qua
1506 4804 1757 4874 privatus
1789 4819 2011 4857 necesse
2043 4807 2146 4871 est,

509 4894 721 4949 diaboli
742 4896 957 4967 laqueis
984 4896 1217 4951 irretitis
1237 4897 1701 4966 occumbat,dum
1724 4897 1795 4950 ad
1809 4897 2003 4950 omnia
2019 4897 2148 4950 vitae

506 4988 854 5061 perﬁcienda
883 4989 1153 5044 mandata
1171 4993 1285 5044 sola
1307 4992 1706 5046 tantummodo
1726 4991 1984 5046 libertate
2011 5008 2146 5046 con-

506 5080 781 5138 tundat.0
799 5081 1264 5153 pravissimarum
1283 5086 1565 5138 mentium
1586 5101 1855 5156 perversa
1870 5085 2146 5140 doctrina.

510 5177 775 5231 Advertat
811 5177 870 5230 in
899 5177 1126 5231 tandem
1175 5178 1326 5249 quod
1354 5179 1607 5248 primum
1637 5179 1935 5234 hominem
1972 5180 2054 5234 ita
2080 5179 2147 5232 li-

505 5270 696 5324 bertas
725 5269 828 5324 ista
854 5269 1092 5340 decepit,
1116 5276 1181 5325 ut
1205 5271 1342 5324 dum
1368 5271 1756 5342 indulgentius
1776 5271 1950 5326 frenis
1971 5272 2151 5325 utitur

511 5363 559 5436 1
575 5362 702 5437 80
728 5365 776 5436 ej
787 5381 850 5418 us
865 5365 922 5418 in
936 5364 1416 5435 praevaricationis
1428 5367 1877 5438 praesumptione
1891 5365 2145 5420 concide-

507 5465 612 5512 ret.
644 5460 833 5530 Neque
865 5475 933 5514 ex
954 5459 1059 5513 hac
1086 5459 1269 5529 potuit
1299 5459 1442 5528 erui,
1479 5460 1586 5514 nisi
1615 5459 1970 5532 providentia
1986 5475 2149 5530 rege-

509 5551 814 5606 nerationis
826 5555 1037 5606 statum
1052 5551 1308 5623 pristinae
1325 5552 1599 5607 libertatis
1610 5553 1815 5608 Christi
1830 5552 2050 5607 Domini
2065 5569 2149 5607 re-

507 5645 809 5701 formasset
838 5646 1136 5713 adventus,
1171 5647 1365 5701 audiat
1385 5647 1552 5702 David
1575 5647 1856 5700 dicentem
1881 5663 1893 5700 :
1927 5668 1954 5696 «
1977 5647 2149 5718 Adju-

509 5738 720 5791 torium
740 5745 996 5794 nostrum
1024 5741 1082 5794 in
1101 5741 1333 5797 nomine
1361 5742 1581 5796 Domini
1609 5741 1774 5811 (Psal.
1803 5757 1983 5809 cxxm,
2007 5743 2058 5813 8)
2079 5759 2090 5808 ;
2115 5765 2143 5793 »

511 5832 568 5882 et
596 5845 609 5882 :
644 5851 669 5875 ‹‹
699 5832 935 5901 Adjutor
961 5851 1121 5888 meus
1152 5852 1210 5890 es
1239 5840 1322 5903 tu,
1347 5854 1415 5891 ne
1436 5836 1804 5906 derelinquas
1827 5853 1936 5902 me,
1959 5853 2144 5908 neque

2249 4616 2425 4670 secuti
2451 4617 2738 4671 tramitem
2750 4617 3007 4671 deserere
3036 4615 3345 4670 voluerint.
3362 4605 3715 4669 Abscindendi
3728 4603 3822 4658 sunt

2248 4708 2403 4762 enim
2453 4709 2549 4779 qui
2593 4726 2690 4763 vos
2737 4709 3100 4780 conturbant,
3151 4713 3207 4764 et
3269 4711 3466 4763 volunt
3517 4697 3820 4772 Evangeliunl

2247 4802 2451 4858 Christi
2469 4803 2734 4873 perdere.
2764 4804 2942 4858 Simul
2971 4808 3163 4859 autem
3187 4803 3547 4875 praecipimus
3564 4805 3620 4854 ut
3643 4794 3822 4868 quicun-

2247 4913 2360 4969 que
2377 4897 2445 4951 ad
2467 4897 2522 4951 id
2549 4898 2894 4968 pertinentia
2919 4898 3185 4951 similiter
3202 4897 3505 4952 defensare
3522 4898 3764 4949 nituntur,
3781 4883 3821 4934 el

2247 5007 2350 5062 par
2380 5007 2478 5045 eos
2509 4990 2756 5045 vindicta
2779 4990 3154 5062 constringat.
3179 5014 3204 5039 ‹‹
3234 4992 3354 5046 Non
3387 4991 3566 5045 solum
3597 4985 3728 5041 enim
3751 4972 3823 5048 ll“i

2246 5085 2481 5153 faciunt,
2513 5085 2613 5138 sed
2646 5085 2819 5139 etiam
2840 5085 2935 5157 qui
2964 5087 3335 5141 consentiunt
3365 5082 3681 5139 facientibus
3702 5067 3821 5140 digni

2248 5183 2381 5234 sunt
2409 5183 2589 5234 morte
2613 5166 2785 5250 (Rom.
2812 5195 2851 5247 Ι,
2875 5180 2984 5251 32),
3009 5203 3036 5230 ››
3061 5181 3195 5252 quia
3213 5197 3327 5233 non
3345 5179 3584 5233 multum
3604 5174 3821 5228 interesse

2247 5273 2490 5328 arbitror
2517 5275 2666 5328 inter
2685 5273 3093 5329 committentis
3111 5275 3373 5328 animum
3401 5276 3459 5326 et
3483 5256 3820 5325 consentientis

2247 5367 2516 5422 favorem.
2548 5369 2706 5422 Addo
2740 5372 2798 5422 et
2825 5369 3106 5440 amplius:
3154 5368 3495 5440 plerumque
3529 5358 3735 5418 dediscit
3755 5367 3818 5405 er-

2247 5479 2393 5531 rare,
2428 5463 2518 5517 cui
2546 5479 2716 5517 nemo
2759 5463 3061 5518 consentit.
3103 5465 3227 5517 Haec
3269 5462 3465 5533 igitur,
3494 5459 3679 5512 fratres
3721 5447 3818 5500 cha-

2247 5557 2480 5625 rissimi,
2511 5557 2569 5611 in
2597 5557 2926 5630 supradicta
2960 5561 3190 5612 maneat
3221 5558 3330 5612 ﬁxa
3361 5550 3650 5617 sententia,
3676 5538 3819 5637 absit)t

2244 5649 2400 5704 atriis
2445 5651 2687 5719 Domini,
2719 5657 2944 5706 careant
2982 5653 3261 5706 duntaxat
3297 5647 3551 5704 custodia
3587 5631 3816 5713 pastorali,

2249 5761 2315 5798 ne
2347 5745 2588 5799 duarum
2617 5747 2809 5800 ovium
2836 5747 2957 5801 dira
2977 5746 3244 5816 contagia
3264 5747 3489 5814 serpant
3513 5736 3719 5793 forsitan
3741 5737 3822 5798 per

2243 5839 2447 5908 vulgus
2487 5839 2803 5908 incautum,
2851 5841 3153 5912 rapacique
3203 5839 3371 5911 lupus
3431 5833 3588 5888 corde
3641 5826 3822 5879 laetetur
