  <div class='ocr_page' id='page_1' title='image "/cluster/home/n/w/nwhite01/storage/ocr_20150623/130/hvd.32044054759915/396.png"; bbox 0 0 4026 6182; ppageno 0'>
   <div class='ocr_carea' id='block_1_1' title="bbox 214 323 301 378">
    <p class='ocr_par' dir='ltr' id='par_1_1' title="bbox 214 323 301 378">
     <span class='ocr_line' id='line_1_1' title="bbox 214 323 301 378; baseline -0.023 0"><span class='ocrx_word' id='word_1_1' title='bbox 214 323 301 378; x_wconf 85' lang='grc'>733</span> 
     </span>
    </p>
   </div>
   <div class='ocr_carea' id='block_1_2' title="bbox 1400 317 2298 376">
    <p class='ocr_par' dir='ltr' id='par_1_2' title="bbox 1400 317 2298 376">
     <span class='ocr_line' id='line_1_2' title="bbox 1400 317 2298 376; baseline -0.001 -1"><span class='ocrx_word' id='word_1_2' title='bbox 1400 317 1872 376; x_wconf 76' lang='lat' dir='ltr'>DECRETALIUM</span> <span class='ocrx_word' id='word_1_3' title='bbox 1909 317 2298 376; x_wconf 83' lang='lat' dir='ltr'>COLLECTIO.</span> 
     </span>
    </p>
   </div>
   <div class='ocr_carea' id='block_1_3' title="bbox 3425 318 3530 373">
    <p class='ocr_par' dir='ltr' id='par_1_3' title="bbox 3425 318 3530 373">
     <span class='ocr_line' id='line_1_3' title="bbox 3425 318 3530 373; baseline 0 -1"><span class='ocrx_word' id='word_1_4' title='bbox 3425 318 3530 373; x_wconf 74' lang='grc'>734</span> 
     </span>
    </p>
   </div>
   <div class='ocr_carea' id='block_1_4' title="bbox 213 423 3526 512">
    <p class='ocr_par' dir='ltr' id='par_1_4' title="bbox 213 423 3526 512">
     <span class='ocr_line' id='line_1_4' title="bbox 213 423 3526 512; baseline -0.002 -29"><span class='ocrx_word' id='word_1_5' title='bbox 213 431 340 483; x_wconf 84' lang='lat' dir='ltr'>intra</span> <span class='ocrx_word' id='word_1_6' title='bbox 364 427 496 481; x_wconf 83' lang='lat' dir='ltr'>ovile</span> <span class='ocrx_word' id='word_1_7' title='bbox 523 423 766 492; x_wconf 89' lang='lat' dir='ltr'>Domini,</span> <span class='ocrx_word' id='word_1_8' title='bbox 795 443 926 481; x_wconf 92' lang='lat' dir='ltr'>cum</span> <span class='ocrx_word' id='word_1_9' title='bbox 953 444 1058 498; x_wconf 89' lang='lat' dir='ltr'>per</span> <span class='ocrx_word' id='word_1_10' title='bbox 1081 430 1260 483; x_wconf 88' lang='lat' dir='ltr'>tantas</span> <span class='ocrx_word' id='word_1_11' title='bbox 1292 428 1482 483; x_wconf 89' lang='lat' dir='ltr'>ovium</span> <span class='ocrx_word' id='word_1_12' title='bbox 1512 430 1665 484; x_wconf 89' lang='lat' dir='ltr'>fusas</span> <span class='ocrx_word' id='word_1_13' title='bbox 1697 447 1794 484; x_wconf 88' lang='lat' dir='ltr'>ca-</span> <span class='ocrx_word' id='word_1_14' title='bbox 1821 428 2272 512; x_wconf 73' lang='lat' dir='ltr'>Ajustiﬁcamur</span> <span class='ocrx_word' id='word_1_15' title='bbox 2298 429 2368 483; x_wconf 90' lang='lat' dir='ltr'>ab</span> <span class='ocrx_word' id='word_1_16' title='bbox 2398 428 2717 500; x_wconf 74' lang='lat' dir='ltr'>iniquitate,</span> <span class='ocrx_word' id='word_1_17' title='bbox 2743 428 2796 482; x_wconf 89' lang='lat' dir='ltr'>et</span> <span class='ocrx_word' id='word_1_18' title='bbox 2817 444 2935 500; x_wconf 86' lang='lat' dir='ltr'>qua</span> <span class='ocrx_word' id='word_1_19' title='bbox 2961 427 3246 480; x_wconf 84' lang='lat' dir='ltr'>salvamur</span> <span class='ocrx_word' id='word_1_20' title='bbox 3265 425 3334 479; x_wconf 89' lang='lat' dir='ltr'>ab</span> <span class='ocrx_word' id='word_1_21' title='bbox 3368 425 3526 479; x_wconf 83' lang='lat' dir='ltr'>inﬁr-</span> 
     </span>
    </p>
   </div>
   <div class='ocr_carea' id='block_1_5' title="bbox 213 520 1795 592">
    <p class='ocr_par' dir='ltr' id='par_1_5' title="bbox 213 520 1795 592">
     <span class='ocr_line' id='line_1_5' title="bbox 213 520 1795 592; baseline 0.001 -16"><span class='ocrx_word' id='word_1_22' title='bbox 213 527 367 576; x_wconf 83' lang='lat' dir='ltr'>tervas</span> <span class='ocrx_word' id='word_1_23' title='bbox 397 520 528 573; x_wconf 92' lang='lat' dir='ltr'>dum</span> <span class='ocrx_word' id='word_1_24' title='bbox 566 537 594 572; x_wconf 89' lang='lat' dir='ltr'>a</span> <span class='ocrx_word' id='word_1_25' title='bbox 624 520 952 575; x_wconf 80' lang='lat' dir='ltr'>custodibus</span> <span class='ocrx_word' id='word_1_26' title='bbox 981 521 1384 592; x_wconf 82' lang='lat' dir='ltr'>dissimulatur,</span> <span class='ocrx_word' id='word_1_27' title='bbox 1418 523 1657 578; x_wconf 90' lang='lat' dir='ltr'>habetur</span> <span class='ocrx_word' id='word_1_28' title='bbox 1676 524 1795 578; x_wconf 84' lang='lat' dir='ltr'>vul—</span> 
     </span>
    </p>
   </div>
   <div class='ocr_carea' id='block_1_6' title="bbox 210 614 1799 688">
    <p class='ocr_par' dir='ltr' id='par_1_6' title="bbox 210 614 1799 688">
     <span class='ocr_line' id='line_1_6' title="bbox 210 614 1799 688; baseline 0.001 -19"><span class='ocrx_word' id='word_1_29' title='bbox 210 632 299 669; x_wconf 88' lang='lat' dir='ltr'>nus</span> <span class='ocrx_word' id='word_1_30' title='bbox 319 614 565 667; x_wconf 88' lang='lat' dir='ltr'>duarum.</span> <span class='ocrx_word' id='word_1_31' title='bbox 589 614 940 684; x_wconf 89' lang='lat' dir='ltr'>Prospiciend</span> <span class='ocrx_word' id='word_1_32' title='bbox 951 632 1048 669; x_wconf 91' lang='lat' dir='ltr'>um</span> <span class='ocrx_word' id='word_1_33' title='bbox 1074 620 1158 669; x_wconf 90' lang='lat' dir='ltr'>est</span> <span class='ocrx_word' id='word_1_34' title='bbox 1173 633 1309 686; x_wconf 89' lang='lat' dir='ltr'>ergo</span> <span class='ocrx_word' id='word_1_35' title='bbox 1327 633 1399 671; x_wconf 87' lang='lat' dir='ltr'>ne</span> <span class='ocrx_word' id='word_1_36' title='bbox 1417 617 1799 688; x_wconf 88' lang='lat' dir='ltr'>permittendo</span> 
     </span>
    </p>
   </div>
   <div class='ocr_carea' id='block_1_7' title="bbox 213 707 1802 781">
    <p class='ocr_par' dir='ltr' id='par_1_7' title="bbox 213 707 1802 781">
     <span class='ocr_line' id='line_1_7' title="bbox 213 707 1802 781; baseline 0.001 -19"><span class='ocrx_word' id='word_1_37' title='bbox 213 710 383 778; x_wconf 88' lang='lat' dir='ltr'>lupum</span> <span class='ocrx_word' id='word_1_38' title='bbox 425 707 753 761; x_wconf 79' lang='lat' dir='ltr'>mercenarii</span> <span class='ocrx_word' id='word_1_39' title='bbox 786 708 970 778; x_wconf 88' lang='lat' dir='ltr'>magis</span> <span class='ocrx_word' id='word_1_40' title='bbox 1007 725 1177 780; x_wconf 89' lang='lat' dir='ltr'>quam</span> <span class='ocrx_word' id='word_1_41' title='bbox 1216 714 1474 781; x_wconf 85' lang='lat' dir='ltr'>pastores</span> <span class='ocrx_word' id='word_1_42' title='bbox 1507 710 1802 765; x_wconf 75' lang='lat' dir='ltr'>videmur</span> 
     </span>
    </p>
   </div>
   <div class='ocr_carea' id='block_1_8' title="bbox 213 801 1803 872">
    <p class='ocr_par' dir='ltr' id='par_1_8' title="bbox 213 801 1803 872">
     <span class='ocr_line' id='line_1_8' title="bbox 213 801 1803 872; baseline 0.002 -18"><span class='ocrx_word' id='word_1_43' title='bbox 213 819 331 855; x_wconf 87' lang='lat' dir='ltr'>esse.</span> <span class='ocrx_word' id='word_1_44' title='bbox 362 801 622 855; x_wconf 85' lang='lat' dir='ltr'>Jubemus</span> <span class='ocrx_word' id='word_1_45' title='bbox 662 818 795 856; x_wconf 84' lang='lat' dir='ltr'>sane</span> <span class='ocrx_word' id='word_1_46' title='bbox 831 802 964 872; x_wconf 85' lang='lat' dir='ltr'>quia</span> <span class='ocrx_word' id='word_1_47' title='bbox 1001 803 1256 858; x_wconf 88' lang='lat' dir='ltr'>Christus</span> <span class='ocrx_word' id='word_1_48' title='bbox 1301 805 1578 859; x_wconf 85' lang='lat' dir='ltr'>Dominus</span> <span class='ocrx_word' id='word_1_49' title='bbox 1608 809 1803 859; x_wconf 84' lang='lat' dir='ltr'>noster</span> 
     </span>
    </p>
   </div>
   <div class='ocr_carea' id='block_1_9' title="bbox 213 893 1803 965">
    <p class='ocr_par' dir='ltr' id='par_1_9' title="bbox 213 893 1803 965">
     <span class='ocr_line' id='line_1_9' title="bbox 213 893 1803 965; baseline 0.002 -18"><span class='ocrx_word' id='word_1_50' title='bbox 213 893 412 965; x_wconf 85' lang='lat' dir='ltr'>propria</span> <span class='ocrx_word' id='word_1_51' title='bbox 444 911 573 948; x_wconf 90' lang='lat' dir='ltr'>voce</span> <span class='ocrx_word' id='word_1_52' title='bbox 607 894 872 964; x_wconf 80' lang='lat' dir='ltr'>signavit,</span> <span class='ocrx_word' id='word_1_53' title='bbox 922 897 1072 952; x_wconf 96' lang='lat' dir='ltr'>nolle</span> <span class='ocrx_word' id='word_1_54' title='bbox 1113 913 1172 951; x_wconf 91' lang='lat' dir='ltr'>se</span> <span class='ocrx_word' id='word_1_55' title='bbox 1215 903 1460 953; x_wconf 89' lang='lat' dir='ltr'>mortem</span> <span class='ocrx_word' id='word_1_56' title='bbox 1505 898 1803 953; x_wconf 90' lang='lat' dir='ltr'>morientis</span> 
     </span>
    </p>
   </div>
   <div class='ocr_carea' id='block_1_10' title="bbox 212 988 1802 1062">
    <p class='ocr_par' dir='ltr' id='par_1_10' title="bbox 212 988 1802 1062">
     <span class='ocr_line' id='line_1_10' title="bbox 212 988 1802 1062; baseline 0.003 -21"><span class='ocrx_word' id='word_1_57' title='bbox 212 992 420 1055; x_wconf 85' lang='lat' dir='ltr'>tantum,</span> <span class='ocrx_word' id='word_1_58' title='bbox 464 988 559 1041; x_wconf 93' lang='lat' dir='ltr'>sed</span> <span class='ocrx_word' id='word_1_59' title='bbox 600 991 922 1042; x_wconf 84' lang='lat' dir='ltr'>revertatur</span> <span class='ocrx_word' id='word_1_60' title='bbox 965 993 1022 1044; x_wconf 91' lang='lat' dir='ltr'>et</span> <span class='ocrx_word' id='word_1_61' title='bbox 1063 991 1232 1059; x_wconf 83' lang='lat' dir='ltr'>vivat,</span> <span class='ocrx_word' id='word_1_62' title='bbox 1265 995 1330 1047; x_wconf 90' lang='lat' dir='ltr'>ut</span> <span class='ocrx_word' id='word_1_63' title='bbox 1363 993 1411 1045; x_wconf 88' lang='lat' dir='ltr'>si</span> <span class='ocrx_word' id='word_1_64' title='bbox 1444 1008 1701 1062; x_wconf 89' lang='lat' dir='ltr'>unquam</span> <span class='ocrx_word' id='word_1_65' title='bbox 1731 992 1802 1046; x_wconf 90' lang='lat' dir='ltr'>ad</span> 
     </span>
    </p>
   </div>
   <div class='ocr_carea' id='block_1_11' title="bbox 213 1079 1804 1156">
    <p class='ocr_par' dir='ltr' id='par_1_11' title="bbox 213 1079 1804 1156">
     <span class='ocr_line' id='line_1_11' title="bbox 213 1079 1804 1156; baseline 0.004 -23"><span class='ocrx_word' id='word_1_66' title='bbox 213 1097 382 1134; x_wconf 83' lang='lat' dir='ltr'>sanum</span> <span class='ocrx_word' id='word_1_67' title='bbox 414 1079 482 1134; x_wconf 91' lang='lat' dir='ltr'>de</span> <span class='ocrx_word' id='word_1_68' title='bbox 514 1081 802 1151; x_wconf 89' lang='lat' dir='ltr'>proposito</span> <span class='ocrx_word' id='word_1_69' title='bbox 831 1083 990 1153; x_wconf 86' lang='lat' dir='ltr'>pravi</span> <span class='ocrx_word' id='word_1_70' title='bbox 1019 1084 1305 1156; x_wconf 87' lang='lat' dir='ltr'>dogmatis</span> <span class='ocrx_word' id='word_1_71' title='bbox 1337 1102 1531 1141; x_wconf 89' lang='lat' dir='ltr'>errore</span> <span class='ocrx_word' id='word_1_72' title='bbox 1555 1085 1804 1156; x_wconf 89' lang='lat' dir='ltr'>resipue-</span> 
     </span>
    </p>
   </div>
   <div class='ocr_carea' id='block_1_12' title="bbox 212 1173 1801 1250">
    <p class='ocr_par' dir='ltr' id='par_1_12' title="bbox 212 1173 1801 1250">
     <span class='ocr_line' id='line_1_12' title="bbox 212 1173 1801 1250; baseline 0.004 -24"><span class='ocrx_word' id='word_1_73' title='bbox 212 1173 323 1238; x_wconf 84' lang='lat' dir='ltr'>rint,</span> <span class='ocrx_word' id='word_1_74' title='bbox 369 1173 863 1245; x_wconf 89' lang='lat' dir='ltr'>damnaverintque</span> <span class='ocrx_word' id='word_1_75' title='bbox 921 1193 988 1231; x_wconf 88' lang='lat' dir='ltr'>ea</span> <span class='ocrx_word' id='word_1_76' title='bbox 1029 1194 1276 1248; x_wconf 90' lang='lat' dir='ltr'>quorum</span> <span class='ocrx_word' id='word_1_77' title='bbox 1323 1179 1536 1250; x_wconf 88' lang='lat' dir='ltr'>seipsos</span> <span class='ocrx_word' id='word_1_78' title='bbox 1583 1195 1801 1250; x_wconf 69' lang='lat' dir='ltr'>praeva-</span> 
     </span>
    </p>
   </div>
   <div class='ocr_carea' id='block_1_13' title="bbox 213 1265 1804 1339">
    <p class='ocr_par' dir='ltr' id='par_1_13' title="bbox 213 1265 1804 1339">
     <span class='ocr_line' id='line_1_13' title="bbox 213 1265 1804 1339; baseline 0.004 -20"><span class='ocrx_word' id='word_1_79' title='bbox 213 1265 448 1320; x_wconf 88' lang='lat' dir='ltr'>ricatione</span> <span class='ocrx_word' id='word_1_80' title='bbox 492 1267 921 1337; x_wconf 88' lang='lat' dir='ltr'>damnaverunt,</span> <span class='ocrx_word' id='word_1_81' title='bbox 965 1271 1048 1324; x_wconf 91' lang='lat' dir='ltr'>eis</span> <span class='ocrx_word' id='word_1_82' title='bbox 1086 1271 1437 1326; x_wconf 88' lang='lat' dir='ltr'>medicinam</span> <span class='ocrx_word' id='word_1_83' title='bbox 1465 1273 1716 1339; x_wconf 85' lang='lat' dir='ltr'>solitam,</span> <span class='ocrx_word' id='word_1_84' title='bbox 1749 1272 1804 1326; x_wconf 92' lang='lat' dir='ltr'>id</span> 
     </span>
    </p>
   </div>
   <div class='ocr_carea' id='block_1_14' title="bbox 212 1362 1805 1438">
    <p class='ocr_par' dir='ltr' id='par_1_14' title="bbox 212 1362 1805 1438">
     <span class='ocr_line' id='line_1_14' title="bbox 212 1362 1805 1438; baseline 0.005 -26"><span class='ocrx_word' id='word_1_85' title='bbox 212 1365 296 1426; x_wconf 89' lang='lat' dir='ltr'>est,</span> <span class='ocrx_word' id='word_1_86' title='bbox 323 1362 726 1431; x_wconf 86' lang='lat' dir='ltr'>receptaculum</span> <span class='ocrx_word' id='word_1_87' title='bbox 765 1379 930 1417; x_wconf 90' lang='lat' dir='ltr'>suum</span> <span class='ocrx_word' id='word_1_88' title='bbox 962 1365 1033 1418; x_wconf 90' lang='lat' dir='ltr'>ab</span> <span class='ocrx_word' id='word_1_89' title='bbox 1061 1365 1307 1420; x_wconf 89' lang='lat' dir='ltr'>Ecclesia</span> <span class='ocrx_word' id='word_1_90' title='bbox 1336 1383 1453 1420; x_wconf 88' lang='lat' dir='ltr'>non</span> <span class='ocrx_word' id='word_1_91' title='bbox 1482 1366 1701 1438; x_wconf 90' lang='lat' dir='ltr'>negari,</span> <span class='ocrx_word' id='word_1_92' title='bbox 1733 1382 1805 1420; x_wconf 89' lang='lat' dir='ltr'>ne</span> 
     </span>
    </p>
   </div>
   <div class='ocr_carea' id='block_1_15' title="bbox 213 1453 1807 1529">
    <p class='ocr_par' dir='ltr' id='par_1_15' title="bbox 213 1453 1807 1529">
     <span class='ocr_line' id='line_1_15' title="bbox 213 1453 1807 1529; baseline 0.004 -23"><span class='ocrx_word' id='word_1_93' title='bbox 213 1453 326 1507; x_wconf 90' lang='lat' dir='ltr'>dum</span> <span class='ocrx_word' id='word_1_94' title='bbox 350 1470 439 1507; x_wconf 89' lang='lat' dir='ltr'>eos</span> <span class='ocrx_word' id='word_1_95' title='bbox 463 1455 767 1510; x_wconf 89' lang='lat' dir='ltr'>redeuntes</span> <span class='ocrx_word' id='word_1_96' title='bbox 802 1457 1037 1512; x_wconf 85' lang='lat' dir='ltr'>forsitan</span> <span class='ocrx_word' id='word_1_97' title='bbox 1071 1459 1445 1529; x_wconf 87' lang='lat' dir='ltr'>prohibemus</span> <span class='ocrx_word' id='word_1_98' title='bbox 1479 1477 1610 1513; x_wconf 88' lang='lat' dir='ltr'>vere</span> <span class='ocrx_word' id='word_1_99' title='bbox 1652 1462 1807 1514; x_wconf 81' lang='lat' dir='ltr'>extra</span> 
     </span>
    </p>
   </div>
   <div class='ocr_carea' id='block_1_16' title="bbox 213 1547 1803 1624">
    <p class='ocr_par' dir='ltr' id='par_1_16' title="bbox 213 1547 1803 1624">
     <span class='ocr_line' id='line_1_16' title="bbox 213 1547 1803 1624; baseline 0.004 -24"><span class='ocrx_word' id='word_1_100' title='bbox 213 1547 333 1600; x_wconf 87' lang='lat' dir='ltr'>ovile</span> <span class='ocrx_word' id='word_1_101' title='bbox 364 1552 724 1604; x_wconf 88' lang='lat' dir='ltr'>remanentes</span> <span class='ocrx_word' id='word_1_102' title='bbox 754 1555 810 1604; x_wconf 90' lang='lat' dir='ltr'>et</span> <span class='ocrx_word' id='word_1_103' title='bbox 838 1556 1232 1622; x_wconf 84' lang='lat' dir='ltr'>exspectantes</span> <span class='ocrx_word' id='word_1_104' title='bbox 1259 1554 1436 1608; x_wconf 87' lang='lat' dir='ltr'>hostis</span> <span class='ocrx_word' id='word_1_105' title='bbox 1466 1553 1644 1624; x_wconf 87' lang='lat' dir='ltr'>rapidi</span> <span class='ocrx_word' id='word_1_106' title='bbox 1674 1553 1803 1607; x_wconf 89' lang='lat' dir='ltr'>fau-</span> 
     </span>
    </p>
   </div>
   <div class='ocr_carea' id='block_1_17' title="bbox 213 1640 1805 1718">
    <p class='ocr_par' dir='ltr' id='par_1_17' title="bbox 213 1640 1805 1718">
     <span class='ocr_line' id='line_1_17' title="bbox 213 1640 1805 1718; baseline 0.006 -26"><span class='ocrx_word' id='word_1_107' title='bbox 213 1640 342 1693; x_wconf 88' lang='lat' dir='ltr'>cibus</span> <span class='ocrx_word' id='word_1_108' title='bbox 370 1641 699 1712; x_wconf 83' lang='lat' dir='ltr'>glutiantur,</span> <span class='ocrx_word' id='word_1_109' title='bbox 742 1661 883 1714; x_wconf 91' lang='lat' dir='ltr'>quas</span> <span class='ocrx_word' id='word_1_110' title='bbox 924 1645 984 1700; x_wconf 92' lang='lat' dir='ltr'>in</span> <span class='ocrx_word' id='word_1_111' title='bbox 1016 1647 1349 1718; x_wconf 90' lang='lat' dir='ltr'>semetipsos</span> <span class='ocrx_word' id='word_1_112' title='bbox 1379 1647 1606 1718; x_wconf 90' lang='lat' dir='ltr'>spiculis</span> <span class='ocrx_word' id='word_1_113' title='bbox 1636 1647 1805 1701; x_wconf 62' lang='lat' dir='ltr'>malas</span> 
     </span>
    </p>
   </div>
   <div class='ocr_carea' id='block_1_18' title="bbox 211 1733 1808 1809">
    <p class='ocr_par' dir='ltr' id='par_1_18' title="bbox 211 1733 1808 1809">
     <span class='ocr_line' id='line_1_18' title="bbox 211 1733 1808 1809; baseline 0.005 -23"><span class='ocrx_word' id='word_1_114' title='bbox 211 1733 574 1803; x_wconf 82' lang='lat' dir='ltr'>disputationis</span> <span class='ocrx_word' id='word_1_115' title='bbox 624 1743 940 1793; x_wconf 87' lang='lat' dir='ltr'>armarunt.</span> <span class='ocrx_word' id='word_1_116' title='bbox 984 1739 1133 1793; x_wconf 90' lang='lat' dir='ltr'>Bene</span> <span class='ocrx_word' id='word_1_117' title='bbox 1172 1741 1376 1809; x_wconf 89' lang='lat' dir='ltr'>valete,</span> <span class='ocrx_word' id='word_1_118' title='bbox 1415 1741 1636 1796; x_wconf 86' lang='lat' dir='ltr'>fratres.</span> <span class='ocrx_word' id='word_1_119' title='bbox 1669 1742 1808 1794; x_wconf 87' lang='lat' dir='ltr'>Data</span> 
     </span>
    </p>
   </div>
   <div class='ocr_carea' id='block_1_19' title="bbox 1897 519 3532 594">
    <p class='ocr_par' dir='ltr' id='par_1_19' title="bbox 1897 519 3532 594">
     <span class='ocr_line' id='line_1_19' title="bbox 1897 519 3532 594; baseline -0.001 -18"><span class='ocrx_word' id='word_1_120' title='bbox 1897 526 2118 588; x_wconf 84' lang='lat' dir='ltr'>mitate,</span> <span class='ocrx_word' id='word_1_121' title='bbox 2148 539 2266 577; x_wconf 91' lang='lat' dir='ltr'>non</span> <span class='ocrx_word' id='word_1_122' title='bbox 2305 539 2421 594; x_wconf 90' lang='lat' dir='ltr'>qua</span> <span class='ocrx_word' id='word_1_123' title='bbox 2457 523 2628 576; x_wconf 79' lang='lat' dir='ltr'>creati</span> <span class='ocrx_word' id='word_1_124' title='bbox 2677 539 2870 575; x_wconf 88' lang='lat' dir='ltr'>sumus</span> <span class='ocrx_word' id='word_1_125' title='bbox 2913 537 3046 574; x_wconf 85' lang='lat' dir='ltr'>cum</span> <span class='ocrx_word' id='word_1_126' title='bbox 3077 519 3306 591; x_wconf 89' lang='lat' dir='ltr'>propria</span> <span class='ocrx_word' id='word_1_127' title='bbox 3336 520 3532 574; x_wconf 88' lang='lat' dir='ltr'>volun-</span> 
     </span>
    </p>
   </div>
   <div class='ocr_carea' id='block_1_20' title="bbox 1899 613 3530 685">
    <p class='ocr_par' dir='ltr' id='par_1_20' title="bbox 1899 613 3530 685">
     <span class='ocr_line' id='line_1_20' title="bbox 1899 613 3530 685; baseline -0.002 -16"><span class='ocrx_word' id='word_1_128' title='bbox 1899 619 2033 669; x_wconf 85' lang='lat' dir='ltr'>tate.</span> <span class='ocrx_word' id='word_1_129' title='bbox 2066 617 2208 670; x_wconf 89' lang='lat' dir='ltr'>Nam</span> <span class='ocrx_word' id='word_1_130' title='bbox 2255 617 2300 669; x_wconf 88' lang='lat' dir='ltr'>si</span> <span class='ocrx_word' id='word_1_131' title='bbox 2345 615 2750 670; x_wconf 83' lang='lat' dir='ltr'>intellexissent</span> <span class='ocrx_word' id='word_1_132' title='bbox 2791 615 2872 668; x_wconf 89' lang='lat' dir='ltr'>illi</span> <span class='ocrx_word' id='word_1_133' title='bbox 2911 631 3036 668; x_wconf 88' lang='lat' dir='ltr'>eam</span> <span class='ocrx_word' id='word_1_134' title='bbox 3075 613 3322 685; x_wconf 89' lang='lat' dir='ltr'>episcopi</span> <span class='ocrx_word' id='word_1_135' title='bbox 3369 613 3530 666; x_wconf 90' lang='lat' dir='ltr'>illum</span> 
     </span>
    </p>
   </div>
   <div class='ocr_carea' id='block_1_21' title="bbox 1902 707 3528 780">
    <p class='ocr_par' dir='ltr' id='par_1_21' title="bbox 1902 707 3528 780">
     <span class='ocr_line' id='line_1_21' title="bbox 1902 707 3528 780; baseline -0.002 -17"><span class='ocrx_word' id='word_1_136' title='bbox 1902 709 2087 764; x_wconf 89' lang='lat' dir='ltr'>dicere</span> <span class='ocrx_word' id='word_1_137' title='bbox 2100 709 2347 779; x_wconf 83' lang='lat' dir='ltr'>gratiam</span> <span class='ocrx_word' id='word_1_138' title='bbox 2363 725 2532 780; x_wconf 91' lang='lat' dir='ltr'>quam</span> <span class='ocrx_word' id='word_1_139' title='bbox 2548 709 2720 762; x_wconf 86' lang='lat' dir='ltr'>etiam</span> <span class='ocrx_word' id='word_1_140' title='bbox 2736 725 2865 762; x_wconf 88' lang='lat' dir='ltr'>cum</span> <span class='ocrx_word' id='word_1_141' title='bbox 2880 708 3069 778; x_wconf 90' lang='lat' dir='ltr'>impiis</span> <span class='ocrx_word' id='word_1_142' title='bbox 3082 707 3382 776; x_wconf 88' lang='lat' dir='ltr'>habemus,</span> <span class='ocrx_word' id='word_1_143' title='bbox 3398 723 3528 760; x_wconf 90' lang='lat' dir='ltr'>cum</span> 
     </span>
    </p>
   </div>
   <div class='ocr_carea' id='block_1_22' title="bbox 1900 800 3532 874">
    <p class='ocr_par' dir='ltr' id='par_1_22' title="bbox 1900 800 3532 874">
     <span class='ocr_line' id='line_1_22' title="bbox 1900 800 3532 874; baseline -0.002 -18"><span class='ocrx_word' id='word_1_144' title='bbox 1900 803 2109 874; x_wconf 88' lang='lat' dir='ltr'>quibus</span> <span class='ocrx_word' id='word_1_145' title='bbox 2121 803 2386 857; x_wconf 88' lang='lat' dir='ltr'>homines</span> <span class='ocrx_word' id='word_1_146' title='bbox 2402 817 2618 868; x_wconf 89' lang='lat' dir='ltr'>sumus,</span> <span class='ocrx_word' id='word_1_147' title='bbox 2633 802 2831 872; x_wconf 89' lang='lat' dir='ltr'>negari</span> <span class='ocrx_word' id='word_1_148' title='bbox 2843 818 2972 856; x_wconf 87' lang='lat' dir='ltr'>vero</span> <span class='ocrx_word' id='word_1_149' title='bbox 2984 818 3108 855; x_wconf 89' lang='lat' dir='ltr'>eam</span> <span class='ocrx_word' id='word_1_150' title='bbox 3124 817 3253 872; x_wconf 89' lang='lat' dir='ltr'>qua,</span> <span class='ocrx_word' id='word_1_151' title='bbox 3269 800 3532 857; x_wconf 89' lang='lat' dir='ltr'>Christia-</span> 
     </span>
    </p>
   </div>
   <div class='ocr_carea' id='block_1_23' title="bbox 1903 894 3530 966">
    <p class='ocr_par' dir='ltr' id='par_1_23' title="bbox 1903 894 3530 966">
     <span class='ocr_line' id='line_1_23' title="bbox 1903 894 3530 966; baseline -0.002 -16"><span class='ocrx_word' id='word_1_152' title='bbox 1903 897 1960 950; x_wconf 91' lang='lat' dir='ltr'>ni</span> <span class='ocrx_word' id='word_1_153' title='bbox 1980 904 2036 951; x_wconf 90' lang='lat' dir='ltr'>et</span> <span class='ocrx_word' id='word_1_154' title='bbox 2052 897 2149 950; x_wconf 82' lang='lat' dir='ltr'>lilii</span> <span class='ocrx_word' id='word_1_155' title='bbox 2170 897 2268 950; x_wconf 90' lang='lat' dir='ltr'>Dei</span> <span class='ocrx_word' id='word_1_156' title='bbox 2289 913 2503 965; x_wconf 89' lang='lat' dir='ltr'>sumus,</span> <span class='ocrx_word' id='word_1_157' title='bbox 2522 895 2646 966; x_wconf 89' lang='lat' dir='ltr'>quis</span> <span class='ocrx_word' id='word_1_158' title='bbox 2665 911 2797 949; x_wconf 90' lang='lat' dir='ltr'>eum</span> <span class='ocrx_word' id='word_1_159' title='bbox 2815 895 3099 965; x_wconf 86' lang='lat' dir='ltr'>patienter</span> <span class='ocrx_word' id='word_1_160' title='bbox 3119 894 3530 949; x_wconf 88' lang='lat' dir='ltr'>catholicorum</span> 
     </span>
    </p>
   </div>
   <div class='ocr_carea' id='block_1_24' title="bbox 1902 986 3534 1058">
    <p class='ocr_par' dir='ltr' id='par_1_24' title="bbox 1902 986 3534 1058">
     <span class='ocr_line' id='line_1_24' title="bbox 1902 986 3534 1058; baseline -0.004 -14"><span class='ocrx_word' id='word_1_161' title='bbox 1902 991 2300 1058; x_wconf 88' lang='lat' dir='ltr'>sacerdotum,</span> <span class='ocrx_word' id='word_1_162' title='bbox 2345 1005 2461 1043; x_wconf 91' lang='lat' dir='ltr'>non</span> <span class='ocrx_word' id='word_1_163' title='bbox 2508 989 2748 1042; x_wconf 86' lang='lat' dir='ltr'>dicimus</span> <span class='ocrx_word' id='word_1_164' title='bbox 2775 988 3017 1053; x_wconf 87' lang='lat' dir='ltr'>audiret,</span> <span class='ocrx_word' id='word_1_165' title='bbox 3051 988 3145 1042; x_wconf 89' lang='lat' dir='ltr'>sed</span> <span class='ocrx_word' id='word_1_166' title='bbox 3181 993 3308 1042; x_wconf 86' lang='lat' dir='ltr'>ante</span> <span class='ocrx_word' id='word_1_167' title='bbox 3343 986 3534 1041; x_wconf 89' lang='lat' dir='ltr'>oculos</span> 
     </span>
    </p>
   </div>
   <div class='ocr_carea' id='block_1_25' title="bbox 1903 1081 3535 1152">
    <p class='ocr_par' dir='ltr' id='par_1_25' title="bbox 1903 1081 3535 1152">
     <span class='ocr_line' id='line_1_25' title="bbox 1903 1081 3535 1152; baseline -0.003 -13"><span class='ocrx_word' id='word_1_168' title='bbox 1903 1101 2037 1139; x_wconf 90' lang='lat' dir='ltr'>suos</span> <span class='ocrx_word' id='word_1_169' title='bbox 2080 1083 2298 1138; x_wconf 85' lang='lat' dir='ltr'>ferret?</span> <span class='ocrx_word' id='word_1_170' title='bbox 2339 1083 2697 1152; x_wconf 88' lang='lat' dir='ltr'>Quapropter</span> <span class='ocrx_word' id='word_1_171' title='bbox 2721 1099 2833 1135; x_wconf 91' lang='lat' dir='ltr'>non</span> <span class='ocrx_word' id='word_1_172' title='bbox 2861 1081 3129 1152; x_wconf 88' lang='lat' dir='ltr'>culpandi</span> <span class='ocrx_word' id='word_1_173' title='bbox 3159 1084 3290 1134; x_wconf 90' lang='lat' dir='ltr'>sunt</span> <span class='ocrx_word' id='word_1_174' title='bbox 3311 1081 3535 1151; x_wconf 87' lang='lat' dir='ltr'>judices</span> 
     </span>
    </p>
   </div>
   <div class='ocr_carea' id='block_1_26' title="bbox 1904 1173 3536 1250">
    <p class='ocr_par' dir='ltr' id='par_1_26' title="bbox 1904 1173 3536 1250">
     <span class='ocr_line' id='line_1_26' title="bbox 1904 1173 3536 1250; baseline -0.002 -18"><span class='ocrx_word' id='word_1_175' title='bbox 1904 1179 2002 1250; x_wconf 89' lang='lat' dir='ltr'>qui</span> <span class='ocrx_word' id='word_1_176' title='bbox 2021 1177 2393 1232; x_wconf 88' lang='lat' dir='ltr'>ecclesiastica</span> <span class='ocrx_word' id='word_1_177' title='bbox 2412 1176 2823 1231; x_wconf 89' lang='lat' dir='ltr'>consuetudine</span> <span class='ocrx_word' id='word_1_178' title='bbox 2853 1176 3052 1245; x_wconf 56' lang='lat' dir='ltr'>gratia:</span> <span class='ocrx_word' id='word_1_179' title='bbox 3087 1173 3536 1228; x_wconf 71' lang='lat' dir='ltr'>nomem~audie-</span> 
     </span>
    </p>
   </div>
   <div class='ocr_carea' id='block_1_27' title="bbox 1903 1268 3534 1340">
    <p class='ocr_par' dir='ltr' id='par_1_27' title="bbox 1903 1268 3534 1340">
     <span class='ocr_line' id='line_1_27' title="bbox 1903 1268 3534 1340; baseline -0.003 -14"><span class='ocrx_word' id='word_1_180' title='bbox 1903 1276 2056 1338; x_wconf 89' lang='lat' dir='ltr'>runt,</span> <span class='ocrx_word' id='word_1_181' title='bbox 2087 1271 2402 1325; x_wconf 85' lang='lat' dir='ltr'>nescientes</span> <span class='ocrx_word' id='word_1_182' title='bbox 2445 1269 2582 1340; x_wconf 92' lang='lat' dir='ltr'>quid</span> <span class='ocrx_word' id='word_1_183' title='bbox 2627 1269 2958 1340; x_wconf 88' lang='lat' dir='ltr'>hujusmodi</span> <span class='ocrx_word' id='word_1_184' title='bbox 3003 1268 3262 1322; x_wconf 88' lang='lat' dir='ltr'>homines</span> <span class='ocrx_word' id='word_1_185' title='bbox 3305 1269 3388 1321; x_wconf 85' lang='lat' dir='ltr'>vel</span> <span class='ocrx_word' id='word_1_186' title='bbox 3421 1284 3534 1321; x_wconf 66' lang='lat' dir='ltr'>sure</span> 
     </span>
    </p>
   </div>
   <div class='ocr_carea' id='block_1_28' title="bbox 1907 1362 3532 1432">
    <p class='ocr_par' dir='ltr' id='par_1_28' title="bbox 1907 1362 3532 1432">
     <span class='ocr_line' id='line_1_28' title="bbox 1907 1362 3532 1432; baseline -0.002 -13"><span class='ocrx_word' id='word_1_187' title='bbox 1907 1365 2176 1419; x_wconf 71' lang='lat' dir='ltr'>doctrina:</span> <span class='ocrx_word' id='word_1_188' title='bbox 2204 1364 2379 1430; x_wconf 90' lang='lat' dir='ltr'>libris,</span> <span class='ocrx_word' id='word_1_189' title='bbox 2403 1365 2492 1417; x_wconf 91' lang='lat' dir='ltr'>vel</span> <span class='ocrx_word' id='word_1_190' title='bbox 2513 1379 2748 1417; x_wconf 89' lang='lat' dir='ltr'>suorum</span> <span class='ocrx_word' id='word_1_191' title='bbox 2777 1363 2959 1416; x_wconf 87' lang='lat' dir='ltr'>solent</span> <span class='ocrx_word' id='word_1_192' title='bbox 2981 1362 3213 1416; x_wconf 88' lang='lat' dir='ltr'>auribus</span> <span class='ocrx_word' id='word_1_193' title='bbox 3245 1377 3532 1432; x_wconf 85' lang='lat' dir='ltr'>spargere.</span> 
     </span>
    </p>
   </div>
   <div class='ocr_carea' id='block_1_29' title="bbox 1905 1455 3537 1529">
    <p class='ocr_par' dir='ltr' id='par_1_29' title="bbox 1905 1455 3537 1529">
     <span class='ocr_line' id='line_1_29' title="bbox 1905 1455 3537 1529; baseline -0.002 -17"><span class='ocrx_word' id='word_1_194' title='bbox 1905 1460 2024 1513; x_wconf 87' lang='lat' dir='ltr'>Non</span> <span class='ocrx_word' id='word_1_195' title='bbox 2053 1458 2242 1529; x_wconf 88' lang='lat' dir='ltr'>agitur</span> <span class='ocrx_word' id='word_1_196' title='bbox 2267 1458 2334 1511; x_wconf 91' lang='lat' dir='ltr'>de</span> <span class='ocrx_word' id='word_1_197' title='bbox 2385 1474 2495 1510; x_wconf 90' lang='lat' dir='ltr'>uno</span> <span class='ocrx_word' id='word_1_198' title='bbox 2523 1455 2769 1526; x_wconf 86' lang='lat' dir='ltr'>Pelagio,</span> <span class='ocrx_word' id='word_1_199' title='bbox 2808 1472 2942 1526; x_wconf 83' lang='lat' dir='ltr'>quia</span> <span class='ocrx_word' id='word_1_200' title='bbox 2981 1455 3211 1509; x_wconf 86' lang='lat' dir='ltr'>fortasse</span> <span class='ocrx_word' id='word_1_201' title='bbox 3255 1459 3537 1509; x_wconf 88' lang='lat' dir='ltr'>correctus</span> 
     </span>
    </p>
   </div>
   <div class='ocr_carea' id='block_1_30' title="bbox 1907 1548 3539 1622">
    <p class='ocr_par' dir='ltr' id='par_1_30' title="bbox 1907 1548 3539 1622">
     <span class='ocr_line' id='line_1_30' title="bbox 1907 1548 3539 1622; baseline -0.002 -16"><span class='ocrx_word' id='word_1_202' title='bbox 1907 1556 1993 1606; x_wconf 90' lang='lat' dir='ltr'>est</span> <span class='ocrx_word' id='word_1_203' title='bbox 2020 1553 2193 1622; x_wconf 90' lang='lat' dir='ltr'>(quod</span> <span class='ocrx_word' id='word_1_204' title='bbox 2235 1552 2455 1604; x_wconf 90' lang='lat' dir='ltr'>utinam</span> <span class='ocrx_word' id='word_1_205' title='bbox 2485 1551 2564 1604; x_wconf 91' lang='lat' dir='ltr'>ita</span> <span class='ocrx_word' id='word_1_206' title='bbox 2593 1550 2702 1620; x_wconf 88' lang='lat' dir='ltr'>sit),</span> <span class='ocrx_word' id='word_1_207' title='bbox 2737 1549 2836 1604; x_wconf 87' lang='lat' dir='ltr'>sed</span> <span class='ocrx_word' id='word_1_208' title='bbox 2869 1549 2936 1602; x_wconf 91' lang='lat' dir='ltr'>de</span> <span class='ocrx_word' id='word_1_209' title='bbox 2963 1551 3080 1602; x_wconf 90' lang='lat' dir='ltr'>tam</span> <span class='ocrx_word' id='word_1_210' title='bbox 3109 1548 3301 1601; x_wconf 91' lang='lat' dir='ltr'>multis</span> <span class='ocrx_word' id='word_1_211' title='bbox 3331 1548 3539 1618; x_wconf 88' lang='lat' dir='ltr'>quibus</span> 
     </span>
    </p>
   </div>
   <div class='ocr_carea' id='block_1_31' title="bbox 1906 1641 3536 1717">
    <p class='ocr_par' dir='ltr' id='par_1_31' title="bbox 1906 1641 3536 1717">
     <span class='ocr_line' id='line_1_31' title="bbox 1906 1641 3536 1717; baseline -0.003 -18"><span class='ocrx_word' id='word_1_212' title='bbox 1906 1645 2220 1717; x_wconf 89' lang='lat' dir='ltr'>loquaciter</span> <span class='ocrx_word' id='word_1_213' title='bbox 2237 1643 2711 1699; x_wconf 86' lang='lat' dir='ltr'>contendentibus</span> <span class='ocrx_word' id='word_1_214' title='bbox 2739 1647 2795 1696; x_wconf 90' lang='lat' dir='ltr'>et</span> <span class='ocrx_word' id='word_1_215' title='bbox 2815 1643 3073 1696; x_wconf 89' lang='lat' dir='ltr'>inﬁrmas</span> <span class='ocrx_word' id='word_1_216' title='bbox 3091 1645 3260 1712; x_wconf 86' lang='lat' dir='ltr'>atque</span> <span class='ocrx_word' id='word_1_217' title='bbox 3281 1641 3536 1695; x_wconf 88' lang='lat' dir='ltr'>inerudi-</span> 
     </span>
    </p>
   </div>
   <div class='ocr_carea' id='block_1_32' title="bbox 1906 1734 3537 1806">
    <p class='ocr_par' dir='ltr' id='par_1_32' title="bbox 1906 1734 3537 1806">
     <span class='ocr_line' id='line_1_32' title="bbox 1906 1734 3537 1806; baseline -0.003 -13"><span class='ocrx_word' id='word_1_218' title='bbox 1906 1745 1990 1794; x_wconf 88' lang='lat' dir='ltr'>tas</span> <span class='ocrx_word' id='word_1_219' title='bbox 2006 1739 2223 1793; x_wconf 90' lang='lat' dir='ltr'>animas</span> <span class='ocrx_word' id='word_1_220' title='bbox 2238 1739 2387 1792; x_wconf 88' lang='lat' dir='ltr'>velut</span> <span class='ocrx_word' id='word_1_221' title='bbox 2401 1736 2524 1806; x_wconf 88' lang='lat' dir='ltr'>conj</span> <span class='ocrx_word' id='word_1_222' title='bbox 2535 1740 2732 1790; x_wconf 90' lang='lat' dir='ltr'>unctas</span> <span class='ocrx_word' id='word_1_223' title='bbox 2745 1734 3116 1803; x_wconf 81' lang='lat' dir='ltr'>trahentibus,</span> <span class='ocrx_word' id='word_1_224' title='bbox 3131 1735 3327 1788; x_wconf 87' lang='lat' dir='ltr'>ﬁrmas</span> <span class='ocrx_word' id='word_1_225' title='bbox 3343 1740 3537 1789; x_wconf 89' lang='lat' dir='ltr'>autem</span> 
     </span>
    </p>
   </div>
   <div class='ocr_carea' id='block_1_33' title="bbox 211 1817 3540 1904">
    <p class='ocr_par' dir='ltr' id='par_1_33' title="bbox 211 1817 3540 1904">
     <span class='ocr_line' id='line_1_33' title="bbox 211 1817 3540 1904; baseline 0.001 -25"><span class='ocrx_word' id='word_1_226' title='bbox 211 1832 341 1880; x_wconf 85' lang='lat' dir='ltr'>sexto</span> <span class='ocrx_word' id='word_1_227' title='bbox 369 1829 748 1886; x_wconf 88' lang='lat' dir='ltr'>Kalendarum</span> <span class='ocrx_word' id='word_1_228' title='bbox 779 1833 1092 1904; x_wconf 84' lang='lat' dir='ltr'>Februarii,</span> <span class='ocrx_word' id='word_1_229' title='bbox 1124 1835 1370 1889; x_wconf 86' lang='lat' dir='ltr'>Honorio</span> <span class='ocrx_word' id='word_1_230' title='bbox 1399 1839 1453 1889; x_wconf 89' lang='lat' dir='ltr'>et</span> <span class='ocrx_word' id='word_1_231' title='bbox 1481 1834 1806 1891; x_wconf 85' lang='lat' dir='ltr'>Constantio</span> <span class='ocrx_word' id='word_1_232' title='bbox 1826 1817 1884 1888; x_wconf 85' lang='lat' dir='ltr'><strong>B</strong></span> <span class='ocrx_word' id='word_1_233' title='bbox 1909 1837 1964 1888; x_wconf 88' lang='lat' dir='ltr'>et</span> <span class='ocrx_word' id='word_1_234' title='bbox 1982 1833 2042 1886; x_wconf 90' lang='lat' dir='ltr'>in</span> <span class='ocrx_word' id='word_1_235' title='bbox 2061 1832 2172 1886; x_wconf 86' lang='lat' dir='ltr'>ﬁde</span> <span class='ocrx_word' id='word_1_236' title='bbox 2190 1831 2416 1886; x_wconf 90' lang='lat' dir='ltr'>stabiles</span> <span class='ocrx_word' id='word_1_237' title='bbox 2435 1831 2555 1901; x_wconf 91' lang='lat' dir='ltr'>ipsa</span> <span class='ocrx_word' id='word_1_238' title='bbox 2572 1829 2937 1884; x_wconf 86' lang='lat' dir='ltr'>contentione</span> <span class='ocrx_word' id='word_1_239' title='bbox 2951 1828 3540 1899; x_wconf 87' lang='lat' dir='ltr'>fatigantibususque-</span> 
     </span>
    </p>
   </div>
   <div class='ocr_carea' id='block_1_34' title="bbox 212 1922 522 1978">
    <p class='ocr_par' dir='ltr' id='par_1_34' title="bbox 212 1922 522 1978">
     <span class='ocr_line' id='line_1_34' title="bbox 212 1922 522 1978; baseline 0.013 -5"><span class='ocrx_word' id='word_1_240' title='bbox 212 1922 522 1978; x_wconf 87' lang='lat' dir='ltr'>consulibus.</span> 
     </span>
    </p>
   </div>
   <div class='ocr_carea' id='block_1_35' title="bbox 239 2038 1774 2115">
    <p class='ocr_par' dir='ltr' id='par_1_35' title="bbox 239 2038 1774 2115">
     <span class='ocr_line' id='line_1_35' title="bbox 239 2038 1774 2115; baseline 0.005 -24"><span class='ocrx_word' id='word_1_241' title='bbox 239 2038 350 2091; x_wconf 80' lang='lat' dir='ltr'>Item</span> <span class='ocrx_word' id='word_1_242' title='bbox 397 2042 627 2109; x_wconf 68' lang='lat' dir='ltr'>epistola</span> <span class='ocrx_word' id='word_1_243' title='bbox 667 2043 966 2108; x_wconf 72' lang='lat' dir='ltr'>familiaris</span> <span class='ocrx_word' id='word_1_244' title='bbox 1009 2047 1247 2114; x_wconf 72' lang='lat' dir='ltr'>quinque</span> <span class='ocrx_word' id='word_1_245' title='bbox 1281 2047 1644 2115; x_wconf 78' lang='lat' dir='ltr'>episcoporum</span> <span class='ocrx_word' id='word_1_246' title='bbox 1699 2045 1774 2099; x_wconf 89' lang='lat' dir='ltr'>ad</span> 
     </span>
    </p>
   </div>
   <div class='ocr_carea' id='block_1_36' title="bbox 675 2116 1305 2185">
    <p class='ocr_par' dir='ltr' id='par_1_36' title="bbox 675 2116 1305 2185">
     <span class='ocr_line' id='line_1_36' title="bbox 675 2116 1305 2185; baseline 0.005 -18"><span class='ocrx_word' id='word_1_247' title='bbox 675 2116 1047 2170; x_wconf 77' lang='lat' dir='ltr'>Innocentium</span> <span class='ocrx_word' id='word_1_248' title='bbox 1080 2132 1305 2185; x_wconf 80' lang='lat' dir='ltr'>papam.</span> 
     </span>
    </p>
   </div>
   <div class='ocr_carea' id='block_1_37' title="bbox 267 2200 1812 2279">
    <p class='ocr_par' dir='ltr' id='par_1_37' title="bbox 267 2200 1812 2279">
     <span class='ocr_line' id='line_1_37' title="bbox 267 2200 1812 2279; baseline 0.007 -26"><span class='ocrx_word' id='word_1_249' title='bbox 267 2200 484 2258; x_wconf 87' lang='lat' dir='ltr'>Domino</span> <span class='ocrx_word' id='word_1_250' title='bbox 513 2204 846 2262; x_wconf 89' lang='lat' dir='ltr'>beatissimo</span> <span class='ocrx_word' id='word_1_251' title='bbox 876 2208 1197 2279; x_wconf 71' lang='lat' dir='ltr'>meritoque</span> <span class='ocrx_word' id='word_1_252' title='bbox 1227 2208 1668 2264; x_wconf 87' lang='lat' dir='ltr'>honoratissimo</span> <span class='ocrx_word' id='word_1_253' title='bbox 1703 2209 1812 2264; x_wconf 86' lang='lat' dir='ltr'>fra-</span> 
     </span>
    </p>
   </div>
   <div class='ocr_carea' id='block_1_38' title="bbox 212 2292 1808 2371">
    <p class='ocr_par' dir='ltr' id='par_1_38' title="bbox 212 2292 1808 2371">
     <span class='ocr_line' id='line_1_38' title="bbox 212 2292 1808 2371; baseline 0.006 -25"><span class='ocrx_word' id='word_1_254' title='bbox 212 2292 272 2346; x_wconf 87' lang='lat' dir='ltr'>tri</span> <span class='ocrx_word' id='word_1_255' title='bbox 296 2295 610 2352; x_wconf 66' lang='lat' dir='ltr'>lNNOCENTlO</span> <span class='ocrx_word' id='word_1_256' title='bbox 635 2316 823 2370; x_wconf 64' lang='lat' dir='ltr'>papae,</span> <span class='ocrx_word' id='word_1_257' title='bbox 855 2302 1152 2369; x_wconf 82' lang='lat' dir='ltr'>AURELIUS,</span> <span class='ocrx_word' id='word_1_258' title='bbox 1175 2306 1417 2370; x_wconf 80' lang='lat' dir='ltr'>ALIPIUS,</span> <span class='ocrx_word' id='word_1_259' title='bbox 1443 2307 1808 2371; x_wconf 76' lang='lat' dir='ltr'>AUGUSTINUS,</span> 
     </span>
    </p>
   </div>
   <div class='ocr_carea' id='block_1_39' title="bbox 209 2385 1494 2461">
    <p class='ocr_par' dir='ltr' id='par_1_39' title="bbox 209 2385 1494 2461">
     <span class='ocr_line' id='line_1_39' title="bbox 209 2385 1494 2461; baseline 0.01 -23"><span class='ocrx_word' id='word_1_260' title='bbox 209 2385 416 2443; x_wconf 71' lang='lat' dir='ltr'>ENODIL’S</span> <span class='ocrx_word' id='word_1_261' title='bbox 446 2397 501 2446; x_wconf 91' lang='lat' dir='ltr'>et</span> <span class='ocrx_word' id='word_1_262' title='bbox 523 2394 836 2461; x_wconf 84' lang='lat' dir='ltr'>Possmws,</span> <span class='ocrx_word' id='word_1_263' title='bbox 869 2394 929 2448; x_wconf 92' lang='lat' dir='ltr'>in</span> <span class='ocrx_word' id='word_1_264' title='bbox 971 2395 1208 2450; x_wconf 90' lang='lat' dir='ltr'>Domino</span> <span class='ocrx_word' id='word_1_265' title='bbox 1236 2396 1494 2451; x_wconf 89' lang='lat' dir='ltr'>salutem.</span> 
     </span>
    </p>
   </div>
   <div class='ocr_carea' id='block_1_40' title="bbox 277 2481 1810 2562">
    <p class='ocr_par' dir='ltr' id='par_1_40' title="bbox 277 2481 1810 2562">
     <span class='ocr_line' id='line_1_40' title="bbox 277 2481 1810 2562; baseline 0.007 -27"><span class='ocrx_word' id='word_1_266' title='bbox 277 2481 342 2536; x_wconf 89' lang='lat' dir='ltr'>De</span> <span class='ocrx_word' id='word_1_267' title='bbox 365 2485 618 2540; x_wconf 89' lang='lat' dir='ltr'>conciliis</span> <span class='ocrx_word' id='word_1_268' title='bbox 645 2487 866 2542; x_wconf 91' lang='lat' dir='ltr'>duobus</span> <span class='ocrx_word' id='word_1_269' title='bbox 897 2488 1200 2558; x_wconf 63' lang='lat' dir='ltr'>provincias</span> <span class='ocrx_word' id='word_1_270' title='bbox 1231 2490 1695 2562; x_wconf 88' lang='lat' dir='ltr'>Carthaginensis</span> <span class='ocrx_word' id='word_1_271' title='bbox 1723 2493 1810 2544; x_wconf 90' lang='lat' dir='ltr'>at-</span> 
     </span>
    </p>
   </div>
   <div class='ocr_carea' id='block_1_41' title="bbox 207 2580 1810 2655">
    <p class='ocr_par' dir='ltr' id='par_1_41' title="bbox 207 2580 1810 2655">
     <span class='ocr_line' id='line_1_41' title="bbox 207 2580 1810 2655; baseline 0.002 -21"><span class='ocrx_word' id='word_1_272' title='bbox 207 2597 300 2652; x_wconf 89' lang='lat' dir='ltr'>que</span> <span class='ocrx_word' id='word_1_273' title='bbox 322 2580 595 2635; x_wconf 70' lang='lat' dir='ltr'>Numidiae</span> <span class='ocrx_word' id='word_1_274' title='bbox 624 2581 695 2635; x_wconf 89' lang='lat' dir='ltr'>ad</span> <span class='ocrx_word' id='word_1_275' title='bbox 725 2583 884 2635; x_wconf 89' lang='lat' dir='ltr'>tuam</span> <span class='ocrx_word' id='word_1_276' title='bbox 909 2582 1275 2638; x_wconf 88' lang='lat' dir='ltr'>sanctitatem</span> <span class='ocrx_word' id='word_1_277' title='bbox 1294 2601 1326 2636; x_wconf 87' lang='lat' dir='ltr'>a</span> <span class='ocrx_word' id='word_1_278' title='bbox 1347 2600 1460 2637; x_wconf 92' lang='lat' dir='ltr'>non</span> <span class='ocrx_word' id='word_1_279' title='bbox 1481 2601 1658 2655; x_wconf 88' lang='lat' dir='ltr'>parvo</span> <span class='ocrx_word' id='word_1_280' title='bbox 1687 2583 1810 2655; x_wconf 92' lang='lat' dir='ltr'>epi-</span> 
     </span>
    </p>
   </div>
   <div class='ocr_carea' id='block_1_42' title="bbox 209 2675 1814 2747">
    <p class='ocr_par' dir='ltr' id='par_1_42' title="bbox 209 2675 1814 2747">
     <span class='ocr_line' id='line_1_42' title="bbox 209 2675 1814 2747; baseline 0.003 -20"><span class='ocrx_word' id='word_1_281' title='bbox 209 2692 477 2746; x_wconf 90' lang='lat' dir='ltr'>scoporum</span> <span class='ocrx_word' id='word_1_282' title='bbox 516 2690 760 2728; x_wconf 90' lang='lat' dir='ltr'>numero</span> <span class='ocrx_word' id='word_1_283' title='bbox 796 2675 1137 2747; x_wconf 81' lang='lat' dir='ltr'>subscriptas</span> <span class='ocrx_word' id='word_1_284' title='bbox 1164 2676 1378 2732; x_wconf 88' lang='lat' dir='ltr'>litteras</span> <span class='ocrx_word' id='word_1_285' title='bbox 1406 2677 1666 2732; x_wconf 90' lang='lat' dir='ltr'>misimus</span> <span class='ocrx_word' id='word_1_286' title='bbox 1687 2695 1814 2732; x_wconf 84' lang='lat' dir='ltr'>con-</span> 
     </span>
    </p>
   </div>
   <div class='ocr_carea' id='block_1_43' title="bbox 209 2767 1812 2840">
    <p class='ocr_par' dir='ltr' id='par_1_43' title="bbox 209 2767 1812 2840">
     <span class='ocr_line' id='line_1_43' title="bbox 209 2767 1812 2840; baseline 0.002 -18"><span class='ocrx_word' id='word_1_287' title='bbox 209 2773 283 2822; x_wconf 87' lang='lat' dir='ltr'>tra</span> <span class='ocrx_word' id='word_1_288' title='bbox 309 2768 558 2823; x_wconf 89' lang='lat' dir='ltr'>inimicos</span> <span class='ocrx_word' id='word_1_289' title='bbox 595 2767 792 2839; x_wconf 77' lang='lat' dir='ltr'>gratiae</span> <span class='ocrx_word' id='word_1_290' title='bbox 823 2769 1030 2824; x_wconf 88' lang='lat' dir='ltr'>Christi</span> <span class='ocrx_word' id='word_1_291' title='bbox 1063 2769 1161 2840; x_wconf 88' lang='lat' dir='ltr'>qui</span> <span class='ocrx_word' id='word_1_292' title='bbox 1196 2771 1493 2826; x_wconf 88' lang='lat' dir='ltr'>conﬁdunt</span> <span class='ocrx_word' id='word_1_293' title='bbox 1518 2771 1578 2825; x_wconf 92' lang='lat' dir='ltr'>in</span> <span class='ocrx_word' id='word_1_294' title='bbox 1605 2771 1812 2826; x_wconf 90' lang='lat' dir='ltr'>virtute</span> 
     </span>
    </p>
   </div>
   <div class='ocr_carea' id='block_1_44' title="bbox 209 2862 1814 2934">
    <p class='ocr_par' dir='ltr' id='par_1_44' title="bbox 209 2862 1814 2934">
     <span class='ocr_line' id='line_1_44' title="bbox 209 2862 1814 2934; baseline 0.003 -19"><span class='ocrx_word' id='word_1_295' title='bbox 209 2878 310 2929; x_wconf 89' lang='lat' dir='ltr'>sua,</span> <span class='ocrx_word' id='word_1_296' title='bbox 352 2867 404 2917; x_wconf 88' lang='lat' dir='ltr'>et</span> <span class='ocrx_word' id='word_1_297' title='bbox 441 2862 694 2916; x_wconf 86' lang='lat' dir='ltr'>Creatori</span> <span class='ocrx_word' id='word_1_298' title='bbox 723 2867 920 2917; x_wconf 90' lang='lat' dir='ltr'>nostro</span> <span class='ocrx_word' id='word_1_299' title='bbox 945 2863 1371 2934; x_wconf 91' lang='lat' dir='ltr'>quodammodo</span> <span class='ocrx_word' id='word_1_300' title='bbox 1399 2865 1594 2920; x_wconf 89' lang='lat' dir='ltr'>dicunt</span> <span class='ocrx_word' id='word_1_301' title='bbox 1625 2882 1637 2919; x_wconf 93' lang='lat'><strong>:</strong></span> <span class='ocrx_word' id='word_1_302' title='bbox 1675 2887 1702 2914; x_wconf 87' lang='grc'>‹‹</span> <span class='ocrx_word' id='word_1_303' title='bbox 1733 2867 1814 2919; x_wconf 90' lang='lat' dir='ltr'>Tu</span> 
     </span>
    </p>
   </div>
   <div class='ocr_carea' id='block_1_45' title="bbox 209 2956 1810 3029">
    <p class='ocr_par' dir='ltr' id='par_1_45' title="bbox 209 2956 1810 3029">
     <span class='ocr_line' id='line_1_45' title="bbox 209 2956 1810 3029; baseline 0.001 -19"><span class='ocrx_word' id='word_1_304' title='bbox 209 2973 293 3010; x_wconf 89' lang='lat' dir='ltr'>nos</span> <span class='ocrx_word' id='word_1_305' title='bbox 311 2957 499 3012; x_wconf 88' lang='lat' dir='ltr'>creasti</span> <span class='ocrx_word' id='word_1_306' title='bbox 532 2956 823 3023; x_wconf 89' lang='lat' dir='ltr'>homines,</span> <span class='ocrx_word' id='word_1_307' title='bbox 844 2958 1030 3028; x_wconf 89' lang='lat' dir='ltr'>justos</span> <span class='ocrx_word' id='word_1_308' title='bbox 1059 2962 1254 3012; x_wconf 88' lang='lat' dir='ltr'>autem</span> <span class='ocrx_word' id='word_1_309' title='bbox 1289 2959 1393 3029; x_wconf 89' lang='lat' dir='ltr'>ipsi</span> <span class='ocrx_word' id='word_1_310' title='bbox 1419 2975 1522 3014; x_wconf 92' lang='lat' dir='ltr'>nos</span> <span class='ocrx_word' id='word_1_311' title='bbox 1550 2959 1810 3014; x_wconf 89' lang='lat' dir='ltr'>fecimus.</span> 
     </span>
    </p>
   </div>
   <div class='ocr_carea' id='block_1_46' title="bbox 208 3049 1816 3124">
    <p class='ocr_par' dir='ltr' id='par_1_46' title="bbox 208 3049 1816 3124">
     <span class='ocr_line' id='line_1_46' title="bbox 208 3049 1816 3124; baseline 0.002 -21"><span class='ocrx_word' id='word_1_312' title='bbox 208 3049 293 3112; x_wconf 87' lang='lat' dir='ltr'>Qui</span> <span class='ocrx_word' id='word_1_313' title='bbox 309 3054 559 3105; x_wconf 90' lang='lat' dir='ltr'>naturam</span> <span class='ocrx_word' id='word_1_314' title='bbox 583 3050 898 3105; x_wconf 89' lang='lat' dir='ltr'>humanam</span> <span class='ocrx_word' id='word_1_315' title='bbox 919 3051 1045 3106; x_wconf 90' lang='lat' dir='ltr'>ideo</span> <span class='ocrx_word' id='word_1_316' title='bbox 1069 3051 1267 3106; x_wconf 89' lang='lat' dir='ltr'>dicunt</span> <span class='ocrx_word' id='word_1_317' title='bbox 1285 3052 1544 3121; x_wconf 90' lang='lat' dir='ltr'>liberam,</span> <span class='ocrx_word' id='word_1_318' title='bbox 1565 3070 1637 3107; x_wconf 91' lang='lat' dir='ltr'>ne</span> <span class='ocrx_word' id='word_1_319' title='bbox 1663 3069 1816 3124; x_wconf 72' lang='lat' dir='ltr'>quae-</span> 
     </span>
    </p>
   </div>
   <div class='ocr_carea' id='block_1_47' title="bbox 211 3144 1814 3218">
    <p class='ocr_par' dir='ltr' id='par_1_47' title="bbox 211 3144 1814 3218">
     <span class='ocr_line' id='line_1_47' title="bbox 211 3144 1814 3218; baseline 0.003 -23"><span class='ocrx_word' id='word_1_320' title='bbox 211 3144 741 3213; x_wconf 88' lang='lat' dir='ltr'>rantliberationem,</span> <span class='ocrx_word' id='word_1_321' title='bbox 760 3144 887 3200; x_wconf 88' lang='lat' dir='ltr'>ideo</span> <span class='ocrx_word' id='word_1_322' title='bbox 901 3145 1108 3199; x_wconf 88' lang='lat' dir='ltr'>salvam</span> <span class='ocrx_word' id='word_1_323' title='bbox 1125 3149 1189 3199; x_wconf 91' lang='lat' dir='ltr'>ut</span> <span class='ocrx_word' id='word_1_324' title='bbox 1191 3145 1454 3215; x_wconf 88' lang='lat' dir='ltr'>judicent</span> <span class='ocrx_word' id='word_1_325' title='bbox 1464 3147 1709 3218; x_wconf 87' lang='lat' dir='ltr'>superﬂu</span> <span class='ocrx_word' id='word_1_326' title='bbox 1719 3163 1814 3200; x_wconf 91' lang='lat' dir='ltr'>um</span> 
     </span>
    </p>
   </div>
   <div class='ocr_carea' id='block_1_48' title="bbox 211 3236 1815 3310">
    <p class='ocr_par' dir='ltr' id='par_1_48' title="bbox 211 3236 1815 3310">
     <span class='ocr_line' id='line_1_48' title="bbox 211 3236 1815 3310; baseline 0.002 -20"><span class='ocrx_word' id='word_1_327' title='bbox 211 3236 544 3293; x_wconf 86' lang='lat' dir='ltr'>Salvatorem.</span> <span class='ocrx_word' id='word_1_328' title='bbox 588 3239 835 3292; x_wconf 88' lang='lat' dir='ltr'>Tantum</span> <span class='ocrx_word' id='word_1_329' title='bbox 872 3239 1026 3293; x_wconf 89' lang='lat' dir='ltr'>enim</span> <span class='ocrx_word' id='word_1_330' title='bbox 1056 3238 1253 3295; x_wconf 91' lang='lat' dir='ltr'>dicunt</span> <span class='ocrx_word' id='word_1_331' title='bbox 1276 3241 1582 3310; x_wconf 88' lang='lat' dir='ltr'>valentem,</span> <span class='ocrx_word' id='word_1_332' title='bbox 1614 3243 1677 3295; x_wconf 90' lang='lat' dir='ltr'>ut</span> <span class='ocrx_word' id='word_1_333' title='bbox 1701 3241 1815 3295; x_wconf 88' lang='lat' dir='ltr'>suis</span> 
     </span>
    </p>
   </div>
   <div class='ocr_carea' id='block_1_49' title="bbox 211 3330 1818 3406">
    <p class='ocr_par' dir='ltr' id='par_1_49' title="bbox 211 3330 1818 3406">
     <span class='ocr_line' id='line_1_49' title="bbox 211 3330 1818 3406; baseline 0.006 -25"><span class='ocrx_word' id='word_1_334' title='bbox 211 3330 390 3386; x_wconf 85' lang='lat' dir='ltr'>viribus</span> <span class='ocrx_word' id='word_1_335' title='bbox 417 3332 598 3387; x_wconf 90' lang='lat' dir='ltr'>semel</span> <span class='ocrx_word' id='word_1_336' title='bbox 626 3331 684 3385; x_wconf 90' lang='lat' dir='ltr'>in</span> <span class='ocrx_word' id='word_1_337' title='bbox 712 3332 932 3403; x_wconf 82' lang='lat' dir='ltr'>origine</span> <span class='ocrx_word' id='word_1_338' title='bbox 953 3350 1070 3387; x_wconf 69' lang='lat' dir='ltr'>suae</span> <span class='ocrx_word' id='word_1_339' title='bbox 1096 3333 1398 3388; x_wconf 89' lang='lat' dir='ltr'>creationis</span> <span class='ocrx_word' id='word_1_340' title='bbox 1423 3335 1663 3406; x_wconf 88' lang='lat' dir='ltr'>acceptis</span> <span class='ocrx_word' id='word_1_341' title='bbox 1690 3351 1818 3406; x_wconf 87' lang='lat' dir='ltr'>pos-</span> 
     </span>
    </p>
   </div>
   <div class='ocr_carea' id='block_1_50' title="bbox 209 3424 1817 3499">
    <p class='ocr_par' dir='ltr' id='par_1_50' title="bbox 209 3424 1817 3499">
     <span class='ocr_line' id='line_1_50' title="bbox 209 3424 1817 3499; baseline 0.004 -23"><span class='ocrx_word' id='word_1_342' title='bbox 209 3424 305 3479; x_wconf 82' lang='lat' dir='ltr'>sint</span> <span class='ocrx_word' id='word_1_343' title='bbox 332 3443 428 3496; x_wconf 88' lang='lat' dir='ltr'>per</span> <span class='ocrx_word' id='word_1_344' title='bbox 452 3427 706 3482; x_wconf 88' lang='lat' dir='ltr'>liberum</span> <span class='ocrx_word' id='word_1_345' title='bbox 730 3425 1049 3493; x_wconf 88' lang='lat' dir='ltr'>arbitrium,</span> <span class='ocrx_word' id='word_1_346' title='bbox 1077 3427 1220 3481; x_wconf 90' lang='lat' dir='ltr'>nihil</span> <span class='ocrx_word' id='word_1_347' title='bbox 1245 3427 1483 3483; x_wconf 90' lang='lat' dir='ltr'>ulterius</span> <span class='ocrx_word' id='word_1_348' title='bbox 1510 3429 1817 3499; x_wconf 89' lang='lat' dir='ltr'>adjuvante</span> 
     </span>
    </p>
   </div>
   <div class='ocr_carea' id='block_1_51' title="bbox 209 3517 1814 3593">
    <p class='ocr_par' dir='ltr' id='par_1_51' title="bbox 209 3517 1814 3593">
     <span class='ocr_line' id='line_1_51' title="bbox 209 3517 1814 3593; baseline 0.004 -23"><span class='ocrx_word' id='word_1_349' title='bbox 209 3517 334 3572; x_wconf 87' lang='lat' dir='ltr'>illius</span> <span class='ocrx_word' id='word_1_350' title='bbox 358 3521 534 3590; x_wconf 86' lang='lat' dir='ltr'>gratia</span> <span class='ocrx_word' id='word_1_351' title='bbox 562 3519 666 3591; x_wconf 89' lang='lat' dir='ltr'>qui</span> <span class='ocrx_word' id='word_1_352' title='bbox 691 3520 920 3586; x_wconf 87' lang='lat' dir='ltr'>creavit,</span> <span class='ocrx_word' id='word_1_353' title='bbox 955 3520 1191 3575; x_wconf 89' lang='lat' dir='ltr'>domare</span> <span class='ocrx_word' id='word_1_354' title='bbox 1221 3525 1278 3576; x_wconf 92' lang='lat' dir='ltr'>et</span> <span class='ocrx_word' id='word_1_355' title='bbox 1303 3521 1663 3593; x_wconf 81' lang='lat' dir='ltr'>exstinguere</span> <span class='ocrx_word' id='word_1_356' title='bbox 1694 3539 1814 3577; x_wconf 89' lang='lat' dir='ltr'>om-</span> 
     </span>
    </p>
   </div>
   <div class='ocr_carea' id='block_1_52' title="bbox 209 3613 1815 3687">
    <p class='ocr_par' dir='ltr' id='par_1_52' title="bbox 209 3613 1815 3687">
     <span class='ocr_line' id='line_1_52' title="bbox 209 3613 1815 3687; baseline 0.004 -23"><span class='ocrx_word' id='word_1_357' title='bbox 209 3627 294 3665; x_wconf 89' lang='lat' dir='ltr'>nes</span> <span class='ocrx_word' id='word_1_358' title='bbox 321 3613 682 3685; x_wconf 88' lang='lat' dir='ltr'>cupiditates,</span> <span class='ocrx_word' id='word_1_359' title='bbox 714 3614 1168 3687; x_wconf 88' lang='lat' dir='ltr'>tentationesque</span> <span class='ocrx_word' id='word_1_360' title='bbox 1207 3632 1493 3686; x_wconf 90' lang='lat' dir='ltr'>superare.</span> <span class='ocrx_word' id='word_1_361' title='bbox 1526 3616 1686 3670; x_wconf 84' lang='lat' dir='ltr'>Multi</span> <span class='ocrx_word' id='word_1_362' title='bbox 1716 3633 1815 3671; x_wconf 92' lang='lat' dir='ltr'>eo-</span> 
     </span>
    </p>
   </div>
   <div class='ocr_carea' id='block_1_53' title="bbox 209 3707 1814 3779">
    <p class='ocr_par' dir='ltr' id='par_1_53' title="bbox 209 3707 1814 3779">
     <span class='ocr_line' id='line_1_53' title="bbox 209 3707 1814 3779; baseline 0.003 -20"><span class='ocrx_word' id='word_1_363' title='bbox 209 3719 317 3760; x_wconf 85' lang='lat' dir='ltr'>rum</span> <span class='ocrx_word' id='word_1_364' title='bbox 349 3707 662 3779; x_wconf 82' lang='lat' dir='ltr'>insurgunt</span> <span class='ocrx_word' id='word_1_365' title='bbox 695 3707 996 3762; x_wconf 88' lang='lat' dir='ltr'>adversum</span> <span class='ocrx_word' id='word_1_366' title='bbox 1026 3724 1128 3762; x_wconf 88' lang='lat' dir='ltr'>nos</span> <span class='ocrx_word' id='word_1_367' title='bbox 1158 3712 1216 3762; x_wconf 89' lang='lat' dir='ltr'>et</span> <span class='ocrx_word' id='word_1_368' title='bbox 1253 3709 1450 3763; x_wconf 77' lang='lat' dir='ltr'>dicunt</span> <span class='ocrx_word' id='word_1_369' title='bbox 1479 3710 1686 3764; x_wconf 61' lang='lat' dir='ltr'>animae</span> <span class='ocrx_word' id='word_1_370' title='bbox 1714 3727 1814 3764; x_wconf 92' lang='lat' dir='ltr'>no-</span> 
     </span>
    </p>
   </div>
   <div class='ocr_carea' id='block_1_54' title="bbox 209 3801 1814 3876">
    <p class='ocr_par' dir='ltr' id='par_1_54' title="bbox 209 3801 1814 3876">
     <span class='ocr_line' id='line_1_54' title="bbox 209 3801 1814 3876; baseline 0.001 -25"><span class='ocrx_word' id='word_1_371' title='bbox 209 3801 319 3854; x_wconf 63' lang='lat' dir='ltr'>stra:</span> <span class='ocrx_word' id='word_1_372' title='bbox 351 3818 363 3854; x_wconf 93' lang='lat'>:</span> <span class='ocrx_word' id='word_1_373' title='bbox 398 3824 425 3850; x_wconf 85' lang='grc'>‹‹</span> <span class='ocrx_word' id='word_1_374' title='bbox 451 3805 578 3858; x_wconf 84' lang='lat' dir='ltr'>Non</span> <span class='ocrx_word' id='word_1_375' title='bbox 611 3805 695 3855; x_wconf 87' lang='lat' dir='ltr'>est</span> <span class='ocrx_word' id='word_1_376' title='bbox 719 3802 866 3855; x_wconf 91' lang='lat' dir='ltr'>salus</span> <span class='ocrx_word' id='word_1_377' title='bbox 885 3801 966 3856; x_wconf 94' lang='lat' dir='ltr'>illi</span> <span class='ocrx_word' id='word_1_378' title='bbox 997 3801 1057 3856; x_wconf 92' lang='lat' dir='ltr'>in</span> <span class='ocrx_word' id='word_1_379' title='bbox 1089 3803 1200 3857; x_wconf 93' lang='lat' dir='ltr'>Deo</span> <span class='ocrx_word' id='word_1_380' title='bbox 1223 3803 1344 3873; x_wconf 86' lang='lat' dir='ltr'>ejus</span> <span class='ocrx_word' id='word_1_381' title='bbox 1369 3805 1531 3873; x_wconf 85' lang='lat' dir='ltr'>(Psal.</span> <span class='ocrx_word' id='word_1_382' title='bbox 1565 3820 1644 3872; x_wconf 82' lang='grc' dir='ltr'><strong>ΙΙΙ,</strong></span> <span class='ocrx_word' id='word_1_383' title='bbox 1681 3804 1752 3876; x_wconf 89' lang='lat'>3).</span> <span class='ocrx_word' id='word_1_384' title='bbox 1786 3826 1814 3854; x_wconf 88' lang='lat'>»</span> 
     </span>
    </p>
   </div>
   <div class='ocr_carea' id='block_1_55' title="bbox 212 3893 1820 3967">
    <p class='ocr_par' dir='ltr' id='par_1_55' title="bbox 212 3893 1820 3967">
     <span class='ocr_line' id='line_1_55' title="bbox 212 3893 1820 3967; baseline 0.007 -25"><span class='ocrx_word' id='word_1_385' title='bbox 212 3911 234 3942; x_wconf 73' lang='grc' dir='ltr'>α</span> <span class='ocrx_word' id='word_1_386' title='bbox 252 3893 471 3950; x_wconf 84' lang='lat' dir='ltr'>Familia</span> <span class='ocrx_word' id='word_1_387' title='bbox 490 3895 705 3952; x_wconf 91' lang='lat' dir='ltr'>Christi</span> <span class='ocrx_word' id='word_1_388' title='bbox 721 3911 848 3966; x_wconf 66' lang='lat' dir='ltr'>qua:</span> <span class='ocrx_word' id='word_1_389' title='bbox 862 3895 1016 3963; x_wconf 81' lang='lat' dir='ltr'>dicit,</span> <span class='ocrx_word' id='word_1_390' title='bbox 1036 3896 1262 3967; x_wconf 92' lang='lat' dir='ltr'>quando</span> <span class='ocrx_word' id='word_1_391' title='bbox 1281 3896 1470 3951; x_wconf 88' lang='lat' dir='ltr'>inﬁrm</span> <span class='ocrx_word' id='word_1_392' title='bbox 1479 3914 1545 3952; x_wconf 91' lang='lat' dir='ltr'>or</span> <span class='ocrx_word' id='word_1_393' title='bbox 1559 3901 1692 3952; x_wconf 89' lang='lat' dir='ltr'>tunc</span> <span class='ocrx_word' id='word_1_394' title='bbox 1708 3898 1820 3953; x_wconf 86' lang='lat' dir='ltr'>for-</span> 
     </span>
    </p>
   </div>
   <div class='ocr_carea' id='block_1_56' title="bbox 207 3985 1815 4062">
    <p class='ocr_par' dir='ltr' id='par_1_56' title="bbox 207 3985 1815 4062">
     <span class='ocr_line' id='line_1_56' title="bbox 207 3985 1815 4062; baseline 0.004 -23"><span class='ocrx_word' id='word_1_395' title='bbox 207 3985 267 4040; x_wconf 88' lang='lat' dir='ltr'>tis</span> <span class='ocrx_word' id='word_1_396' title='bbox 289 4004 406 4043; x_wconf 89' lang='lat' dir='ltr'>sum</span> <span class='ocrx_word' id='word_1_397' title='bbox 436 3991 508 4057; x_wconf 90' lang='lat' dir='ltr'>(II</span> <span class='ocrx_word' id='word_1_398' title='bbox 523 3990 650 4045; x_wconf 80' lang='lat' dir='ltr'>Cor.</span> <span class='ocrx_word' id='word_1_399' title='bbox 681 4005 776 4056; x_wconf 72' lang='grc' dir='ltr'>ιη,</span> <span class='ocrx_word' id='word_1_400' title='bbox 809 3990 914 4058; x_wconf 84' lang='grc'>10),</span> <span class='ocrx_word' id='word_1_401' title='bbox 944 4011 972 4038; x_wconf 90' lang='grc'><strong>››</strong></span> <span class='ocrx_word' id='word_1_402' title='bbox 1001 3993 1056 4044; x_wconf 89' lang='lat' dir='ltr'>et</span> <span class='ocrx_word' id='word_1_403' title='bbox 1082 3989 1179 4060; x_wconf 90' lang='lat' dir='ltr'>qui</span> <span class='ocrx_word' id='word_1_404' title='bbox 1201 3990 1338 4045; x_wconf 89' lang='lat' dir='ltr'>dicit</span> <span class='ocrx_word' id='word_1_405' title='bbox 1358 3991 1639 4046; x_wconf 90' lang='lat' dir='ltr'>Dominus</span> <span class='ocrx_word' id='word_1_406' title='bbox 1655 3991 1776 4062; x_wconf 81' lang='lat' dir='ltr'>ejus</span> <span class='ocrx_word' id='word_1_407' title='bbox 1802 4009 1815 4046; x_wconf 91' lang='lat'>:</span> 
     </span>
    </p>
   </div>
   <div class='ocr_carea' id='block_1_57' title="bbox 213 4080 1821 4157">
    <p class='ocr_par' dir='ltr' id='par_1_57' title="bbox 213 4080 1821 4157">
     <span class='ocr_line' id='line_1_57' title="bbox 213 4080 1821 4157; baseline 0.004 -22"><span class='ocrx_word' id='word_1_408' title='bbox 213 4100 235 4126; x_wconf 74' lang='grc' dir='ltr'><em>α</em></span> <span class='ocrx_word' id='word_1_409' title='bbox 259 4080 410 4137; x_wconf 89' lang='lat' dir='ltr'>Salus</span> <span class='ocrx_word' id='word_1_410' title='bbox 433 4087 533 4138; x_wconf 90' lang='lat' dir='ltr'>tua</span> <span class='ocrx_word' id='word_1_411' title='bbox 553 4099 668 4153; x_wconf 88' lang='lat' dir='ltr'>ego</span> <span class='ocrx_word' id='word_1_412' title='bbox 695 4099 818 4136; x_wconf 91' lang='lat' dir='ltr'>sum</span> <span class='ocrx_word' id='word_1_413' title='bbox 843 4083 1009 4153; x_wconf 83' lang='lat' dir='ltr'>(Psal.</span> <span class='ocrx_word' id='word_1_414' title='bbox 1033 4100 1218 4150; x_wconf 84' lang='lat' dir='ltr'>xxxw,</span> <span class='ocrx_word' id='word_1_415' title='bbox 1245 4085 1316 4155; x_wconf 84' lang='lat'>3),</span> <span class='ocrx_word' id='word_1_416' title='bbox 1343 4106 1370 4133; x_wconf 84' lang='lat'>»</span> <span class='ocrx_word' id='word_1_417' title='bbox 1405 4102 1680 4157; x_wconf 91' lang='lat' dir='ltr'>suspenso</span> <span class='ocrx_word' id='word_1_418' title='bbox 1701 4103 1821 4141; x_wconf 91' lang='lat' dir='ltr'>cor—</span> 
     </span>
    </p>
   </div>
   <div class='ocr_carea' id='block_1_58' title="bbox 210 4171 1822 4250">
    <p class='ocr_par' dir='ltr' id='par_1_58' title="bbox 210 4171 1822 4250">
     <span class='ocr_line' id='line_1_58' title="bbox 210 4171 1822 4250; baseline 0.005 -24"><span class='ocrx_word' id='word_1_419' title='bbox 210 4171 267 4228; x_wconf 89' lang='lat' dir='ltr'>de</span> <span class='ocrx_word' id='word_1_420' title='bbox 294 4192 412 4231; x_wconf 90' lang='lat' dir='ltr'>cum</span> <span class='ocrx_word' id='word_1_421' title='bbox 430 4177 643 4232; x_wconf 91' lang='lat' dir='ltr'>timore</span> <span class='ocrx_word' id='word_1_422' title='bbox 674 4181 729 4231; x_wconf 89' lang='lat' dir='ltr'>et</span> <span class='ocrx_word' id='word_1_423' title='bbox 753 4182 1001 4231; x_wconf 90' lang='lat' dir='ltr'>tremore</span> <span class='ocrx_word' id='word_1_424' title='bbox 1024 4177 1374 4248; x_wconf 87' lang='lat' dir='ltr'>adjutorium</span> <span class='ocrx_word' id='word_1_425' title='bbox 1395 4180 1490 4234; x_wconf 92' lang='lat' dir='ltr'>Dei</span> <span class='ocrx_word' id='word_1_426' title='bbox 1519 4180 1688 4234; x_wconf 90' lang='lat' dir='ltr'>etiam</span> <span class='ocrx_word' id='word_1_427' title='bbox 1718 4197 1822 4250; x_wconf 92' lang='lat' dir='ltr'>per</span> 
     </span>
    </p>
   </div>
   <div class='ocr_carea' id='block_1_59' title="bbox 209 4265 1822 4342">
    <p class='ocr_par' dir='ltr' id='par_1_59' title="bbox 209 4265 1822 4342">
     <span class='ocr_line' id='line_1_59' title="bbox 209 4265 1822 4342; baseline 0.005 -24"><span class='ocrx_word' id='word_1_428' title='bbox 209 4265 522 4326; x_wconf 88' lang='lat' dir='ltr'>charitatem</span> <span class='ocrx_word' id='word_1_429' title='bbox 562 4276 680 4325; x_wconf 61' lang='lat' dir='ltr'>tua;</span> <span class='ocrx_word' id='word_1_430' title='bbox 717 4269 1098 4325; x_wconf 88' lang='lat' dir='ltr'>venerationis</span> <span class='ocrx_word' id='word_1_431' title='bbox 1140 4276 1444 4342; x_wconf 86' lang='lat' dir='ltr'>exspectat.</span> <span class='ocrx_word' id='word_1_432' title='bbox 1484 4273 1822 4328; x_wconf 88' lang='lat' dir='ltr'>Audivimus</span> 
     </span>
    </p>
   </div>
   <div class='ocr_carea' id='block_1_60' title="bbox 211 4360 1822 4432">
    <p class='ocr_par' dir='ltr' id='par_1_60' title="bbox 211 4360 1822 4432">
     <span class='ocr_line' id='line_1_60' title="bbox 211 4360 1822 4432; baseline 0.006 -21"><span class='ocrx_word' id='word_1_433' title='bbox 211 4360 345 4416; x_wconf 87' lang='lat' dir='ltr'>enim</span> <span class='ocrx_word' id='word_1_434' title='bbox 363 4379 480 4418; x_wconf 89' lang='lat' dir='ltr'>esse</span> <span class='ocrx_word' id='word_1_435' title='bbox 511 4365 579 4418; x_wconf 85' lang='lat' dir='ltr'>in</span> <span class='ocrx_word' id='word_1_436' title='bbox 603 4363 740 4417; x_wconf 91' lang='lat' dir='ltr'>urbe</span> <span class='ocrx_word' id='word_1_437' title='bbox 761 4364 967 4430; x_wconf 85' lang='lat' dir='ltr'>Roma,</span> <span class='ocrx_word' id='word_1_438' title='bbox 989 4363 1088 4418; x_wconf 89' lang='lat' dir='ltr'>ubi</span> <span class='ocrx_word' id='word_1_439' title='bbox 1106 4364 1202 4419; x_wconf 91' lang='lat' dir='ltr'>ille</span> <span class='ocrx_word' id='word_1_440' title='bbox 1223 4365 1319 4419; x_wconf 89' lang='lat' dir='ltr'>diu</span> <span class='ocrx_word' id='word_1_441' title='bbox 1338 4365 1495 4432; x_wconf 83' lang='lat' dir='ltr'>vixit,</span> <span class='ocrx_word' id='word_1_442' title='bbox 1519 4366 1822 4421; x_wconf 89' lang='lat' dir='ltr'>nonnullos</span> 
     </span>
    </p>
   </div>
   <div class='ocr_carea' id='block_1_61' title="bbox 212 4454 1823 4531">
    <p class='ocr_par' dir='ltr' id='par_1_61' title="bbox 212 4454 1823 4531">
     <span class='ocr_line' id='line_1_61' title="bbox 212 4454 1823 4531; baseline 0.005 -24"><span class='ocrx_word' id='word_1_443' title='bbox 212 4454 294 4523; x_wconf 86' lang='lat' dir='ltr'>qui</span> <span class='ocrx_word' id='word_1_444' title='bbox 319 4455 549 4512; x_wconf 86' lang='lat' dir='ltr'>diversis</span> <span class='ocrx_word' id='word_1_445' title='bbox 585 4457 770 4511; x_wconf 90' lang='lat' dir='ltr'>causis</span> <span class='ocrx_word' id='word_1_446' title='bbox 812 4457 864 4512; x_wconf 90' lang='lat' dir='ltr'>ei</span> <span class='ocrx_word' id='word_1_447' title='bbox 893 4458 1139 4512; x_wconf 89' lang='lat' dir='ltr'>faveant.</span> <span class='ocrx_word' id='word_1_448' title='bbox 1173 4458 1440 4525; x_wconf 89' lang='lat' dir='ltr'>Quidam,</span> <span class='ocrx_word' id='word_1_449' title='bbox 1481 4459 1693 4514; x_wconf 89' lang='lat' dir='ltr'>scilicet</span> <span class='ocrx_word' id='word_1_450' title='bbox 1724 4461 1823 4531; x_wconf 90' lang='lat' dir='ltr'>qui</span> 
     </span>
    </p>
   </div>
   <div class='ocr_carea' id='block_1_62' title="bbox 1836 3187 1890 3260">
    <p class='ocr_par' dir='ltr' id='par_1_62' title="bbox 1836 3187 1890 3260">
     <span class='ocr_line' id='line_1_62' title="bbox 1836 3187 1890 3260; baseline 0 0"><span class='ocrx_word' id='word_1_451' title='bbox 1836 3187 1890 3260; x_wconf 90' lang='lat' dir='ltr'>C</span> 
     </span>
    </p>
   </div>
   <div class='ocr_carea' id='block_1_63' title="bbox 1909 1923 3542 1998">
    <p class='ocr_par' dir='ltr' id='par_1_63' title="bbox 1909 1923 3542 1998">
     <span class='ocr_line' id='line_1_63' title="bbox 1909 1923 3542 1998; baseline -0.004 -18"><span class='ocrx_word' id='word_1_452' title='bbox 1909 1942 2137 1998; x_wconf 90' lang='lat' dir='ltr'>quaque</span> <span class='ocrx_word' id='word_1_453' title='bbox 2149 1925 2270 1995; x_wconf 90' lang='lat' dir='ltr'>jam</span> <span class='ocrx_word' id='word_1_454' title='bbox 2297 1925 2463 1995; x_wconf 86' lang='lat' dir='ltr'>plena</span> <span class='ocrx_word' id='word_1_455' title='bbox 2477 1926 2608 1977; x_wconf 90' lang='lat' dir='ltr'>sunt</span> <span class='ocrx_word' id='word_1_456' title='bbox 2628 1923 2842 1977; x_wconf 92' lang='lat' dir='ltr'>omnia.</span> <span class='ocrx_word' id='word_1_457' title='bbox 2862 1926 2972 1975; x_wconf 89' lang='lat' dir='ltr'>Aut</span> <span class='ocrx_word' id='word_1_458' title='bbox 2991 1938 3126 1991; x_wconf 89' lang='lat' dir='ltr'>ergo</span> <span class='ocrx_word' id='word_1_459' title='bbox 3144 1938 3177 1974; x_wconf 76' lang='grc' dir='ltr'>ει</span> <span class='ocrx_word' id='word_1_460' title='bbox 3193 1927 3289 1974; x_wconf 88' lang='lat' dir='ltr'>tua</span> <span class='ocrx_word' id='word_1_461' title='bbox 3305 1938 3542 1975; x_wconf 81' lang='lat' dir='ltr'>venera-</span> 
     </span>
    </p>
   </div>
   <div class='ocr_carea' id='block_1_64' title="bbox 1908 2015 3544 2086">
    <p class='ocr_par' dir='ltr' id='par_1_64' title="bbox 1908 2015 3544 2086">
     <span class='ocr_line' id='line_1_64' title="bbox 1908 2015 3544 2086; baseline -0.003 -14"><span class='ocrx_word' id='word_1_462' title='bbox 1908 2019 2065 2074; x_wconf 88' lang='lat' dir='ltr'>tione</span> <span class='ocrx_word' id='word_1_463' title='bbox 2077 2018 2447 2073; x_wconf 79' lang='lat' dir='ltr'>accersendas</span> <span class='ocrx_word' id='word_1_464' title='bbox 2457 2018 2786 2072; x_wconf 77' lang='lat' dir='ltr'>estRomam</span> <span class='ocrx_word' id='word_1_465' title='bbox 2799 2021 2856 2070; x_wconf 91' lang='lat' dir='ltr'>et</span> <span class='ocrx_word' id='word_1_466' title='bbox 2869 2015 3544 2086; x_wconf 89' lang='lat' dir='ltr'>diligenteriuterrogan-</span> 
     </span>
    </p>
   </div>
   <div class='ocr_carea' id='block_1_65' title="bbox 1908 2107 3538 2184">
    <p class='ocr_par' dir='ltr' id='par_1_65' title="bbox 1908 2107 3538 2184">
     <span class='ocr_line' id='line_1_65' title="bbox 1908 2107 3538 2184; baseline -0.004 -16"><span class='ocrx_word' id='word_1_467' title='bbox 1908 2114 2031 2182; x_wconf 92' lang='lat' dir='ltr'>dus,</span> <span class='ocrx_word' id='word_1_468' title='bbox 2052 2129 2222 2184; x_wconf 90' lang='lat' dir='ltr'>quam</span> <span class='ocrx_word' id='word_1_469' title='bbox 2242 2112 2393 2167; x_wconf 87' lang='lat' dir='ltr'>dicat</span> <span class='ocrx_word' id='word_1_470' title='bbox 2421 2111 2682 2182; x_wconf 84' lang='lat' dir='ltr'>gratiam,</span> <span class='ocrx_word' id='word_1_471' title='bbox 2707 2126 2821 2181; x_wconf 91' lang='lat' dir='ltr'>qua</span> <span class='ocrx_word' id='word_1_472' title='bbox 2845 2109 3110 2177; x_wconf 83' lang='lat' dir='ltr'>fateatur,</span> <span class='ocrx_word' id='word_1_473' title='bbox 3131 2107 3176 2162; x_wconf 90' lang='lat' dir='ltr'>si</span> <span class='ocrx_word' id='word_1_474' title='bbox 3201 2111 3392 2162; x_wconf 81' lang='lat' dir='ltr'>tamen</span> <span class='ocrx_word' id='word_1_475' title='bbox 3413 2108 3538 2178; x_wconf 89' lang='lat' dir='ltr'>jam</span> 
     </span>
    </p>
   </div>
   <div class='ocr_carea' id='block_1_66' title="bbox 1908 2201 3540 2276">
    <p class='ocr_par' dir='ltr' id='par_1_66' title="bbox 1908 2201 3540 2276">
     <span class='ocr_line' id='line_1_66' title="bbox 1908 2201 3540 2276; baseline -0.004 -15"><span class='ocrx_word' id='word_1_476' title='bbox 1908 2207 2132 2274; x_wconf 89' lang='lat' dir='ltr'>fatetur,</span> <span class='ocrx_word' id='word_1_477' title='bbox 2150 2222 2267 2260; x_wconf 91' lang='lat' dir='ltr'>non</span> <span class='ocrx_word' id='word_1_478' title='bbox 2279 2206 2350 2259; x_wconf 91' lang='lat' dir='ltr'>ad</span> <span class='ocrx_word' id='word_1_479' title='bbox 2364 2204 2734 2276; x_wconf 90' lang='lat' dir='ltr'>peccandum,</span> <span class='ocrx_word' id='word_1_480' title='bbox 2757 2203 2854 2257; x_wconf 91' lang='lat' dir='ltr'>sed</span> <span class='ocrx_word' id='word_1_481' title='bbox 2861 2203 3010 2273; x_wconf 87' lang='lat' dir='ltr'>juste</span> <span class='ocrx_word' id='word_1_482' title='bbox 3029 2202 3187 2256; x_wconf 90' lang='lat' dir='ltr'>viven</span> <span class='ocrx_word' id='word_1_483' title='bbox 3198 2201 3335 2255; x_wconf 91' lang='lat' dir='ltr'>dum</span> <span class='ocrx_word' id='word_1_484' title='bbox 3349 2201 3540 2255; x_wconf 86' lang='lat' dir='ltr'>homi-</span> 
     </span>
    </p>
   </div>
   <div class='ocr_carea' id='block_1_67' title="bbox 1910 2295 3540 2371">
    <p class='ocr_par' dir='ltr' id='par_1_67' title="bbox 1910 2295 3540 2371">
     <span class='ocr_line' id='line_1_67' title="bbox 1910 2295 3540 2371; baseline -0.004 -16"><span class='ocrx_word' id='word_1_485' title='bbox 1910 2317 2014 2355; x_wconf 91' lang='lat' dir='ltr'>nes</span> <span class='ocrx_word' id='word_1_486' title='bbox 2040 2299 2296 2371; x_wconf 88' lang='lat' dir='ltr'>adjuvari</span> <span class='ocrx_word' id='word_1_487' title='bbox 2320 2301 2419 2352; x_wconf 92' lang='lat' dir='ltr'>aut</span> <span class='ocrx_word' id='word_1_488' title='bbox 2431 2299 2538 2353; x_wconf 93' lang='lat' dir='ltr'>hoc</span> <span class='ocrx_word' id='word_1_489' title='bbox 2561 2298 2750 2369; x_wconf 91' lang='lat' dir='ltr'>ipsum</span> <span class='ocrx_word' id='word_1_490' title='bbox 2769 2314 2900 2351; x_wconf 91' lang='lat' dir='ltr'>cum</span> <span class='ocrx_word' id='word_1_491' title='bbox 2923 2313 2990 2351; x_wconf 95' lang='lat' dir='ltr'>eo</span> <span class='ocrx_word' id='word_1_492' title='bbox 3005 2312 3108 2367; x_wconf 91' lang='lat' dir='ltr'>per</span> <span class='ocrx_word' id='word_1_493' title='bbox 3128 2295 3344 2350; x_wconf 89' lang='lat' dir='ltr'>litteras</span> <span class='ocrx_word' id='word_1_494' title='bbox 3361 2311 3540 2366; x_wconf 87' lang='lat' dir='ltr'>agen-</span> 
     </span>
    </p>
   </div>
   <div class='ocr_carea' id='block_1_68' title="bbox 1912 2389 3543 2461">
    <p class='ocr_par' dir='ltr' id='par_1_68' title="bbox 1912 2389 3543 2461">
     <span class='ocr_line' id='line_1_68' title="bbox 1912 2389 3543 2461; baseline -0.004 -12"><span class='ocrx_word' id='word_1_495' title='bbox 1912 2395 2069 2449; x_wconf 91' lang='lat' dir='ltr'>dum.</span> <span class='ocrx_word' id='word_1_496' title='bbox 2091 2396 2306 2448; x_wconf 89' lang='lat' dir='ltr'>Etcum</span> <span class='ocrx_word' id='word_1_497' title='bbox 2328 2393 2589 2447; x_wconf 89' lang='lat' dir='ltr'>inventus</span> <span class='ocrx_word' id='word_1_498' title='bbox 2609 2391 2781 2446; x_wconf 87' lang='lat' dir='ltr'>fuerit</span> <span class='ocrx_word' id='word_1_499' title='bbox 2802 2391 2947 2445; x_wconf 90' lang='lat' dir='ltr'>hanc</span> <span class='ocrx_word' id='word_1_500' title='bbox 2971 2390 3157 2445; x_wconf 90' lang='lat' dir='ltr'>dicere</span> <span class='ocrx_word' id='word_1_501' title='bbox 3178 2406 3350 2461; x_wconf 91' lang='lat' dir='ltr'>quam</span> <span class='ocrx_word' id='word_1_502' title='bbox 3375 2389 3543 2444; x_wconf 90' lang='lat' dir='ltr'>docet</span> 
     </span>
    </p>
   </div>
   <div class='ocr_carea' id='block_1_69' title="bbox 1911 2483 3545 2558">
    <p class='ocr_par' dir='ltr' id='par_1_69' title="bbox 1911 2483 3545 2558">
     <span class='ocr_line' id='line_1_69' title="bbox 1911 2483 3545 2558; baseline -0.004 -16"><span class='ocrx_word' id='word_1_503' title='bbox 1911 2488 2287 2543; x_wconf 88' lang='lat' dir='ltr'>ecclesiastica</span> <span class='ocrx_word' id='word_1_504' title='bbox 2299 2491 2354 2541; x_wconf 88' lang='lat' dir='ltr'>et</span> <span class='ocrx_word' id='word_1_505' title='bbox 2375 2486 2682 2558; x_wconf 87' lang='lat' dir='ltr'>apostolica</span> <span class='ocrx_word' id='word_1_506' title='bbox 2704 2485 2927 2552; x_wconf 89' lang='lat' dir='ltr'>veritas,</span> <span class='ocrx_word' id='word_1_507' title='bbox 2950 2490 3083 2538; x_wconf 90' lang='lat' dir='ltr'>tunc</span> <span class='ocrx_word' id='word_1_508' title='bbox 3105 2485 3224 2538; x_wconf 90' lang='lat' dir='ltr'>sine</span> <span class='ocrx_word' id='word_1_509' title='bbox 3247 2483 3361 2538; x_wconf 93' lang='lat' dir='ltr'>ullo</span> <span class='ocrx_word' id='word_1_510' title='bbox 3394 2500 3545 2536; x_wconf 82' lang='lat' dir='ltr'>scru-</span> 
     </span>
    </p>
   </div>
   <div class='ocr_carea' id='block_1_70' title="bbox 1911 2577 3546 2654">
    <p class='ocr_par' dir='ltr' id='par_1_70' title="bbox 1911 2577 3546 2654">
     <span class='ocr_line' id='line_1_70' title="bbox 1911 2577 3546 2654; baseline -0.004 -18"><span class='ocrx_word' id='word_1_511' title='bbox 1911 2582 2046 2654; x_wconf 92' lang='lat' dir='ltr'>pulo</span> <span class='ocrx_word' id='word_1_512' title='bbox 2069 2581 2326 2636; x_wconf 67' lang='lat' dir='ltr'>Ecclesiae</span> <span class='ocrx_word' id='word_1_513' title='bbox 2342 2585 2398 2634; x_wconf 89' lang='lat' dir='ltr'>et</span> <span class='ocrx_word' id='word_1_514' title='bbox 2411 2580 2530 2634; x_wconf 92' lang='lat' dir='ltr'>sine</span> <span class='ocrx_word' id='word_1_515' title='bbox 2545 2580 2782 2634; x_wconf 92' lang='lat' dir='ltr'>latibulo</span> <span class='ocrx_word' id='word_1_516' title='bbox 2793 2578 3182 2649; x_wconf 86' lang='lat' dir='ltr'>ambiguitatis</span> <span class='ocrx_word' id='word_1_517' title='bbox 3196 2577 3343 2631; x_wconf 89' lang='lat' dir='ltr'>illius</span> <span class='ocrx_word' id='word_1_518' title='bbox 3365 2577 3546 2630; x_wconf 82' lang='lat' dir='ltr'>absol-</span> 
     </span>
    </p>
   </div>
   <div class='ocr_carea' id='block_1_71' title="bbox 1869 2670 3538 2757">
    <p class='ocr_par' dir='ltr' id='par_1_71' title="bbox 1869 2670 3538 2757">
     <span class='ocr_line' id='line_1_71' title="bbox 1869 2670 3538 2757; baseline -0.002 -29"><span class='ocrx_word' id='word_1_519' title='bbox 1869 2747 1876 2757; x_wconf 33' lang='grc' dir='ltr'><strong>Ι</strong></span> <span class='ocrx_word' id='word_1_520' title='bbox 1910 2676 2127 2731; x_wconf 89' lang='lat' dir='ltr'>vendus</span> <span class='ocrx_word' id='word_1_521' title='bbox 2155 2680 2259 2744; x_wconf 89' lang='lat' dir='ltr'>est,</span> <span class='ocrx_word' id='word_1_522' title='bbox 2287 2680 2420 2729; x_wconf 86' lang='lat' dir='ltr'>tunc</span> <span class='ocrx_word' id='word_1_523' title='bbox 2449 2677 2534 2728; x_wconf 92' lang='lat' dir='ltr'>est</span> <span class='ocrx_word' id='word_1_524' title='bbox 2561 2689 2757 2728; x_wconf 89' lang='lat' dir='ltr'>revera</span> <span class='ocrx_word' id='word_1_525' title='bbox 2781 2674 2850 2727; x_wconf 91' lang='lat' dir='ltr'>de</span> <span class='ocrx_word' id='word_1_526' title='bbox 2879 2673 3000 2743; x_wconf 89' lang='lat' dir='ltr'>ejus</span> <span class='ocrx_word' id='word_1_527' title='bbox 3032 2670 3368 2742; x_wconf 85' lang='lat' dir='ltr'>purgatione</span> <span class='ocrx_word' id='word_1_528' title='bbox 3401 2687 3538 2742; x_wconf 89' lang='lat' dir='ltr'>gau-</span> 
     </span>
    </p>
   </div>
   <div class='ocr_carea' id='block_1_72' title="bbox 1912 2765 3539 2836">
    <p class='ocr_par' dir='ltr' id='par_1_72' title="bbox 1912 2765 3539 2836">
     <span class='ocr_line' id='line_1_72' title="bbox 1912 2765 3539 2836; baseline -0.004 -12"><span class='ocrx_word' id='word_1_529' title='bbox 1912 2770 2183 2824; x_wconf 90' lang='lat' dir='ltr'>dendum.</span> <span class='ocrx_word' id='word_1_530' title='bbox 2213 2769 2338 2824; x_wconf 91' lang='lat' dir='ltr'>Sive</span> <span class='ocrx_word' id='word_1_531' title='bbox 2365 2768 2520 2822; x_wconf 89' lang='lat' dir='ltr'>enim</span> <span class='ocrx_word' id='word_1_532' title='bbox 2547 2767 2751 2822; x_wconf 82' lang='lat' dir='ltr'>dixerit</span> <span class='ocrx_word' id='word_1_533' title='bbox 2779 2765 3019 2836; x_wconf 85' lang='lat' dir='ltr'>gratiam</span> <span class='ocrx_word' id='word_1_534' title='bbox 3041 2781 3157 2819; x_wconf 86' lang='lat' dir='ltr'>esse</span> <span class='ocrx_word' id='word_1_535' title='bbox 3181 2765 3424 2818; x_wconf 90' lang='lat' dir='ltr'>liberum</span> <span class='ocrx_word' id='word_1_536' title='bbox 3445 2781 3539 2818; x_wconf 88' lang='lat' dir='ltr'>ar-</span> 
     </span>
    </p>
   </div>
   <div class='ocr_carea' id='block_1_73' title="bbox 1913 2860 3540 2932">
    <p class='ocr_par' dir='ltr' id='par_1_73' title="bbox 1913 2860 3540 2932">
     <span class='ocr_line' id='line_1_73' title="bbox 1913 2860 3540 2932; baseline -0.004 -14"><span class='ocrx_word' id='word_1_537' title='bbox 1913 2863 2292 2932; x_wconf 33' lang='lat' dir='ltr'>bitrium,isive</span> <span class='ocrx_word' id='word_1_538' title='bbox 2317 2862 2560 2932; x_wconf 86' lang='lat' dir='ltr'>gratiam</span> <span class='ocrx_word' id='word_1_539' title='bbox 2589 2879 2708 2915; x_wconf 88' lang='lat' dir='ltr'>esse</span> <span class='ocrx_word' id='word_1_540' title='bbox 2736 2860 3132 2914; x_wconf 87' lang='lat' dir='ltr'>remissionem</span> <span class='ocrx_word' id='word_1_541' title='bbox 3155 2863 3540 2930; x_wconf 88' lang='lat' dir='ltr'>peccatorum,</span> 
     </span>
    </p>
   </div>
   <div class='ocr_carea' id='block_1_74' title="bbox 1914 2950 3548 3028">
    <p class='ocr_par' dir='ltr' id='par_1_74' title="bbox 1914 2950 3548 3028">
     <span class='ocr_line' id='line_1_74' title="bbox 1914 2950 3548 3028; baseline -0.005 -16"><span class='ocrx_word' id='word_1_542' title='bbox 1914 2959 2027 3013; x_wconf 89' lang='lat' dir='ltr'>sive</span> <span class='ocrx_word' id='word_1_543' title='bbox 2054 2957 2299 3028; x_wconf 87' lang='lat' dir='ltr'>gratiam</span> <span class='ocrx_word' id='word_1_544' title='bbox 2326 2973 2445 3010; x_wconf 91' lang='lat' dir='ltr'>esse</span> <span class='ocrx_word' id='word_1_545' title='bbox 2465 2955 2608 3026; x_wconf 87' lang='lat' dir='ltr'>legis</span> <span class='ocrx_word' id='word_1_546' title='bbox 2630 2957 2998 3026; x_wconf 60' lang='lat' dir='ltr'>pra-ceptum,</span> <span class='ocrx_word' id='word_1_547' title='bbox 3021 2953 3166 3006; x_wconf 90' lang='lat' dir='ltr'>nihil</span> <span class='ocrx_word' id='word_1_548' title='bbox 3191 2969 3388 3005; x_wconf 91' lang='lat' dir='ltr'>eorum</span> <span class='ocrx_word' id='word_1_549' title='bbox 3409 2950 3548 3006; x_wconf 90' lang='lat' dir='ltr'>dicit</span> 
     </span>
    </p>
   </div>
   <div class='ocr_carea' id='block_1_75' title="bbox 1917 3044 3546 3122">
    <p class='ocr_par' dir='ltr' id='par_1_75' title="bbox 1917 3044 3546 3122">
     <span class='ocr_line' id='line_1_75' title="bbox 1917 3044 3546 3122; baseline -0.004 -17"><span class='ocrx_word' id='word_1_550' title='bbox 1917 3051 2065 3122; x_wconf 92' lang='lat' dir='ltr'>quod</span> <span class='ocrx_word' id='word_1_551' title='bbox 2092 3067 2194 3121; x_wconf 89' lang='lat' dir='ltr'>per</span> <span class='ocrx_word' id='word_1_552' title='bbox 2221 3049 2703 3103; x_wconf 89' lang='lat' dir='ltr'>ministrationem</span> <span class='ocrx_word' id='word_1_553' title='bbox 2732 3046 2971 3118; x_wconf 89' lang='lat' dir='ltr'>Spiritus</span> <span class='ocrx_word' id='word_1_554' title='bbox 2999 3045 3171 3100; x_wconf 89' lang='lat' dir='ltr'>sancti</span> <span class='ocrx_word' id='word_1_555' title='bbox 3202 3044 3450 3115; x_wconf 88' lang='lat' dir='ltr'>pertinet</span> <span class='ocrx_word' id='word_1_556' title='bbox 3473 3044 3546 3098; x_wconf 90' lang='lat' dir='ltr'>ad</span> 
     </span>
    </p>
   </div>
   <div class='ocr_carea' id='block_1_76' title="bbox 1916 3139 3548 3215">
    <p class='ocr_par' dir='ltr' id='par_1_76' title="bbox 1916 3139 3548 3215">
     <span class='ocr_line' id='line_1_76' title="bbox 1916 3139 3548 3215; baseline -0.005 -15"><span class='ocrx_word' id='word_1_557' title='bbox 1916 3143 2429 3215; x_wconf 88' lang='lat' dir='ltr'>concupiscentiam</span> <span class='ocrx_word' id='word_1_558' title='bbox 2452 3143 2912 3212; x_wconf 89' lang='lat' dir='ltr'>tentationesquc</span> <span class='ocrx_word' id='word_1_559' title='bbox 2933 3140 3238 3195; x_wconf 90' lang='lat' dir='ltr'>vincendas</span> <span class='ocrx_word' id='word_1_560' title='bbox 3264 3155 3437 3210; x_wconf 90' lang='lat' dir='ltr'>quem</span> <span class='ocrx_word' id='word_1_561' title='bbox 3464 3139 3548 3192; x_wconf 92' lang='lat' dir='ltr'>di-</span> 
     </span>
    </p>
   </div>
   <div class='ocr_carea' id='block_1_77' title="bbox 1917 3233 3547 3306">
    <p class='ocr_par' dir='ltr' id='par_1_77' title="bbox 1917 3233 3547 3306">
     <span class='ocr_line' id='line_1_77' title="bbox 1917 3233 3547 3306; baseline -0.004 -13"><span class='ocrx_word' id='word_1_562' title='bbox 1917 3239 2130 3294; x_wconf 78' lang='lat' dir='ltr'>tissima</span> <span class='ocrx_word' id='word_1_563' title='bbox 2157 3236 2356 3292; x_wconf 81' lang='lat' dir='ltr'>effudit</span> <span class='ocrx_word' id='word_1_564' title='bbox 2384 3252 2553 3306; x_wconf 88' lang='lat' dir='ltr'>super</span> <span class='ocrx_word' id='word_1_565' title='bbox 2576 3252 2700 3303; x_wconf 89' lang='lat' dir='ltr'>nos,</span> <span class='ocrx_word' id='word_1_566' title='bbox 2741 3235 2841 3306; x_wconf 88' lang='lat' dir='ltr'>qui</span> <span class='ocrx_word' id='word_1_567' title='bbox 2881 3233 3134 3288; x_wconf 89' lang='lat' dir='ltr'>ascendit</span> <span class='ocrx_word' id='word_1_568' title='bbox 3163 3233 3222 3286; x_wconf 92' lang='lat' dir='ltr'>in</span> <span class='ocrx_word' id='word_1_569' title='bbox 3250 3234 3456 3288; x_wconf 73' lang='lat' dir='ltr'>coelum</span> <span class='ocrx_word' id='word_1_570' title='bbox 3490 3235 3547 3287; x_wconf 90' lang='lat' dir='ltr'>et</span> 
     </span>
    </p>
   </div>
   <div class='ocr_carea' id='block_1_78' title="bbox 1917 3325 3546 3403">
    <p class='ocr_par' dir='ltr' id='par_1_78' title="bbox 1917 3325 3546 3403">
     <span class='ocr_line' id='line_1_78' title="bbox 1917 3325 3546 3403; baseline -0.006 -16"><span class='ocrx_word' id='word_1_571' title='bbox 1917 3331 2212 3403; x_wconf 88' lang='lat' dir='ltr'>captivavit</span> <span class='ocrx_word' id='word_1_572' title='bbox 2267 3329 2650 3401; x_wconf 89' lang='lat' dir='ltr'>captivitatem</span> <span class='ocrx_word' id='word_1_573' title='bbox 2705 3327 2974 3398; x_wconf 88' lang='lat' dir='ltr'>deditque</span> <span class='ocrx_word' id='word_1_574' title='bbox 3013 3327 3164 3380; x_wconf 88' lang='lat' dir='ltr'>dona</span> <span class='ocrx_word' id='word_1_575' title='bbox 3216 3325 3546 3380; x_wconf 90' lang='lat' dir='ltr'>hominibus</span> 
     </span>
    </p>
   </div>
   <div class='ocr_carea' id='block_1_79' title="bbox 1920 3422 3543 3496">
    <p class='ocr_par' dir='ltr' id='par_1_79' title="bbox 1920 3422 3543 3496">
     <span class='ocr_line' id='line_1_79' title="bbox 1920 3422 3543 3496; baseline -0.008 -12"><span class='ocrx_word' id='word_1_576' title='bbox 1920 3427 2128 3496; x_wconf 83' lang='lat' dir='ltr'>(Ephes.</span> <span class='ocrx_word' id='word_1_577' title='bbox 2157 3441 2232 3491; x_wconf 85' lang='lat' dir='ltr'>1v,</span> <span class='ocrx_word' id='word_1_578' title='bbox 2252 3425 2324 3494; x_wconf 92' lang='lat'>8).</span> <span class='ocrx_word' id='word_1_579' title='bbox 2350 3423 2488 3477; x_wconf 86' lang='lat' dir='ltr'>Hinc</span> <span class='ocrx_word' id='word_1_580' title='bbox 2513 3422 2668 3477; x_wconf 92' lang='lat' dir='ltr'>enim</span> <span class='ocrx_word' id='word_1_581' title='bbox 2695 3438 2926 3476; x_wconf 90' lang='lat' dir='ltr'>oramus</span> <span class='ocrx_word' id='word_1_582' title='bbox 2942 3425 3006 3474; x_wconf 93' lang='lat' dir='ltr'>ut</span> <span class='ocrx_word' id='word_1_583' title='bbox 3024 3423 3387 3490; x_wconf 89' lang='lat' dir='ltr'>peccatorum</span> <span class='ocrx_word' id='word_1_584' title='bbox 3414 3423 3543 3472; x_wconf 87' lang='lat' dir='ltr'>ten-</span> 
     </span>
    </p>
   </div>
   <div class='ocr_carea' id='block_1_80' title="bbox 1918 3511 3545 3588">
    <p class='ocr_par' dir='ltr' id='par_1_80' title="bbox 1918 3511 3545 3588">
     <span class='ocr_line' id='line_1_80' title="bbox 1918 3511 3545 3588; baseline -0.006 -14"><span class='ocrx_word' id='word_1_585' title='bbox 1918 3520 2191 3575; x_wconf 86' lang='lat' dir='ltr'>tationem</span> <span class='ocrx_word' id='word_1_586' title='bbox 2223 3533 2490 3588; x_wconf 89' lang='lat' dir='ltr'>superare</span> <span class='ocrx_word' id='word_1_587' title='bbox 2518 3515 2818 3587; x_wconf 90' lang='lat' dir='ltr'>possimus,</span> <span class='ocrx_word' id='word_1_588' title='bbox 2861 3517 2926 3568; x_wconf 91' lang='lat' dir='ltr'>ut</span> <span class='ocrx_word' id='word_1_589' title='bbox 2965 3513 3208 3584; x_wconf 88' lang='lat' dir='ltr'>Spiritus</span> <span class='ocrx_word' id='word_1_590' title='bbox 3247 3511 3344 3566; x_wconf 89' lang='lat' dir='ltr'>Dei</span> <span class='ocrx_word' id='word_1_591' title='bbox 3374 3511 3545 3582; x_wconf 91' lang='lat' dir='ltr'>(unde</span> 
     </span>
    </p>
   </div>
   <div class='ocr_carea' id='block_1_81' title="bbox 1918 3606 3540 3685">
    <p class='ocr_par' dir='ltr' id='par_1_81' title="bbox 1918 3606 3540 3685">
     <span class='ocr_line' id='line_1_81' title="bbox 1918 3606 3540 3685; baseline -0.004 -18"><span class='ocrx_word' id='word_1_592' title='bbox 1918 3615 2128 3685; x_wconf 87' lang='lat' dir='ltr'>pignus</span> <span class='ocrx_word' id='word_1_593' title='bbox 2171 3610 2513 3682; x_wconf 90' lang='lat' dir='ltr'>accepimus)</span> <span class='ocrx_word' id='word_1_594' title='bbox 2559 3609 2788 3678; x_wconf 90' lang='lat' dir='ltr'>adjuvet</span> <span class='ocrx_word' id='word_1_595' title='bbox 2830 3606 3220 3660; x_wconf 87' lang='lat' dir='ltr'>inﬁrmitatem</span> <span class='ocrx_word' id='word_1_596' title='bbox 3268 3607 3540 3660; x_wconf 89' lang='lat' dir='ltr'>nostram.</span> 
     </span>
    </p>
   </div>
   <div class='ocr_carea' id='block_1_82' title="bbox 1918 3699 3542 3771">
    <p class='ocr_par' dir='ltr' id='par_1_82' title="bbox 1918 3699 3542 3771">
     <span class='ocr_line' id='line_1_82' title="bbox 1918 3699 3542 3771; baseline -0.006 -9"><span class='ocrx_word' id='word_1_597' title='bbox 1918 3707 2022 3771; x_wconf 90' lang='lat' dir='ltr'>Qui</span> <span class='ocrx_word' id='word_1_598' title='bbox 2064 3710 2253 3760; x_wconf 87' lang='lat' dir='ltr'>autem</span> <span class='ocrx_word' id='word_1_599' title='bbox 2293 3708 2414 3758; x_wconf 89' lang='lat' dir='ltr'>orat</span> <span class='ocrx_word' id='word_1_600' title='bbox 2445 3707 2502 3756; x_wconf 88' lang='lat' dir='ltr'>et</span> <span class='ocrx_word' id='word_1_601' title='bbox 2529 3702 2665 3756; x_wconf 90' lang='lat' dir='ltr'>dicit</span> <span class='ocrx_word' id='word_1_602' title='bbox 2694 3718 2705 3755; x_wconf 94' lang='lat'>:</span> <span class='ocrx_word' id='word_1_603' title='bbox 2741 3723 2767 3749; x_wconf 87' lang='grc'><em>‹‹</em></span> <span class='ocrx_word' id='word_1_604' title='bbox 2796 3701 2874 3754; x_wconf 86' lang='lat' dir='ltr'>Ne</span> <span class='ocrx_word' id='word_1_605' title='bbox 2907 3716 3013 3754; x_wconf 90' lang='lat' dir='ltr'>nos</span> <span class='ocrx_word' id='word_1_606' title='bbox 3040 3699 3246 3753; x_wconf 86' lang='lat' dir='ltr'>inferas</span> <span class='ocrx_word' id='word_1_607' title='bbox 3274 3699 3330 3753; x_wconf 91' lang='lat' dir='ltr'>in</span> <span class='ocrx_word' id='word_1_608' title='bbox 3357 3702 3542 3753; x_wconf 84' lang='lat' dir='ltr'>tenta-</span> 
     </span>
    </p>
   </div>
   <div class='ocr_carea' id='block_1_83' title="bbox 1919 3792 3549 3868">
    <p class='ocr_par' dir='ltr' id='par_1_83' title="bbox 1919 3792 3549 3868">
     <span class='ocr_line' id='line_1_83' title="bbox 1919 3792 3549 3868; baseline -0.006 -13"><span class='ocrx_word' id='word_1_609' title='bbox 1919 3802 2141 3855; x_wconf 90' lang='lat' dir='ltr'>tionem</span> <span class='ocrx_word' id='word_1_610' title='bbox 2177 3801 2323 3866; x_wconf 87' lang='lat' dir='ltr'>(Luc.</span> <span class='ocrx_word' id='word_1_611' title='bbox 2357 3814 2416 3866; x_wconf 82' lang='grc' dir='ltr'>ιι,</span> <span class='ocrx_word' id='word_1_612' title='bbox 2439 3798 2512 3868; x_wconf 82' lang='grc'>4),</span> <span class='ocrx_word' id='word_1_613' title='bbox 2546 3816 2572 3843; x_wconf 83' lang='grc'><strong>››</strong></span> <span class='ocrx_word' id='word_1_614' title='bbox 2604 3812 2720 3849; x_wconf 89' lang='lat' dir='ltr'>non</span> <span class='ocrx_word' id='word_1_615' title='bbox 2749 3794 2942 3865; x_wconf 88' lang='lat' dir='ltr'>utique</span> <span class='ocrx_word' id='word_1_616' title='bbox 2966 3793 3023 3847; x_wconf 93' lang='lat' dir='ltr'>id</span> <span class='ocrx_word' id='word_1_617' title='bbox 3049 3796 3169 3847; x_wconf 89' lang='lat' dir='ltr'>orat</span> <span class='ocrx_word' id='word_1_618' title='bbox 3194 3797 3255 3847; x_wconf 91' lang='lat' dir='ltr'>ut</span> <span class='ocrx_word' id='word_1_619' title='bbox 3279 3793 3454 3847; x_wconf 92' lang='lat' dir='ltr'>homo</span> <span class='ocrx_word' id='word_1_620' title='bbox 3477 3792 3549 3846; x_wconf 86' lang='lat' dir='ltr'>sit</span> 
     </span>
    </p>
   </div>
   <div class='ocr_carea' id='block_1_84' title="bbox 1919 3886 3546 3968">
    <p class='ocr_par' dir='ltr' id='par_1_84' title="bbox 1919 3886 3546 3968">
     <span class='ocr_line' id='line_1_84' title="bbox 1919 3886 3546 3968; baseline -0.006 -19"><span class='ocrx_word' id='word_1_621' title='bbox 1919 3894 2071 3968; x_wconf 92' lang='lat' dir='ltr'>quod</span> <span class='ocrx_word' id='word_1_622' title='bbox 2100 3895 2186 3947; x_wconf 89' lang='lat' dir='ltr'>est</span> <span class='ocrx_word' id='word_1_623' title='bbox 2214 3894 2402 3959; x_wconf 91' lang='lat' dir='ltr'>natus,</span> <span class='ocrx_word' id='word_1_624' title='bbox 2430 3906 2618 3961; x_wconf 89' lang='lat' dir='ltr'>neque</span> <span class='ocrx_word' id='word_1_625' title='bbox 2649 3890 2773 3942; x_wconf 90' lang='lat' dir='ltr'>orat</span> <span class='ocrx_word' id='word_1_626' title='bbox 2801 3887 2856 3942; x_wconf 91' lang='lat' dir='ltr'>id</span> <span class='ocrx_word' id='word_1_627' title='bbox 2885 3887 3035 3958; x_wconf 92' lang='lat' dir='ltr'>quod</span> <span class='ocrx_word' id='word_1_628' title='bbox 3065 3886 3273 3941; x_wconf 90' lang='lat' dir='ltr'>habeat</span> <span class='ocrx_word' id='word_1_629' title='bbox 3301 3886 3546 3940; x_wconf 90' lang='lat' dir='ltr'>liberum</span> 
     </span>
    </p>
   </div>
   <div class='ocr_carea' id='block_1_85' title="bbox 1921 3979 3544 4056">
    <p class='ocr_par' dir='ltr' id='par_1_85' title="bbox 1921 3979 3544 4056">
     <span class='ocr_line' id='line_1_85' title="bbox 1921 3979 3544 4056; baseline -0.006 -15"><span class='ocrx_word' id='word_1_630' title='bbox 1921 3987 2239 4053; x_wconf 86' lang='lat' dir='ltr'>arbitrium,</span> <span class='ocrx_word' id='word_1_631' title='bbox 2267 3985 2419 4056; x_wconf 92' lang='lat' dir='ltr'>quod</span> <span class='ocrx_word' id='word_1_632' title='bbox 2437 3983 2562 4054; x_wconf 90' lang='lat' dir='ltr'>jam</span> <span class='ocrx_word' id='word_1_633' title='bbox 2596 3980 2814 4052; x_wconf 90' lang='lat' dir='ltr'>accepit</span> <span class='ocrx_word' id='word_1_634' title='bbox 2831 3997 2961 4034; x_wconf 92' lang='lat' dir='ltr'>cum</span> <span class='ocrx_word' id='word_1_635' title='bbox 2986 3982 3276 4034; x_wconf 89' lang='lat' dir='ltr'>crearetur</span> <span class='ocrx_word' id='word_1_636' title='bbox 3293 3979 3413 4050; x_wconf 91' lang='lat' dir='ltr'>ipsa</span> <span class='ocrx_word' id='word_1_637' title='bbox 3439 3996 3544 4033; x_wconf 88' lang='lat' dir='ltr'>na-</span> 
     </span>
    </p>
   </div>
   <div class='ocr_carea' id='block_1_86' title="bbox 1920 4072 3550 4150">
    <p class='ocr_par' dir='ltr' id='par_1_86' title="bbox 1920 4072 3550 4150">
     <span class='ocr_line' id='line_1_86' title="bbox 1920 4072 3550 4150; baseline -0.006 -15"><span class='ocrx_word' id='word_1_638' title='bbox 1920 4087 2076 4150; x_wconf 85' lang='lat' dir='ltr'>tura;</span> <span class='ocrx_word' id='word_1_639' title='bbox 2106 4096 2296 4150; x_wconf 89' lang='lat' dir='ltr'>neque</span> <span class='ocrx_word' id='word_1_640' title='bbox 2317 4081 2440 4132; x_wconf 87' lang='lat' dir='ltr'>orat</span> <span class='ocrx_word' id='word_1_641' title='bbox 2459 4076 2855 4131; x_wconf 89' lang='lat' dir='ltr'>remissionem</span> <span class='ocrx_word' id='word_1_642' title='bbox 2876 4077 3263 4145; x_wconf 88' lang='lat' dir='ltr'>peccatorum,</span> <span class='ocrx_word' id='word_1_643' title='bbox 3289 4072 3422 4143; x_wconf 82' lang='lat' dir='ltr'>quia</span> <span class='ocrx_word' id='word_1_644' title='bbox 3440 4073 3550 4126; x_wconf 92' lang='lat' dir='ltr'>hoc</span> 
     </span>
    </p>
   </div>
   <div class='ocr_carea' id='block_1_87' title="bbox 1922 4166 3548 4246">
    <p class='ocr_par' dir='ltr' id='par_1_87' title="bbox 1922 4166 3548 4246">
     <span class='ocr_line' id='line_1_87' title="bbox 1922 4166 3548 4246; baseline -0.006 -18"><span class='ocrx_word' id='word_1_645' title='bbox 1922 4174 2180 4246; x_wconf 89' lang='lat' dir='ltr'>superius</span> <span class='ocrx_word' id='word_1_646' title='bbox 2198 4173 2422 4241; x_wconf 87' lang='lat' dir='ltr'>dicitur,</span> <span class='ocrx_word' id='word_1_647' title='bbox 2450 4194 2476 4221; x_wconf 84' lang='lat'><strong>«</strong></span> <span class='ocrx_word' id='word_1_648' title='bbox 2497 4170 2719 4224; x_wconf 89' lang='lat' dir='ltr'>dimitte</span> <span class='ocrx_word' id='word_1_649' title='bbox 2735 4168 2902 4223; x_wconf 88' lang='lat' dir='ltr'>nobis</span> <span class='ocrx_word' id='word_1_650' title='bbox 2919 4167 3112 4222; x_wconf 83' lang='lat' dir='ltr'>debita</span> <span class='ocrx_word' id='word_1_651' title='bbox 3126 4171 3318 4220; x_wconf 90' lang='lat' dir='ltr'>nostra</span> <span class='ocrx_word' id='word_1_652' title='bbox 3334 4166 3548 4236; x_wconf 76' lang='lat' dir='ltr'>(Matth.</span> 
     </span>
    </p>
   </div>
   <div class='ocr_carea' id='block_1_88' title="bbox 1922 4259 3551 4338">
    <p class='ocr_par' dir='ltr' id='par_1_88' title="bbox 1922 4259 3551 4338">
     <span class='ocr_line' id='line_1_88' title="bbox 1922 4259 3551 4338; baseline -0.007 -14"><span class='ocrx_word' id='word_1_653' title='bbox 1922 4285 2036 4338; x_wconf 81' lang='lat' dir='ltr'>vni,</span> <span class='ocrx_word' id='word_1_654' title='bbox 2068 4269 2174 4338; x_wconf 78' lang='lat' dir='ltr'>l2),</span> <span class='ocrx_word' id='word_1_655' title='bbox 2203 4289 2230 4316; x_wconf 84' lang='lat'><strong>»</strong></span> <span class='ocrx_word' id='word_1_656' title='bbox 2258 4282 2448 4338; x_wconf 89' lang='lat' dir='ltr'>neque</span> <span class='ocrx_word' id='word_1_657' title='bbox 2485 4269 2608 4319; x_wconf 89' lang='lat' dir='ltr'>orat</span> <span class='ocrx_word' id='word_1_658' title='bbox 2656 4265 2719 4317; x_wconf 92' lang='lat' dir='ltr'>ut</span> <span class='ocrx_word' id='word_1_659' title='bbox 2761 4262 2999 4332; x_wconf 88' lang='lat' dir='ltr'>accipiat</span> <span class='ocrx_word' id='word_1_660' title='bbox 3046 4260 3402 4327; x_wconf 90' lang='lat' dir='ltr'>mandatum,</span> <span class='ocrx_word' id='word_1_661' title='bbox 3449 4259 3551 4314; x_wconf 92' lang='lat' dir='ltr'>sed</span> 
     </span>
    </p>
   </div>
   <div class='ocr_carea' id='block_1_89' title="bbox 1922 4354 3554 4434">
    <p class='ocr_par' dir='ltr' id='par_1_89' title="bbox 1922 4354 3554 4434">
     <span class='ocr_line' id='line_1_89' title="bbox 1922 4354 3554 4434; baseline -0.006 -17"><span class='ocrx_word' id='word_1_662' title='bbox 1922 4363 2091 4434; x_wconf 87' lang='lat' dir='ltr'>plane</span> <span class='ocrx_word' id='word_1_663' title='bbox 2120 4365 2244 4416; x_wconf 89' lang='lat' dir='ltr'>orat</span> <span class='ocrx_word' id='word_1_664' title='bbox 2269 4363 2334 4415; x_wconf 89' lang='lat' dir='ltr'>ut</span> <span class='ocrx_word' id='word_1_665' title='bbox 2360 4359 2530 4414; x_wconf 87' lang='lat' dir='ltr'>faciat</span> <span class='ocrx_word' id='word_1_666' title='bbox 2554 4357 2911 4412; x_wconf 90' lang='lat' dir='ltr'>mandatum.</span> <span class='ocrx_word' id='word_1_667' title='bbox 2943 4355 3001 4410; x_wconf 93' lang='lat' dir='ltr'>Si</span> <span class='ocrx_word' id='word_1_668' title='bbox 3028 4354 3185 4410; x_wconf 91' lang='lat' dir='ltr'>enim</span> <span class='ocrx_word' id='word_1_669' title='bbox 3209 4355 3269 4408; x_wconf 92' lang='lat' dir='ltr'>in</span> <span class='ocrx_word' id='word_1_670' title='bbox 3293 4354 3554 4409; x_wconf 49' lang='lat' dir='ltr'>tentatio‘</span> 
     </span>
    </p>
   </div>
   <div class='ocr_carea' id='block_1_90' title="bbox 1926 4447 3549 4520">
    <p class='ocr_par' dir='ltr' id='par_1_90' title="bbox 1926 4447 3549 4520">
     <span class='ocr_line' id='line_1_90' title="bbox 1926 4447 3549 4520; baseline -0.006 -9"><span class='ocrx_word' id='word_1_671' title='bbox 1926 4473 2058 4511; x_wconf 90' lang='lat' dir='ltr'>nem</span> <span class='ocrx_word' id='word_1_672' title='bbox 2087 4455 2354 4510; x_wconf 86' lang='lat' dir='ltr'>inductus</span> <span class='ocrx_word' id='word_1_673' title='bbox 2382 4454 2573 4520; x_wconf 88' lang='lat' dir='ltr'>fuerit,</span> <span class='ocrx_word' id='word_1_674' title='bbox 2599 4453 2708 4506; x_wconf 92' lang='lat' dir='ltr'>hoc</span> <span class='ocrx_word' id='word_1_675' title='bbox 2729 4454 2810 4505; x_wconf 90' lang='lat' dir='ltr'>est</span> <span class='ocrx_word' id='word_1_676' title='bbox 2839 4451 2898 4504; x_wconf 89' lang='lat' dir='ltr'>in</span> <span class='ocrx_word' id='word_1_677' title='bbox 2929 4449 3236 4503; x_wconf 87' lang='lat' dir='ltr'>tentatione</span> <span class='ocrx_word' id='word_1_678' title='bbox 3261 4447 3549 4516; x_wconf 85' lang='lat' dir='ltr'>defecerit,</span> 
     </span>
    </p>
   </div>
   <div class='ocr_carea' id='block_1_91' title="bbox 211 4541 3553 4632">
    <p class='ocr_par' dir='ltr' id='par_1_91' title="bbox 211 4541 3553 4632">
     <span class='ocr_line' id='line_1_91' title="bbox 211 4541 3553 4632; baseline -0.002 -33"><span class='ocrx_word' id='word_1_679' title='bbox 211 4547 354 4602; x_wconf 90' lang='lat' dir='ltr'>nobis</span> <span class='ocrx_word' id='word_1_680' title='bbox 379 4551 508 4605; x_wconf 85' lang='lat' dir='ltr'>talia</span> <span class='ocrx_word' id='word_1_681' title='bbox 537 4551 895 4622; x_wconf 89' lang='lat' dir='ltr'>persuasisse</span> <span class='ocrx_word' id='word_1_682' title='bbox 924 4551 1319 4622; x_wconf 89' lang='lat' dir='ltr'>perhibentur,</span> <span class='ocrx_word' id='word_1_683' title='bbox 1344 4554 1535 4623; x_wconf 90' lang='lat' dir='ltr'>plures</span> <span class='ocrx_word' id='word_1_684' title='bbox 1562 4570 1695 4608; x_wconf 89' lang='lat' dir='ltr'>vero</span> <span class='ocrx_word' id='word_1_685' title='bbox 1725 4553 1823 4624; x_wconf 92' lang='lat' dir='ltr'>qui</span> <span class='ocrx_word' id='word_1_686' title='bbox 1843 4561 1903 4632; x_wconf 85' lang='lat' dir='ltr'><strong>D</strong></span> <span class='ocrx_word' id='word_1_687' title='bbox 1924 4551 2056 4604; x_wconf 83' lang='lat' dir='ltr'>facit</span> <span class='ocrx_word' id='word_1_688' title='bbox 2096 4549 2292 4619; x_wconf 91' lang='lat' dir='ltr'>utique</span> <span class='ocrx_word' id='word_1_689' title='bbox 2333 4553 2621 4618; x_wconf 87' lang='lat' dir='ltr'>peccatum</span> <span class='ocrx_word' id='word_1_690' title='bbox 2668 4545 2821 4615; x_wconf 88' lang='lat' dir='ltr'>quod</span> <span class='ocrx_word' id='word_1_691' title='bbox 2848 4548 2932 4597; x_wconf 89' lang='lat' dir='ltr'>est</span> <span class='ocrx_word' id='word_1_692' title='bbox 2969 4546 3168 4596; x_wconf 90' lang='lat' dir='ltr'>contra</span> <span class='ocrx_word' id='word_1_693' title='bbox 3200 4541 3553 4595; x_wconf 89' lang='lat' dir='ltr'>mandatum.</span> 
     </span>
    </p>
   </div>
   <div class='ocr_carea' id='block_1_92' title="bbox 212 4645 1827 4718">
    <p class='ocr_par' dir='ltr' id='par_1_92' title="bbox 212 4645 1827 4718">
     <span class='ocr_line' id='line_1_92' title="bbox 212 4645 1827 4718; baseline 0.006 -25"><span class='ocrx_word' id='word_1_694' title='bbox 212 4653 328 4695; x_wconf 89' lang='lat' dir='ltr'>eum</span> <span class='ocrx_word' id='word_1_695' title='bbox 357 4645 486 4698; x_wconf 89' lang='lat' dir='ltr'>talia</span> <span class='ocrx_word' id='word_1_696' title='bbox 517 4645 731 4700; x_wconf 89' lang='lat' dir='ltr'>sentire</span> <span class='ocrx_word' id='word_1_697' title='bbox 773 4661 892 4700; x_wconf 91' lang='lat' dir='ltr'>non</span> <span class='ocrx_word' id='word_1_698' title='bbox 924 4645 1185 4714; x_wconf 91' lang='lat' dir='ltr'>credunt,</span> <span class='ocrx_word' id='word_1_699' title='bbox 1236 4647 1556 4717; x_wconf 63' lang='lat' dir='ltr'>praesertim</span> <span class='ocrx_word' id='word_1_700' title='bbox 1598 4647 1731 4718; x_wconf 90' lang='lat' dir='ltr'>quia</span> <span class='ocrx_word' id='word_1_701' title='bbox 1767 4647 1827 4702; x_wconf 92' lang='lat' dir='ltr'>in</span> 
     </span>
    </p>
   </div>
   <div class='ocr_carea' id='block_1_93' title="bbox 213 4731 1832 4810">
    <p class='ocr_par' dir='ltr' id='par_1_93' title="bbox 213 4731 1832 4810">
     <span class='ocr_line' id='line_1_93' title="bbox 213 4731 1832 4810; baseline 0.006 -23"><span class='ocrx_word' id='word_1_702' title='bbox 213 4731 441 4806; x_wconf 87' lang='lat' dir='ltr'>Oriente,</span> <span class='ocrx_word' id='word_1_703' title='bbox 469 4739 573 4793; x_wconf 90' lang='lat' dir='ltr'>ubi</span> <span class='ocrx_word' id='word_1_704' title='bbox 603 4738 779 4810; x_wconf 90' lang='lat' dir='ltr'>degit,</span> <span class='ocrx_word' id='word_1_705' title='bbox 810 4742 972 4810; x_wconf 89' lang='lat' dir='ltr'>gesta</span> <span class='ocrx_word' id='word_1_706' title='bbox 999 4739 1372 4796; x_wconf 86' lang='lat' dir='ltr'>ecclesiastica</span> <span class='ocrx_word' id='word_1_707' title='bbox 1391 4741 1535 4796; x_wconf 86' lang='lat' dir='ltr'>facta</span> <span class='ocrx_word' id='word_1_708' title='bbox 1568 4759 1688 4798; x_wconf 91' lang='lat' dir='ltr'>esse</span> <span class='ocrx_word' id='word_1_709' title='bbox 1715 4758 1832 4796; x_wconf 87' lang='lat' dir='ltr'>cre-</span> 
     </span>
    </p>
   </div>
   <div class='ocr_carea' id='block_1_94' title="bbox 215 4824 1831 4907">
    <p class='ocr_par' dir='ltr' id='par_1_94' title="bbox 215 4824 1831 4907">
     <span class='ocr_line' id='line_1_94' title="bbox 215 4824 1831 4907; baseline 0.004 -26"><span class='ocrx_word' id='word_1_710' title='bbox 215 4824 442 4886; x_wconf 87' lang='lat' dir='ltr'>dendum</span> <span class='ocrx_word' id='word_1_711' title='bbox 477 4835 584 4898; x_wconf 91' lang='lat' dir='ltr'>est,</span> <span class='ocrx_word' id='word_1_712' title='bbox 615 4831 728 4886; x_wconf 88' lang='lat' dir='ltr'>nisi</span> <span class='ocrx_word' id='word_1_713' title='bbox 752 4833 961 4904; x_wconf 89' lang='lat' dir='ltr'>quibus</span> <span class='ocrx_word' id='word_1_714' title='bbox 991 4837 1228 4905; x_wconf 89' lang='lat' dir='ltr'>putatur</span> <span class='ocrx_word' id='word_1_715' title='bbox 1253 4851 1373 4890; x_wconf 89' lang='lat' dir='ltr'>esse</span> <span class='ocrx_word' id='word_1_716' title='bbox 1401 4839 1702 4907; x_wconf 90' lang='lat' dir='ltr'>purgatus,</span> <span class='ocrx_word' id='word_1_717' title='bbox 1735 4836 1831 4889; x_wconf 91' lang='lat' dir='ltr'>ubi</span> 
     </span>
    </p>
   </div>
   <div class='ocr_carea' id='block_1_95' title="bbox 213 4923 1828 5000">
    <p class='ocr_par' dir='ltr' id='par_1_95' title="bbox 213 4923 1828 5000">
     <span class='ocr_line' id='line_1_95' title="bbox 213 4923 1828 5000; baseline 0.004 -24"><span class='ocrx_word' id='word_1_718' title='bbox 213 4923 424 4989; x_wconf 83' lang='lat' dir='ltr'>quidam</span> <span class='ocrx_word' id='word_1_719' title='bbox 454 4926 499 4979; x_wconf 93' lang='lat' dir='ltr'>si</span> <span class='ocrx_word' id='word_1_720' title='bbox 526 4926 778 4997; x_wconf 88' lang='lat' dir='ltr'>episcopi</span> <span class='ocrx_word' id='word_1_721' title='bbox 807 4943 942 4981; x_wconf 92' lang='lat' dir='ltr'>eum</span> <span class='ocrx_word' id='word_1_722' title='bbox 991 4928 1335 4983; x_wconf 88' lang='lat' dir='ltr'>catholicum</span> <span class='ocrx_word' id='word_1_723' title='bbox 1365 4930 1828 5000; x_wconf 89' lang='lat' dir='ltr'>pronuntiarunt,</span> 
     </span>
    </p>
   </div>
   <div class='ocr_carea' id='block_1_96' title="bbox 215 5019 1833 5094">
    <p class='ocr_par' dir='ltr' id='par_1_96' title="bbox 215 5019 1833 5094">
     <span class='ocr_line' id='line_1_96' title="bbox 215 5019 1833 5094; baseline 0.006 -28"><span class='ocrx_word' id='word_1_724' title='bbox 215 5027 317 5069; x_wconf 89' lang='lat' dir='ltr'>non</span> <span class='ocrx_word' id='word_1_725' title='bbox 357 5019 427 5072; x_wconf 92' lang='lat' dir='ltr'>ob</span> <span class='ocrx_word' id='word_1_726' title='bbox 464 5019 624 5074; x_wconf 88' lang='lat' dir='ltr'>aliud</span> <span class='ocrx_word' id='word_1_727' title='bbox 653 5019 870 5074; x_wconf 86' lang='lat' dir='ltr'>factum</span> <span class='ocrx_word' id='word_1_728' title='bbox 894 5036 1013 5076; x_wconf 89' lang='lat' dir='ltr'>esse</span> <span class='ocrx_word' id='word_1_729' title='bbox 1041 5021 1394 5077; x_wconf 88' lang='lat' dir='ltr'>credendum</span> <span class='ocrx_word' id='word_1_730' title='bbox 1425 5028 1527 5089; x_wconf 86' lang='lat' dir='ltr'>est,</span> <span class='ocrx_word' id='word_1_731' title='bbox 1558 5023 1669 5076; x_wconf 90' lang='lat' dir='ltr'>nisi</span> <span class='ocrx_word' id='word_1_732' title='bbox 1701 5023 1833 5094; x_wconf 91' lang='lat' dir='ltr'>quia</span> 
     </span>
    </p>
   </div>
   <div class='ocr_carea' id='block_1_97' title="bbox 216 5105 1830 5188">
    <p class='ocr_par' dir='ltr' id='par_1_97' title="bbox 216 5105 1830 5188">
     <span class='ocr_line' id='line_1_97' title="bbox 216 5105 1830 5188; baseline 0.006 -28"><span class='ocrx_word' id='word_1_733' title='bbox 216 5105 342 5164; x_wconf 81' lang='lat' dir='ltr'>dixit</span> <span class='ocrx_word' id='word_1_734' title='bbox 367 5129 426 5166; x_wconf 91' lang='lat' dir='ltr'>se</span> <span class='ocrx_word' id='word_1_735' title='bbox 457 5113 557 5168; x_wconf 90' lang='lat' dir='ltr'>Dei</span> <span class='ocrx_word' id='word_1_736' title='bbox 584 5113 823 5184; x_wconf 88' lang='lat' dir='ltr'>gratiam</span> <span class='ocrx_word' id='word_1_737' title='bbox 855 5115 1133 5185; x_wconf 89' lang='lat' dir='ltr'>conﬁteri,</span> <span class='ocrx_word' id='word_1_738' title='bbox 1155 5118 1212 5170; x_wconf 91' lang='lat' dir='ltr'>et</span> <span class='ocrx_word' id='word_1_739' title='bbox 1238 5115 1319 5171; x_wconf 91' lang='lat' dir='ltr'>ita</span> <span class='ocrx_word' id='word_1_740' title='bbox 1346 5133 1508 5188; x_wconf 90' lang='lat' dir='ltr'>posse</span> <span class='ocrx_word' id='word_1_741' title='bbox 1537 5117 1830 5172; x_wconf 89' lang='lat' dir='ltr'>hominem</span> 
     </span>
    </p>
   </div>
   <div class='ocr_carea' id='block_1_98' title="bbox 217 5203 1830 5280">
    <p class='ocr_par' dir='ltr' id='par_1_98' title="bbox 217 5203 1830 5280">
     <span class='ocr_line' id='line_1_98' title="bbox 217 5203 1830 5280; baseline 0.006 -25"><span class='ocrx_word' id='word_1_742' title='bbox 217 5216 306 5258; x_wconf 88' lang='lat' dir='ltr'>suo</span> <span class='ocrx_word' id='word_1_743' title='bbox 333 5203 523 5262; x_wconf 87' lang='lat' dir='ltr'>labore</span> <span class='ocrx_word' id='word_1_744' title='bbox 560 5223 625 5262; x_wconf 91' lang='lat' dir='ltr'>ac</span> <span class='ocrx_word' id='word_1_745' title='bbox 649 5207 942 5263; x_wconf 84' lang='lat' dir='ltr'>voluntate</span> <span class='ocrx_word' id='word_1_746' title='bbox 961 5208 1116 5279; x_wconf 88' lang='lat' dir='ltr'>juste</span> <span class='ocrx_word' id='word_1_747' title='bbox 1143 5210 1354 5280; x_wconf 87' lang='lat' dir='ltr'>vivere,</span> <span class='ocrx_word' id='word_1_748' title='bbox 1394 5216 1456 5264; x_wconf 92' lang='lat' dir='ltr'>ut</span> <span class='ocrx_word' id='word_1_749' title='bbox 1485 5211 1558 5265; x_wconf 89' lang='lat' dir='ltr'>ad</span> <span class='ocrx_word' id='word_1_750' title='bbox 1589 5211 1696 5265; x_wconf 91' lang='lat' dir='ltr'>hoc</span> <span class='ocrx_word' id='word_1_751' title='bbox 1727 5210 1830 5264; x_wconf 90' lang='lat' dir='ltr'>ad-</span> 
     </span>
    </p>
   </div>
   <div class='ocr_carea' id='block_1_99' title="bbox 209 5293 1828 5370">
    <p class='ocr_par' dir='ltr' id='par_1_99' title="bbox 209 5293 1828 5370">
     <span class='ocr_line' id='line_1_99' title="bbox 209 5293 1828 5370; baseline 0.006 -21"><span class='ocrx_word' id='word_1_752' title='bbox 209 5293 378 5361; x_wconf 86' lang='lat' dir='ltr'>juvari</span> <span class='ocrx_word' id='word_1_753' title='bbox 408 5300 500 5354; x_wconf 89' lang='lat' dir='ltr'>Dei</span> <span class='ocrx_word' id='word_1_754' title='bbox 527 5301 706 5370; x_wconf 88' lang='lat' dir='ltr'>gratia</span> <span class='ocrx_word' id='word_1_755' title='bbox 735 5318 848 5355; x_wconf 91' lang='lat' dir='ltr'>non</span> <span class='ocrx_word' id='word_1_756' title='bbox 877 5308 1138 5370; x_wconf 80' lang='lat' dir='ltr'>negaret.</span> <span class='ocrx_word' id='word_1_757' title='bbox 1171 5304 1265 5357; x_wconf 87' lang='lat' dir='ltr'>His</span> <span class='ocrx_word' id='word_1_758' title='bbox 1285 5304 1440 5358; x_wconf 91' lang='lat' dir='ltr'>enim</span> <span class='ocrx_word' id='word_1_759' title='bbox 1471 5305 1679 5360; x_wconf 89' lang='lat' dir='ltr'>auditis</span> <span class='ocrx_word' id='word_1_760' title='bbox 1702 5320 1828 5358; x_wconf 88' lang='lat' dir='ltr'>ver-</span> 
     </span>
    </p>
   </div>
   <div class='ocr_carea' id='block_1_100' title="bbox 216 5385 1833 5469">
    <p class='ocr_par' dir='ltr' id='par_1_100' title="bbox 216 5385 1833 5469">
     <span class='ocr_line' id='line_1_100' title="bbox 216 5385 1833 5469; baseline 0.007 -28"><span class='ocrx_word' id='word_1_761' title='bbox 216 5385 310 5455; x_wconf 86' lang='lat' dir='ltr'>bis,</span> <span class='ocrx_word' id='word_1_762' title='bbox 331 5392 588 5447; x_wconf 89' lang='lat' dir='ltr'>catholici</span> <span class='ocrx_word' id='word_1_763' title='bbox 613 5395 892 5448; x_wconf 88' lang='lat' dir='ltr'>antistites</span> <span class='ocrx_word' id='word_1_764' title='bbox 921 5397 1138 5451; x_wconf 90' lang='lat' dir='ltr'>nullam</span> <span class='ocrx_word' id='word_1_765' title='bbox 1154 5397 1326 5452; x_wconf 88' lang='lat' dir='ltr'>aliam</span> <span class='ocrx_word' id='word_1_766' title='bbox 1351 5399 1446 5453; x_wconf 91' lang='lat' dir='ltr'>Dei</span> <span class='ocrx_word' id='word_1_767' title='bbox 1476 5399 1717 5469; x_wconf 87' lang='lat' dir='ltr'>gratiam</span> <span class='ocrx_word' id='word_1_768' title='bbox 1742 5397 1833 5452; x_wconf 92' lang='lat' dir='ltr'>in-</span> 
     </span>
    </p>
   </div>
   <div class='ocr_carea' id='block_1_101' title="bbox 216 5481 1839 5562">
    <p class='ocr_par' dir='ltr' id='par_1_101' title="bbox 216 5481 1839 5562">
     <span class='ocr_line' id='line_1_101' title="bbox 216 5481 1839 5562; baseline 0.008 -29"><span class='ocrx_word' id='word_1_769' title='bbox 216 5481 460 5555; x_wconf 86' lang='lat' dir='ltr'>telligere</span> <span class='ocrx_word' id='word_1_770' title='bbox 507 5492 838 5557; x_wconf 89' lang='lat' dir='ltr'>potuerunt,</span> <span class='ocrx_word' id='word_1_771' title='bbox 885 5488 993 5543; x_wconf 88' lang='lat' dir='ltr'>nisi</span> <span class='ocrx_word' id='word_1_772' title='bbox 1033 5507 1203 5561; x_wconf 88' lang='lat' dir='ltr'>quam</span> <span class='ocrx_word' id='word_1_773' title='bbox 1240 5492 1400 5545; x_wconf 89' lang='lat' dir='ltr'>libris</span> <span class='ocrx_word' id='word_1_774' title='bbox 1442 5493 1542 5545; x_wconf 88' lang='lat' dir='ltr'>Dei</span> <span class='ocrx_word' id='word_1_775' title='bbox 1567 5494 1756 5562; x_wconf 85' lang='lat' dir='ltr'>legere</span> <span class='ocrx_word' id='word_1_776' title='bbox 1782 5497 1839 5546; x_wconf 92' lang='lat' dir='ltr'>et</span> 
     </span>
    </p>
   </div>
   <div class='ocr_carea' id='block_1_102' title="bbox 219 5578 1838 5655">
    <p class='ocr_par' dir='ltr' id='par_1_102' title="bbox 219 5578 1838 5655">
     <span class='ocr_line' id='line_1_102' title="bbox 219 5578 1838 5655; baseline 0.006 -25"><span class='ocrx_word' id='word_1_777' title='bbox 219 5578 432 5646; x_wconf 81' lang='lat' dir='ltr'>pepulis</span> <span class='ocrx_word' id='word_1_778' title='bbox 459 5580 563 5634; x_wconf 91' lang='lat' dir='ltr'>Dei</span> <span class='ocrx_word' id='word_1_779' title='bbox 583 5582 893 5652; x_wconf 67' lang='lat' dir='ltr'>praedicare</span> <span class='ocrx_word' id='word_1_780' title='bbox 913 5588 1351 5650; x_wconf 89' lang='lat' dir='ltr'>consueverunt,</span> <span class='ocrx_word' id='word_1_781' title='bbox 1377 5601 1501 5638; x_wconf 87' lang='lat' dir='ltr'>eam</span> <span class='ocrx_word' id='word_1_782' title='bbox 1524 5585 1745 5655; x_wconf 91' lang='lat' dir='ltr'>utique,</span> <span class='ocrx_word' id='word_1_783' title='bbox 1769 5585 1838 5639; x_wconf 90' lang='lat' dir='ltr'>de</span> 
     </span>
    </p>
   </div>
   <div class='ocr_carea' id='block_1_103' title="bbox 220 5672 1836 5749">
    <p class='ocr_par' dir='ltr' id='par_1_103' title="bbox 220 5672 1836 5749">
     <span class='ocr_line' id='line_1_103' title="bbox 220 5672 1836 5749; baseline 0.007 -29"><span class='ocrx_word' id='word_1_784' title='bbox 220 5683 320 5737; x_wconf 88' lang='lat' dir='ltr'>qua</span> <span class='ocrx_word' id='word_1_785' title='bbox 361 5672 499 5728; x_wconf 87' lang='lat' dir='ltr'>dicit</span> <span class='ocrx_word' id='word_1_786' title='bbox 534 5677 829 5745; x_wconf 82' lang='lat' dir='ltr'>Apostolus</span> <span class='ocrx_word' id='word_1_787' title='bbox 863 5693 876 5731; x_wconf 92' lang='lat'>:</span> <span class='ocrx_word' id='word_1_788' title='bbox 915 5678 1092 5731; x_wconf 85' lang='lat' dir='ltr'>«Non</span> <span class='ocrx_word' id='word_1_789' title='bbox 1136 5677 1356 5731; x_wconf 89' lang='lat' dir='ltr'>irritam</span> <span class='ocrx_word' id='word_1_790' title='bbox 1396 5677 1538 5731; x_wconf 89' lang='lat' dir='ltr'>facio</span> <span class='ocrx_word' id='word_1_791' title='bbox 1591 5679 1836 5749; x_wconf 85' lang='lat' dir='ltr'>gratiam</span> 
     </span>
    </p>
   </div>
   <div class='ocr_carea' id='block_1_104' title="bbox 221 5759 1840 5844">
    <p class='ocr_par' dir='ltr' id='par_1_104' title="bbox 221 5759 1840 5844">
     <span class='ocr_line' id='line_1_104' title="bbox 221 5759 1840 5844; baseline 0.006 -29"><span class='ocrx_word' id='word_1_792' title='bbox 221 5759 330 5818; x_wconf 86' lang='lat' dir='ltr'>Dei.</span> <span class='ocrx_word' id='word_1_793' title='bbox 361 5765 500 5820; x_wconf 83' lang='lat' dir='ltr'>Nam</span> <span class='ocrx_word' id='word_1_794' title='bbox 530 5766 578 5820; x_wconf 89' lang='lat' dir='ltr'>si</span> <span class='ocrx_word' id='word_1_795' title='bbox 603 5785 706 5840; x_wconf 86' lang='lat' dir='ltr'>per</span> <span class='ocrx_word' id='word_1_796' title='bbox 734 5770 923 5841; x_wconf 89' lang='lat' dir='ltr'>legem</span> <span class='ocrx_word' id='word_1_797' title='bbox 945 5771 1185 5842; x_wconf 87' lang='lat' dir='ltr'>justitia,</span> <span class='ocrx_word' id='word_1_798' title='bbox 1212 5787 1350 5841; x_wconf 90' lang='lat' dir='ltr'>ergo</span> <span class='ocrx_word' id='word_1_799' title='bbox 1380 5771 1634 5828; x_wconf 90' lang='lat' dir='ltr'>Christus</span> <span class='ocrx_word' id='word_1_800' title='bbox 1666 5771 1840 5844; x_wconf 87' lang='lat' dir='ltr'>gratis</span> 
     </span>
    </p>
   </div>
   <div class='ocr_carea' id='block_1_105' title="bbox 225 5862 1842 5937">
    <p class='ocr_par' dir='ltr' id='par_1_105' title="bbox 225 5862 1842 5937">
     <span class='ocr_line' id='line_1_105' title="bbox 225 5862 1842 5937; baseline 0.007 -28"><span class='ocrx_word' id='word_1_801' title='bbox 225 5863 471 5914; x_wconf 87' lang='lat' dir='ltr'>mortuus</span> <span class='ocrx_word' id='word_1_802' title='bbox 501 5863 590 5914; x_wconf 88' lang='lat' dir='ltr'>est</span> <span class='ocrx_word' id='word_1_803' title='bbox 618 5862 758 5934; x_wconf 87' lang='lat' dir='ltr'>(Gal.</span> <span class='ocrx_word' id='word_1_804' title='bbox 791 5881 852 5931; x_wconf 82' lang='grc' dir='ltr'>ιι,</span> <span class='ocrx_word' id='word_1_805' title='bbox 879 5865 987 5937; x_wconf 82' lang='grc'>21).</span> <span class='ocrx_word' id='word_1_806' title='bbox 1024 5886 1050 5914; x_wconf 84' lang='grc'><strong>››</strong></span> <span class='ocrx_word' id='word_1_807' title='bbox 1093 5865 1226 5921; x_wconf 91' lang='lat' dir='ltr'>Sine</span> <span class='ocrx_word' id='word_1_808' title='bbox 1253 5864 1427 5920; x_wconf 90' lang='lat' dir='ltr'>dubio</span> <span class='ocrx_word' id='word_1_809' title='bbox 1456 5865 1699 5937; x_wconf 89' lang='lat' dir='ltr'>gratiam</span> <span class='ocrx_word' id='word_1_810' title='bbox 1729 5882 1842 5937; x_wconf 88' lang='lat' dir='ltr'>qua</span> 
     </span>
    </p>
   </div>
   <div class='ocr_carea' id='block_1_106' title="bbox 1930 4634 3557 4714">
    <p class='ocr_par' dir='ltr' id='par_1_106' title="bbox 1930 4634 3557 4714">
     <span class='ocr_line' id='line_1_106' title="bbox 1930 4634 3557 4714; baseline -0.006 -16"><span class='ocrx_word' id='word_1_811' title='bbox 1930 4646 2066 4699; x_wconf 91' lang='lat' dir='ltr'>Orat</span> <span class='ocrx_word' id='word_1_812' title='bbox 2095 4643 2268 4714; x_wconf 84' lang='lat' dir='ltr'>igitur</span> <span class='ocrx_word' id='word_1_813' title='bbox 2298 4647 2358 4695; x_wconf 90' lang='lat' dir='ltr'>ut</span> <span class='ocrx_word' id='word_1_814' title='bbox 2393 4657 2506 4694; x_wconf 91' lang='lat' dir='ltr'>non</span> <span class='ocrx_word' id='word_1_815' title='bbox 2536 4644 2749 4710; x_wconf 87' lang='lat' dir='ltr'>peccet,</span> <span class='ocrx_word' id='word_1_816' title='bbox 2782 4638 2890 4691; x_wconf 90' lang='lat' dir='ltr'>hoc</span> <span class='ocrx_word' id='word_1_817' title='bbox 2917 4639 3000 4691; x_wconf 91' lang='lat' dir='ltr'>est</span> <span class='ocrx_word' id='word_1_818' title='bbox 3030 4639 3095 4688; x_wconf 92' lang='lat' dir='ltr'>ut</span> <span class='ocrx_word' id='word_1_819' title='bbox 3123 4652 3196 4688; x_wconf 91' lang='lat' dir='ltr'>ne</span> <span class='ocrx_word' id='word_1_820' title='bbox 3224 4634 3360 4705; x_wconf 92' lang='lat' dir='ltr'>quid</span> <span class='ocrx_word' id='word_1_821' title='bbox 3390 4634 3557 4689; x_wconf 88' lang='lat' dir='ltr'>faciat</span> 
     </span>
    </p>
   </div>
   <div class='ocr_carea' id='block_1_107' title="bbox 1931 4728 3556 4807">
    <p class='ocr_par' dir='ltr' id='par_1_107' title="bbox 1931 4728 3556 4807">
     <span class='ocr_line' id='line_1_107' title="bbox 1931 4728 3556 4807; baseline -0.006 -15"><span class='ocrx_word' id='word_1_822' title='bbox 1931 4737 2066 4792; x_wconf 90' lang='lat' dir='ltr'>mali</span> <span class='ocrx_word' id='word_1_823' title='bbox 2104 4735 2255 4807; x_wconf 91' lang='lat' dir='ltr'>quod</span> <span class='ocrx_word' id='word_1_824' title='bbox 2301 4751 2404 4806; x_wconf 88' lang='lat' dir='ltr'>pro</span> <span class='ocrx_word' id='word_1_825' title='bbox 2451 4731 2756 4787; x_wconf 89' lang='lat' dir='ltr'>Corinthiis</span> <span class='ocrx_word' id='word_1_826' title='bbox 2799 4734 2926 4784; x_wconf 89' lang='lat' dir='ltr'>orat</span> <span class='ocrx_word' id='word_1_827' title='bbox 2965 4729 3265 4800; x_wconf 87' lang='lat' dir='ltr'>Apostolus</span> <span class='ocrx_word' id='word_1_828' title='bbox 3318 4728 3556 4783; x_wconf 84' lang='lat' dir='ltr'>dicens:</span> 
     </span>
    </p>
   </div>
   <div class='ocr_carea' id='block_1_108' title="bbox 1935 4819 3559 4894">
    <p class='ocr_par' dir='ltr' id='par_1_108' title="bbox 1935 4819 3559 4894">
     <span class='ocr_line' id='line_1_108' title="bbox 1935 4819 3559 4894; baseline -0.003 -14"><span class='ocrx_word' id='word_1_829' title='bbox 1935 4854 1962 4881; x_wconf 88' lang='grc'>‹‹</span> <span class='ocrx_word' id='word_1_830' title='bbox 1989 4832 2232 4885; x_wconf 90' lang='lat' dir='ltr'>Oramus</span> <span class='ocrx_word' id='word_1_831' title='bbox 2258 4832 2452 4883; x_wconf 89' lang='lat' dir='ltr'>autem</span> <span class='ocrx_word' id='word_1_832' title='bbox 2477 4827 2547 4881; x_wconf 90' lang='lat' dir='ltr'>ad</span> <span class='ocrx_word' id='word_1_833' title='bbox 2578 4825 2881 4879; x_wconf 90' lang='lat' dir='ltr'>Dominum</span> <span class='ocrx_word' id='word_1_834' title='bbox 2905 4840 2977 4878; x_wconf 90' lang='lat' dir='ltr'>ne</span> <span class='ocrx_word' id='word_1_835' title='bbox 3003 4822 3138 4894; x_wconf 90' lang='lat' dir='ltr'>quid</span> <span class='ocrx_word' id='word_1_836' title='bbox 3167 4821 3378 4876; x_wconf 89' lang='lat' dir='ltr'>faciatis</span> <span class='ocrx_word' id='word_1_837' title='bbox 3421 4819 3559 4876; x_wconf 89' lang='lat' dir='ltr'>mali</span> 
     </span>
    </p>
   </div>
   <div class='ocr_carea' id='block_1_109' title="bbox 1935 4916 3560 4994">
    <p class='ocr_par' dir='ltr' id='par_1_109' title="bbox 1935 4916 3560 4994">
     <span class='ocr_line' id='line_1_109' title="bbox 1935 4916 3560 4994; baseline -0.005 -15"><span class='ocrx_word' id='word_1_838' title='bbox 1935 4925 2005 4994; x_wconf 85' lang='grc' dir='ltr'>(Π</span> <span class='ocrx_word' id='word_1_839' title='bbox 2034 4924 2152 4978; x_wconf 83' lang='lat' dir='ltr'>Cor.</span> <span class='ocrx_word' id='word_1_840' title='bbox 2185 4939 2306 4987; x_wconf 85' lang='lat' dir='ltr'>xm,</span> <span class='ocrx_word' id='word_1_841' title='bbox 2338 4924 2408 4991; x_wconf 88' lang='lat'>6).</span> <span class='ocrx_word' id='word_1_842' title='bbox 2445 4940 2473 4973; x_wconf 84' lang='lat'><strong>»</strong></span> <span class='ocrx_word' id='word_1_843' title='bbox 2515 4918 2677 4974; x_wconf 91' lang='lat' dir='ltr'>Unde</span> <span class='ocrx_word' id='word_1_844' title='bbox 2715 4918 2851 4972; x_wconf 88' lang='lat' dir='ltr'>satis</span> <span class='ocrx_word' id='word_1_845' title='bbox 2891 4921 3131 4988; x_wconf 82' lang='lat' dir='ltr'>apparet</span> <span class='ocrx_word' id='word_1_846' title='bbox 3168 4916 3321 4987; x_wconf 92' lang='lat' dir='ltr'>quod</span> <span class='ocrx_word' id='word_1_847' title='bbox 3348 4933 3461 4970; x_wconf 91' lang='lat' dir='ltr'>non</span> <span class='ocrx_word' id='word_1_848' title='bbox 3489 4916 3560 4971; x_wconf 87' lang='lat' dir='ltr'>ad</span> 
     </span>
    </p>
   </div>
   <div class='ocr_carea' id='block_1_110' title="bbox 1930 5010 3559 5090">
    <p class='ocr_par' dir='ltr' id='par_1_110' title="bbox 1930 5010 3559 5090">
     <span class='ocr_line' id='line_1_110' title="bbox 1930 5010 3559 5090; baseline -0.006 -17"><span class='ocrx_word' id='word_1_849' title='bbox 1930 5017 2298 5090; x_wconf 87' lang='lat' dir='ltr'>peccandum,</span> <span class='ocrx_word' id='word_1_850' title='bbox 2331 5015 2392 5069; x_wconf 93' lang='lat' dir='ltr'>id</span> <span class='ocrx_word' id='word_1_851' title='bbox 2414 5018 2518 5080; x_wconf 91' lang='lat' dir='ltr'>est,</span> <span class='ocrx_word' id='word_1_852' title='bbox 2547 5029 2664 5068; x_wconf 91' lang='lat' dir='ltr'>non</span> <span class='ocrx_word' id='word_1_853' title='bbox 2686 5012 2757 5066; x_wconf 87' lang='lat' dir='ltr'>ad</span> <span class='ocrx_word' id='word_1_854' title='bbox 2776 5011 3274 5075; x_wconf 87' lang='lat' dir='ltr'>malefaciendum,</span> <span class='ocrx_word' id='word_1_855' title='bbox 3298 5010 3559 5080; x_wconf 90' lang='lat' dir='ltr'>quamvis</span> 
     </span>
    </p>
   </div>
   <div class='ocr_carea' id='block_1_111' title="bbox 1933 5104 3557 5170">
    <p class='ocr_par' dir='ltr' id='par_1_111' title="bbox 1933 5104 3557 5170">
     <span class='ocr_line' id='line_1_111' title="bbox 1933 5104 3557 5170; baseline -0.007 -3"><span class='ocrx_word' id='word_1_856' title='bbox 1933 5129 2050 5167; x_wconf 89' lang='lat' dir='ltr'>esse</span> <span class='ocrx_word' id='word_1_857' title='bbox 2073 5128 2191 5166; x_wconf 90' lang='lat' dir='ltr'>non</span> <span class='ocrx_word' id='word_1_858' title='bbox 2218 5109 2508 5165; x_wconf 89' lang='lat' dir='ltr'>dubitetur</span> <span class='ocrx_word' id='word_1_859' title='bbox 2527 5107 2765 5161; x_wconf 91' lang='lat' dir='ltr'>liberum</span> <span class='ocrx_word' id='word_1_860' title='bbox 2797 5105 3094 5160; x_wconf 86' lang='lat' dir='ltr'>arbitrium</span> <span class='ocrx_word' id='word_1_861' title='bbox 3122 5104 3444 5170; x_wconf 89' lang='lat' dir='ltr'>voluntatis,</span> <span class='ocrx_word' id='word_1_862' title='bbox 3473 5106 3557 5156; x_wconf 87' lang='lat' dir='ltr'>ta-</span> 
     </span>
    </p>
   </div>
   <div class='ocr_carea' id='block_1_112' title="bbox 1934 5197 3556 5276">
    <p class='ocr_par' dir='ltr' id='par_1_112' title="bbox 1934 5197 3556 5276">
     <span class='ocr_line' id='line_1_112' title="bbox 1934 5197 3556 5276; baseline -0.008 -15"><span class='ocrx_word' id='word_1_863' title='bbox 1934 5224 2072 5261; x_wconf 91' lang='lat' dir='ltr'>men</span> <span class='ocrx_word' id='word_1_864' title='bbox 2099 5205 2221 5276; x_wconf 90' lang='lat' dir='ltr'>ejus</span> <span class='ocrx_word' id='word_1_865' title='bbox 2246 5206 2492 5276; x_wconf 89' lang='lat' dir='ltr'>potestas</span> <span class='ocrx_word' id='word_1_866' title='bbox 2520 5218 2633 5255; x_wconf 91' lang='lat' dir='ltr'>non</span> <span class='ocrx_word' id='word_1_867' title='bbox 2655 5200 2915 5267; x_wconf 86' lang='lat' dir='ltr'>sufﬁciat,</span> <span class='ocrx_word' id='word_1_868' title='bbox 2939 5198 3046 5254; x_wconf 90' lang='lat' dir='ltr'>nisi</span> <span class='ocrx_word' id='word_1_869' title='bbox 3074 5198 3372 5268; x_wconf 86' lang='lat' dir='ltr'>adjuvetur</span> <span class='ocrx_word' id='word_1_870' title='bbox 3396 5197 3556 5249; x_wconf 60' lang='lat' dir='ltr'>inﬁro</span> 
     </span>
    </p>
   </div>
   <div class='ocr_carea' id='block_1_113' title="bbox 1935 5289 3557 5371">
    <p class='ocr_par' dir='ltr' id='par_1_113' title="bbox 1935 5289 3557 5371">
     <span class='ocr_line' id='line_1_113' title="bbox 1935 5289 3557 5371; baseline -0.009 -15"><span class='ocrx_word' id='word_1_871' title='bbox 1935 5302 2118 5356; x_wconf 87' lang='lat' dir='ltr'>mitas.</span> <span class='ocrx_word' id='word_1_872' title='bbox 2149 5301 2271 5371; x_wconf 90' lang='lat' dir='ltr'>Ipsa</span> <span class='ocrx_word' id='word_1_873' title='bbox 2297 5297 2484 5369; x_wconf 82' lang='lat' dir='ltr'>igitur</span> <span class='ocrx_word' id='word_1_874' title='bbox 2521 5295 2701 5351; x_wconf 92' lang='lat' dir='ltr'>oratio</span> <span class='ocrx_word' id='word_1_875' title='bbox 2740 5293 3050 5348; x_wconf 89' lang='lat' dir='ltr'>clarissima</span> <span class='ocrx_word' id='word_1_876' title='bbox 3085 5289 3400 5346; x_wconf 87' lang='lat' dir='ltr'>testiﬁcatio</span> <span class='ocrx_word' id='word_1_877' title='bbox 3432 5292 3516 5342; x_wconf 86' lang='lat' dir='ltr'>est</span> <span class='ocrx_word' id='word_1_878' title='bbox 3544 5304 3557 5342; x_wconf 91' lang='lat'><strong>:</strong></span> 
     </span>
    </p>
   </div>
   <div class='ocr_carea' id='block_1_114' title="bbox 1937 5383 3563 5459">
    <p class='ocr_par' dir='ltr' id='par_1_114' title="bbox 1937 5383 3563 5459">
     <span class='ocr_line' id='line_1_114' title="bbox 1937 5383 3563 5459; baseline -0.009 -8"><span class='ocrx_word' id='word_1_879' title='bbox 1937 5397 2084 5451; x_wconf 90' lang='lat' dir='ltr'>hanc</span> <span class='ocrx_word' id='word_1_880' title='bbox 2106 5395 2198 5448; x_wconf 90' lang='lat' dir='ltr'>ille</span> <span class='ocrx_word' id='word_1_881' title='bbox 2222 5393 2546 5458; x_wconf 89' lang='lat' dir='ltr'>conﬁtetur,</span> <span class='ocrx_word' id='word_1_882' title='bbox 2570 5393 2777 5444; x_wconf 87' lang='lat' dir='ltr'>etcum</span> <span class='ocrx_word' id='word_1_883' title='bbox 2804 5386 3182 5459; x_wconf 87' lang='lat' dir='ltr'>gaudebimus</span> <span class='ocrx_word' id='word_1_884' title='bbox 3207 5383 3320 5437; x_wconf 88' lang='lat' dir='ltr'>sive</span> <span class='ocrx_word' id='word_1_885' title='bbox 3341 5385 3563 5437; x_wconf 89' lang='lat' dir='ltr'>rectum</span> 
     </span>
    </p>
   </div>
   <div class='ocr_carea' id='block_1_115' title="bbox 1938 5475 3562 5554">
    <p class='ocr_par' dir='ltr' id='par_1_115' title="bbox 1938 5475 3562 5554">
     <span class='ocr_line' id='line_1_115' title="bbox 1938 5475 3562 5554; baseline -0.009 -11"><span class='ocrx_word' id='word_1_886' title='bbox 1938 5491 2053 5544; x_wconf 88' lang='lat' dir='ltr'>sive</span> <span class='ocrx_word' id='word_1_887' title='bbox 2084 5491 2419 5543; x_wconf 90' lang='lat' dir='ltr'>correctum.</span> <span class='ocrx_word' id='word_1_888' title='bbox 2465 5481 2879 5554; x_wconf 87' lang='lat' dir='ltr'>Distinguenda</span> <span class='ocrx_word' id='word_1_889' title='bbox 2924 5483 3007 5534; x_wconf 92' lang='lat' dir='ltr'>est</span> <span class='ocrx_word' id='word_1_890' title='bbox 3029 5479 3114 5533; x_wconf 90' lang='lat' dir='ltr'>lex</span> <span class='ocrx_word' id='word_1_891' title='bbox 3147 5483 3204 5531; x_wconf 90' lang='lat' dir='ltr'>et</span> <span class='ocrx_word' id='word_1_892' title='bbox 3230 5475 3441 5547; x_wconf 88' lang='lat' dir='ltr'>gratia;</span> <span class='ocrx_word' id='word_1_893' title='bbox 3474 5477 3562 5530; x_wconf 82' lang='lat' dir='ltr'>lex</span> 
     </span>
    </p>
   </div>
   <div class='ocr_carea' id='block_1_116' title="bbox 1931 5569 3566 5654">
    <p class='ocr_par' dir='ltr' id='par_1_116' title="bbox 1931 5569 3566 5654">
     <span class='ocr_line' id='line_1_116' title="bbox 1931 5569 3566 5654; baseline -0.008 -16"><span class='ocrx_word' id='word_1_894' title='bbox 1931 5584 2131 5654; x_wconf 87' lang='lat' dir='ltr'>jubere</span> <span class='ocrx_word' id='word_1_895' title='bbox 2149 5581 2324 5648; x_wconf 87' lang='lat' dir='ltr'>novit,</span> <span class='ocrx_word' id='word_1_896' title='bbox 2347 5580 2529 5651; x_wconf 89' lang='lat' dir='ltr'>gratia</span> <span class='ocrx_word' id='word_1_897' title='bbox 2542 5579 2763 5650; x_wconf 90' lang='lat' dir='ltr'>juvare.</span> <span class='ocrx_word' id='word_1_898' title='bbox 2790 5577 2896 5629; x_wconf 73' lang='lat' dir='ltr'>Nec</span> <span class='ocrx_word' id='word_1_899' title='bbox 2915 5574 3002 5627; x_wconf 84' lang='lat' dir='ltr'>lex</span> <span class='ocrx_word' id='word_1_900' title='bbox 3015 5571 3264 5642; x_wconf 88' lang='lat' dir='ltr'>juberet,</span> <span class='ocrx_word' id='word_1_901' title='bbox 3289 5569 3396 5624; x_wconf 88' lang='lat' dir='ltr'>nisi</span> <span class='ocrx_word' id='word_1_902' title='bbox 3418 5575 3566 5625; x_wconf 87' lang='lat' dir='ltr'>esset</span> 
     </span>
    </p>
   </div>
   <div class='ocr_carea' id='block_1_117' title="bbox 1939 5664 3560 5745">
    <p class='ocr_par' dir='ltr' id='par_1_117' title="bbox 1939 5664 3560 5745">
     <span class='ocr_line' id='line_1_117' title="bbox 1939 5664 3560 5745; baseline -0.008 -14"><span class='ocrx_word' id='word_1_903' title='bbox 1939 5678 2216 5742; x_wconf 85' lang='lat' dir='ltr'>voluntas,</span> <span class='ocrx_word' id='word_1_904' title='bbox 2247 5691 2349 5729; x_wconf 90' lang='lat' dir='ltr'>nec</span> <span class='ocrx_word' id='word_1_905' title='bbox 2379 5673 2561 5745; x_wconf 82' lang='lat' dir='ltr'>gratia</span> <span class='ocrx_word' id='word_1_906' title='bbox 2586 5672 2834 5742; x_wconf 89' lang='lat' dir='ltr'>juvaret,</span> <span class='ocrx_word' id='word_1_907' title='bbox 2869 5667 2913 5719; x_wconf 89' lang='lat' dir='ltr'>si</span> <span class='ocrx_word' id='word_1_908' title='bbox 2949 5664 3076 5719; x_wconf 87' lang='lat' dir='ltr'>satis</span> <span class='ocrx_word' id='word_1_909' title='bbox 3110 5667 3256 5718; x_wconf 89' lang='lat' dir='ltr'>esset</span> <span class='ocrx_word' id='word_1_910' title='bbox 3279 5664 3560 5718; x_wconf 87' lang='lat' dir='ltr'>voluntas.</span> 
     </span>
    </p>
   </div>
   <div class='ocr_carea' id='block_1_118' title="bbox 1938 5757 3564 5826">
    <p class='ocr_par' dir='ltr' id='par_1_118' title="bbox 1938 5757 3564 5826">
     <span class='ocr_line' id='line_1_118' title="bbox 1938 5757 3564 5826; baseline -0.007 -2"><span class='ocrx_word' id='word_1_911' title='bbox 1938 5771 2172 5824; x_wconf 88' lang='lat' dir='ltr'>.lubetur</span> <span class='ocrx_word' id='word_1_912' title='bbox 2197 5774 2258 5822; x_wconf 91' lang='lat' dir='ltr'>ut</span> <span class='ocrx_word' id='word_1_913' title='bbox 2277 5767 2550 5821; x_wconf 87' lang='lat' dir='ltr'>habeatur</span> <span class='ocrx_word' id='word_1_914' title='bbox 2569 5763 2899 5826; x_wconf 86' lang='lat' dir='ltr'>intellectus,</span> <span class='ocrx_word' id='word_1_915' title='bbox 2927 5757 3020 5812; x_wconf 90' lang='lat' dir='ltr'>ubi</span> <span class='ocrx_word' id='word_1_916' title='bbox 3042 5757 3247 5811; x_wconf 91' lang='lat' dir='ltr'>dicitur</span> <span class='ocrx_word' id='word_1_917' title='bbox 3274 5773 3288 5811; x_wconf 89' lang='lat'><strong>:</strong></span> <span class='ocrx_word' id='word_1_918' title='bbox 3326 5779 3352 5806; x_wconf 82' lang='lat'><strong>«</strong></span> <span class='ocrx_word' id='word_1_919' title='bbox 3381 5757 3564 5813; x_wconf 86' lang='lat' dir='ltr'>Nolite</span> 
     </span>
    </p>
   </div>
   <div class='ocr_carea' id='block_1_119' title="bbox 1943 5850 3565 5928">
    <p class='ocr_par' dir='ltr' id='par_1_119' title="bbox 1943 5850 3565 5928">
     <span class='ocr_line' id='line_1_119' title="bbox 1943 5850 3565 5928; baseline -0.006 -10"><span class='ocrx_word' id='word_1_920' title='bbox 1943 5881 2065 5918; x_wconf 89' lang='lat' dir='ltr'>esse</span> <span class='ocrx_word' id='word_1_921' title='bbox 2088 5863 2232 5918; x_wconf 90' lang='lat' dir='ltr'>sicut</span> <span class='ocrx_word' id='word_1_922' title='bbox 2251 5862 2440 5916; x_wconf 88' lang='lat' dir='ltr'>mulus</span> <span class='ocrx_word' id='word_1_923' title='bbox 2468 5863 2526 5913; x_wconf 89' lang='lat' dir='ltr'>et</span> <span class='ocrx_word' id='word_1_924' title='bbox 2549 5873 2746 5928; x_wconf 88' lang='lat' dir='ltr'>equus,</span> <span class='ocrx_word' id='word_1_925' title='bbox 2769 5853 2974 5925; x_wconf 82' lang='lat' dir='ltr'>quibus</span> <span class='ocrx_word' id='word_1_926' title='bbox 2998 5869 3115 5907; x_wconf 90' lang='lat' dir='ltr'>non</span> <span class='ocrx_word' id='word_1_927' title='bbox 3139 5855 3225 5907; x_wconf 90' lang='lat' dir='ltr'>est</span> <span class='ocrx_word' id='word_1_928' title='bbox 3246 5850 3565 5909; x_wconf 89' lang='lat' dir='ltr'>intellectus</span> 
     </span>
    </p>
   </div>
  </div>
