4026 6182
484 265 586 319 735

1372 259 1657 318 APPEND.
1697 261 1785 317 AD
1822 262 1981 318 διες.
2025 262 2112 317 1x.
2141 291 2209 302 -
2246 259 2494 318 lSlDORI
2531 260 2956 319 MERCATORIS
3297 240 3319 260 “
3683 275 3761 327 735

481 371 644 442 (Psal.
677 386 826 438 xxxx,
862 372 932 439 9),
983 375 1038 423 et
1081 375 1273 424 tamen
1316 385 1548 425 oramus
1587 375 1652 426 ut
1681 371 1992 426 habeamus
2021 371 2110 424 in-
2137 383 2192 455 Α
2216 387 2496 437 essemus,
2542 376 2598 426 et
2641 370 2990 440 viveremus,
3034 375 3092 426 et
3129 371 3484 440 sentiremus,
3521 378 3572 428 et
3600 375 3766 432 intelli-

479 465 784 529 tellectum,
841 461 939 515 ubi
989 461 1234 517 dicitur:
1285 485 1311 512 ‹‹
1353 465 1434 517 Da
1487 464 1629 518 mihi
1675 464 2024 518 intellectum
2050 468 2114 518 ut

482 557 694 611 discam
723 555 990 609 mandata
1017 561 1115 609 tua
1161 558 1324 626 (Psal.
1358 573 1539 623 cxvm,
1576 559 1686 626 '73).
1718 577 1744 609 »
1791 558 2026 611 .lubetur
2051 562 2114 612 ut

479 650 790 704 habeamus
817 649 1157 720 sapientiam
1186 649 1279 703 ubi
1308 650 1514 704 dicitur
1543 667 1553 704 :
1587 670 1613 702 «
1640 651 1834 718 Stulti,
1862 651 2114 721 aliquau-

483 743 555 797 do
581 743 761 813 sapite
788 742 953 814 (Psat.
977 758 1131 810 XCIII,
1157 743 1232 814 8),
1261 765 1287 792 ››
1321 749 1376 797 et
1396 749 1587 798 tamen
1609 749 1807 799 oratur
1824 749 1884 798 ut
1899 743 2113 815 sapien-

480 837 614 891 tiam
635 837 966 904 habeamus,
989 836 1086 890 ubi
1107 836 1314 890 dicitur
1340 854 1352 890 :
1387 859 1414 885 «
1439 838 1497 892 Si
1517 838 1642 908 quis
1655 842 1842 892 autem
1864 842 2111 892 vestrum

478 930 696 1001 indiget
725 930 1023 1002 sapientia,
1070 931 1311 1000 postulet
1353 947 1384 984 a
1423 932 1534 985 Deo
1575 932 1674 1002 qui
1712 933 1807 986 dat
1845 932 2111 987 omnibus

480 1024 801 1090 afﬂuenter,
841 1027 899 1078 et
946 1040 1060 1078 non
1102 1024 1472 1094 improperat,
1522 1031 1577 1079 et
1624 1024 1853 1079 dabitur
1884 1027 1936 1078 ei
1976 1027 2108 1095 (Jac.

481 1134 519 1185 1,
549 1118 621 1188 5).
651 1139 677 1167 ››
708 1117 946 1171 Jubetur
984 1121 1047 1170 ut
1086 1116 1401 1171 habeamus
1433 1117 1864 1188 continentiam,
1901 1119 1997 1172 ubi
2022 1119 2110 1172 di-

479 1211 626 1265 citur
655 1226 668 1264 :
707 1231 734 1258 ‹‹
767 1210 910 1264 Cum
951 1209 1154 1264 scirem
1197 1210 1330 1280 quia
1366 1228 1536 1266 nemo
1564 1215 1749 1282 potest
1774 1229 1895 1266 esse
1926 1213 2109 1266 conti-

479 1319 640 1372 nens,
693 1302 799 1356 nisi
841 1304 986 1356 Deus
1027 1304 1140 1371 det,
1187 1306 1244 1356 et
1284 1305 1394 1358 hoc
1432 1305 1621 1375 ipsum
1652 1310 1776 1358 erat
1819 1305 2109 1376 sapientiae

480 1396 623 1450 scire
654 1396 815 1467 cujus
843 1401 990 1451 esset
1022 1397 1126 1450 hoc
1158 1396 1394 1467 donum,
1428 1397 1540 1451 adii
1570 1397 1873 1452 Dominum
1912 1402 1968 1453 et
2011 1399 2107 1452 de-

480 1494 742 1560 precatus
787 1507 913 1543 sum
952 1490 1111 1544 illum
1164 1493 1308 1560 (Sap.
1359 1507 1472 1557 Vlll,
1523 1494 1632 1559 21),
1664 1513 1690 1539 ››
1719 1493 2008 1546 Postremo
2038 1508 2109 1545 ne

479 1583 722 1637 nimium
759 1583 997 1654 longum
1041 1584 1112 1638 sit
1147 1587 1348 1638 cuncta
1391 1600 1746 1654 percurrere,
1783 1584 2018 1656 jubetur
2047 1590 2109 1640 ut

477 1692 595 1730 non
626 1676 895 1730 faciamus
921 1677 1156 1743 malum,
1179 1677 1276 1731 ubi
1305 1677 1511 1731 dicitur
1541 1694 1554 1731 :
1587 1698 1614 1727 «
1646 1677 1874 1732 Declina
1894 1695 1928 1731 a
1954 1679 2108 1732 malo

2216 482 2515 536 geremus,
2590 471 2646 519 et
2704 466 2772 520 de
2827 466 2936 519 hoc
2992 470 3212 520 tantum
3264 465 3523 522 beneticio
3567 471 3767 526 Creatori

2213 564 2406 612 nostro
2459 558 2668 628 gratias
2723 574 2894 630 agere
2948 559 3263 625 valeamus,
3321 559 3467 614 unde
3512 566 3562 616 et
3607 565 3769 618 merito

2215 651 2398 721 gratia
2448 651 2555 705 ista
2621 651 2731 705 dici
2777 655 2996 722 potest,
3048 652 3180 723 quia
3237 667 3350 706 non
3394 655 3769 723 praecedentium

2212 744 2535 814 aliquorum
2580 761 2819 815 operum
2867 744 3105 812 meritis,
3151 745 3244 798 sed
3294 746 3525 815 gratuita
3565 747 3769 803 bonitate

2214 838 2308 890 Dei
2359 837 2567 892 donata
2623 843 2727 904 est,
2775 838 2889 892 alia
2929 841 3014 892 est
3058 842 3248 892 tamen
3297 854 3405 909 qua
3448 840 3770 910 praedestinati

2211 946 2500 997 vocamur,
2529 930 2924 1001 justiticamur,
2976 930 3372 1002 glorificamur,
3399 936 3459 985 ut
3481 932 3647 987 dicere
3669 951 3770 1004 pos-

2213 1024 2387 1077 simus
2413 1041 2426 1077 :
2453 1023 2501 1096 1
2518 1023 2633 1096 81
2679 1045 2706 1074 ‹‹
2735 1024 2791 1079 Si
2818 1025 2961 1078 Deus
2986 1041 3090 1095 pro
3118 1024 3298 1091 nobis,
3327 1024 3447 1095 quis
3466 1029 3640 1080 contra
3658 1027 3772 1081 nos?

2214 1116 2320 1180 Qui
2371 1117 2506 1170 Filio
2545 1133 2645 1171 suo
2687 1117 2919 1188 proprio
2958 1134 3076 1172 non
3112 1117 3382 1187 pepercit,
3415 1117 3508 1171 sed
3535 1135 3624 1188 pro
3647 1119 3772 1173 nobis

2211 1209 2476 1263 omnibus
2505 1209 2736 1264 tradidit
2765 1210 2926 1264 illum
2962 1212 3128 1280 (Rom.
3159 1226 3275 1276 Vlll,
3308 1211 3395 1277 3t,
3423 1213 3524 1280 32),
3557 1230 3581 1260 ι)
3611 1211 3669 1265 de
3697 1212 3773 1266 hac

2211 1303 2394 1372 gratia
2457 1303 2690 1373 quaestio
2743 1303 3101 1370 vertebatur,
3163 1304 3389 1374 quando
3437 1304 3502 1357 ab
3546 1304 3624 1358 his
3667 1321 3775 1376 quos

2208 1396 2468 1466 Pelagius
2545 1397 2789 1466 graviter
2877 1396 3203 1452 offendebat
3287 1400 3453 1468 atque
3532 1397 3772 1464 turbabat,

2211 1489 2501 1543 dicebatur
2553 1490 2605 1544 ei
2656 1490 2802 1561 quod
2859 1507 2983 1545 eam
3034 1490 3148 1544 suis
3213 1491 3656 1561 disputationibus
3699 1507 3772 1561 0p-

2208 1588 2514 1653 pugnaret,
2546 1582 2751 1652 quibus
2778 1586 3075 1650 assereret,
3107 1599 3222 1638 non
3250 1584 3430 1637 solum
3459 1583 3524 1638 ad
3545 1583 3772 1652 facienda,

2210 1691 2406 1728 verum
2461 1675 2630 1729 etiam
2680 1676 2748 1730 ad
2804 1675 3149 1746 perﬁcienda
3200 1676 3455 1731 mandata
3501 1677 3666 1729 divina
3702 1693 3775 1746 per

479 1769 644 1838 (Psal.
679 1786 858 1838 xxxvn,
885 1771 996 1840 27),
1029 1788 1056 1819 »
1086 1773 1143 1824 et
1169 1773 1363 1824 tamen
1396 1775 1596 1824 oratur
1619 1773 1684 1824 ut
1701 1787 1815 1825 non
1837 1771 2111 1826 faciamus
2131 1755 2186 1826 Β
2211 1768 2452 1823 liberum
2481 1769 2782 1823 arbitrium
2808 1769 2914 1824 sibi
2936 1770 3253 1824 humanam
3276 1770 3523 1824 suﬁicere
3541 1776 3771 1824 naturam.

476 1863 693 1916 malum
727 1863 821 1916 ubi
842 1863 1048 1917 dicitur
1075 1879 1088 1917 :
1122 1881 1147 1914 «
1182 1864 1424 1918 Oramus
1453 1868 1645 1918 autem
1673 1864 1744 1918 ad
1776 1866 2108 1935 Dominum,

476 1970 548 2010 ne
577 1955 713 2027 quid
748 1955 965 2010 faciatis
1001 1956 1151 2010 mala
1182 1957 1254 2025 (II
1278 1959 1396 2014 Cor.
1424 1973 1542 2024 xm,
1575 1959 1645 2034 7).
1678 1978 1704 2006 »
1751 1958 2024 2013 Jubemur
2047 1963 2113 2014 ut

477 2048 748 2104 faciamus
773 2048 1009 2117 bonum,
1042 2049 1141 2103 ubi
1183 2048 1390 2103 dicitur
1421 2067 1434 2105 :
1471 2070 1498 2101 «
1531 2050 1758 2105 Declina
1796 2067 1829 2104 a
1871 2052 2018 2106 malo
2057 2055 2112 2106 et

476 2142 566 2197 fac
595 2143 813 2196 bonum
859 2141 1024 2211 (Psal.
1070 2158 1252 2211 xxxvr,
1301 2144 1411 2212 27),
1462 2146 1520 2197 et
1553 2147 1746 2198 tamen
1791 2149 2004 2212 oratur,
2051 2149 2112 2199 ut

479 2235 758 2290 faciamus
785 2235 1020 2304 bonum,
1053 2235 1152 2288 ubi
1179 2235 1385 2290 dicitur
1415 2252 1428 2290 :
1467 2256 1495 2284 «
1523 2237 1642 2290 Non
1681 2253 1970 2291 cessamus
2009 2254 2110 2308 pro

480 2329 640 2383 vobis
678 2332 906 2382 orantes
937 2331 994 2382 et
1020 2329 1393 2399 postulantes,
1430 2348 1456 2380 »
1507 2333 1677 2400 atque
1717 2329 1865 2384 inter
1904 2335 2110 2386 caetera

481 2439 610 2494 quae
629 2421 740 2476 illis
757 2426 878 2476 orat
898 2421 1050 2489 dicit,
1077 2443 1108 2471 ››
1133 2426 1196 2476 ut
1213 2422 1518 2477 ambuletis
1541 2423 1713 2494 digne
1735 2424 1849 2478 Deo
1866 2423 1926 2478 in
1943 2441 2111 2480 omne

480 2516 773 2586 placitum,
804 2516 863 2570 in
885 2515 1041 2570 omni
1075 2532 1248 2587 opere
1276 2521 1332 2571 et
1357 2533 1620 2572 sermone
1650 2517 1798 2572 bono
1823 2517 1953 2589 (Col.
1987 2536 2023 2586 1,
2055 2522 2107 2588 9,

483 2609 588 2679 10).
625 2629 652 2662 ››
686 2609 841 2664 Sicut
879 2625 1019 2680 ergo
1050 2609 1410 2680 agnoscimus
1440 2611 1788 2666 voluntatem
1829 2629 1959 2667 cum
1989 2613 2110 2667 haec

479 2703 910 2774 praecipiuntur,
937 2702 1017 2757 sic
1045 2707 1102 2758 et
1130 2703 1251 2773 ipse
1278 2707 1552 2774 agnoscat
1581 2704 1824 2775 gratiam
1853 2722 1981 2759 cum
2010 2721 2108 2776 pe-

475 2799 697 2850 tuntur.

545 2889 794 2946 Misimus
834 2889 1165 2944 reverentiae
1203 2894 1317 2944 tuae
1358 2889 1567 2945 librum
1610 2907 1780 2962 quem
1826 2891 2112 2946 dederunt

474 2984 727 3056 religiosi
765 2987 821 3038 et
862 2983 1086 3039 honesti
1119 2983 1504 3039 adolescentes
1537 2984 1683 3039 servi
1716 2985 1837 3054 Dei,
1867 3002 2110 3056 quorum

477 3080 652 3134 etiam
672 3078 912 3134 nomina
934 3094 1048 3132 non
1074 3082 1345 3147 tacemus,
1369 3095 1502 3132 nam
1518 3077 1838 3132 Thimasius
1864 3084 1920 3134 et
1944 3080 2106 3134 Jaco-

482 3128 652 3134 --____
672 3128 912 3134 _-_______
934 3128 1048 3132 __-__
1081 3128 1345 3147 ---η-η,
1369 3128 1502 3132 η-
1529 3128 1835 3132 _____-___-__
1869 3128 1920 3134 η
1945 3128 2072 3134 --η

474 3171 582 3226 bus
609 3177 900 3226 vocantur.
931 3171 1038 3236 Qui
1060 3170 1204 3226 sicut
1234 3171 1518 3238 audimus,
1554 3177 1610 3226 et
1640 3171 1811 3225 etiam
1834 3173 2112 3227 nosse.di-
2131 3128 2185 3202 Ο

477 3270 690 3342 gnaris,
713 3269 885 3341 ipsius
903 3270 1117 3341 Pelagii
1139 3269 1533 3325 exhortatione
1555 3287 1716 3341 spem
1737 3287 1910 3342 quam
1942 3271 2113 3326 habe-

473 3364 612 3419 bant
635 3364 694 3418 in
722 3365 926 3418 saeculo
953 3363 1327 3436 reliquerunt,
1352 3366 1410 3418 et
1434 3380 1588 3419 nunc
1614 3365 1971 3420 continentes
1992 3366 2109 3420 Deo

477 3459 751 3514 serviunt.
782 3457 890 3522 Qui
916 3474 1048 3513 cum
1076 3475 1269 3512 errore
1299 3457 1501 3513 eodem
1527 3458 1834 3530 aliquando
1854 3475 1956 3530 per
1974 3476 2110 3531 qua-

481 3552 824 3623 lemcunque
869 3568 1103 3624 operam
1156 3555 1430 3622 nostram,
1481 3553 1728 3608 Domino
1771 3552 2106 3624 inspirante,

481 3647 818 3714 caruissent,
842 3647 1205 3718 pertulerunt
1226 3646 1493 3700 eumdem
1519 3645 1733 3700 librum
1761 3646 1968 3717 Pelagii
1989 3662 2107 3701 esse

478 3740 747 3810 dicentes,
787 3745 842 3795 et
883 3742 948 3794 ut
987 3739 1038 3795 ei
1076 3740 1519 3810 responderetur
1543 3739 1835 3810 impendio
1869 3757 2104 3812 rogave-

476 3839 630 3890 runt.
661 3835 888 3889 Factum
930 3837 1017 3888 est
1046 3834 1118 3888 ad
1145 3834 1375 3889 eosdem
1411 3833 1546 3887 dum
1576 3833 1851 3904 rescripta
1881 3838 1964 3889 est
1987 3835 2110 3905 ipsa

476 3928 791 4000 responsio,
827 3931 1062 3999 agentes
1091 3927 1302 3998 gratias
1334 3927 1766 3998 rescripserunt,
1802 3929 2108 3998 utrumque

475 4022 752 4091 misimus,
787 4025 843 4076 et
872 4021 962 4075 cui
989 4037 1348 4093 responsum,
1379 4025 1436 4075 et
1462 4021 1616 4092 quod
1635 4037 1970 4092 responsum
2002 4025 2106 4075 est.

474 4117 542 4169 Et
573 4132 646 4170 ne
692 4114 936 4168 nimium
977 4131 1228 4169 essemus
1258 4114 1503 4181 onerosi,
1552 4114 1713 4185 signa
1751 4114 1992 4168 fecimus
2021 4114 2110 4168 his

474 4208 612 4263 locis
636 4207 730 4261 ubi
749 4207 993 4278 petimus
1012 4207 1286 4278 inspicere
1309 4223 1424 4261 non
1443 4207 1716 4277 graveris,
1738 4208 2112 4278 quemadmo-

479 4301 617 4355 dum
631 4300 738 4354 sibi
755 4300 979 4371 objecta
994 4300 1307 4371 quaastione
1325 4300 1474 4372 quod
1489 4300 1733 4370 gratiam
1747 4300 1840 4356 Dei
1854 4304 2106 4373 negaret,

474 4394 554 4450 ita
578 4393 896 4466 respondit,
925 4396 988 4448 ut
1014 4410 1140 4448 eam
1164 4410 1281 4448 esse
1309 4410 1426 4448 non
1451 4393 1680 4462 diceret,
1711 4394 1818 4448 nisi
1837 4400 2108 4450 naturam

474 4489 535 4544 in
565 4506 679 4562 qua
706 4505 808 4543 nos
835 4488 1086 4543 condidit
1103 4489 1269 4542 Deus.
1299 4487 1359 4543 Si
1390 4490 1584 4542 autem
1612 4488 1765 4542 hunc
1794 4505 1914 4543 esse
1944 4506 2106 4543 suum
2126 4502 2186 4575 D

474 4584 683 4639 librum
717 4585 910 4655 negat,
941 4587 1039 4638 aut
1069 4582 1269 4638 eadem
1297 4582 1355 4636 in
1384 4582 1530 4637 libro
1557 4583 1675 4637 loca
1716 4599 1833 4637 non
1868 4587 2106 4638 conten-

478 4676 683 4744 dimus,
706 4677 1148 4732 anathematizet
1171 4676 1325 4731 illam
1347 4679 1404 4731 et
1421 4693 1547 4730 eam
1564 4676 1902 4732 confiteatur
1931 4677 2105 4748 aptis-

474 4769 614 4825 sime
647 4770 883 4841 gratiam
915 4787 1087 4842 quam
1121 4770 1376 4825 doctrina
1402 4770 1721 4825 Christiana
1752 4770 2109 4826 demonstrat

476 4869 532 4919 et
560 4863 834 4935 praedicat
873 4880 992 4919 esse
1028 4864 1320 4935 prOpI-iam
1348 4863 1801 4919 Christianorum
1838 4880 1964 4936 quae
1990 4881 2106 4919 non

477 4963 560 5014 est
584 4960 808 5025 natura,
839 4957 934 5012 sed
964 4973 1076 5028 qua
1107 4959 1374 5012 salvatur.
1411 4957 1549 5021 Quae
1576 4963 1784 5013 natura
1810 4975 1928 5013 non
1953 4957 2105 5012 auri-

474 5053 581 5107 bus
621 5050 872 5106 doctrina
914 5055 1150 5106 sonante
1187 5052 1274 5105 vel
1306 5050 1498 5122 aliquo
1529 5052 1857 5122 adjumento
1904 5051 2109 5106 visibili

474 5146 644 5215 fovet,
677 5145 823 5199 sicut
853 5144 1143 5215 plantatur
1176 5144 1603 5215 quodammodo
1628 5151 1684 5200 et
1705 5145 1977 5216 irrigatur
2006 5162 2105 5200 ex-

472 5241 768 5305 trinsecus,
809 5237 907 5292 sed
950 5236 1477 5293 subministratione
1517 5238 1778 5308 Spiritus,
1811 5242 1868 5293 et
1893 5240 2110 5293 occulta

473 5332 860 5389 misericordia
886 5329 1030 5386 sicut
1053 5331 1150 5384 ille
1182 5331 1319 5385 facit
1362 5354 1388 5382 «
1431 5331 1530 5402 qui
1560 5331 1658 5385 dat
1687 5331 2108 5386 incrementum

474 5428 618 5483 Deus
661 5429 707 5499 (Ι
740 5425 860 5482 Cor.
906 5441 987 5492 ιιι,
1020 5426 1094 5495 7).
1125 5446 1151 5474 ››
1185 5424 1242 5481 Si
1282 5425 1438 5478 enim
1477 5425 1722 5496 quadam
1753 5442 1869 5481 non
1899 5426 2111 5497 impro-

473 5521 665 5576 banda
705 5521 927 5576 ratione
959 5518 1168 5574 dicitur
1193 5517 1375 5589 gratia
1404 5518 1506 5573 Dei
1540 5535 1653 5590 qua
1682 5520 1860 5574 creati
1889 5535 2106 5588 sumus,

474 5621 537 5670 ut
560 5615 822 5669 nonnihil
858 5629 1130 5683 essemus,
1170 5629 1275 5669 nec
1299 5613 1378 5667 ita
1406 5628 1660 5668 essemus
1688 5613 1861 5682 aliud,
1887 5619 1987 5669 aut
2013 5631 2106 5670 ca-

473 5708 646 5762 daver
695 5709 846 5780 quod
888 5724 1003 5763 non
1051 5707 1207 5777 vivit,
1259 5713 1360 5763 aut
1405 5707 1573 5762 arbor
1611 5725 1740 5780 quae
1769 5725 1885 5763 non
1913 5709 2105 5778 sentit,

474 5804 573 5853 aut
598 5816 768 5871 pecus
804 5801 955 5871 quod
993 5817 1107 5855 non
1159 5801 1444 5872 intelligit,
1490 5803 1587 5856 sed
1616 5803 1886 5858 homines
1912 5804 2009 5874 qui
2043 5806 2110 5859 ut

2211 1863 2360 1916 Ilanc
2409 1863 2715 1932 apostolica
2769 1863 3027 1918 doctrina
3086 1865 3334 1935 gratiam
3388 1880 3496 1918 non
3545 1863 3772 1917 immerito

2210 1955 2316 2010 isto
2355 1956 2585 2011 nomine
2625 1957 2872 2027 appellat
2913 1973 3026 2028 qua
3055 1958 3364 2025 salvamur,
3395 1961 3450 2012 et
3463 1957 3775 2029 justiticamur

2211 2065 2278 2103 ex
2334 2049 2445 2104 fide
2496 2048 2719 2103 Christi.
2788 2050 2867 2104 De
2936 2051 3042 2104 hac
3093 2051 3369 2122 scriptum
3425 2057 3505 2105 est
3555 2068 3565 2104 :
3622 2073 3643 2100 «
3683 2051 3773 2103 Non

2209 2143 2428 2196 irritam
2483 2141 2628 2196 facio
2693 2143 2934 2212 gratiam
2997 2144 3135 2211 Dei,
3203 2161 3339 2199 nam
3394 2145 3436 2198 si
3486 2161 3581 2214 per
3629 2145 3772 2214 legem

2203 2236 2459 2307 justitia,
2533 2251 2671 2305 ergo
2722 2235 2974 2290 Christus
3025 2237 3203 2307 gratis
3257 2243 3506 2292 mortuus
3551 2244 3625 2291 est
3670 2237 3772 2303 (Gal.

2210 2346 2268 2396 ιι,
2317 2329 2425 2401 21).
2473 2352 2498 2375 ››
2539 2330 2619 2383 De
2665 2329 2768 2383 hac
2813 2329 3086 2401 scriptum
3142 2334 3229 2384 est
3277 2347 3292 2384 :
3341 2352 3368 2380 «
3411 2329 3646 2387 Evacuati
3678 2328 3773 2382 estis

2212 2440 2245 2476 a
2292 2423 2554 2492 Christo,
2615 2423 2713 2494 qui
2765 2423 2824 2476 in
2890 2423 3018 2494 lege
3071 2425 3501 2495 justiticamini,
3557 2440 3586 2477 a
3635 2421 3774 2493 gratia

2210 2516 2490 2571 excidistis
2554 2517 2695 2585 (Gal.
2748 2533 2814 2583 γ,
2869 2519 2944 2586 4).
3002 2539 3028 2565 ››
3086 2519 3160 2573 De
3211 2519 3320 2574 hac
3368 2519 3618 2589 scriptum
3666 2518 3770 2569 est:

2215 2631 2242 2658 «
2299 2610 2354 2665 Si
2402 2613 2595 2666 autem
2649 2610 2850 2680 gratia,
2889 2612 3011 2681 jam
3064 2628 3176 2665 non
3237 2630 3304 2666 ex
3353 2613 3626 2684 operibus,
3669 2610 3771 2663 alio-

2211 2703 2349 2774 quin
2399 2703 2585 2774 gratia
2631 2703 2756 2774 jam
2807 2720 2922 2758 non
2972 2709 3056 2758 est
3101 2705 3284 2775 gratia
3335 2706 3494 2776 (Rom.
3545 2721 3605 2771 ιι,
3649 2705 3705 2772 6).
3751 2719 3770 2752 ιι

2210 2798 2287 2851 De
2341 2797 2446 2851 hac
2492 2797 2766 2868 scriptum
2816 2800 2944 2852 est:
2983 2819 3009 2846 «
3041 2797 3099 2852 Ei
3142 2801 3342 2853 autem
3393 2799 3487 2871 qui
3534 2814 3632 2852 non
3670 2811 3772 2866 ope-

2209 2894 2367 2944 ratur
2396 2933 2409 2957 ,
2487 2891 2737 2945 credenti
2799 2895 3000 2946 autem
3070 2892 3130 2946 in
3201 2909 3336 2948 eum
3397 2892 3490 2965 qui
3554 2889 3773 2962 justificat

2210 2983 2492 3055 impium,
2563 2985 2867 3055 deputatur
2925 2985 3063 3040 fides
3121 2987 3248 3056 ejus
3305 2987 3374 3041 ad
3424 2986 3697 3056 justitiam;
3737 2981 3769 3034 ei

2211 3083 2404 3132 autem
2450 3077 2547 3149 qui
2599 3084 2871 3150 operatur
2918 3095 3138 3133 merces
3187 3097 3306 3134 non
3347 3080 3674 3152 imputantur
3705 3091 3770 3128 se-

2209 3171 2460 3226 cundum
2517 3171 2798 3242 gratiam,
2843 3172 2941 3226 sed
2993 3173 3315 3229 secundum
3367 3173 3604 3228 debitum
3643 3170 3768 3239 (Rom.

2212 3281 2302 3334 1v,
2362 3265 2432 3333 4,
2493 3264 2583 3335 5),
2645 3285 2672 3314 ››
2727 3269 2784 3320 et
2832 3267 3013 3320 multa
3062 3266 3172 3320 alia
3240 3283 3371 3338 quae
3422 3266 3606 3321 melius
3650 3265 3771 3335 potes

2210 3357 2537 3412 meminisse
2591 3363 2648 3413 et
2697 3359 3019 3431 intelligere
3068 3360 3413 3432 prudentius
3459 3364 3512 3415 et
3558 3356 3771 3413 illustrius

2211 3451 2540 3523 praedicare.
2592 3452 2743 3507 Illam
2791 3471 2924 3508 vero
2975 3455 3216 3526 gratiam
3273 3472 3386 3528 qua
3435 3453 3592 3510 creati
3625 3463 3771 3505 sumus

2209 3546 2490 3614 homines,
2542 3546 2760 3601 etiamsi
2816 3547 2970 3602 illam
3020 3550 3422 3619 appellandam
3467 3564 3570 3602 non
3611 3545 3768 3599 imme-

2208 3640 2318 3693 rito
2350 3639 2741 3711 intelligimus,
2779 3640 2991 3695 mirum
3041 3646 3124 3696 est
3163 3645 3379 3711 tamen,
3425 3642 3469 3696 si
3509 3642 3579 3694 ita
3623 3634 3770 3708 appel-

2208 3734 2378 3787 latam
2429 3733 2488 3787 in
2543 3733 2709 3788 ullius
2755 3734 3022 3805 legitimis
3061 3736 3432 3807 propheticis,
3475 3727 3768 3802 evangelicis,

2211 3827 2646 3898 apostolicisque
2706 3827 2908 3882 litteris
2977 3829 3241 3899 legimus.
3311 3831 3447 3885 Cum
3503 3829 3666 3898 itaque
3720 3820 3768 3874 de

2210 3921 2313 3976 hac
2389 3921 2609 3992 gratia,
2687 3921 3021 3976 Christianis
3093 3915 3360 3978 ﬁdelibus
3435 3917 3769 3985 catholicisque

2210 4015 2515 4070 novissima
2554 4015 2634 4068 illi
2680 4014 3021 4086 objiceretur
3063 4017 3326 4088 quaestio,
3370 4021 3431 4072 ut
3475 4031 3588 4071 eam
3632 4023 3767 4082 oppu-

2211 4125 2387 4179 gnare
2431 4108 2737 4178 desineret,
2783 4109 2922 4180 quid
2970 4115 3054 4164 est
3096 4111 3253 4181 quod
3297 4127 3427 4165 cum
3473 4111 3570 4164 hoc
3607 4104 3690 4159 sibi
3728 4100 3769 4153 in

2209 4202 2356 4256 libro
2402 4219 2533 4268 suo,
2585 4204 2738 4257 velut
2792 4203 3124 4259 adversante
3179 4221 3456 4275 persona,
3510 4201 3643 4256 idem
3682 4196 3768 4267 ipse

2211 4295 2541 4366 objecisset,
2615 4301 2676 4351 ut
2742 4313 2800 4352 se
2870 4297 3262 4369 respondendo
3325 4298 3609 4369 purgaret,
3665 4285 3770 4344 nihil

2207 4390 2360 4445 aliud
2400 4391 2714 4463 respondit,
2764 4391 2872 4445 nisi
2920 4396 3186 4446 naturam
3240 4391 3414 4448 creati
3466 4384 3680 4445 hominis
3713 4395 3770 4435 re-

2207 4484 2357 4539 ferre
2407 4485 2652 4554 gratiam
2700 4485 3008 4553 Creatoris;
3040 4491 3213 4557 atque
3259 4504 3319 4541 se
3363 4487 3442 4541 ita
3473 4485 3637 4539 dicere
3677 4475 3766 4530 sine

2208 4582 2438 4649 peccato
2483 4577 2710 4649 impleri
2759 4596 2919 4650 posse
2959 4580 3244 4650 justitiam
3294 4597 3396 4652 per
3445 4579 3664 4633 liberum
3699 4584 3766 4623 ar-

2207 4671 2440 4726 bitrium
2485 4689 2616 4727 cum
2658 4674 2944 4745 adjutorio
2986 4674 3188 4729 divinae
3233 4675 3450 4746 gratias,
3484 4669 3619 4743 quod
3655 4667 3768 4720 Deus

2209 4767 2314 4820 hoc
2344 4766 2565 4821 dederit
2605 4768 2824 4822 homini
2862 4769 2986 4839 ipsa
3020 4769 3386 4840 possibilitate
3417 4759 3659 4822 natura)?
3693 4752 3768 4811 Cui

2208 4861 2413 4916 merito
2457 4862 2837 4934 respondetur
2866 4879 2880 4917 :
2916 4882 2941 4913 «
2976 4863 3124 4934 Ergo
3181 4867 3506 4918 evacuatum
3544 4860 3618 4911 est
3653 4865 3768 4906 scan-

2210 4955 2401 5010 dalum
2439 4959 2620 5011 crucis
2650 4957 2786 5027 (Gal.
2834 4974 2886 5027 ν,
2932 4957 3038 5027 Η),
3074 4979 3100 5006 ››
3136 4973 3274 5028 ergo
3315 4978 3341 5008 (ι
3371 4953 3604 5011 Christus
3632 4942 3768 5018 gratis

2209 5053 2468 5105 mortuus
2518 5057 2602 5106 est
2657 5052 2798 5121 (Gal.
2852 5067 2920 5118 ιι,
2975 5054 3082 5121 2t).
3149 5072 3174 5102 »
3236 5053 3354 5107 Non
3408 5049 3548 5105 enim
3599 5043 3638 5096 si
3681 5051 3766 5092 non

2209 5149 2527 5198 moreretur
2577 5149 2810 5215 propter
2867 5145 3071 5200 delicta
3125 5151 3352 5213 nostra,
3406 5147 3460 5200 et
3506 5131 3767 5206 resurgam

2208 5243 2444 5309 prapter
2499 5238 2971 5309 justiticationem
3023 5243 3276 5295 nostram
3332 5244 3490 5309 (Rom.
3547 5249 3620 5297 ιν,
3669 5225 3763 5288 2⁵)ν

2211 5349 2238 5380 (ι
2299 5347 2405 5385 nec
2457 5331 2802 5387 ascendisset
2857 5331 2914 5386 in
2963 5333 3161 5404 altum,
3217 5339 3273 5388 et
3323 5332 3588 5404 captivans
3627 5316 3763 5389 οειριί·

2207 5424 2441 5480 vitatem
2485 5426 2647 5481 daret
2690 5427 2841 5481 dona
2883 5427 3213 5483 hominibus
3261 5428 3463 5498 (Ephes.
3514 5437 3588 5484 IV,
3637 5418 3704 5481 sl:
3740 5426 3760 5452 ’³

2209 5519 2318 5575 ista
2354 5525 2572 5575 naturae.
2622 5521 2967 5592 possibilitas
3009 5538 3183 5593 quam
3223 5519 3485 5586 defendit,
3525 5529 3623 5569 non
3651 5504 3763 5561 esset

2209 5613 2270 5668 in
2295 5614 2643 5685 hominibus,
2690 5633 2763 5670 an
2808 5615 2951 5670 forte
2996 5615 3096 5670 Dei
3135 5615 3458 5670 mandatum
3497 5605 3677 5664 deerat.
3714 5596 3762 5651 Et

2208 5708 2334 5764 ideo
2402 5709 2655 5764 Christus
2716 5712 2977 5765 mortuus
3030 5710 3170 5764 est?
3221 5711 3333 5764 Imo
3384 5704 3543 5761 etiam
3593 5702 3643 5752 et
3678 5692 3759 5745 hoc

2210 5806 2334 5858 erat
2385 5807 2645 5858 sanctum
2701 5808 2759 5858 et
2791 5804 3015 5874 justum
3058 5807 3116 5858 et
3159 5805 3390 5870 bonum,
3434 5799 3546 5872 jam
3589 5790 3758 5845 dictum
