4026 6182
168 330 245 381 737

1296 307 1767 369 DECRETALIUM
1802 307 2188 366 COLLECTIO.

3346 315 3447 366 738
3526 383 3533 390 _

165 433 308 486 fuerat
345 444 356 481 :
400 427 509 480 Non
577 419 938 494 concupisces
1003 422 1196 492 (Exod.
1262 437 1352 488 xx,
1436 419 1540 492 l7),
1599 421 1715 490 jam
1744 422 1989 502 Aptura
2040 416 2286 482 dicente,
2343 416 2535 470 omnia
2586 412 2688 469 sub
2733 421 2986 486 peccato,
3043 422 3107 471 ut
3153 422 3454 490 promissio

162 526 332 578 dictum
403 520 638 573 fuerat:
698 517 906 587 Diliges
983 515 1306 587 proximum
1387 520 1510 570 tum
1583 513 1726 568 sicut

161 618 359 687 teipsum
405 613 603 683 (Matth.
660 627 769 677 XIX,
830 613 933 680 l9).
989 612 1049 665 In
1097 627 1211 682 quo
1262 625 1522 664 sermone
1573 612 1718 678 Apo-

162 710 298 764 stolus
343 722 557 761 omnem
596 705 787 776 legem
842 703 978 758 dicit
1023 703 1251 775 impleri
1301 704 1443 773 (Gal.
1495 719 1550 771 v,
1614 702 1720 772 14),

162 810 203 858 et
243 801 482 872 quoniam
533 798 634 852 nisi
686 798 885 868 diligat
935 799 1132 864 Deum,
1190 813 1363 852 nemo
1415 796 1599 868 diligit
1644 813 1725 850 se-

161 898 326 966 ipsum.
363 893 588 963 Ideoque
626 891 895 946 Dominus
924 889 984 946 in
1026 891 1114 944 his
1156 891 1378 946 duobus
1426 890 1724 962 praeceptis

161 993 300 1042 totam
343 988 511 1057 legem
555 985 697 1040 dixit
749 985 1163 1056 prophetasque
1220 985 1450 1055 impleri
1509 984 1722 1054 (Matth.

161 1098 264 1150 xxu,
318 1081 415 1149 40).
486 1080 618 1144 Quae
684 1080 796 1134 duo
863 1083 1141 1150 praecepta
1197 1078 1322 1149 jam
1397 1082 1559 1145 erant
1620 1079 1720 1132 ho-

160 1174 356 1228 minibus
398 1173 657 1227 divinitus
713 1172 876 1241 data;
948 1177 1006 1226 at
1068 1176 1346 1226 aeternum
1418 1172 1722 1243 praemium

154 1267 341 1337 justitia:
380 1267 716 1337 promissum
766 1265 1022 1320 nondum
1072 1270 1216 1320 erat.
1276 1266 1388 1319 Hoc
1441 1265 1560 1336 ipse
1610 1281 1724 1320 non

160 1360 262 1414 dicit
303 1359 387 1430 qui
426 1360 482 1413 in
531 1359 646 1413 suis
690 1359 892 1414 litteris
942 1358 1159 1430 possint
1211 1359 1380 1413 etiam
1431 1359 1489 1412 in
1539 1359 1722 1415 Veteri

159 1454 452 1508 Testamento
491 1469 729 1524 regnum
779 1454 1048 1508 calorum
1089 1469 1207 1507 esse
1251 1453 1617 1524 promissum.
1669 1452 1722 1508 Si

161 1562 264 1617 ergo
286 1547 344 1600 ad
370 1547 676 1602 faciendam
721 1546 1239 1618 perﬁciendamque
1280 1547 1560 1617 justitiam
1603 1547 1724 1617 jam

161 1644 249 1693 erat
289 1645 483 1695 natura:
547 1640 892 1711 possibilitas
958 1657 1060 1711 per
1106 1640 1351 1695 liberum
1401 1639 1719 1711 arbitrium,

153 1733 242 1801 jam
283 1739 386 1788 erat
432 1733 572 1805 legis
627 1734 724 1788 Dei
769 1739 1046 1801 sanctum,
1088 1734 1327 1804 justum,
1381 1733 1724 1805 benignum-

1824 527 1891 564 ex
1933 509 2046 563 ﬁde
2089 511 2230 566 Jesu
2251 509 2458 563 Christi
2503 509 2737 563 daretur
2778 510 3139 564 credentibus
3185 514 3326 581 (Gal.
3369 531 3452 580 in,

1827 604 2024 674 18-22)
2061 645 2074 657 .
2107 624 2134 651 »
2196 603 2396 657 Nonne
2443 602 2576 656 satis
2632 603 2879 656 ostendit
2935 603 3043 658 hoc
3099 609 3290 660 actum
3337 624 3454 663 esse

1823 712 1928 768 per
1976 697 2188 768 legem,
2235 699 2301 750 ut
2345 700 2636 767 peccatum
2677 701 3117 767 cognosceretur
3151 703 3208 754 et
3235 717 3454 772 praeva-

1824 790 2098 844 ricatione
2152 795 2480 861 augeretur.
2535 789 2638 844 Ubi
2685 789 2837 844 enim
2883 791 2971 845 lex
3012 809 3127 846 non
3192 798 3295 862 est,
3349 811 3456 850 nec

1823 883 2230 955 praevaricatio,
2279 887 2337 938 et
2379 883 2455 938 sic
2499 883 2764 938 adversus
2798 883 3091 939 victoriam
3141 888 3355 957 peccati
3386 888 3458 942 ad

1825 977 2075 1032 divinam
2122 979 2360 1049 gratiam
2408 993 2536 1049 quae
2583 977 2642 1031 in
2688 977 3156 1048 promissionibus
3201 984 3285 1035 est
3320 998 3454 1036 con-

1825 1072 2152 1142 fugeretur;
2203 1075 2374 1142 atque
2424 1070 2501 1126 ita
2548 1071 2635 1125 lex
2663 1087 2782 1124 non
2827 1075 2976 1125 esset
3017 1072 3284 1129 adversus
3319 1093 3454 1146 pro-

1824 1166 1994 1220 missa
2039 1165 2158 1232 Dei,
2207 1165 2340 1236 quia
2387 1165 2518 1219 ideo
2568 1181 2674 1236 per
2721 1164 2879 1218 illam
2934 1165 2998 1219 ﬁt
3047 1167 3294 1236 cognitio
3323 1185 3457 1239 pec-

1825 1259 1952 1328 cati,
1992 1264 2049 1314 et
2093 1275 2158 1313 ex
2203 1258 2676 1330 praevaricatione
2728 1259 2870 1330 legis
2926 1259 3276 1316 abundantia
3321 1279 3458 1334 pec-

1825 1353 1952 1420 cati,
2009 1356 2070 1406 ut
2120 1353 2193 1407 ad
2241 1353 2640 1407 liberationem
2693 1356 3024 1424 quaerantur
3061 1355 3464 1426 promissiones

1824 1446 1946 1513 Dei,
2016 1446 2170 1518 quod
2239 1450 2324 1501 est
2375 1446 2558 1518 gratia
2629 1446 2748 1513 Dei,
2818 1450 2874 1500 et
2936 1446 3170 1520 incipiat
3228 1466 3348 1504 esse
3403 1450 3461 1504 in

1822 1544 2059 1598 homine
2102 1543 2343 1614 justitia,
2405 1561 2517 1598 non
2567 1561 2687 1612 sua,
2741 1545 2837 1598 sed
2889 1545 3003 1610 Dei,
3058 1546 3163 1600 hoc
3197 1553 3282 1603 est
3331 1547 3462 1603 data

1823 1637 1972 1693 dono
2029 1638 2146 1693 Dei.
2224 1639 2406 1702 Quam
2471 1639 2640 1693 etiam
2712 1654 2862 1692 nunc
2915 1639 3144 1710 quidem
3212 1640 3353 1697 sicut
3405 1645 3463 1697 et

1822 1735 1958 1786 tunc
2041 1731 2110 1786 de
2185 1731 2394 1786 Judaeis
2477 1731 2689 1786 dictum
2766 1735 2886 1785 est:
2961 1733 3296 1803 lgnorantes
3363 1737 3460 1792 Dei

157 1842 238 1896 que
279 1827 609 1894 mandatum,
668 1827 788 1898 jam
844 1830 966 1881 erat
1015 1826 1358 1898 promissum
1419 1813 2120 1898 praemiumBjustitiam,
2173 1831 2230 1880 et
2285 1842 2445 1879 suam
2494 1826 2744 1880 volentes
2803 1825 3171 1894 constituere,
3219 1827 3458 1898 justitia:

157 1920 524 1990 sempiternum.
593 1923 742 1991 Ergo
786 1919 1040 1977 Christus
1092 1921 1270 1993 gratis
1327 1925 1586 1976 mortuus
1640 1925 1725 1975 est

160 2014 260 2076 (Gol.
302 2031 348 2082 η,
409 2015 515 2085 2l).
600 2016 749 2086 Ergo
813 2031 1000 2087 neque
1062 2032 1166 2086 per
1234 2016 1422 2087 legem
1481 2015 1722 2086 justitia,

156 2123 298 2177 neque
341 2125 435 2179 per
481 2113 703 2163 natura:
741 2108 1196 2180 possibilitatem,
1243 2110 1342 2164 sed
1397 2126 1465 2164 ex
1517 2109 1629 2164 ﬁde
1661 2126 1725 2164 ac

155 2198 270 2254 dono
295 2201 378 2255 Dei
417 2219 515 2272 per
539 2203 736 2257 Jesum
778 2202 1066 2259 Christum
1112 2203 1411 2258 Dominum
1464 2205 1725 2258 nostrum

150 2307 292 2348 unum
336 2296 705 2352 mediatorem
743 2297 842 2351 Dei
875 2301 930 2352 et
978 2297 1277 2352 hominum
1322 2298 1364 2367 (1
1395 2300 1531 2352 Tim.
1561 2314 1621 2364 η,
1652 2300 1722 2362 5).

151 2386 208 2440 Ex
251 2405 345 2458 quo
382 2390 528 2444 enim
591 2413 619 2439 ‹‹
677 2406 779 2462 per
838 2408 1021 2446 unum
1073 2392 1364 2446 hominem
1431 2395 1725 2463 peccatum

151 2479 362 2537 intravait
403 2483 459 2536 in
504 2485 811 2551 mundum,
861 2488 918 2538 et
974 2501 1078 2556 per
1122 2488 1422 2557 peccatum
1470 2501 1623 2540 mors
1673 2489 1729 2540 et

151 2573 234 2627 vita
275 2574 323 2628 in
373 2593 564 2632 omnes
617 2577 874 2634 homines
933 2578 1280 2649 pertransiit,
1332 2579 1390 2632 in
1437 2595 1551 2650 quo
1603 2595 1723 2633 om-

149 2681 225 2718 nes
263 2674 618 2738 peccaverunt
669 2675 834 2737 (Rom.
892 2687 945 2740 v,
1019 2673 1124 2743 l2),
1189 2692 1216 2723 »
1295 2673 1488 2743 procul
1555 2671 1727 2726 dubio

150 2775 173 2810 a
204 2777 404 2833 corpore
448 2766 646 2820 mortis
689 2765 878 2836 hujus,
923 2765 1022 2820 ubi
1069 2788 1096 2816 ‹‹
1142 2767 1232 2820 lex
1282 2766 1393 2820 alia
1443 2771 1729 2837 repugnat

148 2851 231 2923 legi
293 2859 484 2912 mentis
524 2860 704 2931 (Rom.
757 2876 850 2928 v11,
895 2859 1006 2930 23),
1055 2881 1078 2911 »
1132 2860 1424 2915 nominem
1464 2859 1729 2914 liberavit

149 2952 219 3000 aut
260 2949 443 3006 liberat
490 2970 613 3007 suae
663 2953 999 3024 possibilitas
1036 2957 1280 3020 naturae,
1315 2970 1444 3026 qua:
1501 2953 1727 3025 perdita

147 3039 450 3114 redemptore
496 3046 746 3118 indiget,
802 3047 1043 3102 sauciata
1089 3048 1400 3117 Salvatore,
1451 3046 1549 3102 sed
1603 3063 1729 3119 gra-

146 3132 200 3185 tia
245 3135 326 3190 Dei
370 3155 469 3210 per
513 3141 693 3195 ﬁdem
735 3141 902 3195 unius
950 3141 1202 3196 hominis
1248 3141 1579 3196 mediatoris
1631 3140 1727 3196 Dei

145 3229 186 3278 et
222 3191 512 3300 hominum,
564 3234 823 3289 hominis
864 3236 995 3290 Jesu
1047 3235 1249 3290 Christi
1312 3235 1410 3306 qui
1466 3240 1524 3290 et
1586 3191 1803 3290 DeusC

145 3334 243 3375 cum
281 3330 429 3394 esset,
463 3327 764 3383 hominem
821 3329 971 3396 fecit,
1005 3332 1064 3383 et
1111 3345 1354 3384 manens
1403 3331 1566 3399 Deus,
1618 3330 1724 3385 ho-

145 3429 218 3468 mo
259 3417 442 3488 factus,
494 3422 700 3477 refecit
751 3421 874 3494 ipse
924 3422 1080 3495 quod
1145 3423 1298 3478 fecit.
1350 3425 1491 3478 Puto
1535 3427 1726 3478 autem

144 3510 262 3578 quod
285 3529 386 3569 non
429 3517 615 3571 lateat
638 3515 781 3571 fides
826 3516 1051 3583 Christi,
1085 3533 1210 3588 quae
1241 3520 1441 3589 postea
1479 3517 1538 3571 in
1568 3533 1725 3572 reve-

141 3598 365 3661 lationem
383 3610 536 3663 venit
562 3609 628 3663 in
656 3609 889 3664 occultis
921 3609 1094 3664 fuisse
1120 3610 1470 3682 temporibus
1493 3612 1725 3666 Patrum

142 3700 442 3770 nostrorum,
522 3721 639 3776 per
687 3719 861 3775 quam
929 3709 1120 3759 tamen
1196 3704 1365 3759 etiam
1436 3705 1558 3775 ipsa
1632 3704 1728 3760 Dei

147 3793 289 3858 gratia
338 3796 554 3852 liberati
601 3801 754 3867 sunt,
810 3797 1135 3869 quicunque
1185 3798 1451 3854 omnibus
1503 3799 1729 3870 generis

143 3879 331 3942 humani
372 3890 739 3963 temporibus
780 3891 1007 3946 liberari
1043 3897 1350 3963 potuerunt
1379 3893 1601 3949 occulto
1633 3893 1726 3948 Dei

137 3973 325 4048 judicio,
365 4000 476 4039 non
522 3989 722 4039 tamen
761 3984 1148 4056 vituperabili.
1205 3987 1366 4041 Unde
1419 3987 1554 4042 dicit
1578 3991 1726 4059 Apo-

143 4071 308 4128 stolus:
356 4079 700 4134 «Habentes
742 4082 934 4134 autem
983 4079 1250 4134 eumdem
1285 4081 1546 4152 spiritum
1577 4081 1728 4151 ﬁdei,

142 4164 297 4235 utique
329 4173 599 4227 eumdem
633 4189 805 4244 quem
839 4177 896 4228 et
943 4173 1027 4228 illi
1055 4174 1365 4229 secundum
1408 4176 1561 4247 quod
1594 4178 1729 4231 scri-

142 4260 271 4325 ptum
310 4268 428 4320 est:
476 4266 712 4322 Credidi
759 4272 994 4338 propter
1038 4269 1188 4339 quod
1238 4269 1458 4324 locutus
1500 4287 1646 4339 sum,
1677 4274 1735 4324 et

144 4365 221 4405 nos
261 4359 530 4414 credimus
590 4364 832 4431 propter
876 4361 1027 4432 quod
1070 4365 1128 4416 et
1171 4361 1461 4434 loquimur
1509 4363 1582 4432 (Π
1614 4366 1730 4422 Cor.

143 4452 198 4502 IV.
228 4446 316 4516 l3).
339 4466 366 4498 »
397 4449 535 4504 Inde
567 4453 656 4504 est
682 4449 840 4520 quod
867 4451 944 4505 ait
985 4449 1103 4522 ipse
1143 4451 1416 4507 Mediator
1451 4469 1464 4506 :
1499 4473 1527 4502 «
1553 4452 1730 4508 Abra-

1825 1918 1920 1973 Dei
1978 1935 2094 1973 non
2145 1924 2278 1974 sunt
2329 1918 2566 1989 subjecti
2629 1919 2796 1988 (Rom.
2849 1935 2904 1986 v,
2983 1919 3054 1990 3).
3111 1921 3215 1974 Per
3271 1921 3460 1993 legem

1823 2012 2036 2088 quippe
2081 2016 2138 2067 et
2179 2012 2258 2067 illi
2280 2012 2576 2083 justificari
2625 2029 2684 2067 se
2713 2011 3082 2084 arbitrantur,
3139 2014 3457 2069 sufﬁciente

1827 2105 1933 2160 sibi
1964 2106 2036 2160 ad
2072 2106 2334 2161 eamdem
2370 2106 2782 2161 custodiendan
2831 2107 3012 2161 libero
3059 2107 3310 2177 arbitrio,
3352 2109 3458 2163 hoc

1827 2205 1908 2255 est
1947 2199 2169 2271 justitia
2211 2217 2310 2254 sua
2364 2201 2582 2272 prolata
2636 2217 2698 2255 ex
2750 2203 2956 2254 natura
3018 2202 3288 2273 humana,
3344 2219 3459 2258 non

1827 2292 2033 2348 donata
2085 2311 2154 2348 ex
2210 2295 2394 2366 gratia
2436 2294 2644 2362 divina,
2718 2299 2953 2366 propter
3020 2297 3174 2368 quod
3235 2297 3461 2367 justitia

1827 2389 1925 2444 Dei
1970 2389 2192 2445 dicitur.
2239 2391 2398 2446 Unde
2442 2391 2715 2462 scriptum
2767 2396 2894 2447 est:
2946 2393 3053 2446 Per
3085 2393 3274 2463 legem
3306 2394 3460 2448 enim

1828 2483 2076 2554 cognitio
2127 2485 2361 2556 peccati.
2419 2486 2578 2539 Nunc
2633 2490 2826 2540 autem
2896 2485 3018 2540 sine
3070 2487 3197 2557 lege
3239 2487 3460 2556 justitia

1829 2576 1925 2630 Dei
1974 2578 2272 2633 manifesta
2318 2583 2422 2646 est,
2480 2577 2777 2633 testificata
2829 2596 2934 2650 per
2980 2580 3167 2651 legem
3215 2585 3269 2635 et
3325 2597 3454 2652 pro-

1828 2669 2027 2740 phetas
2070 2674 2233 2739 (Rom.
2287 2688 2364 2740 Ill,
2420 2675 2508 2740 20,
2569 2672 2678 2743 2i).
2743 2675 2884 2728 Cum
2936 2672 3090 2742 dicit,
3160 2675 3462 2730 manifesta

1830 2769 1933 2831 est,
1988 2765 2237 2819 ostendit
2279 2765 2412 2837 quia
2457 2770 2514 2820 et
2556 2769 2692 2820 tunc
2738 2770 2878 2834 erat,
2924 2767 3017 2821 sed
3063 2770 3333 2839 tanquam
3368 2769 3462 2824 illa

1826 2859 2012 2930 pluvia
2078 2876 2248 2930 quam
2312 2859 2538 2914 Gedeon
2618 2859 2944 2932 impetravit
3010 2861 3152 2928 (Jud.
3223 2879 3296 2929 v1,
3351 2863 3460 2935 37),

1826 2957 1962 3007 tunc
2004 2954 2157 3008 velut
2212 2953 2268 3007 in
2319 2953 2526 3008 vellere
2570 2955 2803 3024 occulta,
2848 2970 2998 3008 nunc
3053 2960 3152 3010 aut
3203 2956 3357 3011 velut
3405 2957 3464 3012 in

1827 3062 1960 3100 area
2032 3047 2354 3101 manifesta.
2428 3048 2569 3102 Cum
2651 3063 2790 3119 ergo
2873 3047 2984 3118 lex,
3059 3049 3180 3104 sine
3262 3050 3461 3122 gratia,

1826 3156 1941 3194 non
1999 3157 2154 3195 mors
2199 3141 2413 3211 peccati
2458 3141 2734 3213 potuisset
2779 3157 2920 3208 esse,
2977 3143 3074 3197 sed
3127 3143 3324 3199 virtus.
3374 3144 3464 3200 Sic

1829 3233 1982 3288 enim
2053 3234 2272 3288 dictum
2324 3238 2452 3288 est:
2523 3257 2550 3284 α
2605 3235 2846 3290 Aculeus
2892 3237 3090 3291 mortis
3147 3243 3462 3309 peccatum,

1827 3327 2006 3382 virtus
2054 3332 2241 3382 autem
2293 3328 2502 3399 peccati
2553 3329 2637 3383 lex
2693 3331 2739 3396 (Ι
2789 3329 2908 3384 Cor.
2965 3346 3052 3397 xv,
3111 3331 3216 3401 56).
3266 3351 3292 3382 ››
3346 3332 3463 3387 Sic-

1828 3425 1891 3475 ut
1923 3421 2259 3492 confugiunt
2301 3422 2464 3476 multi
2491 3438 2524 3474 a
2563 3422 2704 3477 facie
2739 3423 3113 3494 repugnantis
3146 3426 3361 3494 peccati
3391 3425 3465 3480 ad

1829 3514 2069 3585 gratiam
2100 3516 2254 3568 velut
2291 3514 2349 3569 in
2395 3531 2586 3570 aream
2634 3533 2788 3570 nunc
2830 3521 3143 3588 patentem,
3180 3516 3258 3572 ita
3301 3520 3467 3590 pauci

1827 3609 1898 3663 ad
1949 3625 2078 3662 eam
2127 3608 2556 3680 confugiebant,
2613 3609 2767 3664 velut
2821 3611 2878 3664 in
2927 3611 3134 3665 vellere
3190 3617 3326 3666 tunc
3387 3613 3464 3666 la-

1829 3704 2068 3756 tentem.
2128 3704 2256 3756 Haec
2309 3719 2442 3758 vero
2514 3709 2838 3775 temporum
2901 3703 3224 3759 distributio
3288 3706 3463 3760 refer-

1828 3801 1923 3851 tur
1946 3795 2018 3850 ad
2047 3795 2403 3851 altitudinem
2449 3796 2772 3852 divitiarum
2803 3798 3093 3869 sapientiae
3133 3802 3190 3852 et
3216 3799 3467 3854 scientiae

1831 3889 1949 3957 Dei,
2029 3889 2098 3944 de
2179 3907 2292 3962 qua
2367 3891 2580 3946 dictum
2633 3897 2749 3947 est:
2817 3893 2999 3957 Quam
3076 3891 3468 3948 inscrutabilia

1830 3989 1962 4039 sunt
1998 3984 2214 4056 judicia
2264 3986 2385 4056 ejus
2417 3989 2473 4040 et
2523 3985 2948 4058 investigabiles
2990 3986 3093 4040 viae
3129 3986 3250 4058 ejus
3295 3989 3464 4058 (Rom.

1831 4096 1890 4146 ιι,
1942 4079 2070 4148 33);
2129 4099 2152 4128 ι)
2213 4082 2571 4151 quapropter
2635 4079 2680 4133 si
2726 4083 2860 4134 ante
2910 4084 3138 4151 tempus
3190 4080 3352 4152 legis,
3412 4085 3470 4135 et

1830 4179 2088 4244 tempore
2139 4175 2260 4246 ipso
2333 4173 2479 4245 legis
2499 4174 2686 4245 justos
2735 4175 2929 4229 Patres
2986 4190 3053 4228 ex
3106 4173 3218 4229 fide
3281 4175 3469 4230 viven-

1833 4272 1937 4336 tes,
1995 4285 2110 4322 non
2153 4267 2498 4338 possibilitas
2549 4270 2771 4322 natura:
2821 4267 3064 4322 infirmae
3114 4273 3171 4322 et
3219 4268 3470 4341 indignas

1833 4377 1898 4415 ac
1952 4360 2185 4428 vitiatas,
2239 4365 2297 4416 et
2347 4362 2449 4417 sub
2491 4365 2725 4433 peccato
2777 4362 3137 4429 venundatae,
3213 4363 3310 4418 sed
3371 4364 3471 4419 Dei

1837 4455 2022 4526 gratia
2064 4472 2168 4525 per
2221 4454 2393 4509 ﬁdem
2438 4455 2812 4526 justiﬁcabat,
2867 4459 2924 4509 et
2972 4472 3124 4510 nunc
3176 4457 3377 4511 eadem
3407 4458 3468 4511 in

142 4531 245 4589 ham
265 4543 576 4614 concupivit
620 4543 811 4598 videre
844 4544 995 4598 diem
1033 4561 1246 4616 meum,
1305 4545 1446 4600 vidit
1488 4549 1543 4602 et
1583 4548 1732 4618 gavi-
1755 4554 2103 4640 Dapertum
2134 4550 2256 4621 jam
2303 4548 2534 4604 veniens
2582 4549 2829 4604 revelata
2871 4548 3164 4619 justilicat.
3219 4549 3466 4606 Anatha-

141 4639 212 4681 sus
241 4637 315 4688 est
336 4634 521 4703 3(Joan.
570 4652 696 4702 νηί,
739 4639 842 4694 56).
882 4658 910 4686 ››
942 4638 1073 4693 lnde
1111 4639 1335 4709 prolato
1376 4634 1802 4697 sacramento—
1838 4643 2067 4697 matizet
2145 4659 2284 4714 ergo
2354 4642 2622 4713 Pelagius
2674 4642 2884 4713 scripta
2951 4659 3072 4709 sua,
3160 4642 3254 4696 ubi
3329 4660 3469 4699 con-

139 4717 503 4784 Melchisedech
561 4746 782 4784 mensae
848 4731 1157 4787 Dominicae
1226 4734 1382 4788 novit
1449 4739 1733 4790 aeternum

139 4812 233 4883 ejus
273 4823 648 4879 sacerdotium
696 4824 962 4895 ﬁgurare.
1015 4827 1136 4881 lam
1179 4843 1313 4880 vero
1361 4827 1495 4882 data
1537 4828 1595 4882 in
1640 4829 1733 4883 lit—

135 4909 243 4963 teris
288 4913 408 4986 lege
451 4934 633 4989 quam
685 4917 819 4974 dicit
857 4921 1156 4990 Apostolus
1205 4919 1572 4988 subintrasse,
1619 4945 1644 4972 ‹‹
1674 4927 1737 4976 ut

136 4999 413 5065 abundaret
458 5011 736 5068 delictum
805 5011 976 5082 (Rom.
1030 5030 1083 5083 v,
1139 5014 1249 5084 20),
1305 5036 1331 5063 »
1389 5019 1445 5070 et
1500 5015 1569 5069 de
1623 5033 1737 5087 qua

140 5092 278 5152 dicit:
334 5123 359 5152 «
410 5106 491 5159 Ex
541 5106 672 5177 lege
722 5106 1046 5177 haereditas,
1069 5107 1191 5178 jam
1233 5125 1348 5163 non
1380 5125 1444 5162 ex
1489 5109 1733 5180 promis-

138 5185 262 5247 sione
322 5196 565 5254 Abraha:
626 5199 722 5253 sed
794 5215 898 5271 per
961 5201 1440 5272 repromissionen
1503 5203 1739 5258 donavit

141 5279 275 5341 Deus.
305 5311 331 5337 υ
359 5291 504 5355 Quid
561 5292 740 5363 igitur
777 5293 916 5348 lex?
972 5317 999 5345 ‹‹
1035 5296 1501 5368 transgressionis
1556 5297 1740 5368 gratia

139 5378 289 5443 posita
317 5389 418 5454 est,
454 5385 640 5441 donec
668 5387 888 5443 veniret
917 5404 1110 5444 semen
1142 5389 1230 5444 cui
1256 5391 1604 5461 promissum
1633 5396 1736 5461 est,

140 5467 436 5542 dispositum
521 5496 631 5552 per
707 5481 942 5553 angelos
1015 5482 1075 5537 in
1153 5500 1329 5539 manu
1382 5485 1738 5552 Mediatoris;

137 5560 374 5626 Mediator
417 5577 616 5628 autem
651 5576 819 5630 unius
860 5592 973 5631 non
1021 5582 1125 5645 est,
1167 5578 1316 5633 Deus
1358 5582 1550 5634 autem
1594 5595 1742 5634 unus

141 5661 224 5712 est.
261 5662 360 5718 Lex
403 5681 544 5737 ergo
592 5667 856 5724 adversus
918 5670 1195 5742 promissa
1247 5671 1410 5726 Dei?
1457 5672 1635 5728 Absit.
1686 5673 1738 5728 Si

140 5751 269 5810 enim
317 5757 451 5814 data
509 5765 658 5816 esset
693 5763 783 5819 lex
833 5780 958 5836 qua:
1015 5767 1206 5836 posset
1244 5765 1556 5836 justiﬁcare
1616 5784 1740 5822 om-

139 5843 273 5918 nino,
319 5868 385 5907 ex
437 5855 567 5926 lege
617 5862 759 5912 esset
798 5858 1038 5930 justitia,
1091 5859 1189 5914 sed
1250 5860 1546 5932 conclusit,
1600 5861 1744 5916 Scri-

519 5953 792 6021 ΡΑτιιοι..
842 5956 1066 6022 CXXX.

1834 4741 1923 4791 tra
1976 4751 2122 4803 eam,
2179 4741 2237 4790 et
2309 4736 2354 4790 si
2415 4752 2529 4790 non
2597 4751 2698 4808 per
2775 4735 3210 4804 contumaciam,
3275 4742 3469 4793 tamen

1837 4830 2217 4902 ignorantiam
2293 4830 2564 4901 disputat,
2620 4829 3050 4900 possibilitatem
3111 4830 3470 4888 defendendo

1837 4929 2076 4992 natura,
2121 4925 2192 4979 ad
2247 4924 2524 4979 vincenda
2579 4927 2808 4995 peccata
2851 4928 2906 4978 et
2963 4923 3258 4996 implenda
3309 4944 3471 4983 man-

1837 5018 1968 5074 data
2041 5021 2139 5072 aut
2212 5018 2258 5072 si
2333 5034 2400 5072 ea
2471 5034 2575 5072 sua
2626 5033 2746 5072 esse
2812 5021 3004 5088 negat,
3075 5021 3174 5072 aut
3246 5019 3469 5092 scriptis

1837 5112 1973 5179 suis,
2027 5115 2126 5166 aut
2192 5109 2442 5166 inimicis
2500 5109 2616 5166 suis
2682 5110 2817 5166 dicit
2857 5110 3118 5166 immissa
3191 5130 3320 5184 qua:
3376 5130 3475 5168 sua

1839 5222 1959 5261 esse
2010 5209 2203 5277 negat,
2251 5204 2697 5260 anathematizet
2745 5220 2813 5260 ea
2863 5210 2920 5260 et
2957 5205 3193 5261 damnet
3241 5211 3475 5277 paterna

1839 5298 2231 5355 exhortatione
2281 5303 2338 5354 et
2383 5299 2716 5354 auctoritate
2788 5299 3176 5354 sanctimoniae
3232 5305 3363 5354 tum.
3415 5299 3473 5354 Si

1840 5411 1976 5465 ergo
2025 5395 2146 5449 vult
2197 5410 2503 5449 onerosum
2557 5393 2666 5448 sibi
2735 5398 2790 5449 et
2838 5393 3240 5464 perniciosum,
3301 5392 3474 5447 discat

1840 5487 2102 5543 Ecclesiae
2152 5489 2481 5544 scandalum
2533 5487 2780 5556 auferre,
2812 5487 2966 5558 quod
3009 5484 3339 5541 scandalum
3367 5502 3470 5540 au-

1842 5581 2057 5637 ditores
2100 5586 2156 5638 et
2194 5583 2611 5654 imperversum
2667 5578 2968 5636 dilectores
2993 5579 3114 5650 ejus
3161 5596 3474 5652 usquequa.

1843 5692 1952 5747 que
1987 5693 2253 5748 spargere
2296 5693 2415 5731 non
2453 5676 2770 5748 quiescunt.
2817 5672 2875 5727 Si
2904 5672 3058 5727 enim
3102 5673 3476 5744 cognoverint

1844 5770 2107 5825 eumdem
2160 5769 2370 5824 librum
2415 5786 2588 5842 quem
2633 5764 2781 5822 illius
2834 5767 2917 5821 vel
2970 5771 3172 5837 putant
3221 5783 3340 5823 esse
3389 5771 3476 5826 vel

1846 5867 2057 5918 norunt
2106 5863 2506 5935 episcoporum
2563 5859 2970 5916 catholicorum
3014 5859 3367 5931 auctoritate,
3422 5869 3480 5921 et

3039 5961 3114 6022 ‘24
