4026 6182
618 309 718 359 739

1496 301 1781 359 APPEND.
1826 304 1914 358 AD
1950 282 2108 359 ssc.
2152 304 2239 358 1x.
2270 331 2339 344 .-
2376 302 2617 360 lSlDORl
2655 297 3079 358 MERCATORIS
3772 308 3848 365 72.0

515 404 524 413 ’
617 412 859 467 maxime
933 410 1244 466 sanctitatis
1325 416 1437 466 tuae
1491 428 1667 483 quam
1723 412 1873 484 apud
1943 429 2077 468 eum
2131 428 2248 467 esse
2270 427 2330 497 Α
2351 433 2378 462 α
2408 411 2514 476 Qui
2545 417 2710 466 natus
2737 417 2820 465 est
2849 428 2919 464 ex
2950 411 3061 465 Deo
3090 425 3204 464 non
3237 415 3422 481 peccat
3454 411 3495 481 (1
3513 413 3647 467 Joan.
3668 429 3711 481 ν,
3734 417 3810 484 l8).
3832 437 3850 467 ι»

618 505 848 576 majoris
896 505 1165 577 ponderis
1218 505 1457 560 minime
1512 504 1863 576 dubitamus,
1924 506 1993 560 ab
2048 506 2250 560 eodem

617 616 739 655 esse
770 600 893 670 ipso
937 599 1478 654 anathematizatum
1521 603 1692 670 atque
1735 600 2092 667 damnatum,
2136 587 2250 653 non

618 710 708 748 eos
757 692 991 746 ulterius
1033 692 1362 747 aestimanus
1416 709 1656 747 ausuros
1712 693 1993 764 loquendo
2058 697 2253 748 contra

618 786 860 857 gratiam
942 785 1040 839 Dei
1110 803 1237 856 qua:
1316 787 1567 840 revelata
1634 790 1720 840 cst
1774 803 1877 857 per
1926 787 2250 858 passionem

617 883 673 933 et
720 878 1200 933 resurrectionem
1239 880 1488 947 Christi;
1550 895 1651 933 nec
1701 882 1934 950 pectora
1986 880 2171 934 fidelia
2198 884 2253 934 et

617 972 949 1043 simpliciter
1003 972 1327 1027 Christiana
1377 973 1625 1041 turbare,
1691 974 1790 1027 sed
1859 973 2046 1044 potius
2088 974 2251 1044 adju-

616 1069 787 1120 vante
827 1065 1215 1120 misericordia
1265 1065 1384 1131 Dei,
1417 1067 1762 1120 certantibus
1808 1066 2098 1121 nobiscum
2132 1066 2249 1138 pie-

615 1162 731 1213 tate
784 1164 841 1213 et
881 1159 1159 1213 charitate
1209 1158 1602 1231 ﬂagrantibus,
1672 1158 1844 1214 etiam
1905 1159 2254 1215 orationibus

619 1253 733 1307 tuis
754 1269 870 1308 non
914 1253 1100 1309 solum
1142 1256 1205 1307 ut
1234 1252 1290 1307 in
1320 1257 1594 1307 aeternum
1629 1253 1798 1319 beati,
1849 1269 2043 1308 verum
2082 1253 2254 1307 etiam

510 1344 517 1350 ’
612 1346 755 1419 justi
804 1347 981 1402 sancti
1038 1346 1170 1415 sint,
1226 1363 1339 1401 non
1373 1346 1431 1400 in
1489 1363 1591 1401 sua
1640 1345 1867 1414 virtute,
1922 1347 2020 1402 sed
2046 1347 2106 1400 in
2157 1363 2249 1401 ea-

620 1440 753 1495 dem
783 1441 967 1512 gratia
990 1442 1327 1496 conﬁsuros.
1373 1440 1532 1495 Unde
1561 1443 1620 1495 et
1655 1439 1726 1494 ad
1771 1439 1957 1511 ipsum
1988 1440 2253 1512 scriptam

619 1534 690 1589 ab
729 1551 845 1588 uno
877 1535 1108 1589 homine
1156 1533 1451 1605 epistolam
1485 1534 1557 1588 ad
1603 1549 1773 1604 quem
1803 1550 1909 1604 per
1951 1533 2256 1604 quemdam

619 1627 954 1683 orientalem
1009 1627 1335 1694 diaconum,
1367 1627 1546 1682 civem
1575 1632 1769 1682 autem
1811 1626 2256 1698 Hipponiensem

619 1723 897 1792 tanquam
946 1720 1303 1793 purgationis
1353 1720 1475 1775 ﬁeri
1534 1720 1798 1792 quaedam
1838 1721 2047 1792 scripta
2077 1726 2257 1776 trans-

2350 504 2671 561 Secundum
2686 505 2844 558 illam
2870 504 3207 558 charitatem
3233 503 3433 558 dictum
3458 510 3531 558 est
3549 521 3655 575 qua:
3673 507 3761 560 sola
3777 525 3852 561 non

2350 600 2561 669 peccat,
2594 598 2665 653 ad
2697 597 3049 651 nativitatem
3080 596 3285 667 quippe
3320 613 3439 667 qua:
3477 613 3539 652 ex
3570 599 3663 652 Deo
3696 604 3774 665 est,
3794 618 3855 653 au-

2352 691 2542 761 genda
2562 695 2620 744 et
2644 690 3011 761 perficienda.
3045 689 3295 743 Charitas
3320 690 3560 759 pertinet,
3585 707 3679 744 non
3701 708 3753 745 ea
3769 709 3853 763 qua:
3950 689 3951 759 Ῐ

2349 784 2663 838 minuenda
2693 786 2779 837 est
2807 788 2862 837 et
2890 783 3275 838 consumenda
3305 782 3570 853 cupiditas.
3594 785 3705 847 Quae
3725 788 3855 837 tamen

2352 878 2604 950 quandiu
2640 882 2724 932 est
2766 877 2825 931 in
2855 877 3135 932 membris
3182 877 3379 930 nostris
3419 877 3764 947 lege.quadam
3794 894 3857 929 sua

2352 976 2639 1043 repugnat
2662 970 2777 1043 legi
2796 972 3021 1038 mentis,
3044 970 3143 1025 sed
3161 975 3321 1024 natus
3337 986 3398 1023 ex
3418 971 3537 1038 Deo,
3560 986 3653 1024 nec
3668 969 3858 1024 obediens

2353 1064 2646 1119 desideriis
2676 1065 2818 1135 ejus,
2852 1080 2954 1118 nec
2979 1064 3252 1119 exhibens
3275 1064 3517 1117 membra
3541 1079 3627 1116 sua
3648 1078 3772 1116 arma
3789 1062 3855 1116 ini-

2354 1157 2582 1229 quitatis
2598 1162 2830 1229 peccato
2857 1161 3045 1228 potest
3063 1157 3248 1211 dicere
3268 1174 3281 1210 :
3307 1178 3333 1207 ‹‹
3358 1159 3475 1211 Jam
3493 1172 3596 1211 non
3618 1172 3705 1226 ego
3722 1171 3858 1225 cpemr

2353 1251 2514 1319 illud,
2551 1251 2649 1306 sed
2677 1251 2737 1309 id
2768 1252 2918 1321 quod
2952 1251 3169 1305 habitat
3186 1250 3246 1304 in
3271 1267 3360 1305 me
3387 1254 3645 1320 peccatum
3658 1252 3783 1315 (Rom.
3800 1264 3857 1307 γυ,

2357 1348 2499 1417 17).»
2531 1346 2638 1400 Sed
2655 1344 2941 1416 quomodo
2967 1361 3027 1399 se
3057 1344 3265 1398 habeat
3282 1344 3383 1398 ista
3403 1343 3632 1413 quaestio,
3659 1342 3760 1412 quia
3779 1343 3860 1394 etsi

2355 1456 2474 1494 non
2504 1439 2790 1493 invenitur
2815 1439 2987 1493 homo
3014 1438 3071 1491 in
3102 1438 3209 1492 hac
3241 1437 3353 1490 vita
3378 1436 3493 1490 sine
3520 1438 3728 1506 peccato,
3750 1434 3792 1487 id
3811 1438 3858 1486 ta-

2354 1549 2488 1588 men
2511 1531 2717 1587 dicitur
2742 1548 2901 1602 posse
2920 1531 3042 1585 fieri
3066 1547 3169 1602 per
3194 1528 3525 1600 adjutorium
3547 1528 3711 1598 gratia:
3726 1531 3768 1579 et
3781 1526 3860 1596 Spi-

2354 1626 2496 1681 ritus
2520 1626 2661 1680 Dei?
2688 1625 2854 1690 Quod
2877 1628 2941 1679 ut
2968 1625 3066 1678 fiat
3085 1623 3403 1678 conandum
3427 1625 3582 1692 atque
3606 1619 3861 1692 poscendum

2356 1723 2459 1775 est.
2482 1719 2870 1775 Tolerabiliter
2888 1718 2949 1772 in
2975 1718 3032 1772 id
3053 1717 3293 1788 quisque
3320 1717 3539 1783 fallitur,
3562 1730 3653 1768 nec
3673 1712 3862 1767 diabolica

619 1814 792 1884 misit,
822 1820 934 1869 tua:
960 1813 1297 1870 beatitudini
1323 1814 1513 1885 potius
1553 1814 1903 1869 credidimus
1934 1805 2643 1886 dirigenda,Bimpietas,
2687 1813 2781 1867 sed
2833 1828 2995 1866 error
3041 1811 3327 1865 humanus
3377 1815 3476 1875 est,
3531 1803 3799 1862 elaboranda
3830 1808 3863 1856 et

618 1907 823 1963 melius
868 1907 1194 1978 judicantes
1241 1910 1297 1962 et
1347 1912 1605 1979 petentes
1653 1913 1719 1962 ut
1762 1924 1889 1961 eam
1939 1908 1990 1962 ei
2030 1908 2256 1962 mittere

615 2000 737 2072 ipse
764 2001 1034 2073 digneris,
1079 2000 1158 2055 sic
1186 1999 1342 2055 enim
1388 2017 1515 2055 eam
1544 2002 1733 2071 legere
1778 2000 1969 2070 potius
1998 2018 2117 2056 non
2165 2001 2253 2067 de,

619 2095 969 2167 dignabitur,
1017 2094 1198 2165 magis
1226 2094 1282 2147 in
1334 2093 1431 2148 illa
1460 2110 1593 2147 eum
1623 2094 1721 2164 qui
1749 2094 1925 2162 misit,
1958 2111 2133 2166 quam
2161 2094 2256 2165 qui

621 2188 846 2260 scripsit
891 2188 1207 2255 attendens,
1264 2187 1403 2241 illud
1456 2204 1588 2241 vero
1643 2188 1797 2258 quod
1846 2188 2044 2242 dicunt
2096 2204 2258 2260 posse

619 2283 915 2337 hominem
947 2298 1068 2335 esse
1101 2281 1220 2334 sine
1264 2284 1516 2352 peccato,
1549 2284 1607 2334 et
1648 2281 1922 2335 mandata
1968 2281 2063 2337 Dei
2097 2281 2258 2336 facile

621 2374 927 2443 custodire,
971 2374 1019 2428 si
1066 2372 1218 2428 velit.
1258 2374 1525 2437 Quamvis
1572 2391 1703 2429 cum
1766 2375 1873 2429 hoc
1931 2391 2035 2446 per
2094 2375 2256 2445 adju-

622 2469 833 2523 torium
866 2467 961 2522 Dei
1008 2467 1229 2538 gratim,
1276 2484 1405 2538 quae
1434 2473 1630 2522 tamen
1668 2485 1774 2539 per
1806 2468 2260 2524 incarnationem

620 2561 915 2634 Unigeniti
939 2561 1061 2632 ejus
1086 2560 1336 2616 revelata
1362 2566 1535 2632 atque
1565 2561 1775 2616 donata
1796 2579 1912 2617 esse
1939 2561 2162 2630 dicitur,
2182 2565 2262 2616 to-

621 2655 914 2711 lerabilius
940 2654 1050 2709 dici
1070 2653 1336 2709 videatur
1362 2656 1554 2708 tamen
1573 2654 1845 2725 quoniam
1864 2655 2066 2709 merito
2084 2655 2261 2727 quaeri

620 2752 808 2823 potest
825 2748 921 2803 ubi
953 2753 1010 2803 et
1032 2747 1265 2819 quando
1295 2763 1399 2818 per
1424 2748 1687 2803 eamdem
1714 2748 1957 2819 gratiam
1979 2748 2038 2802 id
2059 2749 2262 2802 efﬁcia-

620 2848 719 2898 tur
746 2843 804 2896 in
851 2841 1036 2910 nobis,
1090 2843 1152 2895 ut
1191 2841 1313 2895 sine
1367 2841 1464 2895 illo
1515 2857 1746 2912 prorsus
1793 2845 2026 2913 peccato
2066 2842 2259 2906 simus,

621 2941 819 2991 utrum
849 2934 907 2988 in
933 2935 1041 2989 hac
1064 2934 1178 2988 vita
1201 2934 1431 3004 quando
1463 2950 1597 2989 caro
1627 2934 1977 3005 concupiscit
2000 2935 2263 2989 adversus

623 3029 906 3101 spiritum,
937 3044 1010 3082 an
1041 3044 1174 3082 vero
1203 3027 1262 3081 in
1291 3026 1382 3082 illa
1409 3044 1539 3083 cum
1564 3027 1665 3083 ﬁet
1684 3044 1877 3083 sermo
1905 3028 2002 3100 qui
2023 3028 2261 3100 scriptus

624 3130 743 3180 est:
780 3144 807 3174 «
839 3121 942 3177 Ubi
965 3126 1065 3190 est,
1094 3137 1272 3190 mors,
1291 3120 1526 3176 victoria
1555 3125 1671 3191 tua,
1690 3122 1906 3189 ubiest,
1938 3138 2112 3188 mors,
2133 3139 2262 3177 acu-

621 3219 748 3273 leus
771 3216 948 3272 tuus?
980 3238 1007 3265 ››
1062 3215 1109 3286 (I
1131 3219 1250 3274 Cor.
1295 3230 1385 3283 xv,
1439 3215 1549 3286 55.)
1587 3216 1828 3270 Aculeus
1873 3216 2027 3271 enim
2058 3216 2259 3271 mortis

623 3316 920 3386 peccatum
969 3314 1051 3364 est
1098 3309 1429 3381 diligentius
1475 3310 1967 3380 pertractandum,
2023 3313 2261 3382 propter

624 3406 766 3461 alios
789 3403 1067 3476 quosdam
1119 3402 1217 3474 qui
1247 3401 1442 3474 inique
1488 3405 1791 3458 senserunt
1842 3411 2010 3474 atque
2036 3404 2097 3458 in
2145 3403 2260 3458 suis

625 3499 830 3555 litteris
878 3496 1173 3553 memoriae
1217 3496 1652 3564 mandaverunt,
1701 3496 1870 3552 etiam
1900 3498 1961 3551 in
2008 3498 2115 3552 hac
2148 3499 2262 3553 vita

630 3609 752 3648 esse
779 3608 940 3663 posse
962 3590 1257 3646 hominem
1285 3590 1405 3645 sine
1431 3595 1680 3662 peccato,
1705 3608 1820 3644 non
1842 3591 1911 3645 ab
1934 3590 2096 3646 initio
2123 3591 2263 3646 nati-

628 3670 821 3741 vitatis
848 3701 984 3751 suae,
1018 3683 1121 3739 sed
1147 3685 1517 3740 conversione
1537 3701 1569 3739 a
1596 3685 1937 3766 peccatisad
1957 3684 2259 3755 justitiam,

631 3785 689 3836 et
715 3797 748 3834 a
767 3779 857 3833 via
884 3778 1124 3850 reproba
1153 3778 1225 3833 ad
1251 3778 1459 3834 bonam
1482 3777 1677 3833 vitam.
1699 3779 1784 3834 Sic
1803 3779 1959 3834 enim
1976 3779 2264 3834 intellexe-

629 3878 766 3931 runt
795 3872 949 3946 quod
997 3872 1065 3927 de
1106 3872 1373 3928 Zacharia
1398 3875 1455 3926 et
1493 3872 1779 3927 Elisabeth
1829 3872 2103 3943 scriptum
2137 3876 2259 3927 est:

634 3989 663 4018 «ι
694 3966 1027 4023 Ambulasse
1069 3982 1167 4019 eos
1216 3965 1274 4019 in
1321 3965 1586 4020 omnibus
1620 3964 2123 4037 justificationibus
2162 3964 2265 4019 Dei

632 4061 754 4117 sine
781 4060 1015 4133 querela
1041 4058 1191 4129 (Luc.
1223 4075 1262 4127 ι,
1296 4059 1367 4129 6).
1406 4079 1434 4108 ››
1466 4060 1576 4113 Hoc
1605 4059 1758 4130 quod
1788 4059 2001 4113 dictum
2032 4063 2118 4113 est
2144 4057 2265 4112 sine

634 4153 888 4227 querela,
928 4151 1049 4206 sine
1076 4154 1305 4222 peccato
1336 4151 1552 4206 dictum
1592 4157 1950 4223 acceperunt,
1991 4168 2108 4206 non
2136 4152 2265 4223 qui-

638 4247 769 4303 dem
792 4248 1092 4316 negantes,
1126 4244 1246 4299 imo
1279 4243 1450 4298 etiam
1476 4245 1629 4315 quod
1655 4244 1781 4312 aliis
1807 4244 1943 4298 locis
1977 4245 2036 4298 in
2064 4244 2268 4300 litteris

637 4355 839 4396 eorum
878 4337 1166 4391 invenitur
1191 4336 1283 4408 pie
1335 4337 1667 4391 conﬁtentes
1693 4337 2043 4407 adjutorium
2072 4338 2269 4409 gratia:

637 4430 867 4491 Domini
891 4431 1069 4485 nostri
1088 4446 1206 4485 non
1232 4445 1339 4501 per
1366 4430 1690 4484 naturalem
1716 4430 1977 4502 spiritum
2000 4432 2267 4501 hominis,

2359 1906 2609 1978 optanda
2632 1905 2937 1972 affirmare,
2967 1905 3190 1959 etiamsi
3223 1903 3372 1975 quod
3396 1902 3619 1956 affirmat
3641 1917 3735 1954 non
3755 1895 3865 1969 possit

2357 2000 2675 2055 ostendere.
2712 2000 2768 2053 ld
2802 1999 2957 2053 enim
2977 1999 3159 2053 credit
3186 1997 3309 2051 fieri
3335 2012 3488 2067 posse
3509 1993 3645 2066 quod
3666 1996 3780 2047 certe
3795 1991 3864 2043 lau-

2358 2093 2542 2149 dabile
2572 2096 2656 2149 est
2679 2092 2835 2146 velle.
2870 2091 3041 2147 Nobis
3074 2098 3263 2146 autem
3292 2090 3492 2144 sufﬁcit
3513 2086 3649 2160 quod
3676 2084 3812 2139 nullus
3830 2083 3864 2134 in

2359 2187 2601 2242 Ecclesia
2627 2186 2726 2241 Dei
2755 2186 3010 2240 fidelium
3040 2185 3326 2256 reperitur
3356 2185 3413 2238 in
3449 2181 3676 2254 quolibet
3694 2176 3865 2249 profectu

2359 2280 2655 2337 excellenti
2709 2284 2879 2351 atque
2930 2279 3148 2350 justitia
3212 2279 3312 2350 qui
3380 2277 3559 2332 audiat
3623 2273 3771 2327 dicere
3805 2269 3869 2321 sibi

2361 2391 2479 2430 non
2523 2374 2901 2429 necessariam
2924 2372 3330 2443 precationem
3357 2369 3604 2425 orationis
3632 2362 3867 2421 Dominica.

2364 2468 2641 2523 «dimitte
2679 2467 2845 2522 nobis
2876 2466 3070 2521 debita
3114 2469 3384 2534 nostra,»
3429 2469 3481 2519 et
3518 2462 3649 2517 dicat
3686 2470 3868 2510 «senon

2361 2562 2569 2617 habere
2598 2567 2911 2633 peccatum,
2944 2577 3050 2615 nec
3074 2560 3327 2631 seipsum
3356 2557 3598 2628 decipiat,
3625 2557 3672 2608 et
3690 2552 3737 2605 in
3755 2566 3801 2603 eo
3817 2562 3870 2600 re-

2361 2657 2500 2711 ritas
2529 2672 2645 2710 non
2672 2655 2745 2709 sit
2785 2654 2833 2727 (Ι
2853 2658 3010 2710 Joan.
3038 2671 3076 2721 1,
3118 2654 3192 2725 8),
3235 2673 3261 2705 ››
3296 2652 3419 2725 quis
3450 2652 3559 2722 jam
3584 2648 3685 2702 sine
3719 2640 3873 2716 querela

2360 2749 2545 2804 vivat?
2566 2751 2689 2804 Non
2708 2748 2865 2803 enim
2885 2749 3190 2820 qualescun
3199 2746 3508 2817 que,etiam
3528 2734 3873 2797 tentatioueshu-

2362 2859 2568 2911 mansa,
2588 2842 2681 2897 sed
2713 2858 2882 2913 grave
2911 2846 3203 2913 peccatum
3224 2844 3311 2895 est
3325 2838 3473 2911 quod
3487 2838 3540 2891 in
3564 2833 3750 2907 querela
3762 2826 3871 2881 venit

2363 2936 2704 2991 Detveniam
2726 2939 2827 2989 tua
2844 2934 3171 3003 suavitasﬁsi
3190 2933 3546 3005 prolixiorem
3559 2919 3874 3000 epistolamior-

2361 3030 2527 3085 tassis
2555 3046 2729 3102 quam
2748 3029 2944 3096 velles,
2964 3032 3077 3083 tuae
3096 3027 3356 3082 misimus
3367 3023 3644 3081 sanctitati.
3666 3020 3759 3074 Non
3774 3013 3872 3069 enim

2362 3125 2609 3180 rivulum
2628 3125 2888 3178 nostrum
2904 3126 3002 3177 tuo
3015 3122 3172 3193 largo
3184 3121 3331 3176 fonti
3344 3117 3590 3190 augendo
3600 3109 3872 3169 refundimuse

2359 3234 2557 3274 verum
2632 3217 2804 3272 etiam
2859 3220 3068 3283 noster,
3151 3215 3290 3270 licet
3339 3214 3584 3284 exiguus,
3647 3223 3705 3261 ex
3743 3200 3875 3257 eodem

2359 3328 2472 3383 quo
2502 3310 2677 3366 etiam
2704 3314 2835 3364 tuus
2852 3309 3146 3365 abundans
3161 3310 3399 3363 emanat
3418 3305 3586 3378 capite
3609 3300 3873 3357 ﬂuentorum,

2360 3406 2469 3461 hoc
2498 3406 2689 3475 aperte
2718 3403 2959 3475 probare
2986 3402 3273 3458 voluimus
3297 3403 3409 3458 tuis
3434 3396 3689 3469 rescriptis
3707 3391 3760 3446 de
3776 3400 3873 3442 com-

2361 3498 2522 3555 muni
2542 3497 2974 3569 participatione
2997 3497 3163 3551 unius
3189 3497 3393 3568 gratia:
3416 3489 3682 3550 consolari.

2449 3594 2782 3661 Rescriptum
2806 3593 3100 3646 Innocentii
3118 3607 3285 3661 papa
3312 3592 3377 3646 de
3401 3589 3604 3657 Pelagio
3627 3578 3822 3638 heretico.

2434 3688 2811 3754 INNOCENTIUS,
2856 3686 3119 3754 AUBELIO,
3153 3688 3367 3750 ALIPIO,
3411 3672 3874 3744 Accuan0,Eronio.
3950 3668 3951 3741 ᾖ

2362 3782 2609 3836 PASSIDIO
2620 3779 2917 3852 episcopis.
2938 3779 3159 3833 Sanctae
3174 3777 3543 3833 fraternitatis
3557 3776 3725 3827 vestrm
3738 3766 3875 3820 litteras

2363 3874 2564 3945 plenas
2588 3873 2720 3928 tidei
2736 3876 2969 3944 totoque
2986 3871 3281 3944 religionis
3296 3870 3577 3927 catholicae
3588 3858 3874 3936 vigoretirma'
3950 3858 3951 3929 ᾗ

2364 3971 2450 4021 tas
2481 3984 2516 4021 a
2534 3966 2689 4021 vobis
2725 3967 2920 4020 missas
2950 3971 3007 4021 et
3038 3964 3289 4021 conciliis
3319 3965 3512 4022 vestris
3547 3977 3638 4032 per
3664 3944 3877 4012 fratremt

2366 4061 2761 4133 coepiscopum
2801 4062 3065 4115 nostrum
3108 4059 3325 4115 Iulium
3350 4060 3600 4131 pergrata
3638 4040 3882 4137 suscepi“15

2366 4154 2588 4210 animo:
2636 4154 2788 4226 quod
2835 4169 3036 4208 earum
3078 4157 3243 4208 tenor
3284 4153 3574 4223 omnisque
3613 4137 3884 4202 contextiom

2368 4247 2821 4303 consideratione
2868 4246 3216 4318 quotidianae
3244 4248 3445 4318 gratiae
3483 4244 3593 4311 Dei,
3619 4246 3667 4294 et
3693 4237 3740 4290 in
3758 4236 3884 4285 eorum
3950 4226 3951 4283 ἐ

2371 4342 2719 4397 correctione
2776 4341 2874 4413 qui
2928 4347 3126 4395 contra
3194 4340 3454 4395 sentiunt
3498 4338 3697 4405 integra
3742 4321 3884 4378 ratione

2371 4435 2662 4503 consistit;
2692 4440 2748 4491 et
2776 4438 2839 4489 ut
2874 4435 2986 4489 illis
3026 4450 3262 4490 omnem
3295 4434 3495 4489 tollere
3520 4427 3677 4501 possit
3700 4423 3885 4476 errorem.
3950 4423 3951 4481 ξ

639 4528 874 4599 sed'per
889 4524 1265 4598 principalem
1285 4523 1562 4595 Spiritum
1582 4523 1702 4578 Dei.
1730 4524 1836 4589 Qui
1851 4542 2056 4596 parum
2073 4525 2268 4581 viden-
2290 4554 2352 4626 D
2375 4532 2434 4582 et
2457 4528 2665 4583 idoneo
2714 4527 2847 4582 dato
2879 4528 3075 4599 quovis
3105 4531 3314 4583 nostra:
3362 4525 3501 4597 legis
3525 4514 3887 4626 exemplozilueni”

640 4627 737 4678 tur
765 4619 1150 4676 considerasse
1179 4618 1369 4689 ipsum
1412 4617 1752 4673 Zachariam
1785 4618 1956 4674 fuisse
1983 4619 2153 4674 etiam
2184 4637 2271 4675 sa-

643 4715 949 4771 cerdotem.
989 4735 1017 4762 «
1044 4713 1253 4767 Omnes
1280 4715 1475 4765 autem
1518 4716 1655 4766 tunc
1689 4712 2009 4768 sacerdotes
2049 4729 2275 4769 necesse

644 4808 939 4864 habebant
951 4823 1019 4862 ex
1034 4807 1161 4876 lege
1178 4804 1272 4860 Dei
1286 4804 1548 4876 primitus
1567 4821 1670 4876 pro
1683 4806 1927 4877 peccatis
1940 4807 2053 4862 suis
2074 4807 2276 4863 offerre

648 4900 1009 4967 sacriﬁcium,
1056 4897 1262 4953 deinde
1287 4915 1392 4970 pro
1435 4899 1649 4970 populo
1679 4899 1856 4961 (Hebr.
1878 4918 1927 4971 ν,
1960 4904 2032 4962 3).
2065 4922 2093 4951 ››
2125 4902 2279 4957 Sicut

652 5012 790 5068 ergo
840 5010 993 5049 nunc
1040 5008 1145 5063 per
1189 4991 1461 5047 orationis
1505 4992 1841 5048 sacrificium
1890 4995 2281 5050 convincimur

652 5105 771 5146 non
796 5105 914 5144 esse
942 5088 1063 5142 sine
1088 5088 1318 5159 peccato
1346 5085 1619 5157 quoniam
1643 5087 1789 5157 jussi
1826 5104 2023 5143 sumus
2052 5088 2239 5145 dicere
2263 5107 2277 5146 :

657 5204 687 5239 «
717 5183 942 5240 Dimitte
983 5180 1143 5236 nobis
1175 5180 1363 5235 debita
1387 5183 1582 5235 nostra
1626 5181 1840 5250 (Matth.
1882 5198 1957 5251 v1,
2001 5183 2106 5256 12).
2138 5204 2167 5233 ››
2202 5185 2283 5239 Ita

657 5283 716 5335 et
743 5283 879 5333 tunc
903 5292 1008 5350 per
1030 5273 1300 5330 sacrificia
1324 5274 1681 5328 victimarum
1703 5275 2035 5331 animalium
2058 5278 2284 5333 convin-

656 5373 927 5429 cebantur
956 5368 1271 5424 sacerdotes
1308 5367 1428 5421 sine
1471 5372 1705 5439 peccato
1738 5386 1853 5424 non
1892 5387 2030 5439 esse,
2058 5371 2157 5443 qui
2183 5388 2285 5442 pro

659 5468 776 5523 suis
803 5463 1046 5537 peccatis
1079 5462 1427 5532 jubebantur
1457 5461 1680 5516 offerre.
1724 5464 1880 5526 Quod
1910 5464 1961 5517 ‘si
1999 5480 2088 5518 res
2122 5465 2201 5519 ita
2229 5482 2285 5520 se

657 5561 849 5628 habet,
875 5563 935 5611 ut
959 5572 1061 5627 per
1087 5555 1327 5626 gratiam
1352 5555 1651 5609 Salvatoris
1677 5557 2042 5627 proﬁciamus
2056 5559 2285 5629 quidem

660 5656 721 5710 in
738 5654 840 5707 hac
859 5651 992 5718 vita,
1020 5648 1317 5703 deﬁciente
1344 5648 1670 5718 cupiditate,
1691 5650 1963 5705 charitate
1978 5657 2283 5721 crescente,

664 5745 1030 5819 perﬁciamur
1051 5745 1243 5796 autem
1279 5742 1332 5796 in
1360 5741 1458 5795 illa
1488 5743 1617 5811 vita,
1651 5744 1958 5816 cupiditate
1995 5746 2282 5816 exstincta,

665 5840 937 5896 charitatc
953 5837 1258 5908 completa.
1288 5836 1539 5907 profecto
1556 5836 1694 5891 illud
1706 5838 1860 5911 quod
1875 5840 2147 5914 scriptum
2167 5847 2249 5896 est
2270 5859 2282 5897 :

2375 4622 2537 4693 sequi
2579 4620 2783 4677 debeat
2833 4622 3073 4692 dignum
3125 4621 3345 4693 possint
3388 4618 3626 4691 praebere
3671 4608 3886 4664 doctorem
3950 4608 3951 4639 ξ

2378 4715 2488 4772 Sed
2553 4714 2623 4770 de
2699 4700 2788 4769 his
2821 4757 2835 4784 ,
2906 4718 2972 4769 ut
3047 4714 3296 4770 arbitror
3328 4756 3343 4783 ,
3418 4714 3537 4784 jam
3622 4703 3732 4760 satis
3783 4698 3890 4786 ⁵¹¹ΡΪ⁸
3950 4760 3951 4769 χ

2378 4809 2645 4864 diximus.
2745 4808 2855 4864 Sed
2933 4808 3170 4863 subinde
3258 4811 3454 4862 contra
3542 4816 3627 4857 eos
3700 4782 3887 4879 subvenit
3950 4790 3951 4811 ‘

2614 4905 2673 4957 et
2700 4902 3026 4974 suppeditat
3060 4901 3214 4974 quod
3258 4901 3495 4969 dicatur,
3527 4911 3625 4950 nec
3660 4887 3801 4961 potest

2382 4997 2611 5068 quando
2657 4996 2854 5052 deesse
2881 4995 3037 5069 quod
3081 4996 3264 5051 vincat
3288 5010 3422 5049 cum
3452 4999 3562 5048 tam
3588 4986 3807 5043 miserum
3826 4982 3890 5069 Ψ

2382 5062 2656 5163 piumque
2695 5092 2768 5147 sit
2791 5062 2945 5163 quod
2995 5098 3204 5147 nostra:
3246 5090 3451 5144 virtute
3476 5083 3596 5140 ﬁdei
3621 5084 3670 5134 et
3699 5077 3794 5145 ipsa
3818 5062 3894 5134 Ple‘
3950 5100 3951 5129 ;

2381 5184 2511 5241 nius
2536 5185 2771 5240 veritate
2803 5185 3079 5241 vincatur.
3108 5185 3213 5249 Qui
3251 5183 3406 5238 enim
3440 5191 3651 5235 omnem
3675 5168 3775 5223 vita:
3796 5164 3896 5228 Spem

2384 5279 2601 5351 respuit
2630 5283 2798 5350 atque
2837 5279 3180 5350 contempsit
3209 5276 3435 5332 inimica
3462 5260 3819 5328 damnabili‘luc
3950 5288 3951 5291 ‘

2384 5390 2552 5429 suum
2605 5372 2980 5445 disputatione
3030 5371 3407 5438 confundens,
3460 5380 3583 5421 cum
3635 5351 3781 5413 credit
3811 5334 3898 5445 1111“?

2387 5485 2507 5523 esse
2556 5436 2710 5541 quod
2754 5484 2788 5520 a
2824 5467 2939 5522 Deo
2997 5466 3254 5537 accipiat,
3308 5436 3400 5517 ne
3428 5455 3624 5530 aliquid

2387 5561 2541 5634 quod
2570 5524 2728 5633 petat
2773 5562 2843 5615 ad
2870 5524 3205 5629 sanandum,
3242 5524 3346 5611 sed
3372 5554 3467 5627 qui
3510 5524 3609 5606 έὼί
3635 5546 3725 5601 hoc
3743 5524 3897 5634 abstulit

2387 5628 2626 5710 ulterius
2653 5655 2789 5726 quid
2821 5654 3100 5725 reliquit?
3131 5654 3185 5710 Si
3216 5669 3349 5723 ergo
3389 5652 3516 5703 sunt
3537 5638 3708 5711 aliqui,

2388 5748 2473 5803 sui
2497 5748 2886 5803 defensionem
2934 5747 3267 5819 perversitas
3296 5749 3450 5800 tanta
3485 5732 3677 5797 deﬁxit,
3706 5737 3780 5795 ‘1‘"

2389 5859 2447 5900 se
2477 5842 2729 5918 dogmati
2760 5804 2968 5897 dedant
2992 5848 3165 5913 atque
3190 5835 3549 5910 conjungant,
3576 5820 3817 5901 sperantes
3833 5804 3899 5857 hoc
