4026 6182
145 327 239 381 741

1378 321 1850 377 DECRETAIJUM
1887 319 2271 375 COLLECTIO.

3399 312 3499 371 ’742

142 434 215 488 ad
255 432 598 488 catholicam
642 430 930 503 pertinere
969 428 1311 498 doctrinam,
1366 430 1520 500 quod
1567 429 1771 483 abbor-
1795 442 1846 513 Α
1872 428 2101 481 absolvi.
2138 429 2277 481 Nam
2305 426 2349 480 si
2383 426 2566 480 adhuc
2599 424 2782 480 taliter
2809 425 3000 490 sentit,
3041 424 3267 496 quando
3301 443 3358 478 se
3391 442 3497 478 uo-

139 544 273 581 rens
313 526 541 596 .ongius
581 530 637 579 et
670 523 896 596 penitus
927 522 1271 594 approbatur
1308 522 1630 589 adversum,
1680 522 1769 576 in-

141 620 273 675 fecti
298 620 529 673 illortun
568 622 625 672 et
662 616 892 672 monitis
932 621 990 670 et
1018 616 1203 670 verbis
1246 620 1310 671 ut
1346 616 1647 682 haberent,
1683 615 1770 670 in-

142 712 321 777 ducti,
351 714 635 783 quatenus
663 710 733 765 ad
766 716 983 764 rectum
1023 709 1152 763 vita;
1181 709 1473 764 tramitem
1513 708 1771 775 redeant,

142 806 517 873 festinabant,
570 821 641 859 ne
700 804 914 858 diutius
973 806 1225 857 mentem
1282 803 1568 865 obsidens,
1620 801 1778 857 velut

142 900 318 971 pestis
358 914 562 953 eorum
605 897 863 952 sensibus
890 913 1052 953 error
1081 896 1332 951 invadat.
1366 897 1511 950 Nam
1540 896 1586 949 si
1624 894 1778 950 Pela-

142 994 275 1063 gius
328 1008 667 1064 quocunque
706 991 913 1046 restitit
968 992 1091 1046 loco
1133 1006 1332 1045 eorum
1390 991 1633 1059 animos,
1678 988 1777 1060 qui

142 1087 309 1141 facile
359 1086 448 1139 vel
506 1084 838 1157 simpliciter
894 1084 1198 1140 crederent
1256 1082 1623 1154 disputandi,
1668 1083 1778 1137 hac

139 1180 527 1234 afﬁrmatione
558 1179 796 1249 decepit,
824 1195 923 1233 seu
954 1178 1045 1232 hic
1070 1177 1153 1231 illi
1179 1178 1239 1231 in
1269 1177 1411 1232 urbe
1438 1180 1590 1243 sunt,
1625 1175 1777 1247 quod

139 1274 465 1328 nescientes
498 1289 601 1327 nec
630 1272 1001 1327 manifestare
1042 1288 1366 1342 possumus,
1407 1288 1510 1325 nec
1546 1286 1776 1341 negare,

141 1384 272 1421 eum
299 1370 361 1421 et
392 1367 436 1420 si
464 1369 595 1420 sunt
620 1366 850 1433 lateant,
890 1382 993 1421 nec
1026 1365 1332 1436 aliquando
1372 1364 1649 1432 audeant,
1691 1363 1779 1417 vel

140 1461 307 1515 illum
354 1460 761 1531 praedicantem
802 1460 909 1514 ista
946 1460 1277 1525 defendere,
1310 1459 1395 1513 vel
1426 1458 1559 1512 talia
1588 1457 1778 1528 aliquo

142 1559 477 1609 nostrorum
508 1558 787 1624 praesente
808 1554 1039 1623 jactare,
1060 1558 1116 1608 et
1145 1553 1201 1606 in
1231 1556 1389 1607 tanta
1415 1551 1609 1623 pOpuli
1633 1550 1778 1604 mul-

144 1648 395 1702 titudine
426 1646 778 1718 deprehendi
806 1647 1013 1717 aliquis
1041 1647 1203 1701 facile
1237 1663 1343 1700 nec
1370 1645 1575 1700 alicubi
1605 1643 1784 1716 possit

144 1741 408 1811 agnosci,
450 1741 563 1794 sive
604 1741 661 1794 in
693 1741 890 1812 quovis
923 1746 1207 1795 terrarum
1246 1741 1365 1794 loco
1411 1739 1644 1810 degant.
1683 1736 1780 1791 Dei

1873 526 1987 576 stro
2024 520 2237 589 judicio
2288 520 2574 591 quibusvis
2632 519 2875 590 acceptis
2928 518 3127 572 litteris
3179 534 3307 572 cum
3366 517 3504 573 sciat

1874 614 2262 669 damnandum
2294 630 2352 667 se
2378 630 2516 681 esse,
2559 614 2892 668 committet.
2936 612 3095 676 Quod
3129 612 3173 665 si
3214 628 3504 666 accercen-

1875 709 1979 762 dus
2004 713 2169 777 esset,
2197 707 2267 762 ab
2293 707 2382 761 his
2410 706 2611 761 melius
2642 707 2807 761 ﬁeret
2836 705 2933 776 qui
2966 706 3149 775 magis
3173 705 3421 776 proximi
3449 710 3506 758 et

1875 819 1989 857 non
2022 802 2196 873 longo
2245 804 2531 854 terrarum
2558 799 2737 871 spatio
2764 799 3030 853 videntur
3064 814 3185 853 esse
3217 798 3505 869 disjuncti,

1877 896 1973 950 sed
2014 911 2127 948 non
2171 894 2353 949 deerit
2389 910 2521 948 cura
2560 892 2604 948 si
2640 892 2940 947 medicinae
2983 892 3235 963 praebeat
3262 892 3357 947 ille
3384 908 3503 946 ma-

1876 989 2106 1043 teriam.
2134 989 2327 1043 Potest
2352 988 2505 1041 enim
2540 987 2813 1041 damnare
2836 1002 2964 1057 quae
2991 988 3245 1040 senserat
3272 1002 3335 1039 ac
3364 984 3507 1039 datis

1876 1082 2079 1137 litteris
2111 1080 2319 1136 erroris
2358 1081 2465 1149 sui,
2506 1085 2566 1134 ut
2595 1095 2919 1151 regressum
2962 1078 3033 1132 ad
3072 1095 3177 1133 nos
3217 1078 3377 1133 decet
3418 1095 3510 1133 ve-

1876 1176 2034 1231 niam
2064 1175 2374 1247 postularc,
2400 1175 2604 1229 fratres
2626 1173 2960 1228 charissimi.
2989 1160 3222 1226 Librum
3248 1188 3380 1226 sane
3409 1170 3507 1243 qui

1880 1274 2000 1345 ejus
2043 1290 2165 1328 esse
2208 1272 2500 1327 dicebatur
2531 1270 2695 1326 nobis
2723 1288 2757 1326 a
2797 1275 2984 1325 vestra
3011 1269 3286 1324 charitate
3332 1275 3510 1324 trans-

1879 1368 2112 1422 missum
2144 1366 2478 1433 evolvimus,
2511 1365 2570 1419 in
2597 1382 2708 1437 quo
2743 1365 2921 1420 multa
2956 1364 3293 1436 blasphema
3324 1367 3511 1432 erant,

1878 1461 2019 1516 nihil
2073 1460 2225 1532 quod
2270 1461 2539 1531 placeret,
2584 1459 2727 1513 nihil
2779 1458 2935 1530 quod
2986 1458 3215 1529 penitus
3240 1474 3358 1511 non
3395 1456 3511 1512 dis-

1878 1555 2132 1627 pliceret,
2179 1572 2213 1609 a
2270 1553 2464 1624 quovis
2504 1552 2895 1607 damnandum
2945 1557 3113 1623 atque
3155 1550 3511 1617 calcandum,

1881 1649 2041 1719 cujus
2071 1648 2277 1702 similia
2314 1646 2421 1701 nisi
2464 1647 2563 1717 qui
2588 1645 2698 1700 ista
2723 1645 3043 1716 scripserat,
3076 1662 3248 1700 nemo
3278 1645 3421 1700 alter
3454 1644 3511 1698 in

1880 1747 2127 1797 mentem
2178 1741 2455 1813 reciperet
2510 1743 2680 1811 atque
2732 1739 2991 1793 sentiret.
3042 1739 3178 1792 Nam
3238 1739 3345 1793 hoc
3389 1739 3512 1793 loco

141 1836 325 1889 nostri
360 1834 765 1899 misericordia,
792 1834 1084 1905 gratiaque
1114 1832 1590 1903 credimus,quod
1618 1831 1782 1886 facile
1802 1817 1860 1889 B
1885 1835 1955 1891 de
1986 1836 2111 1907 lege
2152 1834 2317 1889 latius
2363 1834 2654 1905 disputare
2705 1834 2860 1887 velut
2895 1848 3089 1887 coram
3126 1831 3314 1903 posito
3354 1848 3518 1902 repu-

142 1929 533 1999 corrigantur,
562 1927 757 1982 audita
783 1928 904 1998 ejus
930 1927 1296 1982 damnatione
1329 1926 1426 1998 qui
1454 1926 1627 1980 fuerit
1652 1941 1779 1996 per-

139 2023 323 2087 tinax,
367 2026 424 2075 et
448 2022 717 2075 resistens
744 2021 912 2090 hujus
944 2020 1227 2092 dogmatis
1267 2023 1467 2074 auctor
1498 2019 1779 2085 inventus,

140 2133 257 2170 non
286 2117 548 2182 interest,
581 2115 673 2168 ubi
705 2114 791 2168 isti
824 2114 1057 2181 fuerint,
1090 2114 1227 2168 dum
1257 2114 1582 2184 ubicunque
1623 2112 1781 2166 inve-

139 2210 255 2264 niri
284 2209 597 2280 potuerint,
636 2214 766 2261 sunt
808 2208 1065 2261 sanandi.
1104 2207 1271 2261 Nobis
1312 2212 1499 2261 tamen
1531 2222 1636 2261 nec
1664 2222 1786 2259 sua-

143 2303 271 2357 deri
318 2306 504 2373 potest
553 2318 681 2355 eum
728 2318 844 2355 esse
892 2305 1224 2373 purgatum,
1278 2300 1534 2371 quamvis
1574 2299 1646 2353 ad
1682 2316 1786 2354 nos

142 2415 175 2451 a
210 2397 407 2450 nescio
439 2396 642 2465 quibus
668 2395 821 2448 laicis
852 2396 964 2448 sint
996 2398 1151 2465 gesta
1184 2394 1422 2465 perlata,
1458 2393 1663 2465 quibus
1692 2392 1785 2447 ille

143 2498 199 2545 et
235 2489 502 2543 auditum
532 2506 588 2542 se
614 2489 872 2542 crederet
922 2495 977 2542 et
1027 2488 1368 2542 absolutum.
1418 2487 1554 2551 Qua:
1591 2491 1786 2541 utrum

140 2601 283 2638 vera
325 2584 441 2636 sint
487 2582 831 2649 dubitamus,
862 2582 1012 2653 quod
1047 2582 1150 2636 sub
1184 2582 1337 2635 nulla
1374 2581 1523 2635 illius
1570 2579 1787 2634 concilii

141 2676 513 2732 exsecutione
542 2679 839 2741 venerunt,
866 2692 971 2729 nec
1002 2692 1197 2729 eorum
1228 2676 1446 2746 aliquas
1472 2673 1790 2745 accepimus

142 2772 215 2825 de
252 2772 363 2824 hac
408 2786 468 2824 re
520 2771 754 2837 litteras,
804 2770 954 2839 apud
1008 2786 1149 2839 quos
1195 2768 1355 2822 istius
1402 2769 1486 2822 rei
1527 2767 1791 2839 praestitit

128 2881 377 2929 causas.
430 2863 593 2927 Quod
635 2863 680 2916 si
729 2863 798 2917 de
847 2880 950 2917 sua
988 2863 1083 2916 ille
1120 2862 1393 2933 potuisset
1446 2861 1790 2933 purgatione

139 2959 459 3021 confidere,
490 2958 595 3010 hoc
634 2957 819 3027 magis
847 2956 1136 3010 credimus
1175 2956 1325 3027 quod
1369 2956 1595 3026 egisset.
1629 2955 1787 3020 Quod

141 3051 338 3105 multo
373 3050 561 3105 verius
590 3067 709 3106 esse
738 3054 984 3121 poterat,
1017 3055 1079 3103 ut
1122 3049 1248 3104 illos
1280 3054 1510 3119 cogeret
1540 3049 1792 3119 epistolis

141 3146 268 3198 suis
318 3144 417 3215 qui
456 3143 900 3213 dijudicaverant
933 3143 1209 3213 judicare.
1255 3144 1461 3196 Verum
1515 3159 1644 3196 cum
1682 3142 1793 3195 sint

140 3239 343 3308 aliqua
362 3239 421 3291 in
448 3237 584 3308 ipsis
606 3237 791 3308 posita
813 3236 1002 3307 gestis,
1024 3253 1152 3307 quae
1175 3236 1393 3306 objecta
1412 3236 1617 3308 partim
1634 3252 1790 3290 mus-

145 3331 387 3386 sitando
416 3332 508 3385 ille
534 3331 866 3402 suppressit,
896 3330 1106 3402 partim
1139 3331 1320 3385 multa
1340 3329 1401 3385 in
1426 3347 1485 3385 se
1511 3329 1679 3385 verba
1698 3347 1790 3385 re-

139 3426 498 3497 torquendo,
532 3429 651 3479 tota
678 3425 1014 3479 obscuritate
1053 3424 1328 3493 confudit,
1387 3423 1578 3495 aliqua
1610 3424 1795 3496 magis

143 3520 313 3574 falsis
346 3519 703 3590 argumentis
743 3535 919 3590 quam
946 3535 1077 3573 vera
1117 3518 1352 3587 ratione,
1384 3521 1445 3571 ut
1471 3518 1540 3572 ad
1568 3521 1794 3589 tempus

146 3612 354 3667 videre
391 3615 635 3683 poterat,
678 3612 959 3683 purgavit,
1011 3612 1120 3666 alia
1171 3611 1460 3683 negando,
1501 3611 1613 3665 alia
1654 3612 1796 3667 falsa

145 3708 638 3779 interpretatione
664 3706 962 3760 vertendo.
1011 3704 1119 3759 Sed
1162 3705 1381 3759 utinam
1423 3704 1576 3775 quod
1612 3705 1796 3776 magis

149 3801 479 3874 Optandum
507 3806 590 3855 est
615 3801 785 3855 etiam
814 3799 907 3853 ille
939 3815 997 3853 se
1028 3799 1097 3853 ad
1117 3815 1312 3852 veram
1343 3798 1634 3852 catholica:
1665 3798 1795 3853 ﬁdei

148 3898 316 3950 viain
369 3894 439 3948 ab
500 3894 598 3948 illo
665 3893 749 3948 sui
808 3893 1053 3947 tramitis
1116 3909 1306 3946 errore
1357 3895 1677 3959 convertat,
1734 3897 1798 3946 ut

148 3994 358 4064 cupiat
394 3993 639 4064 velitque
681 3991 955 4063 purgari,
1000 3990 1366 4045 considerans
1407 3990 1797 4062 quotidianam

147 4090 263 4143 Dei
291 4086 534 4159 gratiam
558 4085 1017 4156 adjutoriumque
1048 4101 1418 4155 cognoscens,
1450 4090 1512 4140 ut
1538 4084 1799 4139 videatur

148 4197 385 4249 verum,
432 4185 489 4234 et
531 4180 875 4251 approbatur
914 4179 982 4233 ab
1027 4178 1289 4233 omnibus
1348 4178 1650 4234 manifesta
1702 4195 1797 4233 ra-

148 4276 320 4329 tione
366 4276 665 4340 correctus,
708 4289 824 4327 non
873 4275 1161 4344 gestorum
1185 4271 1425 4343 judicio,
1460 4270 1559 4326 sed
1605 4271 1673 4325 ad
1704 4289 1797 4327 ca-

149 4369 440 4423 tholicam
481 4368 651 4421 fidem
691 4368 860 4421 corde
907 4382 1196 4421 converso.
1228 4364 1387 4421 Unde
1418 4382 1538 4420 non
1566 4382 1798 4436 possum

150 4464 397 4517 illorum
427 4477 528 4515 nec
558 4461 871 4531 approbare
907 4477 1011 4514 nec
1050 4460 1277 4530 culpare
1312 4459 1619 4529 judicium,
1666 4476 1799 4515 cum

1813 3190 1868 3264 Ο

1883 1929 2196 2001 gnantique
2230 1928 2459 1999 Pelagio
2498 1926 2882 1982 necessarium
2928 1942 3049 1981 esse
3105 1942 3218 1979 non
3256 1924 3517 1980 duximus

1882 2040 2010 2078 cum
2047 2023 2336 2077 vobiscum
2386 2025 2564 2076 totam
2608 2037 2732 2076 rem
2762 2020 3089 2087 scientibus,
3135 2018 3377 2091 parique
3408 2034 3512 2073 no-

1883 2101 2103 2172 biscum
2130 2116 2452 2171 assensione
2487 2114 2888 2187 gaudentibus,
2922 2114 3330 2184 colloquamur.
3362 2113 3517 2167 Tunc

1885 2210 2038 2265 enim
2078 2210 2285 2264 melius
2318 2210 2442 2264 haec
2478 2210 2734 2279 exempla
2775 2212 3086 2279 ponuntur,
3130 2205 3357 2277 quando
3385 2221 3517 2260 cum

1886 2304 1975 2359 his
2044 2321 2187 2375 quos
2242 2304 2450 2359 harum
2512 2305 2731 2358 constat
2784 2318 2979 2356 rerum
3032 2300 3342 2371 prudentes
3398 2316 3519 2355 esse

1887 2401 2213 2452 tractamus.
2242 2399 2383 2452 Nam
2410 2396 2480 2451 de
2514 2400 2737 2451 naturae
2763 2395 3154 2468 possibilitate,
3187 2412 3251 2449 ac
3278 2394 3347 2448 de
3375 2393 3518 2449 libe-

1888 2508 1951 2547 ro
1981 2491 2234 2558 arbitrio,
2283 2494 2340 2544 et
2378 2491 2446 2545 de
2479 2490 2641 2545 omni
2689 2489 2789 2544 Dei
2834 2488 3041 2559 gratia,
3087 2491 3145 2542 et
3194 2487 3523 2559 quotidiana

1892 2585 2092 2656 gratia,
2129 2585 2220 2639 cui
2252 2602 2369 2639 non
2394 2584 2467 2638 sit
2488 2588 2638 2638 recte
2659 2582 2931 2637 sentienti
2954 2582 3307 2636 uberrimum
3335 2581 3525 2653 dispu-

1889 2682 2030 2732 tare.
2064 2677 2526 2734 Anathematizet
2553 2693 2690 2748 ergo
2721 2677 2828 2731 ista
2853 2692 2979 2747 qua:
3005 2676 3195 2744 sensit,
3224 2680 3288 2729 ut
3314 2674 3394 2729 illi
3424 2675 3525 2746 qui

1891 2772 2014 2842 ejus
2060 2772 2417 2826 sermonibus
2464 2772 2733 2838 fuerant,
2796 2770 3209 2841 prmceptisque
3261 2768 3522 2841 collapsi,

1891 2865 2027 2937 quid
2058 2866 2290 2920 tandem
2322 2865 2529 2919 habeat
2557 2864 2698 2919 ﬁdes
2727 2881 2861 2920 vera
2891 2867 3259 2934 cognoscant.
3292 2862 3527 2918 Facilius

1892 2959 2047 3013 enim
2089 2959 2345 3014 revocari
2386 2963 2720 3030 potuerunt,
2772 2974 2899 3012 cum
2962 2957 3066 3011 ista
3110 2974 3142 3011 a
3195 2974 3294 3011 suo
3345 2973 3530 3012 sense-

1891 3052 2011 3106 rint
2038 3055 2269 3107 auctore
2299 3052 2583 3107 damnari.
2617 3051 2783 3117 Quod
2816 3052 2861 3105 si
2895 3051 2991 3105 ille
3025 3050 3301 3121 pertinaci
3326 3050 3386 3105 in
3422 3051 3528 3105 hac

1892 3146 2135 3201 voluerit
2162 3146 2459 3217 impietate
2502 3146 2827 3216 persistere,
2871 3148 2956 3199 est
2991 3143 3283 3214 agendum
3332 3149 3528 3217 quate-

1894 3257 2001 3294 nus
2020 3240 2105 3293 vel
2137 3240 2223 3294 his
2246 3240 2424 3311 possit
2445 3239 2756 3309 subveniri,
2782 3255 2925 3310 quos
2948 3255 3063 3292 non
3082 3255 3217 3293 suus
3238 3238 3343 3293 sed
3360 3239 3529 3310 hujus

1894 3334 2078 3405 magis
2098 3350 2255 3387 error
2277 3333 2523 3403 induxit,
2547 3350 2617 3387 ne
2635 3336 2692 3387 et
2719 3332 2827 3386 illis
2857 3332 2981 3387 haec
3008 3332 3289 3387 medicina
3310 3342 3527 3404 pereat,

1894 3427 2053 3498 cujus
2084 3427 2187 3482 iste
2214 3427 2386 3482 talem
2426 3443 2543 3482 non
2582 3426 2854 3496 admittit,
2888 3443 2993 3480 nec
3022 3426 3274 3498 postulat
3309 3442 3526 3481 curam.

1896 3523 2043 3576 Deus
2087 3538 2186 3576 vos
2231 3520 2512 3575 custodiat
2546 3520 2889 3587 incolumes,
2945 3520 3149 3574 fratres
3194 3518 3528 3576 charissimi.

1896 3616 2037 3670 Data
2061 3632 2115 3670 v1
2142 3614 2378 3669 Kalend.
2409 3613 2721 3669 Februarii.

1967 3712 2110 3764 Item
2139 3708 2375 3780 epistola
2404 3707 2702 3762 familiaris
2730 3707 2807 3761 ad
2832 3707 3200 3763 Aurelianum
3233 3707 3531 3779 Carthagi—

1894 3819 2135 3857 nensem
2168 3802 2525 3873 episcopum.

1968 3899 2325 3952 INNOCENTIUS
2346 3900 2587 3951 Auaauo
2607 3895 2873 3967 episcopo
2888 3895 3338 3968 Carthaginensi.
3372 3897 3431 3950 ln
3453 3896 3535 3952 fa—

1898 3990 2213 4045 miliaribus
2239 3989 2458 4061 scriptis
2488 3989 2715 4045 dilectio
2748 4006 2883 4044 vera
2921 3990 3197 4060 consistit,
3231 3993 3289 4067 et
3313 3990 3531 4045 ﬁrmius

1900 4084 2192 4140 charitatis
2217 4084 2405 4138 officia
2432 4084 2635 4138 melius
2668 4101 2724 4139 se
2752 4100 2882 4138 orsa
2904 4088 3252 4139 mereantur.
3283 4084 3530 4149 Quamo-

1898 4178 2059 4234 brem
2081 4195 2185 4250 per
2210 4179 2445 4233 fratrem
2472 4181 2727 4233 nostrum
2752 4178 2964 4233 Julium
2993 4178 3246 4249 epistolae
3267 4178 3533 4233 extrinse-

1901 4289 1999 4327 cus
2028 4271 2216 4327 missze
2245 4272 2591 4343 respondere
2624 4272 2847 4343 gestivi,
2877 4288 2948 4327 ne
2978 4272 3130 4343 apud
3164 4288 3258 4327 me
3296 4272 3533 4327 forsitan

1900 4369 2224 4422 remaneret
2270 4366 2571 4438 peculiaris
2619 4369 2845 4436 negatae
2894 4365 3243 4420 salutationis
3296 4365 3530 4434 offensa,

1901 4460 2289 4531 supradictum
2318 4461 2494 4532 igitur
2525 4460 2759 4515 fratrem
2793 4463 3051 4514 nostrum
3080 4465 3192 4514 tuas
3239 4458 3532 4514 dilectioni

152 4555 491 4611 nesciamus
524 4560 717 4608 utrum
747 4571 881 4609 vera
911 4554 1024 4608 sint
1051 4557 1226 4625 gesta,
1275 4559 1373 4608 aut
1402 4554 1445 4608 si
1482 4570 1617 4608 vera
1646 4558 1797 4623 sunt,
1820 4566 1879 4637 D
1900 4554 2162 4619 restituo,
2196 4571 2325 4608 cum
2356 4554 2681 4625 apostolicae
2703 4553 2818 4608 sedi
2839 4554 3079 4623 dignum
3107 4553 3179 4607 ad
3198 4553 3534 4608 relationem

147 4651 327 4705 illum
370 4649 773 4718 subterfugisse
812 4651 1034 4702 constet
1074 4647 1254 4719 magis
1292 4665 1467 4719 quam
1498 4664 1557 4703 se
1595 4649 1654 4702 in
1683 4652 1797 4703 tota

149 4744 377 4799 virtute
402 4760 700 4814 purgasse.
728 4743 832 4806 Qui
859 4742 905 4795 si
929 4741 1184 4807 conlidit,
1215 4742 1484 4814 novitque
1506 4759 1619 4797 non
1641 4743 1798 4797 omni

150 4840 411 4909 dignum
450 4854 570 4891 esse
604 4835 994 4907 indignatione
1034 4836 1186 4908 quod
1226 4835 1375 4891 dicat
1415 4841 1514 4891 aut
1532 4837 1654 4908 jam
1692 4837 1799 4892 hoc

149 4936 354 4987 totum
388 4948 446 4984 se
477 4931 751 4986 refutasse
794 4929 946 5001 quod
991 4930 1233 4997 dixerat,
1283 4948 1397 4985 non
1434 4948 1468 4985 a
1502 4931 1670 4985 nobis
1707 4949 1796 4987 ac-

148 5024 386 5092 cersiri,
424 5024 525 5078 sed
563 5025 685 5097 ipse
729 5024 899 5079 debet
940 5024 1127 5095 potius
1168 5024 1461 5093 festinare,
1503 5027 1568 5079 ut
1602 5025 1796 5097 possit.

1899 4650 2141 4720 duplicis
2179 4648 2376 4719 synodi
2409 4648 2697 4718 judicatis.
2730 4648 3018 4719 Superest,
3054 4652 3115 4701 ut
3142 4650 3331 4701 oratus
3370 4664 3403 4702 a
3433 4664 3534 4703 n0-

1897 4743 1985 4798 bis
2013 4742 2284 4797 Dominus
2310 4743 2580 4813 praastare
2608 4740 2894 4812 dignetur,
2925 4743 3206 4811 quatenus
3225 4740 3413 4795 omnis
3438 4742 3536 4797 Ec-

1900 4836 2081 4893 clesiae
2112 4852 2228 4891 suae
2258 4835 2479 4890 macula
2502 4834 2784 4890 continuis
2814 4834 3101 4889 laboribus
3127 4834 3335 4890 nostris
3363 4836 3538 4908 possit

1902 4930 2173 5002 abstergi.
2228 4928 2504 4984 Dominus
2532 4928 2807 4984 custodiat
2851 4932 2905 4983 te
2943 4929 3323 4998 incolumem,
3363 4930 3537 4987 frater

1902 5024 2254 5081 charissime.
2282 5025 2419 5080 Data
2444 5040 2501 5077 v1
2530 5022 2655 5077 Kal.
2688 5022 2849 5077 Febr.

816 5300 931 5398 IN
938 5307 1387 5401 CIPIUNT
1472 5307 1788 5402 DECR]

1896 5310 1998 5402 ΤΑ
2078 5305 2447 5401 ΖΟΖΙΜΙ
2545 5304 2878 5399 ΡΑΡᾸΕ

247 5502 295 5553 1.
326 5497 489 5563 Quod
521 5499 791 5554 monachi
820 5501 909 5554 vel
944 5500 1072 5556 laici
1101 5502 1209 5556 nisi
1250 5517 1353 5574 per
1387 5504 1599 5575 gradus
1627 5505 1807 5559 eccle-

156 5592 430 5647 siasticos
458 5609 576 5647 non
598 5593 847 5650 debeant
871 5595 940 5650 ad
960 5612 1251 5651 summum
1282 5596 1658 5653 sacerdotium
1682 5614 1810 5670 per—

156 5702 371 5741 venire
382 5728 394 5740 .

248 5784 300 5834 2.
329 5780 489 5843 Quod
522 5780 569 5834 si
597 5781 727 5852 quis
761 5781 1058 5838 interdicta
1098 5784 1434 5857 despexerit,
1478 5787 1687 5859 gradus
1729 5786 1816 5841 sui

158 5874 436 5950 periculo
467 5874 799 5946 subjacebit.

1982 5506 2035 5559 3.
2077 5503 2213 5568 Quaa
2246 5503 2305 5558 in
2340 5501 2580 5573 singulis
2617 5500 2957 5557 clericorum
2986 5495 3252 5569 gradibus
3282 5498 3537 5568 tempora

1914 5598 2029 5653 sint
2055 5598 2305 5669 praeﬁxa.

1988 5692 2295 5764 Episcopus
2341 5692 2570 5747 Zozmus
2611 5689 2770 5746 urbis
2806 5689 2999 5743 Romae
3031 5685 3249 5741 Hssmo
3277 5685 3540 5758 episcopo

1918 5786 2263 5854 Salonitano,
2306 5785 2569 5839 salutem.
2612 5783 2799 5853 Exigit
2841 5779 3044 5837 dilexio
3075 5783 3170 5834 tua
3200 5789 3546 5851 [η’ωρρρξιιῐη

1919 5881 2241 5953 apostolicae
2273 5880 2421 5935 sedis
2450 5879 2505 5933 in
2537 5895 2651 5950 quo
2676 5879 2904 5932 Patrum
2930 5874 3146 5929 decreta
3171 5876 3549 5949 consentiunt,
