4026 6182
599 319 698 394 743

1499 333 1781 391 APPEND.
1821 317 1908 392 AD
1946 337 2107 393 SEC.
2148 337 2234 392 IX.
2257 365 2327 378 -ο
2364 337 2607 393 [SIDORI
2645 323 3070 394 MERCATORIS

3761 349 3838 404 lit

597 457 653 506 et
682 447 965 520 signiﬁcas
992 445 1300 500 nonnullos
1331 461 1400 500 ex
1431 446 1846 500 monachorum
1878 448 2045 513 coetu,
2083 462 2223 515 quo-
2248 458 2306 530 Α
2326 445 2638 516 postposita
2684 447 2915 500 Patrum
2941 451 2997 500 et
3051 444 3365 516 apostolica
3414 447 3547 502 sedis
3585 452 3839 507 auctoritate

593 560 723 599 rum
755 540 1070 596 sollicitudo
1105 539 1361 610 quamvis
1399 537 1718 612 frequentia
1765 538 1952 609 major
1979 543 2084 608 est,
2125 538 2226 593 sed

592 638 763 693 laicos
803 635 874 689 ad
902 632 1280 688 sacerdotium
1308 633 1599 687 festinare.

666 732 792 786 CAP.
824 731 864 784 Ι.
900 729 1012 782 Hoc
1039 729 1227 781 autem
1270 725 1589 798 specialiter
1617 728 1676 779 et
1701 725 1804 779 sub
1844 725 2224 795 praedecesso-

594 824 750 880 ribus
793 820 1003 877 nostris
1047 825 1102 875 et
1146 835 1328 891 nuper
1353 836 1387 874 a
1415 819 1578 874 nobis
1608 817 1970 872 interdictum
2009 821 2228 872 constat

592 917 796 973 litteris
833 917 903 970 ad
934 914 1134 970 Gallias
1168 912 1572 984 Hispaniasque
1601 910 1968 978 transmissis,
2010 911 2069 965 in
2097 910 2224 982 qui-

592 1012 698 1067 bus
747 1008 1079 1081 regionibus
1123 1006 1460 1061 familiarior
1510 1011 1594 1061 est
1648 1005 1757 1059 ista
1817 1004 2224 1076 prasumptio,

595 1104 856 1177 quamvis
890 1119 995 1157 nec
1029 1099 1217 1156 Africa
1244 1115 1415 1172 super
1456 1100 1562 1154 hac
1598 1098 1993 1153 admonitione
2032 1100 2227 1152 nostra

594 1198 876 1252 habeatur
922 1194 1128 1262 aliena,
1187 1209 1256 1248 ne
1297 1191 1424 1264 quis
1462 1192 1691 1264 penitus
1742 1196 1944 1246 contra
1992 1192 2225 1244 Patrum

593 1294 880 1363 praecepta
910 1287 1006 1360 qui
1051 1285 1441 1341 ecclesiasticis
1488 1283 1798 1355 disciplinis
1841 1300 1943 1355 per
1969 1283 2226 1338 ordinem

593 1401 708 1440 non
741 1384 938 1438 fuisset
961 1381 1232 1447 imbutus,
1268 1383 1324 1434 et
1348 1384 1675 1450 temporum
1706 1377 2113 1448 approbatione
2138 1376 2224 1430 di-

594 1478 740 1533 vinis
775 1474 1070 1547 stipendiis
1114 1471 1390 1542 eruditus,
1437 1487 1800 1543 nequaquam
1831 1469 1903 1524 ad
1939 1486 2226 1524 summum

596 1570 971 1628 sacerdotium
1011 1567 1259 1639 aspirare
1309 1570 1708 1638 prasumeret;
1763 1569 1820 1619 et
1875 1581 1990 1617 non
2042 1565 2226 1618 solum

592 1667 653 1723 in
685 1682 753 1722 eo
785 1661 1018 1719 ambitio
1062 1661 1324 1716 inefﬁcax
1355 1659 1686 1726 haberetur,
1718 1673 1920 1712 verum
1955 1657 2128 1712 etiam
2167 1657 2226 1711 in

595 1760 949 1816 ordinatores
987 1756 1129 1827 ejus,
1164 1757 1230 1810 ut
1263 1755 1524 1809 carerent
1569 1768 1635 1806 eo
1665 1751 1861 1806 ordine
1902 1767 2075 1822 quem
2102 1751 2224 1804 sine

2325 538 2664 610 neglexerit,
2697 557 2730 594 a
2763 538 2928 594 nobis
2957 538 3261 594 districtius
3290 539 3665 609 vindicandum,
3691 551 3739 598 ut
3766 547 3841 600 loci

2326 633 2412 686 sui
2442 632 2680 687 minime
2711 633 2933 688 dubitet
2957 633 3062 688 sibi
3091 637 3343 688 constare
3377 635 3642 703 rationem,
3668 637 3704 691 si
3728 644 3843 708 putat

2326 729 2452 798 post
2477 729 2560 781 tot
2587 726 3000 797 prohibitiones
3035 727 3269 798 impune
3297 744 3450 799 posse
3473 730 3669 784 tentari.
3693 732 3843 786 Contu-

2327 819 2512 875 melia
2557 820 2713 875 enim
2749 820 2936 875 studio
2981 821 3046 875 fit
3090 821 3363 893 quidquid
3391 821 3706 878 interdictum
3729 827 3843 880 toties

2325 915 2657 986 usurpatur.

2396 1007 2479 1061 ΙΠ.
2513 1007 2638 1062 Hac
2665 1009 2857 1062 autem
2882 1007 3120 1079 singulis
3147 1007 3410 1079 gradibus
3437 1007 3731 1064 observanda
3757 1017 3845 1065 sunt

2326 1104 2602 1171 tempora,
2631 1099 2676 1154 si
2697 1100 2767 1156 ab
2793 1100 3034 1156 infantia
3061 1101 3442 1156 ecclesiasticis
3476 1102 3752 1157 ministeriis
3769 1121 3841 1158 no-

2327 1209 2460 1248 men
2487 1193 2729 1263 dederit,
2772 1199 2828 1248 et
2856 1195 3007 1249 inter
3038 1196 3273 1250 lectores
3313 1195 3381 1249 ad
3405 1193 3701 1266 vigesimum
3724 1196 3846 1250 atatis

2326 1302 2542 1342 annum
2592 1287 2922 1342 continuata
2972 1288 3362 1344 observatione
3405 1288 3665 1361 perduret.
3697 1288 3740 1344 Si
3769 1305 3848 1343 ma-

2319 1379 2413 1451 jor
2436 1383 2492 1436 et
2517 1380 2857 1452 grandavus
2887 1381 3207 1450 accesserit,
3255 1382 3349 1453 qui
3387 1385 3567 1436 tamen
3600 1387 3707 1453 post
3726 1381 3847 1452 bapti.

2326 1490 2514 1528 smum
2560 1475 2753 1529 statim
2798 1474 3003 1529 divina
3042 1475 3261 1530 militia
3296 1475 3562 1530 desiderat
3599 1473 3845 1545 mancipari,

2327 1566 2440 1623 sive
2471 1567 2621 1623 inter
2645 1569 2884 1623 lectores
2912 1569 3026 1624 sive
3056 1568 3209 1624 inter
3241 1568 3527 1624 exorcistas
3551 1567 3846 1639 quinquennio

2325 1664 2608 1716 teneatur.
2657 1660 2874 1716 Exinde
2908 1663 3200 1733 acolythus
3248 1663 3332 1716 vel
3369 1661 3719 1727 subdiaconus,
3757 1675 3846 1730 qua-

2326 1757 2455 1809 tuor
2479 1754 2644 1809 annis
2673 1754 2763 1818 sit,
2792 1759 2847 1810 et
2889 1755 2967 1810 sic
3008 1755 3081 1810 ad
3123 1755 3562 1811 benedictionem
3605 1752 3846 1808 diaconatus

595 1854 790 1910 ordine
819 1855 1012 1906 contra
1040 1851 1329 1921 pracepta
1358 1849 1591 1902 Patrum
1617 1845 1975 1900 crediderant
2009 1861 2225 1916 prasu-
2249 1842 2304 1915 Β
2329 1847 2377 1902 si
2411 1853 2704 1904 mereatur
2736 1849 2987 1916 accedat,
3029 1848 3087 1904 in
3126 1867 3238 1921 quo
3282 1848 3476 1904 ordine
3510 1847 3725 1920 quinque
3743 1845 3847 1900 annis

594 1946 890 2003 mendum.
925 1943 1081 1999 Unde
1114 1941 1390 1996 miramur
1422 1940 1493 1994 ad
1535 1937 1893 1994 dilectionem
1925 1942 2085 1992 tuam
2121 1940 2228 1992 sta-

593 2046 716 2098 tuta
750 2039 895 2095 sedis
922 2036 1240 2110 apostolica
1277 2050 1392 2090 non
1420 2033 1591 2088 fuisse
1626 2032 1860 2104 perlata.
1903 2031 2227 2086 Laudamus

593 2136 770 2209 igitur
825 2131 1208 2188 constantiam
1252 2132 1434 2194 tuam,
1489 2126 1670 2181 frater
1715 2125 2064 2194 charissime,
2121 2141 2226 2180 nec

595 2229 750 2286 aliud
794 2226 865 2282 de
911 2223 1185 2297 pontiﬁcii
1232 2237 1468 2277 censura
1514 2219 1718 2275 veteris
1756 2218 2104 2273 auctoritatis
2134 2235 2228 2289 ge-

595 2341 704 2380 nus
729 2319 1176 2394 exspectandum
1201 2316 1327 2384 fuit,
1357 2330 1528 2387 quam
1557 2316 1621 2367 ut
1649 2312 1857 2367 talibus
1896 2311 2223 2366 ambitioni-

593 2419 700 2475 bus
733 2433 838 2489 pro
866 2411 1164 2487 praceptis
1191 2412 1422 2466 Patrum
1455 2408 1513 2462 in
1539 2406 1831 2479 procinctu
1861 2405 1994 2460 ﬁdei
2019 2405 2225 2460 consti-

595 2512 704 2568 tuti
729 2523 1077 2567 occurreres.
1115 2505 1290 2576 lgitur
1319 2502 1367 2557 si
1401 2501 1541 2574 quid
1567 2499 1892 2555 auctoritati
1918 2504 2034 2554 tua
2055 2497 2226 2570 (quod

592 2622 708 2664 non
744 2600 1068 2677 opinamur)
1103 2598 1351 2654 astimas
1387 2594 1654 2663 defuisse,
1693 2593 2044 2666 supplemus.
2092 2593 2222 2661 Vos,

593 2699 850 2757 obsistite
889 2695 1095 2751 talibus
1135 2690 1614 2756 ordinationibus,
1649 2687 1904 2742 obsistite
1941 2685 2224 2757 superbia

592 2799 650 2850 et
696 2788 1042 2862 arrogantia
1083 2784 1354 2842 venienti.
1410 2784 1620 2838 Tecum
1675 2780 1893 2835 faciunt
1938 2781 2226 2852 pracepta

589 2889 848 2954 Patrum,
877 2888 1068 2938 tecum
1093 2878 1411 2952 apostolica
1437 2875 1586 2932 sedis
1627 2873 1951 2929 auctoritas.
1983 2873 2041 2928 Si
2069 2871 2223 2928 enim

591 2979 777 3036 ofﬁcia
805 2974 1098 3033 sacularia
1121 2970 1493 3045 principalem
1522 2969 1711 3022 locum
1741 2983 1855 3022 non
1883 2965 2223 3021 vestibulum

591 3073 828 3131 actionis
868 3067 1159 3142 ingressis,
1197 3065 1293 3121 sed
1326 3081 1428 3136 per
1465 3062 1744 3136 plurimos
1783 3061 1994 3133 gradus
2020 3058 2225 3114 exami-

591 3169 726 3226 tatis
753 3162 1163 3238 temporalibus
1190 3159 1475 3227 deferunt,
1509 3156 1638 3228 quis
1661 3155 1754 3210 ille
1785 3159 1902 3209 tam
1926 3169 2219 3225 arrogans,

591 3269 711 3320 tam
740 3259 1044 3332 impudens
1073 3254 1377 3320 invenitur,
1404 3255 1464 3306 ut
1493 3251 1552 3305 in
1592 3249 1801 3306 calesti
1839 3248 2060 3318 militia,
2096 3263 2222 3319 qua
2243 3223 2298 3297 Ο

590 3354 930 3431 propensius
957 3348 1328 3424 ponderanda
1356 3349 1460 3414 est,
1491 3350 1550 3400 et
1573 3345 1717 3399 sicut
1733 3359 1939 3398 aurum
1966 3341 2224 3414 repetitis

589 3451 818 3524 ignibus
860 3443 1226 3518 exploranda,
1263 3440 1458 3496 statim
1497 3438 1610 3493 dux
1636 3453 1757 3493 esse
1781 3436 2063 3492 desiderat
2092 3451 2222 3490 cum

588 3547 700 3603 tiro
746 3547 878 3598 ante
915 3556 1031 3595 non
1075 3536 1266 3604 fuerit,
1323 3538 1380 3590 et
1422 3533 1582 3606 prius
1624 3531 1751 3587 velli
1800 3531 2006 3586 docere
2049 3545 2221 3601 quam

595 3640 812 3696 discere
835 3637 862 3691 ?
896 3634 1189 3690 Assuescat
1222 3631 1282 3684 in
1315 3627 1541 3684 Domini
1583 3625 1796 3695 castris,
1837 3625 1898 3679 in
1943 3625 2222 3680 lectorum

591 3731 858 3808 primitus
898 3728 1099 3802 gradu,
1145 3723 1320 3780 divini
1350 3721 1688 3777 rudimentis
1718 3718 1963 3785 servitii;
2007 3734 2113 3773 nec
2139 3717 2223 3772 illi

589 3829 701 3885 vile
737 3826 809 3882 sit
837 3822 1194 3887 exorcistam,
1232 3817 1579 3889 acolythum,
1621 3812 2054 3880 subdiaconum,
2099 3811 2221 3866 dia-

592 3938 803 3980 conum
827 3935 933 3991 per
953 3915 1216 3972 ordinem
1240 3910 1395 3980 ﬁeri;
1426 3925 1533 3965 nec
1552 3909 1659 3964 hoc
1684 3907 1852 3974 saltu,
1881 3906 1978 3962 sed
2004 3904 2224 3960 statutis

591 4018 878 4089 majorum
929 4008 1284 4067 ordinatione
1338 4003 1724 4075 temporibus,
1790 4001 1910 4072 jam
1964 4015 2097 4053 vero
2151 3997 2223 4052 ad

589 4106 927 4186 presbyterii
947 4103 1238 4174 fastigium
1259 4099 1388 4154 talis
1406 4096 1653 4164 accedat,
1677 4100 1740 4150 ut
1765 4098 1823 4149 et
1850 4109 2065 4148 nomen
2089 4095 2224 4146 atas

591 4205 846 4276 impleat,
877 4203 935 4255 et
972 4197 1239 4253 meritum
1275 4191 1573 4264 probitatis
1606 4187 1893 4260 stipendia
1927 4189 2060 4242 ante
2096 4189 2224 4242 acta

592 4300 890 4353 testentur.
917 4294 1048 4348 Jure
1071 4289 1207 4344 inde
1233 4285 1441 4342 summi
1469 4282 1755 4356 pontiﬁcis
1778 4282 1967 4336 locum
1993 4296 2222 4352 sperare

595 4389 842 4446 debebit.
899 4384 1050 4442 Facit
1074 4385 1183 4438 hoc
1225 4378 1405 4435 nimia
1447 4375 1708 4433 remissio
1753 4373 2222 4430 consacerdotum

591 4490 918 4544 nostrorum
965 4479 1063 4552 qui
1105 4490 1378 4550 pompam
1417 4469 1798 4527 multitudinis
1835 4473 2118 4541 quarunt,
2169 4473 2226 4523 et

590 4583 796 4655 putant
822 4595 890 4634 ex
917 4576 1021 4630 hac
1054 4571 1221 4629 turba
1256 4567 1467 4641 aliquid
1504 4565 1612 4620 sibi
1653 4563 1943 4636 dignitatis
1982 4561 2220 4634 acquiri.

594 4675 737 4730 Hinc
781 4669 995 4745 passim
1042 4680 1348 4722 numerosa
1387 4658 1738 4734 popularitas
1783 4656 1952 4713 etiam
1997 4655 2084 4711 his
2126 4655 2224 4712 ubi

593 4767 835 4825 solitudo
857 4770 942 4821 est
965 4761 1167 4817 talium
1187 4756 1490 4830 reperitur,
1516 4755 1656 4810 dum
1675 4751 1974 4825 parochias
1998 4749 2224 4806 extendi

595 4823 852 4935 cupiunt,
895 4861 995 4912 aut
1032 4854 1236 4928 quibus
1253 4823 1430 4906 aliud
1477 4823 1745 4921 prastare
1801 4863 1918 4901 non
1967 4848 2222 4916 possunt,
2316 4847 2492 4920 jicere
2543 4863 2642 4902 vos
2691 4823 2923 4913 debetis,
2979 4845 3132 4918 quod
3163 4847 3325 4918 juxta
3367 4855 3632 4900 canonum
3659 4823 3857 4935 premi“

599 4956 819 5012 divinos
855 4949 1087 5008 ordines
1116 4945 1459 5018 largiuntur.
1506 4942 1672 5006 Quod
1713 4943 1938 5012 oportet
1988 4937 2227 4994 districti

596 5066 823 5122 semper
848 5062 968 5103 esse
986 5039 1208 5116 judicii,
1236 5053 1430 5094 rarum
1450 5041 1533 5092 est
1548 5035 1706 5090 enim
1735 5050 1909 5090 omne
1934 5032 2089 5106 quod
2109 5047 2227 5086 ma-

844 5147 912 5197 st.

844 5160 912 5197 st.

597 5161 778 5296 8n[11).m
768 5160 1010 5294 Pioinde
1054 5247 1160 5286 nos
1198 5245 1268 5284 ne
1309 5225 1446 5300 quid
1495 5223 1715 5280 meritis
1756 5221 2072 5279 dilectionis
2110 5224 2224 5277 tua

599 5340 1028 5407 derogaremus,
1070 5326 1140 5381 ad
1177 5329 1233 5378 te
1261 5319 1620 5395 potissimum
1650 5318 1858 5390 scripta
1889 5313 2222 5381 direximus,

2325 1941 2371 1996 si
2413 1942 2699 2014 inculpate
2747 1959 2807 1997 se
2853 1943 3113 2014 gesserit,
3144 1943 3432 1998 adharere
3459 1941 3675 1996 debebit.
3703 1939 3846 1994 Exinde

2325 2034 2771 2106 suffragantibus
2805 2035 3105 2107 stipendiis
3142 2052 3247 2107 per
3280 2039 3363 2090 tot
3402 2034 3592 2107 gradus
3624 2032 3737 2087 datis
3764 2047 3846 2102 pro-

2325 2128 2465 2200 pria
2490 2127 2622 2182 ﬁdei
2650 2128 3030 2199 documentis,
3053 2129 3464 2201 presbyterium
3494 2126 3676 2199 poterit
3693 2140 3846 2196 prome-

2325 2222 2454 2276 reri.
2509 2223 2586 2276 De
2629 2238 2744 2293 quo
2786 2223 2908 2277 loco
2934 2223 2979 2276 si
3007 2239 3141 2277 eum
3170 2223 3421 2278 exactior
3460 2221 3528 2276 ad
3547 2221 3700 2275 bonos
3721 2231 3848 2272 mores

2325 2315 2440 2371 vita
2467 2315 2810 2387 perduxerit,
2843 2333 3135 2371 summum
3166 2315 3549 2388 pontiﬁcatum
3582 2327 3764 2384 sperare
3783 2310 3847 2363 de-

2324 2408 2500 2464 bebit.
2530 2410 2641 2464 Hac
2679 2412 2872 2465 tamen
2910 2411 3037 2482 lege
3078 2415 3320 2479 servata,
3365 2414 3426 2464 ut
3454 2423 3623 2479 neque
3649 2405 3849 2476 bigamIlS,

2324 2517 2514 2575 neque
2548 2503 2730 2558 vidua
2765 2503 3022 2574 maritus,
3066 2521 3255 2576 neque
3283 2503 3550 2576 poenitens
3583 2499 3646 2554 ad
3666 2499 3748 2553 hos
3768 2511 3851 2567 gra-

2325 2597 2429 2651 dus
2453 2597 2634 2669 possit
2670 2595 2918 2652 admitti.
2956 2597 3097 2653 Sane
3136 2597 3315 2654 etiam
3345 2597 3644 2652 defensores
3664 2589 3850 2647 Ecclesia

2327 2689 2424 2762 qui
2453 2705 2521 2744 ex
2548 2689 2703 2744 laicis
2725 2690 2872 2745 ﬁunt
2891 2691 3219 2762 supradicta
3241 2689 3611 2747 observatione
3635 2684 3854 2741 teneantur

2324 2783 2371 2838 si
2418 2782 2735 2839 m'eruerint
2780 2784 2840 2838 in
2892 2785 3093 2840 ordine
3140 2802 3267 2839 esse
3317 2784 3612 2840 clericatus.
3654 2780 3762 2832 Data
3791 2787 3854 2826 nu

2323 2877 2556 2932 Kalend.
2585 2877 2783 2945 Martii,
2815 2879 3062 2934 Honorio
3089 2880 3176 2935 ΧΠ
3200 2885 3262 2934 et
3279 2877 3582 2934 Theodosio
3609 2874 3700 2928 VIII
3722 2875 3850 2938 Augu-

2325 2971 2424 3026 stis
2451 2971 2795 3027 consulibus.

2569 3065 2664 3119 Ad
2688 3067 2888 3120 clerum
2919 3069 3316 3122 Ravennensem
3339 3066 3674 3122 moniton’um.

2393 3160 2626 3214 Zozmus
2666 3159 2960 3230 episcopus
3000 3159 3159 3213 urbis
3215 3161 3411 3215 Roma
3451 3147 3853 3214 commonitorium

2323 3252 2668 3325 presbyteris
2705 3258 2762 3308 et
2805 3253 3134 3308 diaconibus
3184 3256 3286 3324 qui
3335 3255 3603 3309 Ravenna
3654 3251 3767 3302 sunt.
3804 3241 3852 3293 Ex

2322 3347 2600 3402 relatione
2621 3345 2812 3400 fratris
2833 3346 3012 3401 nostri
3030 3347 3362 3402 Archidami
3384 3341 3668 3418 presbyteri
3687 3335 3854 3410 qualiter

2324 3439 2567 3512 suscepti
2597 3439 2737 3509 sitis,
2767 3440 2852 3494 vel
2875 3439 3011 3511 quid
3039 3440 3274 3512 egeritis
3301 3440 3660 3512 cognovimus,
3681 3433 3749 3486 vel
3767 3443 3854 3499 qua-

2323 3535 2454 3590 liter
2473 3531 2554 3589 illi
2583 3533 2825 3605 suscepti
2855 3537 3006 3600 sunt,
3036 3533 3133 3605 qui
3159 3539 3357 3590 contra
3383 3547 3615 3589 canones
3643 3528 3853 3584 adversum

2324 3645 2426 3683 nos
2452 3628 2521 3683 ad
2551 3627 2883 3683 comitatum
2915 3627 3110 3682 nescio
3137 3645 3252 3700 qua
3285 3627 3484 3682 audaci
3519 3621 3779 3680 temeritate
3805 3613 3853 3666 ire

2323 3723 2640 3777 voluerunt.
2685 3721 2766 3777 Ad
2809 3737 2906 3776 vos
2951 3721 3072 3776 hac
3113 3738 3243 3793 qua
3288 3738 3440 3777 nunc
3471 3717 3712 3779 misimus,
3766 3707 3851 3763 Olim

2323 3815 2532 3887 scripta
2560 3816 2902 3885 feceramus,
2943 3831 3141 3869 eorum
3187 3831 3330 3887 quas
3358 3813 3614 3886 injuriose
3644 3803 3850 3862 miserant.

2321 3909 2731 3981 respondentes
2757 3907 3024 3980 epistolis.
3060 3909 3169 3963 Sed
3207 3909 3476 3980 quoniam
3504 3923 3609 3962 non
3634 3895 3854 3974 potuerunt

2321 4003 2404 4058 rei
2438 4003 2496 4057 in
2527 4019 2648 4072 sua,
2686 4002 2792 4057 hoc
2823 4007 2906 4057 est
2930 4002 2989 4057 in
3016 4007 3211 4057 nostra
3252 4002 3491 4057 Ecclesia
3532 4001 3747 4053 Romana
3769 3997 3851 4040 cum

2322 4095 2534 4152 nostris
2557 4094 3034 4168 compresbyteris
3076 4096 3444 4162 commorari,
3495 4093 3590 4148 hos
3615 4088 3676 4143 ad
3697 4098 3770 4139 vos
3787 4076 3854 4133 illis

2322 4190 2632 4262 tragendas
2657 4190 2872 4245 litteras
2902 4188 3277 4258 destinamus,
3301 4189 3361 4244 in
3395 4187 3587 4260 quibus
3605 4182 3780 4238 decreto
3793 4185 3853 4262 119'

2324 4289 2439 4339 stro
2459 4283 2760 4353 sancimus,
2784 4287 3128 4338 memoratos
3154 4282 3572 4354 perturbatores
3593 4272 3793 4332 omnium
3810 4260 3854 4315 ab

2323 4375 2647 4450 apostolica
2677 4377 2822 4431 sedis
2851 4382 3061 4432 nostra
3088 4375 3498 4431 communione
3523 4372 3704 4428 alienos
3722 4361 3853 4418 fuisse:

2322 4475 2492 4542 atque
2515 4475 2707 4526 nostra
2724 4471 3135 4543 subscriptione
3156 4469 3457 4542 probatam
3483 4459 3765 4523 sententiam
3783 4463 3855 4506 509

2323 4565 2555 4638 cepisse,
2582 4566 2707 4621 illos
2737 4566 2907 4621 etiam
2937 4565 3034 4638 qui
3059 4563 3338 4620 effrenato
3360 4564 3488 4618 huic
3520 4562 3648 4616 facto
3669 4545 3854 4638 consilio-

2325 4676 2435 4732 que
2460 4675 2753 4715 assensum
2783 4659 3143 4714 commodare
3166 4659 3484 4724 voluerunt,
3506 4657 3680 4709 vestra
3694 4637 3857 4732 charita-

2324 4727 2396 4808 tis
2425 4756 2509 4808 est
2533 4753 2816 4808 astimare
2840 4752 3085 4826 qualiter
3109 4753 3444 4808 habeantur.
3487 4745 3679 4813 Quibus
3698 4739 3777 4792 hoc
3793 4727 3854 4826 oti-

2323 4914 2545 4996 fortiter
2565 4941 2948 5010 incurrerunt,
2979 4914 3036 4995 et
3063 4914 3309 5012 qualiter
3333 4937 3667 5010 presbyteros
3692 4937 3777 4978 non
3799 4914 3857 4967 de‘

2325 5035 2487 5090 cebat
2511 5034 2753 5090 rebelles
2779 5034 3042 5101 existere,
3069 5036 3446 5089 tentaverunt.
3475 5029 3572 5084 Vos
3597 5025 3753 5079 autem
3775 5021 3857 5064 ιτιο·

2323 5146 2526 5185 nemus
2544 5130 2602 5184 in
2622 5128 2864 5201 speculis
2881 5144 3001 5183 esse
3021 5128 3246 5194 debere,
3269 5141 3455 5198 neque
3475 5133 3654 5178 eorum
3673 5114 3858 5185 pI‘Ol'um'

2325 5229 2426 5296 pat
2451 5223 2704 5292 audacia,
2736 5239 2876 5294 quos
2903 5220 3414 5276 anathematizatos
3441 5217 3537 5272 scit
3557 5211 3721 5267 sancta

2325 5317 2497 5373 tolica
2519 5317 2782 5374 Ecclesia.
2831 5316 2909 5371 De
2962 5316 3052 5370 his
3095 5331 3226 5370 vero
3272 5314 3368 5386 qui
3397 5324 3581 5368 eorum
3608 5318 3657 5357 se
3678 5287 3856 5386 satistau

599 5383 959 5407 ..ν-νο--τ-ηκ
1015 5383 1027 5395 ,
1263 5383 1282 5395 .
1764 5383 1782 5390 -
3290 5383 3308 5386 _
3742 5386 3750 5395 .

599 5432 803 5506 quibus
841 5427 901 5482 in
931 5421 1195 5479 omnium
1228 5417 1473 5472 fratrum
1504 5413 1976 5485 coepiscopomm
2004 5413 2225 5465 nostro-
2318 5412 2654 5484 junxerunt,
2695 5410 2830 5482 quid
2863 5427 3033 5482 agere
3074 5410 3404 5476 debeamus,
3433 5419 3554 5460 cum
3578 5403 3752 5453 reversi
3776 5383 3853 5436 ἷιιθ·

2123 5505 2131 5506 κ
2171 5503 2179 5506 _
2902 5505 2930 5506 ,,
3256 5502 3270 5506 _
3297 5502 3307 5506 -
3507 5497 3560 5506 κ.
3635 5488 3693 5506 1⁸-
3721 5486 3840 5506 “an”

597 5503 729 5584 rum
762 5522 930 5580 facies
963 5518 1046 5572 ire
1081 5512 1364 5581 notitiam,
1403 5525 1520 5564 non
1557 5510 1780 5563 tantum
1813 5519 2012 5560 eorum
2039 5505 2134 5576 qui
2167 5503 2227 5559 in

601 5639 667 5677 ea
693 5613 980 5691 provincia
1017 5613 1169 5676 sunt,
1203 5605 1302 5662 sed
1329 5604 1500 5660 etiam
1525 5602 1619 5673 qui
1653 5601 1711 5655 in
1738 5599 1934 5653 vicinis
1977 5598 2226 5653 dilectio-

603 5713 690 5770 nis
717 5716 826 5766 tua
864 5701 1164 5781 provinciis
1184 5699 1596 5771 adjunguntur.
1636 5693 1788 5750 Sciet
1828 5691 2082 5764 quisquis
2124 5692 2229 5747 hoc

2328 5506 2469 5575 ritis,
2514 5505 2752 5561 consilio
2803 5505 3039 5560 meliore
3079 5502 3458 5559 tractabimus.
3507 5497 3567 5550 Et
3605 5488 3700 5544 alia
3720 5486 3854 5575 ωξιηξι-

2329 5568 2467 5656 Πᾶῒίί
2494 5617 2527 5653 V
2559 5600 2792 5656 Kalend.
2841 5599 3111 5665 Octobris,
3165 5596 3406 5654 Honorio
3431 5591 3512 5648 ΧΠ
3559 5588 3610 5641 et
3628 5568 3858 5638 TheodUSW

2329 5695 2594 5770 Augustis
2617 5692 2960 5750 consulibus.
