4026 6182
161 306 260 360 745
1390 310 1751 366 DECRETAL]

1921 311 2264 368 IOLLECTIO
2274 351 2286 365 .
3413 313 3511 368 746

169 420 1335 434 HW“.

691 512 1267 606 INCIPIUNT
1357 516 1879 609 DECRETA
1971 517 2539 611 BONIFACII
2632 517 2996 608 PAPIE.

150 644 441 739 Epistola‘.
458 643 830 739 deprecatoria
878 644 953 725 ad
1000 647 1309 739 Honorium.
1341 647 1678 739 Augustum,
1724 652 1786 701 ut
1806 666 1864 739 Α
1888 648 2455 739 Constitutio‘Hongrii
2477 649 2819 739 imperatoris
2848 647 2921 699 ad
2943 648 3281 739 Bonifaciu’in
3306 662 3515 739 p‘ap‘am

1406 425 1755 434 m

1914 428 2215 435 ψ

224 716 593 768 constituatur
634 730 670 768 a
708 716 959 784 principe
987 720 1247 783 quatenus
1287 719 1346 769 in
1388 718 1519 772 urbe
1545 720 1786 774 Romana
1806 716 1864 739 η
1957 721 2141 779 missa,
2172 724 2234 771 ut
2266 720 2315 773 si
2340 718 2513 771 denuo
2538 720 2714 772 Rome
2740 717 2846 770 duo
2872 718 3105 785 episcopi
3134 717 3375 769 ordinati
3398 718 3514 781 fue-

217 800 324 854 per
352 784 618 838 ambitum
648 800 928 855 nunquam
950 788 1207 855 pontifex
1236 787 1537 843 ordinetur.
1957 792 2089 851 rint,
2124 790 2279 843 ambo
2307 789 2373 842 de
2398 790 2617 842 civitate
2636 784 2934 857 pellantur.

224 880 424 954 183
452 883 777 937 Βοωηυιυε
799 882 1099 954 episcopus
1129 885 1376 939 HONOBIO
1398 887 1667 956 Augusto.
1690 887 1785 941 Ec-
1956 881 2144 937 Victor
2202 883 2474 936 HONORIUS
2526 880 2768 951 inclytus
2832 878 3230 949 triumphator,
3287 894 3514 948 semper

155 975 350 1030 clesite
376 990 518 1029 mea:
539 976 807 1030 Romanae
838 976 947 1045 (cui
971 977 1118 1032 Deus
1143 982 1337 1033 noster
1370 994 1565 1034 meum
1598 995 1781 1035 sacer-
1884 978 2189 1047 Augustus,
2210 979 2405 1030 sancto
2426 991 2491 1029 ac
2512 972 2823 1028 venerabili
2853 973 3140 1028 Bomucw
3169 988 3333 1043 papa
3356 970 3513 1026 urbis

149 1069 380 1124 dotium
432 1068 589 1123 vobis
641 1085 732 1125 res
782 1070 1057 1125 humanas
1101 1070 1428 1142 regentibus
1479 1072 1784 1143 deputavit)
1885 1070 2100 1124 Romae.

150 1178 292 1216 cura
318 1162 676 1234 constringit,
708 1179 782 1218 ne
810 1163 991 1217 causis
1012 1163 1133 1233 ejus
1162 1165 1423 1236 quamvis
1450 1165 1635 1221 adhuc
1667 1182 1787 1220 cor—
1957 1162 2180 1233 Scripta
2203 1161 2572 1217 beatitudinis
2599 1163 2711 1215 tua).
2742 1158 2931 1214 debita
2960 1156 3292 1214 reverentia
3318 1163 3511 1228 gratu-

148 1255 306 1325 poris
362 1255 833 1311 incommoditate
880 1255 1138 1312 detinear
1191 1261 1425 1329 propter
1479 1262 1787 1315 conventus
1885 1255 2095 1311 latione
2122 1254 2723 1327 suscepimus.Quibus
2741 1250 3054 1320 recensitis,
3078 1250 3299 1322 egimus
3328 1251 3511 1305 omni-

148 1348 250 1419 qui
286 1365 320 1402 a
358 1349 746 1404 sacerdotibus
774 1349 1047 1404 universis
1075 1354 1132 1405 et
1168 1351 1401 1419 clericis,
1431 1356 1487 1407 et
1524 1352 1788 1408 Christia-
1885 1348 2102 1420 potenti
2151 1350 2265 1402 Deo
2308 1348 2585 1402 maximas
2628 1345 2841 1417 gratias
2883 1344 3038 1416 quod
3081 1344 3514 1399 sanctimoniam

148 1458 242 1496 nae
290 1440 476 1512 plebis
528 1442 1055 1513 perturbationibus
1092 1444 1385 1515 agitantur
1429 1446 1582 1516 apud
1623 1462 1787 1501 aures
1884 1447 2044 1497 tuam
2087 1446 2213 1513 post
2252 1443 2489 1512 longum
2532 1439 2961 1496 incommodum
3005 1442 3197 1509 Optate
3240 1438 3516 1493 redditam

151 1534 623 1590 Christianissimi
676 1535 950 1608 principis
1010 1536 1207 1592 desim.
1266 1538 1565 1609 Siquidem
1627 1555 1787 1595 secus
1888 1534 2195 1589 didicimus
2224 1536 2469 1589 sanitati.
2502 1536 2571 1589 Et
2598 1534 2722 1589 ideo
2752 1531 3158 1599 reverentibus,
3187 1530 3518 1586 venerabili-

148 1644 323 1699 quam
359 1630 585 1699 oportet
617 1629 857 1696 eveniat,
890 1646 1004 1684 non
1033 1645 1132 1685 vos
1160 1630 1220 1684 id
1246 1630 1431 1687 facere
1461 1632 1561 1704 qui
1586 1636 1788 1687 cuncta
1886 1629 1993 1683 bus
2019 1629 2154 1683 viris
2181 1628 2457 1701 gaudium
2493 1632 2751 1683 nostrum
2791 1642 3085 1681 sacrorum
3123 1625 3345 1697 apicum
3379 1629 3520 1680 atte-

149 1737 312 1791 aequa
334 1721 737 1777 moderatione
762 1722 1120 1793 componitis,
1150 1724 1246 1779 sed
1276 1740 1380 1779 nos
1405 1741 1509 1796 per
1532 1730 1784 1781 nostram
1885 1723 2125 1777 statione
2176 1722 2466 1793 signemus
2514 1737 2577 1775 ac
2625 1720 2895 1792 petimus,
2929 1723 2991 1773 ut
3023 1717 3369 1790 quotidianis
3396 1735 3516 1773 ura-

146 1818 407 1870 tacentes
436 1814 711 1870 desidiam
745 1815 1082 1885 videbimur,
1100 1818 1250 1888 quod
1277 1817 1513 1873 civitatis
1534 1819 1785 1890 quietem
1886 1815 2131 1870 tionibus
2168 1814 2519 1886 apostolatus
2558 1819 2689 1869 tuus
2734 1813 2983 1868 studium
3025 1828 3087 1866 ac
3122 1816 3314 1867 votum
3348 1828 3515 1868 suum

146 1914 201 1962 et
228 1908 495 1963 Ecclesiae
525 1925 726 1980 pacem
754 1912 1080 1980 pervertere
1101 1912 1283 1965 valeat
1309 1911 1620 1968 admisisse.
1642 1912 1783 1968 Cum
1885 1908 2030 1964 circa
2073 1908 2313 1964 salutem
2353 1912 2523 1980 atque
2576 1907 2884 1980 imperium
2935 1909 3190 1961 nostrum
3245 1906 3515 1976 dignetur

150 2002 310 2055 enim
328 2002 601 2057 humanis
620 2002 789 2057 rebus
808 2003 1011 2058 divinae
1026 2004 1208 2059 cultor
1221 2004 1531 2076 religionis,
1547 2006 1785 2063 Domino
1804 2044 1859 2076 ι)
1886 2002 2238 2073 impendere.
2257 2002 2395 2057 Illud
2414 2007 2604 2057 autem
2617 2000 2843 2072 pietatis
2856 2005 3064 2055 nostra:
3090 2000 3225 2054 satis
3240 2000 3513 2070 placitum

152 2044 310 2055 νυ...
329 2044 601 2057 ...ωηηηυ
621 2044 638 2055 .
652 2044 789 2057 νην
810 2044 1011 2058 sum...
1026 2044 1199 2059 νυην.
1221 2044 1531 2076 “namus,
1547 2044 1785 2063 υνιωμν
1886 2044 2238 2073 “arma”...
2257 2044 2395 2057 ...μυ-
2414 2044 2604 2057 ww...
2617 2044 2843 2072 ,ηνηηη
2857 2044 3064 2055 mm-..
3090 2044 3225 2054 η..-
3240 2044 3513 2070 χρη-νη..--

135 2094 406 2165 jubente,
437 2095 765 2166 praesideas,
796 2102 989 2151 nostra
1018 2097 1184 2169 culpa
1215 2098 1343 2166 erit,
1373 2098 1419 2152 si
1448 2115 1567 2154 non
1597 2099 1657 2154 id
1683 2100 1785 2156 sub
1804 2044 1862 2117 B
1886 2112 2005 2152 esse
2032 2112 2328 2167 cognosce,
2351 2096 2501 2168 quod
2532 2094 2903 2149 sanctimonia
2919 2098 3016 2149 tua
3046 2094 3114 2149 de
3142 2093 3513 2150 Ecclesarium

142 2193 338 2243 vestra
371 2188 555 2259 gloria
582 2205 757 2260 quam
790 2193 1008 2245 certum
1036 2194 1122 2245 est
1140 2190 1341 2247 divinis
1367 2208 1598 2264 semper
1616 2193 1786 2249 rebus
1885 2195 1982 2245 aut
2019 2190 2214 2262 populi
2255 2189 2675 2261 perturbatione
2715 2188 2950 2243 sollicita
2985 2190 3088 2242 est.
3120 2188 3254 2252 Quae
3295 2204 3368 2242 ne
3406 2186 3512 2241 ali-

140 2281 341 2336 animo
370 2282 724 2353 promptiore
750 2283 953 2338 favisse
990 2284 1155 2339 ﬁrmo
1200 2288 1256 2340 et
1296 2285 1482 2340 stabili
1519 2286 1650 2356 jure
1688 2303 1781 2341 cu-
1885 2300 1997 2355 qua
2022 2283 2243 2339 ratione
2264 2283 2442 2355 possit
2460 2283 2685 2338 evenire
2705 2282 2840 2337 satis
2860 2281 3171 2336 clementia
3190 2285 3371 2336 vestra
3390 2297 3513 2336 cre-

144 2375 450 2442 stodiatur,
480 2376 635 2447 quod
670 2393 775 2448 per
802 2381 886 2432 tot
908 2394 1191 2433 annorum
1227 2378 1434 2434 seriem
1466 2382 1524 2434 et
1548 2380 1651 2435 sub
1673 2380 1785 2436 illis
1887 2377 2030 2432 didit
2054 2393 2173 2432 esse
2200 2376 2479 2448 provisus.
2511 2376 2765 2448 Denique
2793 2375 3133 2447 prazdicante
3166 2374 3515 2431 beatitudine

140 2468 323 2523 etiam
363 2468 716 2540 principibus
756 2470 1021 2538 obtinuit,
1050 2488 1190 2544 quos
1220 2472 1377 2527 nulla
1405 2476 1612 2527 nostra;
1648 2473 1782 2529 reli-
1886 2474 1984 2525 tua
2021 2470 2079 2524 id
2112 2470 2180 2525 ad
2219 2474 2555 2525 cunctorum
2592 2469 2928 2525 clericorum
2962 2467 3226 2523 notitiam
3249 2469 3517 2523 volumus

141 2562 336 2633 gionis
384 2578 517 2617 cura
554 2563 909 2632 constrinxit,
950 2569 1014 2620 ut
1047 2565 1231 2620 ﬁdens
1276 2569 1471 2621 utatur
1510 2566 1695 2635 licitis,
1729 2572 1787 2623 et
1885 2563 2202 2635 pervenire,
2231 2566 2293 2617 ut
2322 2563 2367 2618 si
2401 2564 2553 2635 quod
2580 2563 2723 2618 forte
2753 2562 3021 2634 religioni
3049 2565 3162 2616 tua:
3197 2562 3368 2633 (quod
3398 2578 3515 2617 non

138 2655 249 2711 sub
277 2657 482 2710 vestra:
508 2655 748 2727 imperio
774 2658 1092 2713 clementiae
1112 2658 1348 2714 minime
1370 2675 1499 2730 quae
1524 2663 1657 2714 sunt
1670 2659 1782 2715 illi-
1885 2659 2167 2729 Optamus)
2196 2657 2450 2712 humana
2474 2660 2625 2712 sorte
2655 2655 2979 2727 contigerit,
3012 2656 3190 2711 sciant
3214 2671 3415 2710 omnes
3444 2655 3514 2710 ab

138 2748 806 2821 citaformidentur.lpsa
822 2751 972 2806 enim
988 2752 1233 2807 Ecclesia
1244 2752 1609 2808 devotionem
1626 2758 1784 2809 tuam
1886 2751 2290 2806 ambitionibus
2328 2767 2447 2806 esse
2486 2750 2843 2819 cessandum,
2863 2766 2926 2805 ac
2948 2750 2996 2804 si
3015 2750 3126 2804 duo
3148 2750 3296 2805 forte
3320 2754 3518 2805 contra

136 2842 629 2898 Christianissime
666 2844 977 2915 imperator
1020 2845 1077 2900 in
1117 2862 1182 2901 eo
1227 2847 1459 2918 quidem
1496 2863 1780 2916 sermone,
1883 2844 1965 2900 fas
1982 2845 2299 2900 temeritate
2320 2844 2662 2899 certantium
2680 2844 2893 2901 fuerint
2912 2842 3178 2909 ordinati,
3200 2843 3422 2897 nullum
3445 2859 3515 2898 ex

139 2935 246 2990 sed
297 2952 404 2989 suo
443 2937 753 2991 venerabili
797 2940 1046 3010 appellat
1084 2939 1312 3007 affectu,
1351 2940 1485 3012 quia
1530 2940 1785 2996 Christus
1886 2937 1967 2992 eis
1994 2938 2221 3009 penitus
2264 2938 2520 2993 futurum
2561 2938 2935 3004 sacerdotem,
2966 2954 3025 2991 se
3054 2936 3211 2991 illum
3240 2937 3425 2991 solum
3455 2937 3513 2991 in

138 3028 429 3084 Dominus
468 3034 681 3097 noster,
713 3032 883 3086 vestri
916 3032 1065 3087 ﬁdus
1105 3036 1291 3088 rector
1331 3036 1390 3088 et
1432 3033 1785 3105 gubernator
1887 3032 2018 3087 sede
2047 3032 2350 3103 apostolica
2374 3048 2834 3103 permansurum,
2858 3047 3031 3104 quem
3054 3047 3117 3086 ex
3144 3046 3385 3086 numero
3404 3032 3513 3086 cle-

139 3122 593 3194 imperii,unam
610 3124 1014 3196 desponsatam
1030 3126 1135 3181 sibi
1151 3130 1207 3181 et
1219 3126 1487 3181 intactam
1499 3128 1783 3198 virginem
1886 3125 2134 3180 ricorum
2158 3142 2304 3180 nova
2326 3124 2685 3180 ordinatione
2713 3124 2968 3179 divinum
2991 3124 3271 3195 judicium
3300 3128 3356 3179 et
3385 3125 3513 3179 uni-

136 3221 355 3283 servat,
397 3233 471 3271 ne
512 3234 639 3272 eam
682 3218 740 3272 in
784 3219 1003 3290 aliquos
1048 3220 1341 3291 patiamini
1386 3220 1782 3277 insidiantium
1883 3218 2163 3274 versitatis
2189 3236 2495 3274 consensus
2522 3219 2779 3290 elegerit.
2804 3218 2962 3274 Unde
3002 3218 3058 3272 id
3093 3218 3513 3274 Observandum

133 3308 531 3380 procellarum
561 3310 765 3366 ﬂuctus
796 3311 958 3379 illidi,
982 3315 1038 3367 et
1057 3312 1307 3385 quietam
1336 3313 1537 3370 faciem
1558 3318 1779 3386 tempe-
1883 3318 1985 3383 est,
2010 3316 2072 3367 ut
2110 3330 2310 3368 omnes
2344 3312 2711 3383 tranquillam
2732 3317 2987 3367 mentem
3018 3316 3074 3367 et
3100 3312 3362 3383 paciﬁcos
3390 3312 3512 3366 ani-

134 3403 308 3458 statis
335 3402 579 3457 insolitae
606 3408 828 3459 tumore
851 3405 1066 3461 turbari
1096 3407 1501 3478 gloriosissime
1535 3414 1591 3464 et
1621 3412 1776 3464 tran-
1800 3412 1856 3487 ρ
1879 3424 2005 3462 mos
2036 3424 2101 3462 ex
2140 3406 2460 3461 serenitatis
2496 3409 2706 3461 nostras
2743 3405 3133 3461 admonitione
3170 3405 3508 3473 custodiant,

134 3496 487 3567 quillissime
526 3497 843 3569 imperator
876 3502 1145 3571 Auguste.
1179 3503 1300 3571 lpsa
1341 3518 1479 3571 ergo
1519 3518 1646 3572 quae
1678 3502 1780 3557 uni
1879 3518 1987 3556 nec
2027 3500 2238 3571 aliquid
2278 3499 2564 3554 seditiosis
2609 3498 3121 3570 conspirationibus
3162 3501 3380 3552 tentare
3418 3515 3511 3552 co-

133 3590 486 3659 desponsata
528 3594 609 3645 est
650 3597 835 3646 vestra
878 3597 1071 3648 tamen
1117 3598 1304 3649 mater
1344 3595 1590 3651 Ecclesia
1634 3596 1781 3652 hanc
1880 3597 2113 3664 nentur,
2148 3609 2278 3648 cum
2315 3596 2534 3648 certum
2569 3592 2640 3648 sit
2674 3592 2815 3647 nulli
2846 3591 3095 3663 partium
3127 3608 3360 3647 suarum
3391 3594 3506 3646 stu-

132 3684 420 3754 pietatem
447 3690 697 3740 vestram
726 3686 1012 3758 legatione
1043 3704 1214 3759 quam
1244 3687 1357 3742 suis
1388 3689 1781 3745 sacerdotibus
1882 3688 1974 3743 dia
1999 3687 2316 3759 profutura.

133 3775 439 3831 commisit
474 3779 736 3849 appellat,
769 3780 1056 3850 praeterita
1093 3781 1511 3854 praesentiaque
1546 3784 1723 3855 repeti

1914 3801 2129 3872 lpistola
2158 3801 2431 3867 Bonifacii
2456 3814 2620 3870 papae
2664 3800 2740 3853 ad
2778 3801 3046 3869 episcopos
3074 3798 3269 3853 Galliae
3292 3800 3359 3855 de
3384 3803 3504 3855 Ma-

133 3870 303 3925 vobis
328 3869 553 3942 (inquit)
570 3872 828 3944 religiose
853 3874 1265 3945 imperantibus
1294 3875 1469 3933 crevit
1490 3893 1651 3932 meus
1682 3877 1780 3949 qui
1921 3869 1941 3872 ⁷
2036 3874 2184 3926 mimo
2214 3874 2456 3942 episcopo
2482 3869 2708 3926 diversis
2738 3872 3052 3925 criminibus
3079 3876 3346 3925 accusata.

132 3962 317 4019 modo
348 3967 480 4018 tuus
512 3968 597 4018 est
623 3966 883 4037 populus,
906 3971 1023 4021 tam
1046 3968 1190 4022 fidus
1211 3969 1350 4039 Deo,
1373 3986 1543 4041 quam
1562 3970 1665 4025 tibi
1681 3971 1779 4043 qui
1956 3971 2279 4027 BONIFACIUS
2309 3969 2627 4041 episcopus,
2648 3970 2944 4035 PATROCLO,
2974 3968 3227 4037 Reuicio,
3260 3968 3504 4036 MAXIMO,

136 4073 197 4112 es
230 4056 507 4129 princeps
535 4059 759 4115 Christi.
791 4061 929 4116 Ecce
961 4061 1119 4116 enim
1151 4062 1303 4117 inter
1332 4062 1456 4134 ipsa
1484 4065 1777 4136 mysteria,
1880 4066 2131 4131 Ηιωυιιο,
2168 4063 2394 4130 Seveao,
2431 4064 2684 4130 VALERIO,
2722 4063 2972 4130 JULIANO,
3014 4063 3301 4129 CAsroaio,
3343 4062 3509 4117 Leos-

131 4151 295 4205 inter
320 4167 518 4222 preces
546 4169 673 4207 suas
710 4170 848 4225 quas
877 4170 981 4225 pro
1006 4154 1185 4210 nostri
1214 4156 1482 4213 felicitate
1509 4158 1779 4229 dependit
1878 4174 1989 4229 rio,
2049 4158 2440 4225 Consummo,
2486 4158 2705 4223 JOANNI,
2757 4157 3036 4223 MONTANO,
3086 4156 3319 4226 MARINO,
3364 4156 3509 4211 ΜΑυ-

132 4243 394 4315 imperii,
426 4248 565 4300 taste
608 4247 759 4317 apud
797 4263 970 4319 quem
1014 4252 1072 4303 et
1112 4249 1183 4304 de
1218 4250 1379 4320 cujus
1413 4251 1542 4306 sede
1587 4252 1779 4323 agitur
1878 4268 2043 4321 RlCIO,
2089 4255 2146 4307 et
2189 4251 2409 4305 caeteris
2459 4250 2733 4322 episcopis
2783 4265 2887 4321 per
2942 4249 3144 4305 Gallias
3191 4255 3247 4305 et
3293 4253 3507 4321 septem

131 4342 338 4393 sancto
366 4339 553 4407 Petro,
578 4340 826 4395 sollicitis
858 4358 962 4412 pro
992 4342 1284 4414 religionis
1304 4343 1663 4399 observantia
1688 4362 1779 4400 vo—
1878 4345 2195 4417 provincias
2225 4345 2565 4400 constitutis.

130 4431 298 4485 cibus
326 4430 555 4487 clamat.
588 4434 729 4489 Cum
766 4434 1004 4490 sollicita
1040 4436 1316 4507 petitione
1347 4437 1617 4492 miscetur
1645 4455 1773 4493 ora-
1945 4439 2257 4494 Valentinus
2285 4455 2391 4493 nos
2419 4437 2611 4492 clerici
2635 4436 2872 4491 civitatis
2894 4436 3155 4491 adierunt
3179 4454 3505 4509 proponen-

128 4524 294 4579 tione
323 4541 429 4579 nos
456 4526 515 4580 in
545 4528 729 4581 varias
752 4544 843 4582 res
874 4530 1049 4585 semel
1076 4530 1268 4585 evulsa
1303 4530 1584 4585 distrahat
1614 4548 1647 4586 a
1679 4532 1777 4587 Dei
1876 4536 1959 4587 tes
1989 4549 2094 4603 per
2120 4532 2375 4587 libellum
2410 4530 2648 4585 crimina
2690 4547 2819 4602 quae
2857 4531 3182 4598 Maximum,
3210 4534 3350 4585 teste
3386 4534 3508 4586 tota

128 4618 293 4671 cultu
324 4617 489 4672 solito
525 4622 809 4675 tentatore
840 4621 1177 4678 sollicitante
1210 4622 1540 4692 discordias,
1567 4627 1777 4696 Ageret
1874 4624 2187 4697 provincia,
2220 4629 2480 4679 asserunt
2508 4623 2878 4679 commisisse.
2914 4623 3185 4692 Delegata
3220 4622 3385 4677 toties
3412 4640 3503 4679 co-

129 4711 423 4782 pluribus,
456 4713 720 4785 princeps
749 4714 1243 4787 Christianissime,
1266 4718 1373 4772 nisi
1394 4718 1547 4790 apud
1573 4724 1629 4774 te
1657 4736 1838 4791 sua-_
1878 4719 2134 4791 gnitione
2156 4717 2315 4772 illum
2338 4717 2645 4772 constituta
2672 4732 2899 4787 semper
2928 4715 3334 4787 subterfugisse
3349 4716 3503 4787 judi-

130 4821 267 4859 rum
314 4810 459 4860 esset
503 4822 699 4862 secura
746 4824 1051 4864 causarum
1098 4815 1153 4865 et
1204 4810 1264 4865 in
1315 4783 1978 4882 oppressionibusDcia,
2000 4829 2071 4869 ne
2097 4812 2364 4869 confusus
2394 4809 2736 4865 conscientia
2761 4809 3072 4878 festinasse,
3092 4812 3154 4863 ut
3174 4810 3220 4864 si
3241 4813 3391 4865 esset
3415 4812 3501 4866 in-

128 4898 450 4967 idolorum,
494 4900 554 4954 in
597 4900 999 4958 haereticorum
1041 4904 1488 4959 correctionibus
1526 4906 1637 4961 ﬁde
1675 4912 1775 4962 tua
1876 4924 2088 4962 nocens
2137 4905 2470 4961 examinatis
2532 4904 2800 4958 omnibus
2859 4909 3236 4974 purgaretur,
3287 4906 3507 4976 quoties

127 4992 331 5046 divino
361 4992 513 5047 cultu
557 4994 772 5065 pariter
808 5012 939 5050 cum
980 4996 1222 5068 imperio
1267 5014 1494 5069 semper
1532 4998 1773 5054 ﬂorente
1874 5002 2098 5056 decreta
2141 5016 2209 5054 ex
2260 5004 2584 5054 nostrarum
2632 5013 2859 5069 quoque
2916 4997 3243 5053 chartarum
3292 4998 3503 5054 instru-

124 5086 378 5140 vicisset.
415 5087 594 5141 Habet
637 5088 927 5159 refugium
980 5094 1093 5145 tuae
1144 5092 1602 5147 mansuetudinis
1655 5093 1773 5147 ani-
1872 5095 2058 5149 ctione
2098 5094 2489 5165 cognovimus.
2521 5091 2628 5156 Qui
2674 5108 2704 5145 e
2750 5091 3032 5145 contrario
3058 5092 3318 5163 probavit
3347 5094 3415 5149 de
3446 5109 3504 5148 se

124 5195 295 5233 mum
336 5196 470 5234 cum
510 5197 626 5235 suae
667 5182 962 5253 religionis
988 5184 1354 5239 veneratione
1382 5186 1769 5257 conjunctum,
1870 5188 1969 5241 illa
1984 5203 2113 5259 quae
2134 5186 2279 5241 dicta
2294 5191 2444 5253 sunt,
2469 5201 2597 5256 qum
2617 5185 2686 5239 ad
2711 5201 2778 5239 ea
2800 5184 3144 5240 confutanda
3164 5202 3292 5240 cum
3322 5191 3507 5241 essent

127 5288 267 5325 cum
307 5272 595 5344 quidquid
640 5274 771 5329 huic
810 5274 1070 5347 proﬁciat
1097 5293 1196 5332 vos
1223 5278 1428 5349 agatis.
1461 5279 1774 5335 Conferatis
1872 5282 2194 5347 innumera,
2222 5296 2255 5333 a
2280 5278 2669 5333 decessoribus
2693 5279 2837 5333 meis
2866 5279 3226 5351 provincialis
3248 5282 3329 5334 est
3347 5279 3499 5333 dele-

125 5366 405 5420 fratribus
435 5372 492 5422 et
519 5369 1014 5425 consacerdotibus
1030 5370 1192 5441 meis,
1213 5372 1624 5442 probatissimis
1641 5373 1774 5427 viris
1873 5381 2005 5447 gata
2040 5374 2312 5447 cognitio.
2353 5376 2675 5429 Conventus
2709 5373 2881 5428 etiam
2922 5372 3128 5427 dicitur
3168 5372 3419 5439 evitasse,
3448 5376 3504 5426 et

128 5476 164 5512 a
207 5476 301 5514 me
345 5463 403 5514 et
454 5460 522 5515 ab
572 5462 839 5518 omnibus
885 5464 982 5535 qui
1033 5465 1339 5521 Ecclesiam
1396 5466 1614 5521 faciunt
1667 5466 1774 5522 ista
1874 5470 2067 5524 adesse
2095 5468 2333 5523 minime
2361 5467 2625 5523 voluisse.
2656 5468 2724 5522 Et
2765 5467 2951 5521 nullus
2992 5465 3214 5520 dubitat
3238 5465 3389 5535 quod
3428 5465 3505 5519 ita
3594 5470 3599 5475 '

130 5554 360 5608 munda
396 5554 704 5626 legatione,
744 5557 951 5628 quibus
990 5574 1293 5630 precamur
1330 5576 1502 5614 sacras
1542 5576 1771 5615 causam
1866 5562 2147 5633 judicium
2203 5562 2477 5617 innocens
2520 5560 2882 5631 subterfugit,
2916 5557 3403 5630 quemadmodum
3440 5561 3504 5612 ut

127 5646 427 5718 religionis
454 5651 931 5720 prosequentibus
952 5652 1011 5707 in
1035 5653 1177 5708 urbe
1207 5657 1404 5708 vestra:
1438 5657 1773 5708 mansuetu-
1873 5656 2194 5710 absolvatur
2233 5655 2329 5727 qui
2369 5658 2452 5710 est
2489 5654 2759 5711 innocens
2804 5651 3024 5723 quaerit,
3062 5667 3161 5705 seu
3198 5654 3380 5706 astuta
3418 5668 3503 5706 ca-

128 5740 301 5794 dinis.
334 5741 446 5795 Hoc
483 5743 674 5797 animo
713 5761 827 5816 quo
858 5747 1161 5815 postulatis
1185 5764 1218 5801 a
1244 5746 1437 5801 multis
1471 5746 1529 5801 in
1569 5763 1771 5819 perpe-
1871 5748 2083 5804 villatio
2134 5766 2333 5804 eorum
2383 5748 2481 5820 qui
2526 5748 2763 5803 versutis
2790 5745 3079 5817 agendum
3115 5744 3349 5799 credunt
3381 5762 3500 5800 esse

130 5837 300 5887 tuum
364 5835 536 5889 statui
589 5838 918 5896 universalis
960 5840 1221 5897 Ecclesiae
1265 5840 1588 5899 consulatis.
1640 5843 1775 5901 Data
1874 5843 2456 5914 consiliis,nunquam
2477 5840 2819 5897 innocentia:
2842 5854 3050 5894 nomen
3072 5838 3329 5911 accipiet.
3350 5841 3498 5896 Cons

134 5926 385 5986 Kalend.
418 5929 591 5989 Junii.
1875 5937 2067 5996 ﬁtetur
2105 5937 2260 5997 enim
2296 5936 2367 5993 de
2412 5934 2695 6006 omnibus,
2722 5931 2979 6007 quisquis
3012 5948 3073 5993 se
3108 5932 3500 6009 subterfugere
