4026 6182
588 314 687 371 747
757 329 760 333 ’

1463 306 1744 362 ΑΡΡΕΝΙ).
1784 297 1873 362 AD
1912 307 2071 361 SEO.
2115 304 2201 359 IX.

2341 302 2590 359 ISlDORl
2630 304 3054 359 MERCATORIS
3286 310 3292 327 '
3744 313 3821 367 748

581 417 862 491 judicium
890 413 1252 471 dilationibus
1271 416 1454 486 putat.
1474 413 1674 468 Veniet
1690 416 1880 468 tamen
1910 412 2215 484 aliquando
2236 423 2295 495 Α
2316 410 2622 467 constituto
2660 413 3004 482 praesentare
3038 408 3271 481 judicio.
3297 410 3561 482 Quidquid
3583 416 3736 469 autem
3754 433 3824 471 ve-

589 512 682 566 ille
714 511 809 580 qui
840 510 967 561 talis
994 507 1321 579 perhibetur
1353 508 1414 561 in
1448 506 1720 574 medium,
1749 524 1853 561 nec
1881 507 2109 578 prodest
2138 505 2218 559 illi

590 603 757 655 toties
787 600 1035 668 latuisse,
1059 601 1221 654 toties
1250 600 1680 671 subterfugisse,
1701 617 1874 672 quem
1896 601 1983 654 sui
2006 603 2162 653 actus
2187 615 2218 654 e

590 710 714 747 com
726 694 1284 763 missa,quocumque
1296 693 1527 763 fugerit,
1542 710 1609 747 ea
1619 710 1745 764 quae
1756 694 2102 763 objiciuntur
2113 691 2215 761 illi,

591 786 635 838 si
648 801 776 838 vera
787 789 917 839 sunt
927 784 1190 853 crimina,
1205 790 1638 856 persequuntur.
1653 786 1971 840 Debueram
1986 785 2217 857 quidem

584 880 707 948 jam
748 895 899 932 nunc
944 877 1177 949 dignam
1214 895 1318 949 pro
1359 879 1479 949 ejus
1516 879 1787 933 accusatis
1816 879 1876 933 in
1908 884 2102 933 nostro
2120 878 2216 949 ju-

593 971 738 1025 dicio
768 972 985 1025 actibus
1012 972 1107 1042 qui
1135 971 1517 1042 cognitionem
1549 976 1605 1027 et
1629 973 1921 1027 decretum
1941 973 2219 1043 judicium

593 1064 741 1135 Smpe
768 1063 1107 1118 declinando
1138 1064 1377 1119 credidit
1406 1065 1782 1132 illudendum,
1813 1066 1961 1120 ferre
1989 1070 2216 1119 senten-

590 1158 752 1211 tiam.
788 1158 942 1211 Hanc
970 1174 1042 1210 ne
1067 1157 1274 1228 aliquis
1302 1173 1491 1226 praeco
1526 1158 1577 1212 ei
1612 1174 1781 1229 quem
1807 1158 2043 1213 forsitan
2063 1157 2217 1229 judi-

593 1253 763 1319 caret,
807 1253 864 1305 et
906 1250 1013 1305 sibi
1056 1250 1155 1321 qui
1201 1250 1404 1305 absens
1447 1254 1549 1317 est,
1595 1250 1725 1306 licet
1769 1252 1841 1306 sit
1883 1251 2152 1322 quresitus
2188 1267 2221 1304 a

592 1343 756 1399 nobis
782 1347 1130 1399 reservatum
1157 1360 1277 1398 esse
1304 1344 1445 1398 nihil
1468 1344 2020 1410 diceret,maluimus
2040 1345 2218 1398 inter-

593 1438 868 1509 capedine
896 1438 1174 1509 temporis
1194 1437 1326 1491 data
1346 1437 1573 1492 deferri.
1598 1439 1739 1492 Cum
1770 1439 1874 1493 hoc
1901 1438 2071 1493 etiam
2101 1438 2222 1509 ejus

592 1536 944 1586 accusatores
968 1536 1307 1598 assererent,
1335 1532 1404 1586 de
1444 1548 1689 1602 quorum
1727 1531 2137 1586 intentionibus
2167 1535 2223 1586 et

592 1625 844 1680 moribus
892 1625 963 1680 sit
1005 1641 1269 1680 securum
1311 1625 1620 1679 maximum
1660 1629 1820 1680 tanto
1861 1626 2042 1696 magis
2068 1625 2222 1679 dam-

594 1719 782 1773 nanda
807 1719 1190 1786 committere,
1221 1723 1431 1790 quanto
1458 1719 1672 1773 tardius
1712 1736 1772 1773 se
1811 1719 2117 1773 constituto
2133 1719 2223 1789 ju-

591 1811 738 1866 dicio
783 1811 1158 1882 praesentarit.
1200 1812 1383 1877 Quem
1427 1812 1863 1866 Manichaeorum
1899 1787 2298 1866 involutumB

592 1906 834 1977 caligine
876 1908 1126 1977 arguunt
1154 1906 1339 1977 turpis
1367 1910 1554 1973 sectas,
1578 1905 1716 1960 olim
1746 1906 1821 1960 ita
1847 1922 1919 1960 ne
1947 1922 2078 1960 eum
2103 1923 2224 1976 pos-

592 2005 678 2053 set
703 1999 935 2054 abluere
960 1999 1215 2054 animum
1244 1999 1564 2054 sordidasse
1599 1999 1658 2053 in
1700 1998 2096 2070 probationem
2129 2000 2225 2053 ob-

586 2094 751 2165 jectae
782 2093 863 2147 rei
896 2096 1054 2164 gesta
1081 2093 1374 2164 synodalia
1411 2093 1788 2164 proferentes,
1819 2097 1874 2147 et
1910 2092 2225 2147 commissis

594 2187 916 2241 involutum
944 2185 1177 2257 indique
1197 2186 1426 2256 ﬂagitiis
1453 2185 1675 2240 nullum
1706 2202 1837 2239 eum
1860 2186 2117 2240 sanitatis
2133 2187 2227 2239 ha-

591 2280 778 2334 buisse
809 2282 1150 2350 respectum,
1184 2296 1354 2352 quem
1372 2279 1563 2335 furore
1590 2296 1691 2333 suo
1712 2281 1770 2333 et
1794 2279 1990 2333 insana
2006 2280 2226 2334 temeri-

595 2376 711 2428 tate
742 2373 816 2427 ad
845 2373 1200 2427 saecularium
1231 2389 1457 2444 quoque
1479 2372 1740 2443 judicum
1766 2372 2068 2427 tribunalia
2092 2373 2225 2427 sub-

594 2467 779 2521 ditum
813 2466 1135 2538 quaestioni,
1167 2467 1316 2538 quod
1359 2467 1418 2520 in
1456 2466 1551 2521 vili
1585 2482 1810 2538 quoque
1839 2483 2076 2537 persona
2105 2469 2223 2520 tur-

594 2560 893 2633 pissimum
948 2564 1031 2615 est
1077 2560 1392 2631 objicerent
1439 2559 1776 2632 pervenisse,
1833 2562 1890 2613 et
1933 2559 2228 2615 homicidii

596 2654 934 2710 damnatum
968 2658 1247 2723 asserunt,
1280 2653 1449 2724 gestis
1482 2653 1721 2725 prolatis
1759 2653 1817 2707 in
1850 2653 2132 2708 medium.
2162 2655 2229 2708 Et

593 2750 747 2805 hunc
777 2750 971 2816 talem,
1006 2752 1137 2820 post
1180 2750 1339 2803 tanta
1385 2747 1631 2818 taliaque
1677 2747 1993 2817 commissa,
2022 2747 2228 2818 episco-

593 2847 758 2915 patus
785 2843 969 2897 adhuc
1003 2841 1104 2896 sibi
1142 2859 1352 2897 nomen
1387 2842 1448 2896 in
1482 2840 1597 2895 suis
1634 2840 1881 2895 latibulis
1906 2841 2225 2911 vendicare,

596 2937 653 2990 in
685 2936 933 3008 proprias
963 2935 1204 2991 civitatis
1234 2935 1530 2990 infamiam
1561 2934 1751 2990 nimiis
1781 2934 2072 2989 doloribus
2102 2951 2229 2989 con-

597 3034 932 3102 querantur,
967 3035 1023 3084 et
1056 3032 1309 3084 sanctum
1338 3045 1552 3084 nomen
1586 3028 1927 3083 vindicando
1957 3028 2062 3083 sibi
2089 3029 2229 3084 velle

2318 509 2432 559 stra
2452 505 2694 560 Charitas
2711 504 2780 560 de
2801 506 2904 559 hac
2918 520 3087 559 causa
3103 503 3319 558 duxerit
3332 504 3717 572 decernendum,
3733 526 3826 564 cum

2317 599 2387 653 ad
2410 616 2513 654 nos
2531 600 2779 654 relatum
2794 598 2986 665 fuerit,
3002 603 3197 653 nostra
3220 602 3283 653 ut
3304 597 3551 653 condecet
3573 616 3759 656 necesse
3773 608 3829 655 est

2319 692 2651 747 auctoritate
2696 693 3018 755 firmentur.
3069 693 3208 746 Data
3258 691 3353 747 sub
3401 691 3482 746 die
3525 692 3636 748 ldus
3671 695 3828 763 lunias,

2315 785 2566 840 Monario
2596 786 2641 841 ΙΙ
2671 785 2728 839 C.
2762 785 3013 840 consule.

2324 881 2393 935 Ut
2408 879 2591 934 nullus
2609 883 2906 949 contempto
2917 879 3321 948 metropolitano
3338 879 3594 934 ordinetur
3609 884 3830 952 episcopus.

2392 974 2738 1041 BONIFACIUS,
2772 971 3069 1043 episcopus
3108 972 3264 1026 urbis
3305 973 3506 1041 Romae,
3533 974 3734 1039 HILARIO,
3757 977 3835 1045 epi-

2320 1083 2489 1137 scopo
2527 1065 2901 1132 Narbonensi,
2934 1066 3200 1120 salutem.
3242 1066 3464 1120 Difficile
3493 1067 3689 1137 quidem
3715 1068 3835 1121 tidem

2320 1159 2696 1231 querimoniis
2730 1159 3177 1227 commodamus,
3213 1176 3447 1230 quarum
3475 1161 3737 1214 sacerdotes
3760 1162 3834 1214 Do-

2320 1253 2463 1308 mini
2504 1254 2689 1324 pulsat
2732 1252 2994 1322 intentio,
3042 1252 3289 1307 maxime
3332 1269 3453 1307 cum
3498 1270 3582 1307 eos
3618 1253 3834 1324 quidpiam

2321 1351 2516 1402 contra
2554 1348 2788 1401 Patrum
2830 1350 3038 1400 statuta
3073 1349 3342 1411 tentasse,
3371 1346 3459 1400 sed
3480 1347 3753 1416 frequenter
3773 1349 3837 1399 bas

2319 1441 2536 1507 asserit,
2561 1440 2702 1495 sicut
2718 1456 2870 1494 nunc
2890 1438 3194 1493 multitudo
3211 1440 3566 1493 causantium.
3585 1441 3699 1493 Ecce
3715 1441 3835 1507 enim,

2320 1538 2385 1588 ut
2408 1534 2655 1589 Charitas
2694 1536 2794 1588 tua
2833 1533 3209 1604 recognoscit,
3244 1550 3312 1586 ex
3337 1533 3556 1587 subditis
3580 1532 3839 1586 Lucubensis

2320 1628 2602 1696 Ecclesiae,
2641 1627 2831 1681 clerici
2877 1626 3017 1681 ordo
3064 1626 3149 1680 vel
3198 1626 3378 1696 plebis
3414 1641 3593 1697 preces
3632 1643 3751 1694 suas,
3783 1627 3838 1681 vel

2322 1723 2599 1792 lacrymas
2647 1721 2718 1775 ad
2766 1736 2888 1789 nos,
2926 1725 3205 1790 quantum
3247 1720 3409 1777 datur
3452 1719 3663 1791 intelligi
3696 1735 3840 1789 magno

2322 1831 2453 1870 cum
2489 1814 2687 1869 dolore
2715 1814 3014 1879 miserunt,
3047 1813 3298 1867 dicentes
3324 1813 3628 1885 episcopum
3658 1817 3839 1867 nostrum

2321 1910 2643 1965 Patroclum
2663 1923 2762 1961 sua
2778 1908 3051 1978 petitione
3079 1909 3352 1974 cessante,
3380 1907 3438 1961 in
3459 1908 3628 1960 locum
3650 1906 3842 1959 deceden-

2321 2004 2393 2056 tis
2415 2002 2679 2073 episcopi,
2702 2000 2888 2055 nescio
2913 2017 3087 2071 quem
3109 2000 3167 2055 in
3192 2001 3381 2054 aliena
3409 1999 3670 2071 provincia
3686 2004 3842 2070 prseter-

2323 2096 2496 2151 misso
2529 2095 2987 2165 metropolitano,
3019 2099 3219 2149 contra
3264 2096 3489 2148 Patrum
3529 2094 3720 2163 regulas
3747 2091 3846 2145 ordi-

2325 2204 2510 2244 nasse.
2543 2187 2708 2254 Quod
2739 2204 3101 2259 nequaquam
3143 2204 3445 2259 possumus
3462 2187 3597 2242 ferre
3616 2186 3843 2257 patienter;
3942 2256 3943 2259 η

2325 2283 2459 2354 quia
2485 2281 2747 2336 convenit
2772 2298 2877 2336 nos
2906 2286 3279 2351 paternarum
3308 2281 3639 2335 sanctionum
3664 2293 3755 2333 esse
3773 2276 3849 2330 dili-

2327 2381 2524 2448 gentes
2581 2377 2860 2430 custodes.
2915 2374 3064 2429 Nulli
3118 2375 3335 2429 etenim
3387 2375 3590 2429 videtur
3639 2370 3849 2441 incognita

2326 2470 2526 2542 synodi
2555 2469 2879 2525 constitutio
2912 2468 3174 2537 Nicaana},
3201 2484 3334 2539 quas
3359 2468 3435 2522 ita
3457 2465 3711 2539 prmeepit,
3732 2468 3779 2517 ut
3796 2479 3850 2516 ea.

2328 2564 2457 2619 dem
2482 2563 2707 2634 proprie
2724 2563 2893 2617 verba
2908 2577 3209 2633 ponamus.
3228 2564 3337 2616 Per
3348 2574 3757 2630 unamquamque
3767 2571 3851 2628 pro-

2325 2655 2569 2710 vinciam
2601 2655 2697 2726 jus
2726 2655 3198 2726 metropolitanos
3219 2655 3470 2725 singulos
3488 2653 3672 2707 habere
3693 2650 3849 2713 debere,
3942 2684 3943 2699 η

2328 2766 2434 2804 nec
2456 2749 2722 2821 cuiquam
2745 2749 2888 2803 duas
2902 2764 3019 2803 esse
3041 2764 3205 2820 posse
3224 2748 3515 2818 subjectas,
3538 2745 3670 2817 quod
3688 2743 3749 2797 illi
3765 2740 3854 2811 quia

2326 2844 2488 2898 aliter
2529 2841 2880 2897 credendum
2929 2858 3045 2896 non
3087 2849 3189 2909 est,
3220 2841 3570 2907 servandum,
3599 2843 3751 2893 sancto
3768 2833 3853 2904 Spi-
3942 2864 3943 2927 ξ

2326 2938 2440 2992 ritu
2477 2940 2846 3007 suggerente,
2888 2934 3116 2989 sibimet
3161 2936 3523 2989 censuerunt.
3558 2931 3710 2995 Unde,
3737 2930 3855 2983 frater
3942 2946 3943 2959 ι

2330 3029 2681 3097 charissime,
2704 3028 2748 3082 si
2770 3028 2847 3082 ita
2866 3045 2957 3081 res
2984 3032 3135 3095 sunt,
3157 3031 3216 3082 et
3236 3027 3539 3083 Ecclesiam
3568 3022 3853 3095 supradictam
3942 3064 3943 3067 η

595 3125 875 3197 polluere.
901 3124 1168 3195 Ideoque,
1188 3124 1391 3178 fratres
1420 3122 1757 3190 charissimi,
1790 3122 1890 3194 qui
1917 3122 2306 3229 audiendusc
2332 3122 2637 3195 provinciae
2684 3127 2792 3176 tuae
2846 3121 3008 3175 limes
3052 3120 3334 3185 includit,
3380 3123 3562 3174 nostra
3612 3114 3855 3171 auctoritate

598 3218 653 3229 αι
954 3220 963 3229 .
1291 3218 1302 3229 ι
1353 3217 1385 3229 ο.
1702 3216 1711 3225 ι
1755 3220 1764 3229 .
1888 3215 1909 3229 ιι
2005 3216 2036 3229 οι
2192 3216 2206 3229 1
2607 3216 2617 3226 ο
2869 3214 2883 3229 1
3000 3215 3048 3229 οι
3175 3215 3199 3229 n
3526 3217 3536 3229 ι
3613 3206 3843 3229 ‘L___-_).

597 3218 688 3274 hic
724 3220 1070 3289 praesentare
1111 3233 1169 3272 se
1214 3217 1412 3284 noluit,
1443 3234 1515 3270 ne
1556 3216 1841 3271 convictus
1882 3215 2123 3270 forsitan
2157 3216 2228 3270 ab

596 3311 991 3367 accusantibus
1031 3327 1089 3365 se
1143 3310 1359 3366 clericis
1400 3313 1591 3382 posset
1633 3310 1808 3380 digna
1848 3309 2084 3364 tandem
2125 3309 2227 3364 ali-

598 3406 829 3478 quando
854 3408 1232 3477 praesentatus
1256 3403 1559 3476 episcOpali
1572 3403 1790 3475 judicio
1814 3403 2233 3474 pronuntiatio-

598 3501 684 3556 nis
730 3515 997 3570 congruae
1043 3498 1200 3553 feriri
1245 3498 1542 3566 sententia,
1591 3513 1939 3568 quamquam
1986 3497 2065 3551 illi
2110 3498 2231 3552 haec

597 3595 794 3649 edocta
816 3593 1030 3648 fuerint
1057 3609 1183 3664 qure
1208 3595 1398 3664 potest
1414 3592 1581 3662 hujus
1603 3590 1852 3645 nominis
1874 3608 1994 3646 esse
2009 3592 2233 3662 jactura

599 3687 696 3759 qui
722 3687 1004 3759 pudorem
1034 3702 1327 3758 nunquam
1352 3684 1655 3740 sacerdotii
1682 3684 1944 3739 habuisse
1970 3684 2232 3756 perhibe-

598 3787 712 3851 tur,
742 3785 799 3836 et
825 3781 1014 3835 locum
1042 3796 1208 3834 suum
1229 3795 1301 3834 ne
1323 3779 1549 3834 modico
1585 3778 1821 3849 quidem
1852 3780 2105 3850 tempore
2134 3794 2229 3833 cu-

600 3875 851 3930 stodisse.
876 3874 1215 3929 Dilationem
1236 3877 1461 3927 tantum
1485 3871 1766 3941 dedimus,
1797 3876 1853 3927 et
1882 3871 2235 3927 decrevimus

598 3973 850 4024 vestrum
884 3968 1093 4023 debere
1130 3967 1283 4021 intra
1320 3966 1670 4038 provinciam
1697 3982 1819 4020 esse
1841 3965 2147 4035 judicium,
2178 3968 2237 4019 et

600 4062 941 4135 congregari
963 4060 1247 4133 synodum
1273 4066 1402 4115 ante
1422 4060 1575 4115 diem
1598 4059 1982 4114 Kalendarum
2003 4060 2236 4113 Novem-

601 4157 813 4225 brium,
849 4158 910 4209 ut
936 4155 984 4208 si
1010 4155 1202 4210 adesse
1232 4155 1470 4210 voluerit
1495 4170 1767 4226 praesens,
1795 4153 1842 4206 si
1876 4151 2131 4222 conlidit,
2162 4152 2235 4206 ad

604 4250 828 4319 objecta
861 4248 1220 4320 respondeat.
1253 4248 1308 4304 Si
1355 4264 1489 4302 vero
1520 4248 1713 4301 adesse
1752 4247 2074 4317 neglexerit
2105 4246 2236 4301 dila-

605 4343 823 4397 tionem
850 4341 1142 4396 sententiae
1165 4341 1233 4395 de
1257 4341 1513 4395 absentia
1532 4356 1650 4394 non
1667 4339 1938 4394 lucretur.
1960 4341 2100 4394 Nam
2120 4356 2238 4395 ma-

602 4435 872 4492 nifestum
900 4437 983 4491 est
1011 4434 1263 4489 conﬁteri
1290 4450 1423 4489 eum
1466 4434 1535 4488 de
1575 4433 1836 4503 crimine,
1865 4433 1963 4504 qui
1993 4434 2234 4501 indulta,

2331 3216 2705 3284 communias,
2737 3214 2888 3285 quod
2916 3215 3145 3285 quidem
3169 3215 3360 3269 facere
3385 3217 3573 3284 sponte
3598 3211 3783 3264 deberes
3800 3206 3858 3258 de

2331 3310 2551 3365 sideriis
2604 3308 3048 3380 supplicantium
3099 3314 3155 3361 et
3206 3308 3494 3362 voluntate
3537 3305 3762 3374 respects.
3804 3294 3856 3351 Ad

2332 3404 2601 3460 eumdem
2629 3402 2816 3457 locum
2856 3402 2914 3456 in
2963 3418 3073 3472 quo
3110 3401 3396 3455 ordinatio
3421 3400 3543 3454 talis
3568 3396 3792 3451 celebrata
3810 3389 3859 3442 di.

2331 3498 2497 3563 citur,
2518 3495 2949 3567 metropolitani
2962 3495 3091 3565 jure
3117 3496 3381 3549 munitus
3408 3497 3463 3548 et
3486 3484 3858 3564 praeceptionibrts

2330 3590 2540 3647 nostris
2562 3589 2975 3657 fretus,aceede
3008 3588 3334 3658 intelligens
3369 3587 3591 3642 arbitrio
3619 3587 3700 3637 tuo
3720 3592 3857 3633 secun-

2334 3685 2472 3740 dum
2516 3684 2744 3755 regulas
2790 3684 3023 3737 Patrum
3070 3698 3429 3753 quaecunque
3476 3677 3703 3735 facienda
3730 3673 3857 3726 sunta

2333 3777 2496 3834 nobis
2514 3793 2635 3832 esse
2655 3792 2939 3842 concessa,
2962 3776 3041 3829 ita
3072 3778 3132 3828 ut
3160 3776 3409 3845 peractis
3436 3772 3692 3833 omnibus,
3712 3767 3860 3836 apostir

2332 3872 2457 3926 licee
2484 3870 2602 3925 sedi
2633 3869 2913 3941 quidquid
2950 3868 3216 3922 statueris
3258 3873 3317 3923 te
3366 3868 3629 3922 referente
3657 3858 3857 3916 clarescat,

2337 3965 2427 4021 cui
2452 3964 2623 4018 totius
2650 3961 2955 4033 provinciae
2988 3961 3417 4017 ordinationem
3450 3962 3616 4030 liquet
3647 3969 3740 4009 esse
3760 3960 3862 4002 man-

2336 4059 2551 4115 datam.
2568 4058 2745 4112 Nemo
2765 4072 2903 4126 ergo
2928 4072 3128 4111 eorum
3154 4055 3430 4109 terminos
3448 4053 3619 4107 audax
3643 4044 3862 4103 temerator

2336 4153 2586 4222 excedat,
2616 4168 2721 4206 nec
2758 4149 2971 4220 aliquid
3012 4149 3071 4203 in
3108 4148 3339 4203 illorum
3369 4144 3730 4203 contumeliam
3753 4131 3863 4207 parti-

2334 4247 2442 4302 bus
2467 4246 2583 4301 suis
2611 4262 2739 4316 quee
2779 4243 2885 4297 sibi
2925 4259 3043 4297 non
3087 4241 3358 4296 videntur
3386 4254 3633 4295 concessa
3657 4226 3861 4289 defendat-

2335 4344 2519 4399 Cesset
2553 4337 2884 4409 hujusmodi
2914 4335 3209 4408 praemissa
3238 4338 3434 4390 nostra
3466 4330 3865 4415 auctoritate

2337 4431 2586 4504 sumptio
2608 4448 2807 4486 eorum
2830 4430 2927 4501 qui
2954 4431 3101 4485 ultra
3114 4429 3410 4500 dignitatis
3432 4444 3544 4481 sua:
3561 4422 3759 4479 limitem
3774 4412 3866 4479 dist

602 4537 658 4586 et
687 4529 854 4586 toties
882 4529 1147 4600 delegato
1166 4528 1385 4600 judicio
1406 4528 1696 4600 purgandi
1717 4544 1775 4582 se
1798 4503 2094 4582 occasione
2118 4544 2234 4583 non
2255 4523 2315 4596 D
2337 4533 2399 4583 tu
2453 4503 2784 4582 extendunt.
2836 4524 2999 4588 Quod
3047 4523 3255 4577 idcirco
3302 4522 3556 4586 dicimus,
3594 4520 3651 4571 ut
3686 4503 3865 4600 advertat

605 4625 803 4680 utitur.
839 4622 984 4679 Nihil
1014 4624 1169 4678 enim
1196 4624 1435 4678 interest
1462 4627 1654 4677 utrum
1692 4622 1752 4676 in
1798 4621 2065 4693 pl'azsenti
2099 4637 2234 4675 exa-
2335 4620 2576 4677 charitas
2598 4623 2716 4685 tua,
2736 4617 2878 4672 adeo
2903 4632 3007 4671 nos
3022 4632 3311 4671 canonum
3333 4616 3608 4687 praecepta
3626 4596 3864 4662 servare.ut

603 4719 759 4773 mine
780 4718 973 4773 omnia
996 4734 1124 4789 quae
1146 4717 1295 4773 dicta
1315 4720 1449 4772 sunt
1468 4715 1937 4788 comprobantur,
1962 4731 2092 4769 cum
2117 4714 2238 4786 ipsa
2334 4715 2440 4769 ista
2458 4711 2785 4768 constitutio
2809 4726 3038 4782 quoque
3064 4714 3255 4764 nostra
3283 4709 3515 4765 deﬁniat
3541 4705 3774 4776 quatenus
3792 4702 3865 4789 tue-

605 4828 833 4885 quoque
894 4828 997 4883 pro
1052 4811 1404 4883 professione
1455 4815 1759 4882 procurata
1808 4810 1975 4864 toties
2020 4811 2239 4863 constet
2334 4783 3866 4885 tropolitanisuiunaquaequeprovinciainomnibust?bus

606 4880 1025 4961 dbse—ntiaINos
1053 4880 1252 4959 autem
1294 4921 1394 4975 per
1430 4880 1628 4958 omnes
1662 4902 1977 4974 provincias
2021 4903 2239 4956 litteras
2335 4915 2562 4972 semper
2588 4899 2842 4954 ordinem
2866 4899 3169 4968 exspectet.
3197 4898 3339 4951 Data
3359 4912 3395 4949 v
3418 4891 3675 4948 Kalendas
3698 4880 3869 4981 1’8}th

606 4998 940 5070 dirigemus,
962 5015 1034 5053 ne
1068 4998 1489 5053 excusationem
1516 4997 1623 5051 sibi
1644 4996 2024 5068 ignorationis
2043 4996 2240 5050 obten-
2336 4993 2426 5062 rii,
2453 4993 2705 5049 Honorio
2731 4992 2818 5046 ΧΠ
2844 4993 2901 5045 et
2926 4988 3238 5045 Theodosio
3263 4990 3303 5042 Χ
3326 4984 3585 5057 Augustis
3611 4970 3864 5035 consulibus.

605 5093 719 5160 dat,
765 5094 829 5145 ut
868 5091 940 5146 ad
982 5091 1337 5163 provinciam
1381 5091 1574 5145 venire
1620 5093 1877 5161 cogatur,
1926 5094 1984 5144 et
2020 5089 2136 5144 illic
2179 5104 2237 5143 se
2621 5086 2938 5156 Empliciunt
2961 5084 3173 5139 decreta
3198 5082 3651 5172 Bonifaciipapz:

1097 5266 1671 5361 INCIPIUNT
1765 5264 2291 5357 DECRETA
2392 5257 3035 5356 COELESTINI
3129 5253 3494 5348 PAPIE.

677 5404 727 5456 t.
773 5401 854 5456 De
902 5401 1174 5472 Prospero
1219 5404 1275 5455 et
1330 5398 1537 5453 Hilario
1581 5397 1678 5469 qui
1719 5395 1998 5469 quosdam
2043 5394 2236 5450 Galliae
2341 5410 2514 5465 quam
2548 5390 2739 5465 184
2786 5405 2891 5462 per
2924 5390 3170 5444 liberum
3202 5385 3503 5443 arbitrium
3540 5388 3682 5451 posse
3709 5369 3868 5423 00115”

602 5490 965 5564 presbyteros
991 5493 1275 5544 accusant.
2338 5498 2474 5555 gere
2500 5482 2610 5536 nisi
2638 5496 2771 5535 eum
2800 5478 2985 5551 gratia
3016 5478 3115 5533 Dei
3147 5475 3411 5564 erexerit.
3439 5560 3469 5564 __
3619 5552 3628 5562 .
3662 5549 3671 5560 .
3703 5532 3845 5564 μὴ

674 5584 728 5636 2.
773 5542 851 5636 De
899 5584 1096 5635 sancto
1155 5575 1476 5649 Augustino
1540 5575 1798 5648 episcopo
1853 5573 1996 5628 mira
2050 5572 2236 5628 laudis
2408 5575 2459 5626 5.
2487 5566 2649 5636 Quod
2690 5585 2861 5624 nemo
2892 5568 2963 5623 sit
2989 5567 3172 5622 bonus
3205 5565 3320 5620 suis
3349 5560 3552 5618 viribus
3579 5549 3675 5609 nisi
3701 5542 3866 5618 particl'

603 5669 856 5724 assertio.

671 5760 722 5811 3.
761 5757 1198 5817 Praeteritorum
1248 5754 1399 5812 sedis
1457 5754 1781 5827 apostolicae
1831 5753 2232 5825 episcoporum

600 5844 910 5899 auctoritas
933 5846 1003 5902 de
1037 5845 1220 5916 gratia
1246 5845 1348 5900 Dei
1372 5848 1568 5900 contra
1588 5843 1801 5915 Pelagii
1830 5846 2155 5898 sectatores.

661 5931 711 5984 4.
728 5990 733 5991 ί
748 5931 910 5994 Quod
940 5933 1115 5989 Adam
1137 5944 1334 5994 omnes
1358 5933 1630 5995 homines
1655 5934 1887 6002 laeserit,
1909 5948 2012 5988 nec
2032 5947 2228 6007 quem-

2334 5661 2568 5733 patione
2600 5658 2723 5730 ejus
2750 5658 2849 5729 qui
2875 5658 3025 5711 solus
3048 5660 3131 5711 est
3157 5656 3361 5711 bonus.

2404 5753 2455 5806 6.
2491 5726 2655 5814 Quod
2691 5726 2801 5801 nisi
2839 5745 3020 5817 gratia
3057 5744 3159 5799 Dei
3199 5741 3465 5798 continua
3502 5735 3737 5807 juvemul‘
3769 5726 3864 5771 195"

2333 5839 2457 5896 dias
2482 5837 2694 5894 diaboli
2723 5835 2973 5891 devitarc
3002 5851 3115 5890 non
3145 5844 3461 5905 possumus.
3719 5898 3732 5906 _
3753 5894 3778 5906 η
3810 5889 3817 5896 ,

2398 5934 2451 5987 7.
2469 5927 2625 5997 Quod
2649 5942 2748 6003 per
2765 5923 3049 5985 Christum
3069 5898 3245 5980 libero
3266 5919 3412 5974 bene
3434 5919 3647 5972 utamur
3667 5898 3860 5959 αι’δὶιιτον
