4026 6182
150 261 247 314 749

1383 261 1852 316 DECRETALIUM
1891 262 2275 316 COLLECTIO.

3404 269 3512 318 730

215 372 270 423 8.
322 367 486 432 Quod
540 367 732 421 omnia
807 370 1133 422 sanctorum
1189 368 1390 423 merita
1453 369 1606 424 dona
1669 369 1780 424 sint
1801 370 2029 454 Aintra
2081 376 2308 440 portum
2355 377 2564 425 stantes
2605 373 2770 426 statio
2801 373 2934 426 facit
2975 371 3087 426 ﬁda
3108 388 3353 426 securos.
3384 372 3520 428 Fida

145 463 263 518 Dei.

210 559 267 608 9.
289 555 449 619 Quod
475 554 660 608 omnis
690 559 875 608 sancta
911 553 1174 625 cogitatio
1207 559 1261 608 et
1308 560 1495 610 motus
1523 555 1630 626 pia:
1678 572 1776 610 vo-

144 648 382 702 luntatis
409 665 473 701 ex
507 649 622 701 Deo
653 647 740 700 sit.

215 745 300 796 10.
334 741 494 804 Quod
537 740 716 810 gratia
746 741 843 794 Dei
873 757 988 794 non
1033 741 1212 794 solum
1241 746 1473 812 peccata
1513 740 1778 808 dimittat,

144 836 238 888 sed
266 835 444 889 etiam
493 834 720 904 adjuvet
769 851 842 888 ne
874 835 1322 902 committantur,
1359 839 1415 888 et
1462 840 1693 905 praestet
1717 846 1782 889 ut

142 929 230 982 lex
265 928 611 998 impleatur;
644 944 758 981 non
793 927 936 980 sicut
976 927 1236 997 Pelagius
1265 928 1360 995 ait,
1403 928 1588 993 facile,
1618 928 1781 998 quasi

143 1023 263 1075 sine
297 1021 481 1092 gratia
510 1021 607 1074 Dei
644 1021 926 1074 difﬁcilius
955 1026 1144 1092 posset
1174 1021 1419 1091 impleri.

213 1120 300 1170 li.
339 1115 501 1179 Quod
552 1120 762 1184 praeter
787 1118 994 1168 statuta
1046 1115 1194 1168 sedis
1228 1114 1553 1185 apostolicae
1581 1130 1780 1168 omnes

140 1209 432 1262 orationes
462 1208 720 1262 Ecclesiae
741 1208 944 1262 Christi
973 1208 1212 1278 gratiam
1240 1212 1526 1273 resonant,
1549 1224 1662 1278 qua
1689 1223 1782 1277 ge-

142 1319 246 1355 nus
279 1302 601 1356 humanum
640 1307 936 1373 reparatur
977 1307 1031 1356 et
1060 1302 1130 1355 ab
1177 1304 1389 1355 {eterna
1415 1301 1779 1356 damnatione

141 1394 460 1449 reducitur.

213 1492 298 1542 1'2.
333 1489 499 1552 Quod
552 1488 794 1558 gratiam
839 1488 936 1542 Dei
981 1489 1152 1542 etiam
1189 1488 1659 1558 baptizandorum
1701 1491 1781 1541 te-

143 1586 320 1635 statur
377 1582 635 1636 instituta
678 1583 944 1652 purgatio
1019 1599 1147 1636 cum
1201 1581 1529 1635 cxorcismis
1583 1586 1639 1636 et
1689 1581 1776 1635 in-

142 1675 562 1729 sufﬂationibus
609 1677 836 1746 spiritus
861 1675 930 1729 ab
969 1676 1050 1729 eis
1076 1676 1438 1745 expelluntur
1473 1675 1776 1729 immundi.

1879 463 2090 534 quippe
2118 466 2200 516 est
2227 464 2485 518 omnium
2517 466 2699 531 statio,
2737 481 2982 536 quorum
3010 465 3277 536 perfectis
3311 465 3516 536 gressi-

1879 557 1984 610 bus
2005 557 2240 626 vestigia
2271 573 2387 611 non
2416 562 2735 613 moventur.
2779 560 3162 615 Recurrerunt
3192 560 3261 614 ad
3287 563 3516 630 aposto-

1878 651 2048 704 licam
2099 650 2351 721 praedicti
2381 651 2595 718 sedem,
2647 653 2769 705 hzec
2810 653 2933 722 ipsa
2976 653 3141 707 nobis
3172 669 3298 723 qua:
3334 657 3519 707 tentat

1880 743 2232 814 perturbatio
2249 743 2674 814 conquirentes.
2705 745 2930 811 Habete,
2952 747 3150 799 fratres
3176 747 3514 814 charissimi,

1881 854 1982 908 pro
2029 838 2319 891 catholica),
2367 838 2544 908 plebis
2581 854 2718 908 pace
2761 843 3081 893 tractatum.
3127 840 3320 894 Sciant
3363 855 3440 906 se,
3471 840 3517 894 si

1879 935 2070 985 tamen
2115 935 2458 985 censeantur
2506 931 2842 1002 presbyterii
2888 932 3163 1002 dignitate
3201 933 3357 987 vobis
3394 950 3515 988 esse

1880 1023 2177 1093 subjectos.
2230 1024 2421 1078 Sciant
2465 1041 2661 1078 omnes
2695 1024 2791 1095 qui
2819 1025 2966 1078 male
2996 1026 3202 1080 docent
3232 1026 3386 1097 quod
3414 1027 3516 1082 sibi

1880 1117 2094 1170 discere
2116 1117 2299 1187 magis
2325 1134 2388 1171 ac
2416 1118 2602 1188 magis
2623 1121 2909 1189 competat
2935 1135 3103 1190 quam
3122 1119 3342 1174 docere.
3373 1122 3515 1175 Nam

1879 1211 2014 1281 quid
2050 1211 2107 1264 in
2135 1211 2394 1264 Ecclesiis
2431 1228 2526 1264 vos
2557 1212 2743 1282 agitis,
2786 1213 2829 1265 si
2858 1212 2938 1265 illi
2966 1228 3248 1266 summam
3288 1217 3519 1268 teneant

1881 1304 2270 1375 praedicandi?
2313 1305 2425 1358 Nisi
2465 1305 2608 1360 forte
2639 1305 2774 1360 illud
2820 1305 3051 1360 obsistat
3079 1306 3230 1376 quod
3267 1323 3383 1360 non
3411 1324 3516 1360 au-

1879 1397 2159 1464 ctoritate,
2206 1415 2322 1451 non
2349 1399 2531 1452 adhuc
2579 1399 2798 1453 ratione
2843 1399 3150 1470 colligitur,
3181 1405 3243 1454 ut
3273 1400 3448 1471 aliqui
3486 1417 3518 1456 e

1879 1491 2122 1544 fratrum
2169 1508 2412 1545 numero
2463 1508 2646 1561 nuper
2691 1493 2759 1547 de
2801 1493 3074 1547 laicorum
3121 1494 3408 1548 consortio
3457 1495 3517 1548 in

1879 1584 2180 1654 collegium
2232 1589 2489 1638 nostrum
2532 1585 2787 1639 fortassis
2812 1586 3066 1652 admissi,
3099 1587 3354 1641 nesciant
3379 1587 3518 1658 quid

1880 1677 1987 1731 sibi
2025 1677 2274 1731 debeant
2315 1678 2620 1733 vindicare.
2652 1679 2834 1749 Super
2875 1680 2964 1732 his
2993 1681 3173 1733 multa
3201 1681 3322 1750 jam
3369 1681 3519 1736 dicta

213 1773 297 1823 t2.
350 1769 509 1832 Quod
553 1769 956 1840 profundiores
987 1770 1332 1840 quaestiones
1382 1785 1486 1824 nec
1525 1746 2013 1824 contem-Bsunt
2063 1788 2130 1823 eo
2189 1777 2448 1841 tempore
2495 1787 2607 1842 quo
2655 1746 2746 1825 ad:
2781 1772 2969 1826 fratris
3015 1746 3218 1827 tuendi
3260 1774 3520 1828 dedimus

140 1863 351 1920 nenda:
377 1868 528 1926 sunt,
565 1879 664 1917 nec
687 1863 915 1934 penitus
942 1863 1279 1917 asserendaz.

213 1957 599 2012 Dilectissimis
641 1957 907 2010 fratribus
954 1958 1213 2025 VENERIO,
1246 1957 1483 2022 MARINO,
1524 1957 1778 2022 LEONTIO,

139 2058 414 2114 Αειςοςιο,
441 2054 744 2116 ΑΜΗΑοιο,
797 2051 1071 2120 δηιυςιο,
1118 2056 1176 2106 et
1219 2049 1437 2104 czeteris
1472 2049 1780 2104 Galliarum

138 2145 428 2218 episc0pis
463 2145 823 2199 C(ELI-zsrmrs.

207 2239 522 2310 Apostolici
548 2239 720 2292 verba
744 2238 1014 2309 prmeepti
1042 2243 1173 2291 sunt
1189 2237 1342 2308 apud
1363 2237 1781 2308 Judaeos,atque

136 2333 388 2404 gentiles
425 2333 546 2387 sine
587 2332 900 2386 offensione
939 2349 1044 2387 nos
1071 2348 1191 2386 esse
1237 2331 1467 2399 debere,
1499 2331 1608 2384 hoc
1634 2331 1784 2401 quis-

136 2429 269 2499 quis
326 2425 678 2481 Christianus
728 2443 797 2479 ex
852 2429 967 2480 tota
1020 2425 1197 2479 animi
1252 2425 1458 2478 virtute
1513 2424 1779 2478 custodit.

134 2522 299 2585 Quod
327 2537 457 2574 cum
487 2520 566 2574 ita
593 2519 664 2574 sit
681 2536 793 2573 non
814 2535 1014 2589 parum
1041 2518 1277 2589 periculi
1308 2518 1384 2572 illi
1411 2534 1648 2572 manere
1678 2534 1780 2588 po-

136 2615 274 2668 terit
304 2618 440 2667 ante
475 2613 796 2678 Dominum,
831 2613 931 2683 qui
957 2613 1063 2666 hoc
1095 2611 1374 2665 detrectat
1403 2611 1573 2664 etiam
1600 2611 1781 2664 ﬁdeli-

135 2709 247 2762 bus
279 2707 576 2761 exhibere.
605 2708 745 2760 Nam
767 2706 1012 2776 qualiter
1032 2721 1136 2759 nos
1168 2705 1266 2775 qui
1286 2706 1576 2758 neminem
1599 2705 1782 2775 perire

135 2803 404 2854 volumus
434 2801 540 2854 ista
585 2801 920 2854 contristent
951 2815 1077 2870 quae
1103 2799 1424 2852 auctoribus
1457 2798 1783 2854 Christianis

133 2896 479 2968 prmcellunt
520 2894 736 2948 animos
763 2894 1128 2959 Christianos,
1165 2893 1491 2946 Dominicus
1516 2895 1574 2946 in
1606 2894 1779 2946 Evan-

137 2990 288 3060 gelio
337 3004 524 3042 sermo
558 2992 818 3041 testatur.
849 2988 938 3042 Ait
984 2987 1136 3040 enim
1185 2987 1304 3058 ipse
1351 2987 1604 3041 Salvator
1630 2986 1785 3057 quod

137 3107 162 3130 ‹‹
196 3083 468 3154 expediat
508 3081 904 3135 scandalizanti
951 3099 1128 3134 unum
1157 3081 1225 3134 de
1276 3080 1492 3151 pusillis
1521 3080 1576 3133 in
1604 3080 1780 3134 maris

134 3176 496 3249 profundum
526 3176 781 3246 demergi
811 3177 1024 3243 (Matth,
1056 3191 1203 3241 xvui,
1238 3178 1308 3243 6).
1341 3197 1368 3223 ››
1394 3175 1524 3228 Ideo
1555 3191 1682 3245 quae
1709 3174 1780 3227 sit

126 3273 254 3342 jam
282 3272 406 3341 ejus
434 3286 598 3340 poena
635 3286 979 3342 quaeramus,
1021 3270 1109 3324 cui
1133 3269 1242 3323 talo
1272 3269 1611 3340 supplicium
1646 3269 1780 3338 legi-

132 3383 266 3419 mus
294 3365 580 3434 expedire.

205 3461 345 3514 CAP.
378 3459 416 3511 l.
449 3457 567 3511 Filii
592 3458 791 3525 nostri,
822 3461 1148 3528 praesentes,
1181 3458 1420 3526 Prosper
1440 3460 1495 3509 et
1514 3455 1777 3523 Hilarius,

133 3568 392 3624 quorum
437 3551 585 3604 circa
629 3551 930 3605 Dominum
992 3554 1248 3604 nostrum
1298 3549 1614 3603 sollicitudo
1656 3551 1776 3603 lau-

133 3647 326 3701 danda
359 3648 499 3711 est,’
528 3649 749 3698 tantum
797 3645 989 3698 nescio
1037 3644 1240 3713 quibus
1285 3643 1632 3714 presbyteris
1668 3643 1780 3697 illic

134 3742 310 3794 licere
359 3738 456 3809 qui
509 3738 841 3792 dissensioni
900 3738 1276 3792 Ecclesiarum
1332 3737 1598 3791 studeant
1651 3742 1782 3791 sunt

137 3833 294 3904 apud
344 3850 447 3885 nos
495 3833 800 3902 prosecuti,
854 3837 915 3885 ut
960 3831 1407 3901 indisciplinatas
1438 3831 1780 3901 quaestiones

133 3931 406 3980 vocantes
455 3926 513 3978 in
548 3925 802 3978 medium
831 3925 1196 3995 pertinaciter
1219 3942 1313 3978 eos
1349 3925 1539 3978 dicant
1571 3925 1777 3995 praedi-

135 4038 270 4074 care
316 4019 676 4072 adversantia
707 4019 950 4072 veritati.
987 4018 1093 4073 Sed
1133 4024 1330 4072 vestrze
1362 4018 1648 4072 dilectioni
1683 4019 1778 4088 ju-

135 4116 277 4166 stins
303 4114 672 4182 imputamus,
705 4113 976 4182 quoniam
1024 4112 1102 4164 illi
1133 4129 1302 4182 supra
1327 4128 1424 4166 vos
1450 4112 1662 4166 habent
1683 4129 1778 4165 co-

136 4208 294 4278 piam
337 4205 680 4277 disputandi.
729 4207 995 4276 Legimus
1023 4226 1048 4255 «
1083 4223 1252 4276 super
1296 4207 1632 4276 magistrum
1666 4223 1780 4260 non

138 4318 259 4353 esse.
319 4299 661 4370 discipulum
714 4301 933 4367 (Matth.
969 4316 1020 4366 x,
1051 4300 1158 4370 24),
1194 4321 1220 4347 ››
1281 4301 1384 4352 hoc
1419 4303 1503 4352 est
1535 4315 1648 4352 non
1675 4299 1780 4353 sibi

137 4394 349 4448 debere
378 4409 724 4464 quemquam
759 4395 827 4446 ad
855 4394 1126 4463 injuriam
1169 4394 1464 4447 doctorum
1490 4392 1779 4446 vindicare

1883 1864 2090 1934 scripta
2135 1881 2493 1934 responsum.
2542 1866 2699 1918 Nunc
2745 1868 2934 1918 tamen
2966 1870 3286 1936 repetentes
3317 1867 3523 1938 saepius

1881 1957 2290 2012 admonemus:
2325 1959 2602 2012 Vetentur
2628 1958 2956 2028 hujusmodi
2995 1959 3092 2029 qui
3121 1959 3379 2014 laborant
3417 1977 3522 2030 per

1882 2055 2062 2104 terras
2089 2051 2242 2104 aliud
2285 2068 2459 2122 quam
2503 2051 2596 2105 ille
2623 2057 2818 2106 noster
2849 2053 3020 2122 jussit
3056 2053 3320 2123 Agricola
3350 2055 3516 2107 semi-

1881 2161 2043 2198 nare.
2069 2147 2179 2198 Nec
2215 2149 2406 2198 tamen
2450 2145 2647 2198 mirari
2680 2162 3000 2216 possumus,
3047 2146 3093 2200 si
3119 2146 3242 2200 haec
3273 2163 3410 2218 erga
3436 2147 3514 2200 vi-

1882 2241 2078 2292 ventes
2102 2238 2161 2291 hi
2193 2254 2343 2292 nunc
2389 2242 2610 2292 tentare
2641 2238 2875 2307 audent,
2921 2240 3015 2310 qui
3051 2240 3316 2294 nituntur
3346 2240 3520 2295 etiam

1883 2332 2296 2402 quiescentium
2322 2332 2565 2386 fratrum
2585 2333 2920 2386 memoriam
2959 2333 3254 2404 dissipare.

1956 2427 2020 2479 ll.
2054 2425 2453 2495 Augustinium
2485 2430 2696 2479 sancta:
2716 2426 3122 2480 recordationis
3141 2426 3326 2481 virum
3350 2443 3522 2498 quem

1883 2535 1986 2589 pro
2035 2519 2148 2571 vita
2177 2535 2279 2572 sua
2329 2521 2498 2590 atque
2529 2518 2750 2573 meritis
2780 2519 2837 2573 in
2883 2525 3077 2573 nostra
3117 2521 3521 2576 communione

1884 2628 2113 2682 semper
2139 2612 2468 2678 habuimus,
2496 2628 2598 2666 nec
2628 2629 2878 2684 unquam
2907 2613 3059 2668 hunc
3075 2613 3316 2668 sinistrae
3343 2615 3522 2686 suspi-

1883 2705 2062 2760 cionis
2092 2707 2289 2759 saltem
2337 2722 2537 2760 rumor
2563 2707 2820 2777 aspersit,
2871 2723 3041 2777 quem
3072 2710 3243 2761 tantae
3270 2708 3522 2764 scientiae

1885 2800 2018 2854 olim
2048 2799 2219 2852 fuisse
2247 2799 2634 2866 meminimus,
2668 2804 2734 2853 ut
2769 2800 2917 2854 inter
2937 2802 3249 2871 mngistros
3276 2802 3524 2872 optimos

1883 2893 2050 2947 etiam
2091 2895 2222 2946 ante
2266 2909 2299 2946 a
2331 2892 2474 2946 meis
2506 2910 2734 2964 semper
2759 2893 3149 2948 decessoribus
3190 2895 3518 2950 haberetur.

1887 2987 2034 3040 Bene
2083 3003 2220 3056 ergo
2265 2987 2334 3040 de
2381 3001 2450 3040 eo
2499 3003 2698 3041 omnes
2742 2987 2799 3041 in
2846 3004 3151 3042 commune
3200 2993 3519 3056 senserunt,

1882 3084 2078 3150 utpote
2110 3081 2205 3150 qui
2241 3080 2449 3150 ubique
2477 3081 2696 3134 cunctis
2723 3085 2778 3134 et
2803 3082 2987 3135 amori
3017 3081 3188 3136 fuerit
3208 3086 3267 3136 et
3292 3083 3521 3154 honori,

1883 3173 2032 3228 unde
2058 3175 2352 3227 resistatur
2377 3175 2583 3228 talibus
2625 3191 2766 3245 quos
2793 3176 2936 3230 mala
2968 3193 3219 3230 crescere
3243 3176 3519 3244 videmus,

1879 3268 2036 3322 nefas
2069 3274 2152 3322 est
2183 3268 2301 3321 hmc
2342 3269 2459 3340 pati
2497 3268 2787 3338 religiosas
2813 3269 3055 3338 animas,
3099 3286 3343 3341 quarum
3372 3270 3516 3324 afﬂi-

1879 3362 2084 3428 ctione,
2119 3361 2252 3432 quia
2278 3361 2543 3415 membra
2572 3364 2765 3415 nostra
2791 3367 3048 3429 sunt,nos
3070 3379 3298 3433 quoque
3325 3379 3523 3418 conve-

1882 3455 1967 3509 nit
2014 3455 2311 3522 macerari,
2357 3454 2613 3526 quamvis
2646 3459 2874 3509 maneat
2917 3455 3018 3508 hos
3049 3455 3340 3510 beatitudo
3387 3473 3517 3526 pro-

1880 3549 2053 3602 missa
2079 3548 2402 3619 quicunque
2441 3549 2756 3618 probantur
2784 3549 3242 3618 persecutionem
3284 3553 3521 3620 propter

1874 3642 2153 3714 justitiam
2183 3642 2480 3710 sustinere,
2510 3642 2714 3713 quibus
2745 3642 2886 3712 quid
2922 3642 3217 3713 promittat
3243 3643 3519 3698 Dominus

1879 3737 1937 3790 in
1964 3737 2218 3790 futurum
2259 3752 2503 3806 sequens
2534 3752 2720 3790 sermo
2764 3736 3026 3791 declarat.
3062 3738 3185 3791 Non
3227 3743 3310 3791 est
3337 3753 3514 3808 agen-

1880 3831 2024 3884 tium
2073 3846 2243 3884 causa
2285 3829 2556 3898 solarum,
2604 3829 2938 3884 universalis
2978 3831 3235 3885 Ecclesiae
3269 3847 3518 3901 quacun-

1881 3940 1989 3994 que
2027 3923 2273 3976 novitate
2316 3923 2596 3993 pulsatur.
2634 3922 3020 3992 lntelligamus
3043 3923 3166 3977 hmo
3205 3923 3327 3994 ipsa
3356 3923 3514 3978 vobis

1884 4034 2010 4088 qua;
2057 4017 2222 4070 nobis
2250 4032 2362 4070 non
2393 4018 2617 4087 placent
2647 4015 2962 4086 displicere.
2987 4016 3146 4080 Quod
3172 4017 3254 4071 ita
3281 4017 3515 4072 demum

1887 4111 2130 4183 probare
2162 4110 2494 4181 poterimus,
2527 4110 2572 4163 si
2602 4109 2868 4180 imposito
2897 4109 3169 4182 improbis
3195 4110 3418 4166 silentio
3448 4111 3518 4166 de

1882 4205 1981 4259 tali
2001 4221 2061 4259 re
2091 4205 2148 4257 in
2178 4208 2472 4276 posterum
2501 4204 2735 4275 querela
2769 4204 3026 4259 cessabit.
3059 4205 3332 4260 Dominus
3358 4205 3514 4259 inco-

1880 4299 2064 4353 lumes
2091 4315 2185 4352 vos
2213 4298 2508 4366 custodiat,
2535 4299 2740 4353 fratres
2766 4298 3104 4353 charissimi.

1954 4394 2041 4448 lll.
2072 4392 2210 4457 Quia
2237 4393 2495 4446 nonnulli
2522 4392 2804 4447 catholico
2825 4394 3062 4446 nomine
3087 4392 3426 4463 gloriantur,
3457 4392 3518 4448 in

132 4488 475 4542 doctrinam.
524 4489 662 4541 Nam
706 4491 762 4541 et
790 4488 893 4542 hos
941 4488 1092 4557 ipsos
1120 4504 1152 4541 a
1185 4488 1293 4541 Deo
1347 4491 1537 4541 nostro
1565 4483 1857 4557 positosD
1883 4487 2166 4540 damnatis
2213 4485 2610 4540 haereticorum
2659 4486 2917 4540 sensibus
2948 4503 3048 4540 seu
3078 4485 3354 4556 pravitate
3402 4486 3516 4540 sive

129 4582 405 4635 novimus
453 4581 522 4634 ad
553 4581 898 4648 docendum,
949 4597 1078 4634 cum
1106 4580 1195 4646 sit,
1225 4580 1460 4635 docente
1484 4580 1776 4650 Apostolo,

130 4677 214 4730 eis
241 4693 274 4728 a
299 4675 512 4728 tertius
550 4675 707 4728 locus
739 4675 783 4740 (Ι
811 4677 929 4731 Cor.
977 4691 1069 4739 xu,
1099 4677 1182 4740 28)
1220 4696 1246 4721 ‹‹
1283 4674 1432 4728 intra
1477 4675 1779 4728 Ecclesiam

130 4769 516 4839 deputandus.
563 4769 706 4831 Quid
741 4768 850 4821 illic
899 4767 1106 4838 speciei
1138 4773 1219 4820 est
1247 4768 1341 4821 ubi
1373 4769 1660 4837 magistris
1691 4775 1775 4822 ta-

131 4862 399 4916 centibus
433 4863 491 4915 hi
525 4863 878 4932 loquuntur?
913 4862 1036 4929 Qui,
1079 4861 1125 4914 si
1167 4861 1244 4915 ita
1270 4865 1373 4928 est,
1403 4878 1598 4915 eorum
1620 4862 1777 4916 disci-

129 4957 252 5027 puli
284 4973 401 5010 non
430 4957 680 5023 fuerunt;
714 4956 884 5010 timeo
910 4972 982 5008 ne
1009 4955 1314 5008 connivere
1345 4955 1415 5008 sit
1436 4956 1543 5008 hoc
1573 4959 1774 5024 tacere,

133 5051 314 5103 timeo
349 5065 421 5102 ne
453 5049 634 5119 magis
664 5048 770 5118 ipsi
815 5049 1126 5118 loquantur
1177 5048 1272 5118 qui
1301 5049 1642 5118 permittunt
1670 5049 1777 5102 illis

129 5144 330 5197 taliter
377 5143 552 5214 loqui.
581 5144 640 5196 In
687 5142 891 5196 talibus
919 5142 1103 5196 causis
1130 5158 1246 5196 non
1275 5145 1427 5196 caret
1463 5142 1778 5211 suspicione

132 5237 512 5300 taciturnitas,
569 5236 701 5308 quia
748 5241 1072 5291 occurreret
1121 5235 1342 5303 veritas,
1396 5235 1608 5290 falsitas
1662 5237 1776 5290 dis-

133 5330 388 5400 pliceret.
463 5330 657 5384 Merito
716 5345 968 5399 namque
1040 5345 1204 5383 causa
1247 5345 1351 5384 nos
1421 5329 1671 5400 respicit,
1732 5330 1777 5383 si

133 5423 362 5477 silentio
401 5423 692 5477 faveamus
736 5422 932 5476 errori.
977 5423 1124 5492 Ergo
1163 5421 1543 5492 corripiantur
1579 5423 1775 5493 hujus-

132 5517 310 5581 modi,
343 5533 460 5570 non
493 5517 562 5570 sit
593 5516 679 5570 his
708 5514 954 5570 liberum
983 5515 1194 5569 habere
1222 5532 1324 5586 pro
1354 5516 1637 5570 voluntate
1658 5533 1774 5571 ser-

135 5628 400 5666 monem.
457 5611 701 5678 Deserat,
733 5611 778 5664 si
820 5611 900 5664 ita
930 5627 1019 5664 res
1045 5613 1196 5675 sunt,
1250 5610 1532 5663 incessere
1561 5610 1776 5664 novitas

133 5710 495 5760 vetustatem.
521 5705 752 5760 Desinat
772 5704 1142 5759 Ecclesiarum
1165 5703 1418 5774 quietem
1443 5702 1776 5774 inquietudo

136 5801 397 5854 turbare.
443 5802 733 5854 Conantur
770 5815 919 5872 saepe
967 5797 1267 5870 naufragio
1312 5811 1594 5867 mergere,
1639 5814 1778 5874 quos

1881 4579 2166 4650 imperitia
2197 4580 2565 4634 demorantes
2609 4579 2875 4649 piissimis
2913 4577 3388 4649 disputationibus
3414 4578 3513 4632 ob-

1879 4674 2032 4727 viare
2059 4675 2438 4743 przesumunt.
2465 4675 2676 4728 Etcum
2697 4671 2989 4742 Pelagium
3011 4674 3178 4742 atque
3195 4672 3516 4726 Caelestium

1878 4766 2358 4822 anathematizare
2386 4782 2498 4818 non
2532 4765 2811 4834 dubitent,
2859 4764 3165 4835 magistros
3196 4769 3386 4818 tamen
3417 4781 3514 4819 ve-

1879 4865 2025 4914 stros
2059 4864 2326 4930 tanquam
2357 4859 2737 4914 necessarium
2774 4859 3008 4913 modum
3053 4859 3396 4914 excesserint
3424 4859 3519 4914 ob-

1877 4956 2208 5026 loquuntur,
2260 4970 2436 5024 eaque
2495 4953 2891 5006 tantummodo
2943 4951 3124 5024 sequi,
3158 4955 3215 5007 et
3270 4953 3516 5023 probare

1878 5048 2218 5120 profitentur
2272 5063 2396 5118 quae
2439 5046 2818 5101 sacratissima
2863 5046 3014 5100 beati
3069 5047 3310 5118 apostoli
3355 5047 3518 5102 sedes

1879 5147 2071 5196 contra
2096 5141 2361 5196 inimicos
2383 5141 2576 5213 gratiae
2605 5141 2703 5195 Dei
2732 5157 2836 5211 per
2852 5139 3188 5212 mysterium
3206 5142 3515 5212 prazsulum

1880 5253 2110 5291 suorum
2151 5235 2332 5289 sanxit
2361 5238 2417 5290 et
2444 5235 2654 5290 docuit.
2705 5234 3097 5289 Necessarium
3127 5234 3302 5304 igitur
3342 5233 3516 5288 fuerit

1881 5331 2184 5401 diligenter
2214 5329 2500 5400 inquirere
2520 5328 2658 5401 quid
2685 5332 2936 5384 rectores
2957 5330 3229 5383 Romanae
3254 5325 3513 5380 Ecclesiae

1879 5424 1947 5478 de
1973 5423 2175 5478 haeresi
2203 5439 2331 5495 quae
2363 5439 2560 5478 eorum
2589 5423 2946 5494 temporibus
2976 5423 3174 5476 exorta
3207 5419 3394 5473 fuerat
3416 5418 3509 5488 ju-

1878 5517 2204 5585 dicaverint,
2251 5521 2309 5572 et
2346 5523 2542 5572 contra
2587 5517 3016 5572 nocentissimos
3066 5512 3228 5567 liberi
3295 5511 3512 5566 arbitrii

1879 5611 2206 5666 defensores
2230 5611 2367 5683 quid
2397 5612 2465 5666 de
2497 5611 2678 5682 gratia
2709 5610 2807 5666 Dei
2837 5606 3202 5663 sentiendum
3225 5621 3343 5660 esse
3374 5621 3509 5659 cen-

1879 5705 2206 5773 suerint,ita
2232 5710 2295 5759 ut
2315 5706 2487 5760 etiam
2518 5705 2915 5759 Africanorum
2942 5699 3309 5755 concinorum
3339 5715 3510 5771 quas-

1880 5799 2012 5856 dam
2043 5800 2355 5855 sententias
2375 5800 2774 5872 jungeremus,
2811 5811 2949 5868 quas
2980 5793 3177 5868 utique
3205 5810 3332 5850 suas
3363 5792 3511 5854 fece~
