4026 6182
595 249 688 301 751
1492 247 1775 302 ΑΡΡΕΝΒ.
1817 247 1904 302 ΑΙ)
1944 245 2106 302 διΕΟ.
2148 247 2185 301 Ι]

2264 275 2332 287 -
2368 246 2613 303 ISIDORI
2649 217 3070 304 maneamus
3756 269 3828 319 752

595 355 731 408 runt
771 355 1060 424 apostolici
1119 354 1395 408 antistites
1461 359 1517 408 et
1565 354 1896 424 probarunt.
1966 354 2035 409 Ut
2089 369 2224 424 ergo
2246 353 2576 439 Ascribens
2615 354 2685 408 ad
2731 353 2906 410 totius
2947 354 3099 409 orbis
3143 354 3428 427 episcopos
3458 358 3666 416 aitzNos
3695 369 3832 424 autem

593 446 817 518 plenius
850 446 943 516 qui
975 447 1032 501 in
1061 447 1248 519 aliquo
1278 447 1560 517 dubitant,
1595 447 1970 516 instruantur,
2010 447 2223 502 consti-
2324 447 2593 501 instinctu
2634 446 2732 503 Dei
2758 447 2971 518 (omnia
3009 449 3163 503 enim
3188 448 3337 504 bona
3360 451 3425 505 ad
3447 457 3687 510 auctorem
3717 475 3832 517 suum

594 539 842 594 tutioncs
865 543 1190 596 sanctorum
1218 543 1446 596 Patrum
1463 541 1867 612 compendiose
1895 541 2223 595 manifeste-
2325 541 2624 596 referenda
2689 545 2822 596 sunt
2875 541 3025 596 unde
3097 544 3416 615 nascuntur)
3462 546 3524 600 ad
3581 547 3769 606 fratrum
3799 562 3836 610 et

592 649 724 688 mus
751 633 1016 689 indiculo.
1047 635 1206 699 Quod
1233 635 1280 689 si
1307 635 1432 706 quis
1469 651 1585 690 non
1611 633 1858 688 nimium
1885 640 1970 688 est
1997 637 2229 688 conten-
2325 633 2788 706 coepiscoporum
2850 636 3178 690 nostrorum
3236 637 3601 694 conscientiam
3653 644 3836 702 universa

593 727 1060 798 tiosus,aguoscat
1071 729 1331 784 omnium
1347 728 1796 800 disputationum
1811 727 2227 783 connexionem
2324 728 2641 783 retulimus.
2675 729 2833 782 Nunc
2871 732 3062 784 autem
3088 746 3406 786 sermonem
3434 732 3755 792 sincerissima
3772 755 3835 795 ve-

593 837 658 875 ex
691 821 792 875 hac
833 822 1185 891 subditarum
1211 823 1612 878 auctoritatum
1657 822 1924 877 brevitate
1952 822 2222 894 pendere,
2323 821 2502 876 ritatis
2545 821 2667 876 luce
2711 822 3028 877 radiantem
3072 827 3233 878 tanto
3283 825 3394 879 Afri
3437 827 3656 898 episcopi
3687 831 3836 887 honore

591 914 921 986 nullamque
953 917 1059 970 sibi
1089 915 1550 971 contradictionis
1583 932 1874 988 superesse
1921 915 2220 982 rationem,
2323 915 2572 970 venerati
2597 918 2747 984 sunt,
2771 915 2848 970 ita
2868 919 2934 970 ut
2955 916 3030 970 ad
3060 917 3326 972 eumdem
3341 919 3515 973 virum
3535 922 3836 994 rescriberent,

591 1008 636 1063 si
662 1024 789 1063 cum
817 1010 1106 1065 catholicis
1132 1010 1328 1064 credat
1359 1014 1417 1064 et
1447 1009 1615 1064 dicat.
2323 1009 2465 1064 illud
2504 1024 2636 1063 vero
2680 1009 2833 1080 quod
2865 1009 2924 1063 in
2971 1009 3176 1064 litteris
3220 1028 3359 1082 quas
3383 1013 3447 1066 ad
3478 1014 3722 1070 universas
3749 1035 3836 1088 pro~

663 1104 747 1158 IV.
790 1105 852 1159 In
882 1103 1353 1174 praevaricatione
1393 1103 1528 1158 Adae
1554 1118 1750 1156 omnes
1780 1101 2042 1157 homines
2067 1105 2224 1157 natu-
2323 1102 2532 1156 vincias
2551 1102 2759 1156 curasti
2784 1118 2901 1157 esse
2932 1104 3259 1172 mittendas,
3298 1105 3537 1176 posuisti,
3563 1107 3746 1163 dicens:
3767 1111 3838 1165 Nos

591 1196 767 1252 ralem
814 1197 1247 1267 possibilitatem
1278 1201 1334 1251 et
1377 1196 1764 1252 innocentiam
1805 1195 2138 1267 perdidisse,
2169 1199 2224 1251 et
2321 1200 2514 1251 tamen
2541 1196 2815 1251 instinctu
2851 1197 2967 1264 Dei,
2999 1200 3106 1253 etc.
3154 1197 3239 1252 Sic
3271 1199 3570 1270 accepimus
3600 1201 3840 1270 dictum,ut

592 1289 887 1345 neminem
920 1290 991 1344 de
1014 1291 1296 1362 profundo
1323 1290 1473 1344 illius
1489 1289 1670 1344 ruina:
1695 1305 1797 1361 per
1821 1290 2062 1344 liberum
2079 1289 2224 1344 arbi-
2322 1288 2462 1357 illos,
2509 1289 2607 1363 qui
2630 1292 2832 1345 contra
2878 1290 2970 1346 Dei
2996 1291 3341 1361 adjutorium
3384 1292 3650 1363 extollunt,
3676 1294 3840 1351 humani

592 1383 764 1437 trium
795 1400 956 1454 posse
986 1400 1346 1455 consurgere,
1391 1383 1494 1438 nisi
1526 1400 1657 1439 eum
1700 1383 1879 1454 gratia
1910 1383 2007 1437 Dei
2047 1383 2220 1437 mise-
2321 1384 2542 1438 arbitrii
2583 1384 2903 1439 libertatem
2959 1384 3210 1440 districto
3261 1385 3447 1456 gladio
3489 1387 3704 1442 veritatis
3743 1389 3842 1442 velut

597 1477 774 1532 rentis
803 1478 1064 1546 erexerit,
1107 1477 1515 1550 pronuntiante
1540 1478 1716 1533 beatae
1745 1477 2034 1532 memoriae
2060 1479 2224 1532 Inno-
2323 1477 2533 1532 cursim
2557 1477 2838 1533 transiens
2869 1482 3220 1549 amputares.
3267 1479 3410 1544 Quid
3437 1480 3577 1536 enim
3610 1484 3709 1536 tam
3725 1481 3841 1536 libero

595 1575 800 1641 centio,
845 1581 1015 1647 atque
1047 1575 1265 1630 dicente
1311 1576 1370 1630 in
1402 1575 1641 1647 epistola
1673 1577 1743 1631 ad
1771 1575 2222 1647 Carthaginense
2321 1576 2529 1631 fecistis
2571 1576 2853 1632 arbitrio?
2900 1593 3077 1648 quam
3127 1578 3278 1649 quod
3323 1579 3571 1633 universo
3614 1579 3663 1632 in
3700 1584 3840 1633 nostra

594 1668 917 1724 concilium.
962 1670 1229 1725 Liberum
1256 1669 1410 1724 enim
1441 1669 1740 1725 arbitrium
1769 1669 1861 1726 ille
1899 1685 2218 1741 perpessus,
2242 1737 2284 1741 _
2321 1670 2666 1726 humilitatis
2691 1670 3098 1725 conscientiam
3137 1671 3420 1739 retulistis,
3447 1675 3501 1726 et
3523 1675 3685 1727 tamen
3707 1672 3841 1726 instin-

592 1762 729 1816 dum
749 1763 864 1817 suis
881 1762 1448 1818 inconsultiusutitur
1462 1763 1856 1833 bonis,cadens
1871 1763 1929 1818 in
1948 1763 2217 1834 praevari-
2242 1737 2298 1811 Β
2322 1767 2417 1818 ctu
2445 1763 2540 1818 Dei
2584 1764 2796 1818 factum
2823 1781 2946 1819 esse
2990 1764 3235 1819 fideliter
3279 1765 3646 1837 sapienterque
3680 1765 3841 1832 vidistis,

592 1856 826 1911 cationis
854 1856 1140 1927 profunda
1165 1857 1456 1912 demersus
1479 1862 1580 1926 est,
1599 1861 1654 1912 et
1669 1856 1811 1912 nihil
1838 1857 2215 1928 quemadmo-
2318 1857 2591 1912 veraciter
2630 1856 2986 1930 ﬁdeliterque
3027 1861 3094 1913 ut
3121 1858 3358 1926 dixistis,
3385 1858 3522 1929 {ideo
3562 1859 3724 1930 utique
3757 1859 3842 1930 quia

588 1950 723 2003 dum
741 1949 945 2005 exinde
963 1967 1262 2023 resurgere
1285 1956 1475 2021 posset
1492 1949 1726 2020 invenit,
1750 1967 1966 2021 suaque
1987 1951 2044 2005 in
2063 1954 2220 2006 aeter-
2324 1972 2352 2000 «
2381 1954 2736 2023 praeparatur
2766 1952 3024 2007 voluntas
3068 1969 3102 2006 a
3137 1953 3378 2008 Domino
3425 1953 3584 2023 (Prov.
3609 1969 3700 2019 xxx,
3729 1952 3806 2021 21),
3824 1973 3839 1998 ι»

588 2059 727 2098 num
751 2043 1007 2098 libertate
1028 2044 1297 2116 deceptus
1333 2045 1504 2116 hujus
1535 2045 1698 2100 ruina
1719 2045 1977 2099 latuisset
1997 2060 2223 2116 oppres—
2321 2049 2380 2099 et
2420 2050 2486 2100 ut
2531 2045 2667 2100 boni
2716 2045 2927 2118 aliquid
2967 2049 3143 2118 agant
3194 2046 3447 2118 paternis
3491 2045 3844 2118 inspirationibus

588 2153 701 2204 sus,
732 2136 840 2192 nisi
861 2153 993 2192 eum
1025 2141 1223 2209 postea
1251 2138 1456 2192 Christi
1488 2155 1589 2208 per
1615 2155 1776 2192 suam
1809 2138 2054 2209 gratiam
2083 2139 2220 2192 rele—
2319 2155 2552 2193 suorum
2576 2139 2696 2209 ipse
2719 2139 2906 2209 tangit
2924 2139 3097 2194 corda
3124 2139 3403 2195 fidelium.
3428 2159 3454 2190 cc
3474 2140 3721 2210 Quotquot
3739 2138 3842 2192 enim

585 2233 770 2285 vasset
801 2231 1094 2298 adventus,
1125 2231 1221 2302 qui
1261 2248 1362 2302 per
1397 2247 1558 2286 novas
1587 2231 2034 2303 regenerationis
2060 2231 2217 2303 puri-
2320 2232 2533 2303 Spiritu
2577 2231 2675 2288 Dei
2721 2235 2999 2302 aguntur,
3041 2232 3101 2287 hi
3144 2232 3246 2288 ﬁlii
3289 2237 3423 2288 sunt
3456 2233 3549 2289 Dei
3591 2234 3727 2301 (Rom.
3766 2245 3844 2295 VIII,

587 2323 914 2378 ﬁcationem
950 2340 1122 2379 omne
1152 2325 1425 2396 praeteriti
1456 2324 1672 2396 peccati
1713 2325 1914 2380 vitium
1955 2325 2040 2380 sui
2074 2325 2216 2396 bap-
2324 2326 2430 2395 14),
2463 2345 2489 2376 ››
2517 2330 2582 2380 ut
2608 2341 2713 2380 nec
2733 2330 2989 2381 nostrum
3015 2327 3209 2382 deesse
3235 2327 3541 2382 sentiamus
3564 2325 3797 2381 arbitrium
3811 2326 3847 2377 et

587 2418 828 2472 tismatis
853 2419 1074 2474 lavacro
1110 2418 1396 2491 purgavit.
2320 2418 2379 2474 in
2441 2418 2609 2474 bonis
2665 2420 2982 2492 quibusque
3025 2421 3336 2476 voluntatis
3384 2422 3631 2476 humanm
3682 2417 3846 2489 singulis

655 2514 715 2567 V.
768 2512 1067 2568 Neminem
1116 2530 1236 2569 esse
1283 2531 1387 2585 per
1422 2514 1792 2586 semetipsum
1833 2514 2070 2581 bonum,
2111 2513 2220 2567 nisi
2319 2512 2576 2568 moribus
2621 2513 2804 2586 magis
2843 2514 2996 2569 illius
3040 2514 3224 2570 valere
3273 2532 3393 2573 non
3422 2514 3712 2571 dubitemus
3741 2509 3844 2565 auxi-

584 2607 1082 2679 participationem
1104 2607 1190 2662 sui
1221 2607 1315 2664 ille
1345 2608 1522 2663 donet
1564 2630 1591 2658 «
1621 2607 1718 2680 qui
1751 2608 1901 2662 solus
1926 2612 2008 2663 est
2037 2607 2219 2662 bonus
2318 2606 2482 2662 lium.

583 2701 774 2769 (Marc.
818 2717 870 2768 x,
925 2701 1031 2772 18).
1073 2723 1100 2752 ››
1144 2701 1306 2766 Quod
1350 2701 1409 2756 in
1455 2701 1666 2756 eisdem
1712 2701 1934 2772 scriptis
1960 2700 2216 2772 ejusdem
2391 2702 2474 2756 IX.
2521 2701 2683 2765 Quod
2711 2701 2790 2755 ita
2833 2702 2980 2756 Deus
3019 2702 3076 2756 in
3119 2703 3387 2758 cordibus
3427 2702 3708 2770 hominum,
3731 2703 3847 2768 atque

582 2794 867 2865 pontiﬁcis
892 2795 1175 2851 sententia
1205 2798 1555 2867 protestetur
1575 2795 1766 2850 dicens
1789 2812 1801 2849 :
1829 2795 2093 2866 Nunquid
2114 2812 2218 2850 nos
2316 2794 2377 2849 in
2406 2795 2528 2866 ipso
2571 2794 2747 2849 libero
2777 2799 3049 2866 operetur
3073 2795 3333 2864 arbitrio,
3361 2800 3426 2851 ut
3460 2800 3632 2851 sancta
3653 2790 3847 2865 cogitatio

584 2888 652 2942 dc
698 2905 896 2942 eorum
941 2889 1191 2960 posthaec
1233 2892 1457 2943 rectum
1501 2889 1792 2943 mentibus
1851 2889 2215 2956 aestimemus,
2315 2887 2476 2960 pium
2506 2887 2802 2942 consilium
2824 2887 3126 2960 omnisque
3154 2894 3344 2945 motus
3362 2890 3523 2945 bonas
3544 2886 3788 2944 voluntatis
3805 2900 3847 2938 ex

583 2981 683 3053 qui
709 2981 815 3036 sibi
842 2999 900 3035 se
931 2985 1136 3052 putant
1167 2982 1363 3036 deberi
1392 2983 1540 3054 quod
1577 2981 1709 3037 boni
1741 2988 1890 3048 sunt,
1921 2998 2026 3037 nec
2057 2983 2217 3037 illum
2317 2982 2432 3036 Deo
2460 2981 2550 3049 sit,
2580 2981 2711 3053 quia
2741 2998 2844 3052 per
2872 2982 3035 3037 illum
3064 2983 3282 3055 aliquid
3301 2984 3436 3040 boni
3451 2997 3713 3056 possumus
3729 3001 3750 3028 ‹‹
3767 2978 3846 3032 sine

581 3075 962 3145 considerant,
996 3075 1158 3146 cujus
1214 3075 1464 3148 quotidie
1507 3076 1749 3148 gratiam
1795 3082 2217 3148 consequuntur
2236 3104 2291 3180 C
2318 3091 2429 3146 quo
2456 3073 2599 3129 nihil
2647 3091 2947 3145 possumus
2993 3075 3165 3147 (Joan.
3200 3094 3288 3144 xv,
3321 3078 3392 3149 5).
3421 3097 3448 3130 »
3494 3076 3570 3131 Ad
3594 3077 3711 3130 hanc
3743 3070 3846 3180 enim

581 3170 678 3242 qui
726 3169 846 3224 sine
895 3170 991 3224 illo
1032 3174 1255 3225 tantum
1302 3187 1360 3225 se
1404 3169 1625 3242 assequi
1679 3187 1842 3243 posse
1898 3170 2208 3227 conﬁdunt.
2241 3161 2291 3180 ν
2316 3184 2418 3222 nos
2448 3167 2856 3239 professionem
2890 3169 3044 3224 idem
3075 3169 3276 3225 doctor
3303 3171 3559 3237 instituit,
3584 3168 3667 3241 qui
3686 3181 3783 3221 cum
3802 3161 3847 3216 ad

653 3263 736 3318 VI.
786 3262 1089 3317 Neminem
1137 3263 1311 3318 etiam
1352 3263 1711 3336 baptismatis
1753 3264 1933 3335 gratia
1976 3279 2209 3319 renova-
2311 3262 2484 3316 totius
2528 3261 2678 3316 orbis
2707 3261 3000 3334 episcopos
3035 3263 3103 3319 de
3121 3263 3331 3320 divinas
3360 3265 3546 3336 gratiae
3565 3259 3846 3334 opitulatione

583 3360 706 3410 tum
731 3356 999 3411 idoneum
1028 3373 1147 3412 esse
1176 3356 1248 3411 ad
1275 3357 1624 3428 superandas
1643 3357 1854 3413 diaboli
1883 3357 2134 3426 insidias,
2156 3361 2214 3412 et
2311 3356 2642 3426 loqueretur
2668 3373 2681 3410 :
2721 3355 2874 3427 quod
2905 3373 3042 3428 ergo
3073 3362 3319 3429 tempus,
3353 3359 3450 3427 ait,
3481 3354 3755 3419 intervenit,
3775 3365 3847 3421 quo

583 3453 652 3504 ad
718 3450 1053 3506 evincendas
1114 3451 1298 3505 carnis
1365 3451 1865 3523 concupiscentias,
1940 3451 2051 3506 nisi
2108 3467 2213 3522 per
2311 3449 2434 3520 ejus
2462 3465 2576 3504 non
2588 3466 2864 3521 egeamus
2877 3451 3087 3505 auxilio
3104 3451 3132 3506 ?
3149 3453 3211 3506 In
3227 3451 3664 3524 omnibusigitur
3679 3445 3844 3505 actibus,

580 3544 979 3615 quotidianum
1024 3545 1373 3616 adjutorium
1413 3545 1508 3599 Dei
1533 3545 2018 3616 perseverantiam
2043 3545 2211 3599 bona:
2310 3542 2514 3612 causis,
2551 3543 3008 3614 cogitationibus,
3037 3545 3305 3613 motibus,
3334 3546 3554 3617 adjutor
3571 3547 3621 3600 et
3643 3541 3848 3614 protector

580 3637 1020 3693 conversationis
1047 3638 1344 3710 acceperit.
1387 3638 1544 3702 Quod
1577 3638 1831 3708 ejusdem
1858 3637 2121 3693 antistitis
2147 3638 2207 3693 in
2309 3636 2558 3692 orandus
2587 3641 2691 3705 est,
2736 3637 3046 3709 superbum
3091 3642 3175 3693 est
3204 3640 3361 3694 enim
3395 3644 3454 3694 ut
3492 3638 3757 3711 quidquam
3779 3628 3846 3684 sibi

580 3731 797 3786 eisdem
841 3731 1063 3802 paginis
1113 3731 1371 3786 doctrina
1422 3731 1722 3788 confirmat
1767 3733 1996 3788 dicens:
2062 3734 2206 3788 Nam
2308 3732 2564 3787 humana
2617 3735 2821 3787 natura
2888 3739 3224 3805 praesumat,
3290 3736 3562 3791 clamante
3623 3727 3842 3803 Apostolo:

579 3825 838 3897 quamvis
884 3825 1180 3880 hominem
1224 3825 1536 3882 redimeret
1564 3844 1597 3881 a
1627 3827 1928 3898 praeteritis
1954 3827 2048 3882 ille
2073 3844 2204 3898 pec-
2310 3847 2338 3876 «
2366 3828 2490 3881 Non
2515 3828 2600 3881 est
2617 3826 2779 3881 nobis
2808 3827 3128 3883 colluctatio
3155 3827 3430 3884 adversus
3463 3843 3670 3884 carnem
3695 3827 3740 3878 et
3759 3835 3845 3873 san-

576 3919 737 3988 catis,
769 3923 960 3974 tamen
987 3919 1168 3974 sciens
1194 3919 1404 3975 iterum
1430 3937 1595 3992 posse
1624 3936 1853 3991 peccare
1881 3922 1951 3976 ad
1977 3937 2204 3994 repara-
2308 3919 2668 3991 guinem,sed
2685 3923 2883 3975 contra
2897 3920 3182 3993 principes
3195 3925 3251 3976 et
3269 3925 3570 3994 potestates
3583 3915 3846 3985 aerishujusv

574 4014 791 4068 tionem
839 4013 963 4080 sibi,
1012 4013 1497 4085 quemadmodum
1549 4031 1710 4085 posse
1748 4014 1931 4081 illum,
1980 4020 2038 4070 et
2080 4019 2208 4086 post
2306 4017 2503 4068 contra
2528 4013 2844 4086 spiritualia
2871 4015 3140 4087 nequitiae
3171 4015 3364 4090 185
3389 4017 3445 4071 in
3472 4007 3847 4071 ccelestihus.»Et

572 4109 679 4162 ista
704 4107 990 4179 corrigere
1032 4107 1214 4161 multa
1257 4108 1514 4174 servavit,
1549 4107 1880 4179 quotidiana
1929 4113 2206 4180 prastans
2250 4108 2267 4134 '
2306 4106 2449 4162 sicut
2473 4107 2592 4178 ipse
2610 4107 2817 4162 iterum
2852 4107 3021 4162 dicit:
3047 4109 3293 4164 «Infelix
3319 4127 3458 4182 ergo
3485 4104 3772 4177 homo,quis
3786 4114 3848 4154 me

575 4201 656 4254 illi
695 4200 948 4255 remedia
1000 4201 1206 4271 quibus
1248 4201 1354 4255 nisi
1408 4201 1536 4255 freti
1583 4201 1889 4272 conﬁsique
1931 4203 2202 4271 nitamur,
2304 4201 2564 4256 liberabit
2610 4201 2678 4256 de
2709 4217 2947 4272 corpore
2982 4202 3180 4258 mortis
3231 4203 3422 4276 hujus.
3468 4203 3641 4260 Gratia
3678 4197 3756 4254 Dei
3783 4206 3849 4264 per

571 4295 897 4348 nullatenus
927 4294 1203 4348 humanos
1232 4293 1458 4348 vincere
1481 4293 1794 4365 poterimus
1824 4310 2060 4351 errores.
2096 4299 2201 4352 Ne-
2302 4296 2494 4350 Jesum
2533 4295 2822 4351 Christum
2856 4295 3157 4351 Dominum
3195 4301 3457 4354 nostrum
3497 4300 3650 4368 (Rom.
3689 4307 3762 4357 vn,
3789 4287 3848 4347 ‘23,

573 4403 726 4442 cesse
757 4391 842 4442 est
867 4387 1020 4442 enim
1051 4391 1111 4441 ut
1132 4403 1244 4459 quo
1258 4387 1563 4442 auxiliante
1590 4387 1887 4457 vincimus,
1906 4404 1971 4444 eo
1996 4388 2202 4445 iterum
2302 4388 2411 4458 22),
2442 4410 2468 4437 ››
2520 4390 2586 4443 Et
2615 4390 2820 4444 iterum
2845 4406 2858 4444 :
2913 4411 2941 4437 «
2973 4389 3167 4444 Gratia
3210 4391 3309 4446 Dei
3350 4409 3478 4447 sum
3508 4391 3562 4446 id
3598 4386 3726 4461 quod
3747 4397 3847 4436 sum.

570 4497 688 4537 non
719 4481 1021 4553 adjuvante
1056 4481 1373 4536 vincamur.
1494 4545 1503 4553 ,
2219 4477 2279 4550 D
2303 4485 2361 4535 et
2403 4483 2584 4553 gratia
2625 4483 2750 4554 ejus
2779 4483 2836 4538 in
2880 4500 2974 4538 me
3006 4500 3176 4539 vacua
3207 4501 3325 4540 non
3367 4486 3494 4556 fuit,
3527 4484 3614 4540 sed
3647 4482 3749 4554 plus
3777 4474 3850 4529 illis

638 4579 746 4632 VII.
775 4576 931 4642 Quod
950 4592 1121 4631 nemo
1142 4576 1248 4632 nisi
1269 4592 1371 4648 per
1397 4575 1829 4648 gratiamlibero
1848 4577 1994 4634 bene
2011 4582 2206 4633 utatur
2305 4575 2570 4630 omnibus
2617 4575 2885 4647 laboravi,
2929 4593 3046 4632 non
3075 4594 3181 4650 ego
3225 4585 3442 4649 autem,
3471 4579 3567 4634 sed
3605 4573 3754 4649 gratia
3783 4565 3850 4623 Dei

568 4671 825 4726 arbitrio.
867 4672 1021 4727 Idem
1050 4671 1325 4743 magister
1354 4671 1412 4726 in
1443 4670 1679 4743 epistola
1723 4671 1792 4726 ad
1817 4671 2201 4728 Milevitanum
2302 4684 2532 4723 mecum
2555 4669 2601 4739 (Ι
2615 4669 2735 4724 Cor.
2767 4687 2853 4739 xv,
2885 4671 2988 4741 I8).
3025 4693 3052 4720 »

567 4765 868 4820 concilium
896 4765 1026 4821 data
1070 4767 1346 4839 praedicat
1390 4765 1584 4821 dicens
1613 4783 1626 4822 :
1665 4765 1906 4822 Adverte
1946 4767 2197 4837 tandem,
2371 4769 2430 4823 X.
2463 4767 2607 4822 lliud
2633 4768 2805 4823 etiam
2838 4770 2993 4840 quod
3038 4769 3189 4826 intra
3227 4769 3674 4846 Carthaginensis
3704 4756 3846 4836 synodi

569 4875 602 4912 ο
625 4858 1089 4929 pravissimarum
1127 4861 1404 4916 mentium
1452 4877 1711 4932 perversa
1738 4861 2016 4931 doctrina,
2045 4862 2200 4935 quod
2299 4866 2524 4922 decreta
2551 4867 2922 4922 constitutum
2952 4872 3058 4940 est,
3097 4871 3259 4942 quasi
3286 4873 3575 4946 proprium
3605 4860 3848 4940 apostolica?

565 4952 816 5023 primum
841 4953 1133 5010 hominem
1170 4955 1248 5010 ita
1273 4955 1507 5010 libertas
1535 4955 1656 5026 ipsa
1701 4955 1941 5026 decepit,
1972 4959 2032 5010 ut
2060 4956 2197 5011 dum
2299 4963 2457 5020 Sedis
2487 4964 2902 5037 amplectimur,
2934 4967 3086 5038 quod
3112 4969 3324 5026 scilicet
3348 4971 3511 5026 tertio
3529 4963 3739 5039 capitulo
3756 4953 3848 5011 defr

563 5044 952 5116 indulgentius
991 5048 1169 5102 frenis
1197 5049 1317 5119 ejus
1369 5050 1548 5103 utitur
1575 5049 1631 5102 in
1674 5049 2194 5120 praevaricationem
2298 5057 2482 5112 nitum
2515 5064 2619 5127 est,
2668 5062 2727 5113 ut
2780 5059 3106 5132 quicunque
3140 5062 3349 5119 dixerit
3401 5062 3633 5135 gratiam
3659 5055 3739 5113 Dei
3772 5063 3850 5120 qua

561 5140 1024 5210 praesumptionis
1067 5141 1391 5210 incederet;
1439 5159 1545 5197 nec
1583 5159 1652 5198 ex
1692 5142 1798 5197 hac
1836 5142 2023 5214 potuit
2050 5143 2191 5210 erui,
2285 5149 2687 5221 justiﬁcamur,
2711 5168 2814 5224 per
2829 5154 3020 5208 Jesum
3043 5155 3331 5211 Christum
3353 5151 3848 5211 nominumnosz

560 5233 669 5288 nisi
707 5234 761 5289 ei
799 5233 1161 5306 providentia
1205 5236 1651 5306 regenerationis
1687 5241 1899 5292 statum
1936 5237 2191 5308 pristinas
2293 5244 2366 5298 ad
2396 5245 2571 5300 solam
2601 5245 2990 5301 remissionem
3029 5252 3391 5318 peccatorum
3417 5250 3596 5305 valere
3633 5258 3740 5316 quae
3765 5236 3848 5306 jam

556 5326 835 5382 libertatis
861 5327 1066 5384 Christi
1092 5328 1315 5383 Domini
1343 5329 1703 5386 reformasset
1729 5330 2022 5385 adventus.
2291 5339 2594 5394 commissa
2644 5343 2796 5406 sunt,
2839 5357 2958 5396 non
3000 5341 3176 5397 etiam
3225 5345 3297 5398 ad
3321 5342 3650 5414 adjutorium
3689 5337 3847 5388 utnon

629 5423 759 5478 VIII.
788 5423 953 5488 Quod
989 5422 1183 5478 omnia
1228 5423 1413 5478 studia
1447 5427 1504 5478 et
1533 5424 1725 5479 omnia
1755 5440 1928 5495 opera
1973 5441 2037 5479 ac
2065 5441 2187 5480 me-
2289 5433 2738 5500 committantur,
2767 5435 3075 5490 anathema
3101 5437 3191 5491 sit.
3227 5439 3294 5493 Et
3321 5437 3525 5492 iterum
3545 5436 3721 5506 quarto
3736 5421 3844 5492 capi-

555 5516 662 5571 rita
687 5521 1012 5574 sanctorum
1041 5517 1114 5572 ad
1141 5516 1236 5572 Dei
1256 5517 1494 5588 gratiam
1527 5519 1866 5590 laudemque
1888 5519 2188 5576 referenda
2287 5526 2406 5580 tulo
2436 5526 2545 5581 ait:
2595 5528 2662 5581 Ut
2691 5527 2735 5580 si
2781 5528 2909 5598 quis
2940 5529 3149 5584 dixerit
3193 5531 3435 5602 gratiam
3477 5529 3570 5584 Dei
3593 5540 3684 5598 per
3703 5523 3845 5576 Jesum

555 5615 706 5681 sunt,
735 5612 870 5684 quia
907 5628 1078 5667 nemo
1109 5611 1337 5667 aliunde
1365 5612 1418 5668 ei
1461 5611 1661 5684 placet,
1709 5612 1816 5667 nisi
1847 5629 1917 5668 ex
1945 5629 2012 5668 eo
2033 5615 2186 5686 quod
2286 5619 2594 5689 Christum,
2624 5624 2863 5693 propter
2892 5622 2998 5677 hoc
3025 5627 3250 5679 tantum
3276 5641 3380 5680 nos
3405 5625 3657 5695 adjuvare
3680 5614 3740 5670 ad
3766 5622 3845 5664 non

551 5702 671 5773 ipse
694 5704 1005 5776 donaverit,
1026 5707 1087 5761 in
1107 5723 1283 5778 quam
1305 5723 1408 5762 nos
1426 5707 1765 5762 sententiam
1779 5707 1974 5780 dirigit
1997 5707 2184 5764 beatas
2283 5714 2660 5785 peccandum,
2694 5715 2831 5786 quia
2859 5733 2962 5788 per
2990 5717 3167 5789 ipsam
3197 5718 3355 5774 nobis
3383 5718 3650 5773 revelatur
3673 5712 3722 5764 et
3743 5715 3844 5773 αρε·

551 5798 960 5856 recordationis
979 5817 1139 5873 papae
1160 5801 1368 5859 Zozimi
1389 5801 1665 5876 regularis
1697 5803 2027 5876 auctoritas,
2051 5820 2180 5861 cum
2283 5807 2432 5864 ritur
2479 5807 2858 5882 intelligentia
2891 5811 3312 5882 mandatorum,
3370 5818 3432 5869 ut
3481 5809 3697 5868 scium”
3732 5791 3843 5874 quod
