  <div class='ocr_page' id='page_1' title='image "/cluster/home/n/w/nwhite01/storage/ocr_20150623/130/hvd.32044054759915/406.png"; bbox 0 0 4026 6182; ppageno 0'>
   <div class='ocr_carea' id='block_1_1' title="bbox 196 263 300 314">
    <p class='ocr_par' dir='ltr' id='par_1_1' title="bbox 196 263 300 314">
     <span class='ocr_line' id='line_1_1' title="bbox 196 263 300 314; baseline -0.019 0"><span class='ocrx_word' id='word_1_1' title='bbox 196 263 300 314; x_wconf 82' lang='lat'>753</span> 
     </span>
    </p>
   </div>
   <div class='ocr_carea' id='block_1_2' title="bbox 1462 258 2356 317">
    <p class='ocr_par' dir='ltr' id='par_1_2' title="bbox 1462 258 2356 317">
     <span class='ocr_line' id='line_1_2' title="bbox 1462 258 2356 317; baseline 0.002 -5"><span class='ocrx_word' id='word_1_2' title='bbox 1462 258 1936 315; x_wconf 72' lang='lat' dir='ltr'>DECRETALIUM</span> <span class='ocrx_word' id='word_1_3' title='bbox 1973 261 2356 317; x_wconf 87' lang='lat' dir='ltr'>COLLECTIO.</span> 
     </span>
    </p>
   </div>
   <div class='ocr_carea' id='block_1_3' title="bbox 3470 269 3572 326">
    <p class='ocr_par' dir='ltr' id='par_1_3' title="bbox 3470 269 3572 326">
     <span class='ocr_line' id='line_1_3' title="bbox 3470 269 3572 326; baseline 0.01 -1"><span class='ocrx_word' id='word_1_4' title='bbox 3470 269 3572 326; x_wconf 73' lang='grc'>754</span> 
     </span>
    </p>
   </div>
   <div class='ocr_carea' id='block_1_4' title="bbox 194 362 3566 453">
    <p class='ocr_par' dir='ltr' id='par_1_4' title="bbox 194 362 3566 453">
     <span class='ocr_line' id='line_1_4' title="bbox 194 362 3566 453; baseline 0.004 -33"><span class='ocrx_word' id='word_1_5' title='bbox 194 367 467 436; x_wconf 86' lang='lat' dir='ltr'>appetere</span> <span class='ocrx_word' id='word_1_6' title='bbox 513 366 570 418; x_wconf 89' lang='lat' dir='ltr'>et</span> <span class='ocrx_word' id='word_1_7' title='bbox 598 362 753 435; x_wconf 87' lang='lat' dir='ltr'>quod</span> <span class='ocrx_word' id='word_1_8' title='bbox 782 362 960 419; x_wconf 87' lang='lat' dir='ltr'>vitare</span> <span class='ocrx_word' id='word_1_9' title='bbox 991 363 1318 433; x_wconf 82' lang='lat' dir='ltr'>debeamus,</span> <span class='ocrx_word' id='word_1_10' title='bbox 1348 381 1470 421; x_wconf 89' lang='lat' dir='ltr'>non</span> <span class='ocrx_word' id='word_1_11' title='bbox 1501 369 1694 422; x_wconf 89' lang='lat' dir='ltr'>autem</span> <span class='ocrx_word' id='word_1_12' title='bbox 1728 383 1830 438; x_wconf 89' lang='lat' dir='ltr'>per</span> <span class='ocrx_word' id='word_1_13' title='bbox 1850 379 1910 453; x_wconf 77' lang='grc' dir='ltr'><strong>Α</strong></span> <span class='ocrx_word' id='word_1_14' title='bbox 1929 367 2132 424; x_wconf 91' lang='lat' dir='ltr'>mundi</span> <span class='ocrx_word' id='word_1_15' title='bbox 2161 368 2332 439; x_wconf 85' lang='lat' dir='ltr'>hujus</span> <span class='ocrx_word' id='word_1_16' title='bbox 2362 368 2623 426; x_wconf 76' lang='lat' dir='ltr'>mittatur</span> <span class='ocrx_word' id='word_1_17' title='bbox 2647 370 2823 439; x_wconf 89' lang='lat' dir='ltr'>foras,</span> <span class='ocrx_word' id='word_1_18' title='bbox 2859 375 2917 427; x_wconf 89' lang='lat' dir='ltr'>et</span> <span class='ocrx_word' id='word_1_19' title='bbox 2945 373 3230 444; x_wconf 91' lang='lat' dir='ltr'>quomodo</span> <span class='ocrx_word' id='word_1_20' title='bbox 3252 374 3410 447; x_wconf 90' lang='lat' dir='ltr'>prius</span> <span class='ocrx_word' id='word_1_21' title='bbox 3440 377 3566 432; x_wconf 87' lang='lat' dir='ltr'>alli-</span> 
     </span>
    </p>
   </div>
   <div class='ocr_carea' id='block_1_5' title="bbox 190 456 1831 532">
    <p class='ocr_par' dir='ltr' id='par_1_5' title="bbox 190 456 1831 532">
     <span class='ocr_line' id='line_1_5' title="bbox 190 456 1831 532; baseline 0.002 -20"><span class='ocrx_word' id='word_1_22' title='bbox 190 459 355 513; x_wconf 88' lang='lat' dir='ltr'>illam</span> <span class='ocrx_word' id='word_1_23' title='bbox 373 457 539 512; x_wconf 88' lang='lat' dir='ltr'>nobis</span> <span class='ocrx_word' id='word_1_24' title='bbox 560 456 842 527; x_wconf 70' lang='lat' dir='ltr'>praestari,</span> <span class='ocrx_word' id='word_1_25' title='bbox 864 461 929 512; x_wconf 92' lang='lat' dir='ltr'>ut</span> <span class='ocrx_word' id='word_1_26' title='bbox 945 457 1081 530; x_wconf 87' lang='lat' dir='ltr'>quid</span> <span class='ocrx_word' id='word_1_27' title='bbox 1107 458 1434 514; x_wconf 90' lang='lat' dir='ltr'>faciendum</span> <span class='ocrx_word' id='word_1_28' title='bbox 1453 460 1831 532; x_wconf 81' lang='lat' dir='ltr'>cognovimus</span> 
     </span>
    </p>
   </div>
   <div class='ocr_carea' id='block_1_6' title="bbox 191 551 1832 624">
    <p class='ocr_par' dir='ltr' id='par_1_6' title="bbox 191 551 1832 624">
     <span class='ocr_line' id='line_1_6' title="bbox 191 551 1832 624; baseline 0.002 -18"><span class='ocrx_word' id='word_1_29' title='bbox 191 553 369 607; x_wconf 87' lang='lat' dir='ltr'>etiam</span> <span class='ocrx_word' id='word_1_30' title='bbox 413 552 599 608; x_wconf 83' lang='lat' dir='ltr'>facere</span> <span class='ocrx_word' id='word_1_31' title='bbox 638 551 945 623; x_wconf 81' lang='lat' dir='ltr'>diligamus</span> <span class='ocrx_word' id='word_1_32' title='bbox 977 559 1151 624; x_wconf 91' lang='lat' dir='ltr'>atque</span> <span class='ocrx_word' id='word_1_33' title='bbox 1187 554 1490 620; x_wconf 82' lang='lat' dir='ltr'>valeamus,</span> <span class='ocrx_word' id='word_1_34' title='bbox 1529 555 1832 609; x_wconf 84' lang='lat' dir='ltr'>anathema</span> 
     </span>
    </p>
   </div>
   <div class='ocr_carea' id='block_1_7' title="bbox 189 646 1832 717">
    <p class='ocr_par' dir='ltr' id='par_1_7' title="bbox 189 646 1832 717">
     <span class='ocr_line' id='line_1_7' title="bbox 189 646 1832 717; baseline 0.002 -17"><span class='ocrx_word' id='word_1_35' title='bbox 189 647 280 700; x_wconf 88' lang='lat' dir='ltr'>sit.</span> <span class='ocrx_word' id='word_1_36' title='bbox 297 647 442 700; x_wconf 91' lang='lat' dir='ltr'>Cum</span> <span class='ocrx_word' id='word_1_37' title='bbox 456 646 614 700; x_wconf 91' lang='lat' dir='ltr'>enim</span> <span class='ocrx_word' id='word_1_38' title='bbox 634 647 1118 717; x_wconf 75' lang='lat' dir='ltr'>dicatApostolus:</span> <span class='ocrx_word' id='word_1_39' title='bbox 1143 670 1169 696; x_wconf 86' lang='grc'>‹‹</span> <span class='ocrx_word' id='word_1_40' title='bbox 1185 647 1433 702; x_wconf 90' lang='lat' dir='ltr'>Scientia</span> <span class='ocrx_word' id='word_1_41' title='bbox 1448 648 1629 716; x_wconf 91' lang='lat' dir='ltr'>inﬂat,</span> <span class='ocrx_word' id='word_1_42' title='bbox 1651 648 1832 703; x_wconf 91' lang='lat' dir='ltr'>chari-</span> 
     </span>
    </p>
   </div>
   <div class='ocr_carea' id='block_1_8' title="bbox 186 740 1833 813">
    <p class='ocr_par' dir='ltr' id='par_1_8' title="bbox 186 740 1833 813">
     <span class='ocr_line' id='line_1_8' title="bbox 186 740 1833 813; baseline 0.002 -19"><span class='ocrx_word' id='word_1_43' title='bbox 186 744 273 794; x_wconf 90' lang='lat' dir='ltr'>tas</span> <span class='ocrx_word' id='word_1_44' title='bbox 295 757 431 796; x_wconf 86' lang='lat' dir='ltr'>vero</span> <span class='ocrx_word' id='word_1_45' title='bbox 463 740 704 795; x_wconf 76' lang='lat' dir='ltr'>aediﬁcat</span> <span class='ocrx_word' id='word_1_46' title='bbox 733 741 896 796; x_wconf 85' lang='lat' dir='ltr'>valde</span> <span class='ocrx_word' id='word_1_47' title='bbox 945 742 986 809; x_wconf 83' lang='grc' dir='ltr'>(Ι</span> <span class='ocrx_word' id='word_1_48' title='bbox 1017 744 1134 799; x_wconf 87' lang='lat' dir='ltr'>Cor.</span> <span class='ocrx_word' id='word_1_49' title='bbox 1166 757 1284 810; x_wconf 83' lang='lat' dir='ltr'>vui,</span> <span class='ocrx_word' id='word_1_50' title='bbox 1323 743 1392 810; x_wconf 81' lang='lat' dir='ltr'>I),</span> <span class='ocrx_word' id='word_1_51' title='bbox 1424 763 1450 789; x_wconf 86' lang='lat'>»</span> <span class='ocrx_word' id='word_1_52' title='bbox 1482 742 1722 813; x_wconf 88' lang='lat' dir='ltr'>impium</span> <span class='ocrx_word' id='word_1_53' title='bbox 1746 746 1833 798; x_wconf 87' lang='lat' dir='ltr'>est</span> 
     </span>
    </p>
   </div>
   <div class='ocr_carea' id='block_1_9' title="bbox 185 833 1829 906">
    <p class='ocr_par' dir='ltr' id='par_1_9' title="bbox 185 833 1829 906">
     <span class='ocr_line' id='line_1_9' title="bbox 185 833 1829 906; baseline 0.002 -19"><span class='ocrx_word' id='word_1_54' title='bbox 185 837 250 887; x_wconf 91' lang='lat' dir='ltr'>ut</span> <span class='ocrx_word' id='word_1_55' title='bbox 277 833 586 889; x_wconf 87' lang='lat' dir='ltr'>credamus</span> <span class='ocrx_word' id='word_1_56' title='bbox 614 834 684 888; x_wconf 91' lang='lat' dir='ltr'>ad</span> <span class='ocrx_word' id='word_1_57' title='bbox 706 850 834 890; x_wconf 85' lang='lat' dir='ltr'>eam</span> <span class='ocrx_word' id='word_1_58' title='bbox 861 850 988 905; x_wconf 63' lang='lat' dir='ltr'>quas</span> <span class='ocrx_word' id='word_1_59' title='bbox 1020 834 1182 889; x_wconf 90' lang='lat' dir='ltr'>inﬂat</span> <span class='ocrx_word' id='word_1_60' title='bbox 1217 851 1322 888; x_wconf 92' lang='lat' dir='ltr'>nos</span> <span class='ocrx_word' id='word_1_61' title='bbox 1349 834 1557 890; x_wconf 90' lang='lat' dir='ltr'>habere</span> <span class='ocrx_word' id='word_1_62' title='bbox 1585 835 1829 906; x_wconf 81' lang='lat' dir='ltr'>gratiam</span> 
     </span>
    </p>
   </div>
   <div class='ocr_carea' id='block_1_10' title="bbox 186 927 1830 999">
    <p class='ocr_par' dir='ltr' id='par_1_10' title="bbox 186 927 1830 999">
     <span class='ocr_line' id='line_1_10' title="bbox 186 927 1830 999; baseline 0.001 -16"><span class='ocrx_word' id='word_1_63' title='bbox 186 927 424 997; x_wconf 84' lang='lat' dir='ltr'>Christi,</span> <span class='ocrx_word' id='word_1_64' title='bbox 470 931 526 981; x_wconf 91' lang='lat' dir='ltr'>et</span> <span class='ocrx_word' id='word_1_65' title='bbox 563 927 635 982; x_wconf 90' lang='lat' dir='ltr'>ad</span> <span class='ocrx_word' id='word_1_66' title='bbox 671 944 799 982; x_wconf 89' lang='lat' dir='ltr'>eam</span> <span class='ocrx_word' id='word_1_67' title='bbox 843 944 972 999; x_wconf 72' lang='lat' dir='ltr'>quas</span> <span class='ocrx_word' id='word_1_68' title='bbox 1015 927 1255 982; x_wconf 70' lang='lat' dir='ltr'>aediﬁcat</span> <span class='ocrx_word' id='word_1_69' title='bbox 1293 945 1411 982; x_wconf 93' lang='lat' dir='ltr'>non</span> <span class='ocrx_word' id='word_1_70' title='bbox 1437 928 1669 995; x_wconf 90' lang='lat' dir='ltr'>habere,</span> <span class='ocrx_word' id='word_1_71' title='bbox 1698 946 1830 985; x_wconf 91' lang='lat' dir='ltr'>cum</span> 
     </span>
    </p>
   </div>
   <div class='ocr_carea' id='block_1_11' title="bbox 186 1020 1832 1093">
    <p class='ocr_par' dir='ltr' id='par_1_11' title="bbox 186 1020 1832 1093">
     <span class='ocr_line' id='line_1_11' title="bbox 186 1020 1832 1093; baseline 0.001 -17"><span class='ocrx_word' id='word_1_72' title='bbox 186 1022 261 1077; x_wconf 87' lang='lat' dir='ltr'>sit</span> <span class='ocrx_word' id='word_1_73' title='bbox 298 1028 608 1092; x_wconf 89' lang='lat' dir='ltr'>utrumque</span> <span class='ocrx_word' id='word_1_74' title='bbox 647 1021 864 1076; x_wconf 92' lang='lat' dir='ltr'>donum</span> <span class='ocrx_word' id='word_1_75' title='bbox 906 1020 1025 1090; x_wconf 89' lang='lat' dir='ltr'>Dei,</span> <span class='ocrx_word' id='word_1_76' title='bbox 1069 1025 1126 1076; x_wconf 91' lang='lat' dir='ltr'>et</span> <span class='ocrx_word' id='word_1_77' title='bbox 1165 1021 1307 1076; x_wconf 90' lang='lat' dir='ltr'>scire</span> <span class='ocrx_word' id='word_1_78' title='bbox 1357 1022 1497 1093; x_wconf 92' lang='lat' dir='ltr'>quid</span> <span class='ocrx_word' id='word_1_79' title='bbox 1526 1022 1712 1076; x_wconf 89' lang='lat' dir='ltr'>facere</span> <span class='ocrx_word' id='word_1_80' title='bbox 1740 1023 1832 1078; x_wconf 84' lang='lat' dir='ltr'>de-</span> 
     </span>
    </p>
   </div>
   <div class='ocr_carea' id='block_1_12' title="bbox 185 1114 1828 1186">
    <p class='ocr_par' dir='ltr' id='par_1_12' title="bbox 185 1114 1828 1186">
     <span class='ocr_line' id='line_1_12' title="bbox 185 1114 1828 1186; baseline 0 -16"><span class='ocrx_word' id='word_1_81' title='bbox 185 1116 461 1184; x_wconf 86' lang='lat' dir='ltr'>beamus,</span> <span class='ocrx_word' id='word_1_82' title='bbox 493 1118 550 1169; x_wconf 90' lang='lat' dir='ltr'>et</span> <span class='ocrx_word' id='word_1_83' title='bbox 575 1114 811 1186; x_wconf 85' lang='lat' dir='ltr'>diligere</span> <span class='ocrx_word' id='word_1_84' title='bbox 842 1119 903 1168; x_wconf 92' lang='lat' dir='ltr'>ut</span> <span class='ocrx_word' id='word_1_85' title='bbox 929 1115 1227 1181; x_wconf 83' lang='lat' dir='ltr'>faciamus,</span> <span class='ocrx_word' id='word_1_86' title='bbox 1255 1117 1340 1182; x_wconf 90' lang='lat' dir='ltr'>ut,</span> <span class='ocrx_word' id='word_1_87' title='bbox 1360 1114 1673 1170; x_wconf 51' lang='lat' dir='ltr'>aedificante</span> <span class='ocrx_word' id='word_1_88' title='bbox 1695 1117 1828 1170; x_wconf 90' lang='lat' dir='ltr'>cha-</span> 
     </span>
    </p>
   </div>
   <div class='ocr_carea' id='block_1_13' title="bbox 184 1208 1830 1278">
    <p class='ocr_par' dir='ltr' id='par_1_13' title="bbox 184 1208 1830 1278">
     <span class='ocr_line' id='line_1_13' title="bbox 184 1208 1830 1278; baseline 0.001 -14"><span class='ocrx_word' id='word_1_89' title='bbox 184 1210 386 1276; x_wconf 90' lang='lat' dir='ltr'>ritate,</span> <span class='ocrx_word' id='word_1_90' title='bbox 430 1208 666 1263; x_wconf 91' lang='lat' dir='ltr'>scientia</span> <span class='ocrx_word' id='word_1_91' title='bbox 699 1225 817 1263; x_wconf 90' lang='lat' dir='ltr'>non</span> <span class='ocrx_word' id='word_1_92' title='bbox 859 1208 1035 1278; x_wconf 90' lang='lat' dir='ltr'>possit</span> <span class='ocrx_word' id='word_1_93' title='bbox 1069 1208 1286 1263; x_wconf 89' lang='lat' dir='ltr'>inﬂare.</span> <span class='ocrx_word' id='word_1_94' title='bbox 1329 1208 1484 1263; x_wconf 92' lang='lat' dir='ltr'>Sicut</span> <span class='ocrx_word' id='word_1_95' title='bbox 1521 1215 1715 1264; x_wconf 89' lang='lat' dir='ltr'>autem</span> <span class='ocrx_word' id='word_1_96' title='bbox 1757 1211 1830 1264; x_wconf 92' lang='lat' dir='ltr'>de</span> 
     </span>
    </p>
   </div>
   <div class='ocr_carea' id='block_1_14' title="bbox 187 1301 1828 1373">
    <p class='ocr_par' dir='ltr' id='par_1_14' title="bbox 187 1301 1828 1373">
     <span class='ocr_line' id='line_1_14' title="bbox 187 1301 1828 1373; baseline 0.001 -17"><span class='ocrx_word' id='word_1_97' title='bbox 187 1305 306 1357; x_wconf 91' lang='lat' dir='ltr'>Deo</span> <span class='ocrx_word' id='word_1_98' title='bbox 338 1301 612 1373; x_wconf 90' lang='lat' dir='ltr'>scriptum</span> <span class='ocrx_word' id='word_1_99' title='bbox 641 1305 765 1357; x_wconf 86' lang='lat' dir='ltr'>est:</span> <span class='ocrx_word' id='word_1_100' title='bbox 803 1323 829 1350; x_wconf 90' lang='grc'>‹‹</span> <span class='ocrx_word' id='word_1_101' title='bbox 867 1301 976 1366; x_wconf 87' lang='lat' dir='ltr'>Qui</span> <span class='ocrx_word' id='word_1_102' title='bbox 1013 1301 1180 1357; x_wconf 91' lang='lat' dir='ltr'>docet</span> <span class='ocrx_word' id='word_1_103' title='bbox 1208 1303 1502 1356; x_wconf 90' lang='lat' dir='ltr'>hominem</span> <span class='ocrx_word' id='word_1_104' title='bbox 1530 1303 1828 1358; x_wconf 85' lang='lat' dir='ltr'>scientiam</span> 
     </span>
    </p>
   </div>
   <div class='ocr_carea' id='block_1_15' title="bbox 186 1395 1831 1466">
    <p class='ocr_par' dir='ltr' id='par_1_15' title="bbox 186 1395 1831 1466">
     <span class='ocr_line' id='line_1_15' title="bbox 186 1395 1831 1466; baseline 0.001 -16"><span class='ocrx_word' id='word_1_105' title='bbox 186 1397 362 1465; x_wconf 72' lang='lat' dir='ltr'>(Psal.</span> <span class='ocrx_word' id='word_1_106' title='bbox 394 1412 544 1462; x_wconf 79' lang='lat' dir='ltr'>xum,</span> <span class='ocrx_word' id='word_1_107' title='bbox 573 1397 680 1462; x_wconf 82' lang='lat' dir='ltr'>I0),</span> <span class='ocrx_word' id='word_1_108' title='bbox 713 1417 740 1444; x_wconf 88' lang='grc'><strong>››</strong></span> <span class='ocrx_word' id='word_1_109' title='bbox 771 1395 854 1450; x_wconf 90' lang='lat' dir='ltr'>ita</span> <span class='ocrx_word' id='word_1_110' title='bbox 889 1395 1167 1466; x_wconf 89' lang='lat' dir='ltr'>scriptum</span> <span class='ocrx_word' id='word_1_111' title='bbox 1197 1401 1280 1452; x_wconf 89' lang='lat' dir='ltr'>est</span> <span class='ocrx_word' id='word_1_112' title='bbox 1317 1397 1489 1452; x_wconf 88' lang='lat' dir='ltr'>etiam</span> <span class='ocrx_word' id='word_1_113' title='bbox 1526 1413 1538 1452; x_wconf 91' lang='lat'><strong>:</strong></span> <span class='ocrx_word' id='word_1_114' title='bbox 1571 1397 1831 1453; x_wconf 88' lang='lat' dir='ltr'>Charitas</span> 
     </span>
    </p>
   </div>
   <div class='ocr_carea' id='block_1_16' title="bbox 186 1489 1832 1562">
    <p class='ocr_par' dir='ltr' id='par_1_16' title="bbox 186 1489 1832 1562">
     <span class='ocr_line' id='line_1_16' title="bbox 186 1489 1832 1562; baseline 0 -18"><span class='ocrx_word' id='word_1_115' title='bbox 186 1507 253 1544; x_wconf 88' lang='lat' dir='ltr'>ex</span> <span class='ocrx_word' id='word_1_116' title='bbox 286 1493 404 1545; x_wconf 90' lang='lat' dir='ltr'>Deo</span> <span class='ocrx_word' id='word_1_117' title='bbox 431 1492 516 1544; x_wconf 92' lang='lat' dir='ltr'>est</span> <span class='ocrx_word' id='word_1_118' title='bbox 539 1489 589 1560; x_wconf 91' lang='grc' dir='ltr'>(Ι</span> <span class='ocrx_word' id='word_1_119' title='bbox 611 1491 766 1544; x_wconf 82' lang='lat' dir='ltr'>Joan.</span> <span class='ocrx_word' id='word_1_120' title='bbox 799 1505 874 1558; x_wconf 82' lang='lat' dir='ltr'>1v,</span> <span class='ocrx_word' id='word_1_121' title='bbox 907 1491 980 1556; x_wconf 90' lang='lat'>7).</span> <span class='ocrx_word' id='word_1_122' title='bbox 1012 1511 1039 1537; x_wconf 88' lang='grc'><strong>››</strong></span> <span class='ocrx_word' id='word_1_123' title='bbox 1071 1491 1211 1545; x_wconf 89' lang='lat' dir='ltr'>Item</span> <span class='ocrx_word' id='word_1_124' title='bbox 1239 1490 1440 1562; x_wconf 89' lang='lat' dir='ltr'>quinto</span> <span class='ocrx_word' id='word_1_125' title='bbox 1472 1491 1737 1560; x_wconf 90' lang='lat' dir='ltr'>capitulo,</span> <span class='ocrx_word' id='word_1_126' title='bbox 1771 1495 1832 1545; x_wconf 91' lang='lat' dir='ltr'>ut</span> 
     </span>
    </p>
   </div>
   <div class='ocr_carea' id='block_1_17' title="bbox 187 1581 1830 1655">
    <p class='ocr_par' dir='ltr' id='par_1_17' title="bbox 187 1581 1830 1655">
     <span class='ocr_line' id='line_1_17' title="bbox 187 1581 1830 1655; baseline 0.001 -18"><span class='ocrx_word' id='word_1_127' title='bbox 187 1583 452 1655; x_wconf 86' lang='lat' dir='ltr'>quisquis</span> <span class='ocrx_word' id='word_1_128' title='bbox 495 1581 698 1638; x_wconf 82' lang='lat' dir='ltr'>dixerit</span> <span class='ocrx_word' id='word_1_129' title='bbox 739 1582 868 1637; x_wconf 92' lang='lat' dir='ltr'>ideo</span> <span class='ocrx_word' id='word_1_130' title='bbox 913 1582 1082 1638; x_wconf 92' lang='lat' dir='ltr'>nobis</span> <span class='ocrx_word' id='word_1_131' title='bbox 1130 1583 1376 1654; x_wconf 82' lang='lat' dir='ltr'>gratiam</span> <span class='ocrx_word' id='word_1_132' title='bbox 1413 1583 1830 1654; x_wconf 86' lang='lat' dir='ltr'>justiﬁcationis</span> 
     </span>
    </p>
   </div>
   <div class='ocr_carea' id='block_1_18' title="bbox 184 1676 1832 1749">
    <p class='ocr_par' dir='ltr' id='par_1_18' title="bbox 184 1676 1832 1749">
     <span class='ocr_line' id='line_1_18' title="bbox 184 1676 1832 1749; baseline 0 -17"><span class='ocrx_word' id='word_1_133' title='bbox 184 1678 340 1746; x_wconf 89' lang='lat' dir='ltr'>dari,</span> <span class='ocrx_word' id='word_1_134' title='bbox 364 1682 426 1732; x_wconf 93' lang='lat' dir='ltr'>ut</span> <span class='ocrx_word' id='word_1_135' title='bbox 451 1677 599 1749; x_wconf 86' lang='lat' dir='ltr'>quod</span> <span class='ocrx_word' id='word_1_136' title='bbox 628 1676 817 1731; x_wconf 90' lang='lat' dir='ltr'>facere</span> <span class='ocrx_word' id='word_1_137' title='bbox 839 1692 943 1747; x_wconf 90' lang='lat' dir='ltr'>per</span> <span class='ocrx_word' id='word_1_138' title='bbox 963 1676 1210 1732; x_wconf 91' lang='lat' dir='ltr'>liberum</span> <span class='ocrx_word' id='word_1_139' title='bbox 1237 1677 1539 1733; x_wconf 86' lang='lat' dir='ltr'>arbitrium</span> <span class='ocrx_word' id='word_1_140' title='bbox 1559 1678 1832 1748; x_wconf 90' lang='lat' dir='ltr'>jubemur</span> 
     </span>
    </p>
   </div>
   <div class='ocr_carea' id='block_1_19' title="bbox 1933 461 3568 538">
    <p class='ocr_par' dir='ltr' id='par_1_19' title="bbox 1933 461 3568 538">
     <span class='ocr_line' id='line_1_19' title="bbox 1933 461 3568 538; baseline 0.007 -24"><span class='ocrx_word' id='word_1_141' title='bbox 1933 464 2097 532; x_wconf 87' lang='lat' dir='ltr'>getur</span> <span class='ocrx_word' id='word_1_142' title='bbox 2149 461 2334 528; x_wconf 88' lang='lat' dir='ltr'>fortis,</span> <span class='ocrx_word' id='word_1_143' title='bbox 2377 468 2434 518; x_wconf 89' lang='lat' dir='ltr'>et</span> <span class='ocrx_word' id='word_1_144' title='bbox 2462 464 2728 535; x_wconf 89' lang='lat' dir='ltr'>deinceps</span> <span class='ocrx_word' id='word_1_145' title='bbox 2779 481 2912 520; x_wconf 89' lang='lat' dir='ltr'>vasa</span> <span class='ocrx_word' id='word_1_146' title='bbox 2949 465 3071 536; x_wconf 87' lang='lat' dir='ltr'>ejus</span> <span class='ocrx_word' id='word_1_147' title='bbox 3117 467 3462 538; x_wconf 80' lang='lat' dir='ltr'>diripiantur</span> <span class='ocrx_word' id='word_1_148' title='bbox 3507 471 3568 527; x_wconf 91' lang='lat' dir='ltr'>in</span> 
     </span>
    </p>
   </div>
   <div class='ocr_carea' id='block_1_20' title="bbox 1932 554 3571 632">
    <p class='ocr_par' dir='ltr' id='par_1_20' title="bbox 1932 554 3571 632">
     <span class='ocr_line' id='line_1_20' title="bbox 1932 554 3571 632; baseline 0.007 -25"><span class='ocrx_word' id='word_1_149' title='bbox 1932 554 2345 625; x_wconf 87' lang='lat' dir='ltr'>possessionem</span> <span class='ocrx_word' id='word_1_150' title='bbox 2369 556 2641 611; x_wconf 87' lang='lat' dir='ltr'>translata</span> <span class='ocrx_word' id='word_1_151' title='bbox 2661 557 2911 625; x_wconf 87' lang='lat' dir='ltr'>victoris,</span> <span class='ocrx_word' id='word_1_152' title='bbox 2939 579 2965 607; x_wconf 85' lang='lat'><strong><em>«</em></strong></span> <span class='ocrx_word' id='word_1_153' title='bbox 2988 560 3086 631; x_wconf 90' lang='lat' dir='ltr'>qui</span> <span class='ocrx_word' id='word_1_154' title='bbox 3107 559 3391 632; x_wconf 90' lang='lat' dir='ltr'>captivam</span> <span class='ocrx_word' id='word_1_155' title='bbox 3413 563 3571 619; x_wconf 90' lang='lat' dir='ltr'>ducit</span> 
     </span>
    </p>
   </div>
   <div class='ocr_carea' id='block_1_21' title="bbox 1931 648 3564 727">
    <p class='ocr_par' dir='ltr' id='par_1_21' title="bbox 1931 648 3564 727">
     <span class='ocr_line' id='line_1_21' title="bbox 1931 648 3564 727; baseline 0.003 -26"><span class='ocrx_word' id='word_1_156' title='bbox 1931 648 2338 718; x_wconf 88' lang='lat' dir='ltr'>captivitatem,</span> <span class='ocrx_word' id='word_1_157' title='bbox 2366 654 2421 703; x_wconf 91' lang='lat' dir='ltr'>et</span> <span class='ocrx_word' id='word_1_158' title='bbox 2448 649 2545 703; x_wconf 91' lang='lat' dir='ltr'>dat</span> <span class='ocrx_word' id='word_1_159' title='bbox 2565 650 2717 704; x_wconf 89' lang='lat' dir='ltr'>dona</span> <span class='ocrx_word' id='word_1_160' title='bbox 2737 651 3066 708; x_wconf 90' lang='lat' dir='ltr'>hominibus</span> <span class='ocrx_word' id='word_1_161' title='bbox 3093 654 3306 724; x_wconf 82' lang='lat' dir='ltr'>(Ephes.</span> <span class='ocrx_word' id='word_1_162' title='bbox 3330 671 3408 722; x_wconf 84' lang='lat' dir='ltr'>1x,</span> <span class='ocrx_word' id='word_1_163' title='bbox 3432 657 3503 727; x_wconf 91' lang='lat'>8).</span> <span class='ocrx_word' id='word_1_164' title='bbox 3536 677 3564 706; x_wconf 74' lang='grc' dir='ltr'><strong>η</strong></span> 
     </span>
    </p>
   </div>
   <div class='ocr_carea' id='block_1_22' title="bbox 1932 741 3567 817">
    <p class='ocr_par' dir='ltr' id='par_1_22' title="bbox 1932 741 3567 817">
     <span class='ocr_line' id='line_1_22' title="bbox 1932 741 3567 817; baseline 0.006 -23"><span class='ocrx_word' id='word_1_165' title='bbox 1932 741 2028 795; x_wconf 85' lang='lat' dir='ltr'>His</span> <span class='ocrx_word' id='word_1_166' title='bbox 2055 757 2192 812; x_wconf 91' lang='lat' dir='ltr'>ergo</span> <span class='ocrx_word' id='word_1_167' title='bbox 2221 741 2604 797; x_wconf 85' lang='lat' dir='ltr'>ecclesiasticis</span> <span class='ocrx_word' id='word_1_168' title='bbox 2635 760 2705 798; x_wconf 87' lang='lat' dir='ltr'>ex</span> <span class='ocrx_word' id='word_1_169' title='bbox 2731 743 2921 799; x_wconf 87' lang='lat' dir='ltr'>divina</span> <span class='ocrx_word' id='word_1_170' title='bbox 2953 747 3198 817; x_wconf 89' lang='lat' dir='ltr'>sumptis</span> <span class='ocrx_word' id='word_1_171' title='bbox 3236 749 3567 805; x_wconf 84' lang='lat' dir='ltr'>auctoritate</span> 
     </span>
    </p>
   </div>
   <div class='ocr_carea' id='block_1_23' title="bbox 1933 834 3567 910">
    <p class='ocr_par' dir='ltr' id='par_1_23' title="bbox 1933 834 3567 910">
     <span class='ocr_line' id='line_1_23' title="bbox 1933 834 3567 910; baseline 0.006 -22"><span class='ocrx_word' id='word_1_172' title='bbox 1933 834 2290 890; x_wconf 91' lang='lat' dir='ltr'>documentis</span> <span class='ocrx_word' id='word_1_173' title='bbox 2308 835 2405 904; x_wconf 88' lang='lat' dir='ltr'>ita,</span> <span class='ocrx_word' id='word_1_174' title='bbox 2431 835 2519 906; x_wconf 91' lang='lat' dir='ltr'>adj</span> <span class='ocrx_word' id='word_1_175' title='bbox 2529 842 2735 892; x_wconf 91' lang='lat' dir='ltr'>uvante</span> <span class='ocrx_word' id='word_1_176' title='bbox 2751 839 3014 908; x_wconf 89' lang='lat' dir='ltr'>Domino,</span> <span class='ocrx_word' id='word_1_177' title='bbox 3035 841 3333 896; x_wconf 84' lang='lat' dir='ltr'>confortati</span> <span class='ocrx_word' id='word_1_178' title='bbox 3348 859 3567 910; x_wconf 89' lang='lat' dir='ltr'>sumus,</span> 
     </span>
    </p>
   </div>
   <div class='ocr_carea' id='block_1_24' title="bbox 1934 929 3570 1006">
    <p class='ocr_par' dir='ltr' id='par_1_24' title="bbox 1934 929 3570 1006">
     <span class='ocr_line' id='line_1_24' title="bbox 1934 929 3570 1006; baseline 0.006 -24"><span class='ocrx_word' id='word_1_179' title='bbox 1934 933 1995 983; x_wconf 90' lang='lat' dir='ltr'>ut</span> <span class='ocrx_word' id='word_1_180' title='bbox 2033 929 2292 983; x_wconf 92' lang='lat' dir='ltr'>omnium</span> <span class='ocrx_word' id='word_1_181' title='bbox 2339 929 2625 984; x_wconf 89' lang='lat' dir='ltr'>bonorum</span> <span class='ocrx_word' id='word_1_182' title='bbox 2665 929 2974 986; x_wconf 70' lang='lat' dir='ltr'>affectuum</span> <span class='ocrx_word' id='word_1_183' title='bbox 3024 935 3195 1004; x_wconf 91' lang='lat' dir='ltr'>atque</span> <span class='ocrx_word' id='word_1_184' title='bbox 3247 951 3485 1006; x_wconf 90' lang='lat' dir='ltr'>operum</span> <span class='ocrx_word' id='word_1_185' title='bbox 3513 941 3570 992; x_wconf 92' lang='lat' dir='ltr'>et</span> 
     </span>
    </p>
   </div>
   <div class='ocr_carea' id='block_1_25' title="bbox 1932 1021 3570 1099">
    <p class='ocr_par' dir='ltr' id='par_1_25' title="bbox 1932 1021 3570 1099">
     <span class='ocr_line' id='line_1_25' title="bbox 1932 1021 3570 1099; baseline 0.006 -25"><span class='ocrx_word' id='word_1_186' title='bbox 1932 1021 2193 1076; x_wconf 88' lang='lat' dir='ltr'>omnium</span> <span class='ocrx_word' id='word_1_187' title='bbox 2215 1021 2532 1077; x_wconf 89' lang='lat' dir='ltr'>studiorum</span> <span class='ocrx_word' id='word_1_188' title='bbox 2557 1022 2930 1095; x_wconf 90' lang='lat' dir='ltr'>omniumque</span> <span class='ocrx_word' id='word_1_189' title='bbox 2955 1025 3248 1093; x_wconf 89' lang='lat' dir='ltr'>virtutum,</span> <span class='ocrx_word' id='word_1_190' title='bbox 3275 1029 3480 1099; x_wconf 89' lang='lat' dir='ltr'>quibus</span> <span class='ocrx_word' id='word_1_191' title='bbox 3499 1029 3570 1084; x_wconf 89' lang='lat' dir='ltr'>ab</span> 
     </span>
    </p>
   </div>
   <div class='ocr_carea' id='block_1_26' title="bbox 1930 1114 3570 1186">
    <p class='ocr_par' dir='ltr' id='par_1_26' title="bbox 1930 1114 3570 1186">
     <span class='ocr_line' id='line_1_26' title="bbox 1930 1114 3570 1186; baseline 0.005 -18"><span class='ocrx_word' id='word_1_192' title='bbox 1930 1114 2092 1168; x_wconf 90' lang='lat' dir='ltr'>initio</span> <span class='ocrx_word' id='word_1_193' title='bbox 2117 1115 2248 1170; x_wconf 83' lang='lat' dir='ltr'>tidei</span> <span class='ocrx_word' id='word_1_194' title='bbox 2274 1116 2342 1170; x_wconf 85' lang='lat' dir='ltr'>ad</span> <span class='ocrx_word' id='word_1_195' title='bbox 2373 1116 2553 1180; x_wconf 90' lang='lat' dir='ltr'>Deum</span> <span class='ocrx_word' id='word_1_196' title='bbox 2575 1116 2848 1186; x_wconf 85' lang='lat' dir='ltr'>tenditur,</span> <span class='ocrx_word' id='word_1_197' title='bbox 2881 1119 3056 1172; x_wconf 90' lang='lat' dir='ltr'>Deum</span> <span class='ocrx_word' id='word_1_198' title='bbox 3078 1119 3358 1175; x_wconf 85' lang='lat' dir='ltr'>fateamur</span> <span class='ocrx_word' id='word_1_199' title='bbox 3379 1127 3570 1178; x_wconf 87' lang='lat' dir='ltr'>aucto-</span> 
     </span>
    </p>
   </div>
   <div class='ocr_carea' id='block_1_27' title="bbox 1930 1209 3571 1281">
    <p class='ocr_par' dir='ltr' id='par_1_27' title="bbox 1930 1209 3571 1281">
     <span class='ocr_line' id='line_1_27' title="bbox 1930 1209 3571 1281; baseline 0.005 -19"><span class='ocrx_word' id='word_1_200' title='bbox 1930 1225 2075 1277; x_wconf 89' lang='lat' dir='ltr'>rem,</span> <span class='ocrx_word' id='word_1_201' title='bbox 2101 1213 2157 1263; x_wconf 88' lang='lat' dir='ltr'>et</span> <span class='ocrx_word' id='word_1_202' title='bbox 2177 1225 2293 1262; x_wconf 90' lang='lat' dir='ltr'>non</span> <span class='ocrx_word' id='word_1_203' title='bbox 2315 1209 2641 1264; x_wconf 88' lang='lat' dir='ltr'>dubitemus</span> <span class='ocrx_word' id='word_1_204' title='bbox 2662 1210 2735 1265; x_wconf 91' lang='lat' dir='ltr'>ad</span> <span class='ocrx_word' id='word_1_205' title='bbox 2763 1210 2939 1281; x_wconf 86' lang='lat' dir='ltr'>ipsius</span> <span class='ocrx_word' id='word_1_206' title='bbox 2960 1211 3144 1281; x_wconf 90' lang='lat' dir='ltr'>gratia</span> <span class='ocrx_word' id='word_1_207' title='bbox 3173 1214 3366 1268; x_wconf 90' lang='lat' dir='ltr'>omnia</span> <span class='ocrx_word' id='word_1_208' title='bbox 3386 1214 3571 1269; x_wconf 83' lang='lat' dir='ltr'>homi-</span> 
     </span>
    </p>
   </div>
   <div class='ocr_carea' id='block_1_28' title="bbox 1929 1301 3572 1378">
    <p class='ocr_par' dir='ltr' id='par_1_28' title="bbox 1929 1301 3572 1378">
     <span class='ocr_line' id='line_1_28' title="bbox 1929 1301 3572 1378; baseline 0.005 -23"><span class='ocrx_word' id='word_1_209' title='bbox 1929 1302 2017 1356; x_wconf 89' lang='lat' dir='ltr'>nis</span> <span class='ocrx_word' id='word_1_210' title='bbox 2045 1302 2251 1356; x_wconf 90' lang='lat' dir='ltr'>merita</span> <span class='ocrx_word' id='word_1_211' title='bbox 2277 1301 2598 1372; x_wconf 69' lang='lat' dir='ltr'>praaveniri,</span> <span class='ocrx_word' id='word_1_212' title='bbox 2629 1320 2733 1374; x_wconf 90' lang='lat' dir='ltr'>per</span> <span class='ocrx_word' id='word_1_213' title='bbox 2754 1320 2926 1375; x_wconf 88' lang='lat' dir='ltr'>quem</span> <span class='ocrx_word' id='word_1_214' title='bbox 2952 1305 3017 1358; x_wconf 80' lang='lat' dir='ltr'>fit</span> <span class='ocrx_word' id='word_1_215' title='bbox 3044 1310 3103 1360; x_wconf 93' lang='lat' dir='ltr'>ut</span> <span class='ocrx_word' id='word_1_216' title='bbox 3122 1305 3337 1378; x_wconf 89' lang='lat' dir='ltr'>aliquid</span> <span class='ocrx_word' id='word_1_217' title='bbox 3355 1307 3494 1362; x_wconf 93' lang='lat' dir='ltr'>boni</span> <span class='ocrx_word' id='word_1_218' title='bbox 3515 1315 3572 1364; x_wconf 91' lang='lat' dir='ltr'>et</span> 
     </span>
    </p>
   </div>
   <div class='ocr_carea' id='block_1_29' title="bbox 1929 1395 3573 1470">
    <p class='ocr_par' dir='ltr' id='par_1_29' title="bbox 1929 1395 3573 1470">
     <span class='ocr_line' id='line_1_29' title="bbox 1929 1395 3573 1470; baseline 0.005 -22"><span class='ocrx_word' id='word_1_219' title='bbox 1929 1395 2074 1449; x_wconf 87' lang='lat' dir='ltr'>velle</span> <span class='ocrx_word' id='word_1_220' title='bbox 2113 1395 2453 1466; x_wconf 87' lang='lat' dir='ltr'>incipiamus</span> <span class='ocrx_word' id='word_1_221' title='bbox 2501 1401 2557 1451; x_wconf 90' lang='lat' dir='ltr'>et</span> <span class='ocrx_word' id='word_1_222' title='bbox 2594 1397 2801 1452; x_wconf 88' lang='lat' dir='ltr'>facere.</span> <span class='ocrx_word' id='word_1_223' title='bbox 2851 1397 3010 1461; x_wconf 89' lang='lat' dir='ltr'>Quod</span> <span class='ocrx_word' id='word_1_224' title='bbox 3045 1398 3243 1470; x_wconf 86' lang='lat' dir='ltr'>utique</span> <span class='ocrx_word' id='word_1_225' title='bbox 3272 1400 3482 1455; x_wconf 80' lang='lat' dir='ltr'>auxilio</span> <span class='ocrx_word' id='word_1_226' title='bbox 3515 1408 3573 1457; x_wconf 90' lang='lat' dir='ltr'>et</span> 
     </span>
    </p>
   </div>
   <div class='ocr_carea' id='block_1_30' title="bbox 1929 1489 3574 1562">
    <p class='ocr_par' dir='ltr' id='par_1_30' title="bbox 1929 1489 3574 1562">
     <span class='ocr_line' id='line_1_30' title="bbox 1929 1489 3574 1562; baseline 0.004 -19"><span class='ocrx_word' id='word_1_227' title='bbox 1929 1505 2170 1544; x_wconf 90' lang='lat' dir='ltr'>munere</span> <span class='ocrx_word' id='word_1_228' title='bbox 2195 1489 2290 1544; x_wconf 91' lang='lat' dir='ltr'>Dei</span> <span class='ocrx_word' id='word_1_229' title='bbox 2308 1505 2421 1542; x_wconf 90' lang='lat' dir='ltr'>non</span> <span class='ocrx_word' id='word_1_230' title='bbox 2442 1489 2696 1545; x_wconf 87' lang='lat' dir='ltr'>aufertur</span> <span class='ocrx_word' id='word_1_231' title='bbox 2715 1490 2959 1546; x_wconf 88' lang='lat' dir='ltr'>liberum</span> <span class='ocrx_word' id='word_1_232' title='bbox 2980 1492 3298 1562; x_wconf 89' lang='lat' dir='ltr'>arbitrium,</span> <span class='ocrx_word' id='word_1_233' title='bbox 3323 1494 3422 1549; x_wconf 92' lang='lat' dir='ltr'>sed</span> <span class='ocrx_word' id='word_1_234' title='bbox 3442 1494 3574 1550; x_wconf 54' lang='lat' dir='ltr'>libeb</span> 
     </span>
    </p>
   </div>
   <div class='ocr_carea' id='block_1_31' title="bbox 1929 1582 3572 1658">
    <p class='ocr_par' dir='ltr' id='par_1_31' title="bbox 1929 1582 3572 1658">
     <span class='ocr_line' id='line_1_31' title="bbox 1929 1582 3572 1658; baseline 0.005 -23"><span class='ocrx_word' id='word_1_235' title='bbox 1929 1585 2107 1650; x_wconf 89' lang='lat' dir='ltr'>ratur,</span> <span class='ocrx_word' id='word_1_236' title='bbox 2139 1587 2204 1636; x_wconf 91' lang='lat' dir='ltr'>ut</span> <span class='ocrx_word' id='word_1_237' title='bbox 2241 1582 2312 1636; x_wconf 93' lang='lat' dir='ltr'>de</span> <span class='ocrx_word' id='word_1_238' title='bbox 2347 1583 2644 1638; x_wconf 83' lang='lat' dir='ltr'>tenebroso</span> <span class='ocrx_word' id='word_1_239' title='bbox 2679 1583 2955 1653; x_wconf 91' lang='lat' dir='ltr'>lucidum,</span> <span class='ocrx_word' id='word_1_240' title='bbox 3000 1585 3070 1639; x_wconf 90' lang='lat' dir='ltr'>de</span> <span class='ocrx_word' id='word_1_241' title='bbox 3110 1603 3284 1657; x_wconf 90' lang='lat' dir='ltr'>pravo</span> <span class='ocrx_word' id='word_1_242' title='bbox 3327 1592 3572 1658; x_wconf 86' lang='lat' dir='ltr'>rectum,</span> 
     </span>
    </p>
   </div>
   <div class='ocr_carea' id='block_1_32' title="bbox 1931 1674 3568 1752">
    <p class='ocr_par' dir='ltr' id='par_1_32' title="bbox 1931 1674 3568 1752">
     <span class='ocr_line' id='line_1_32' title="bbox 1931 1674 3568 1752; baseline 0.005 -23"><span class='ocrx_word' id='word_1_243' title='bbox 1931 1675 2000 1729; x_wconf 91' lang='lat' dir='ltr'>de</span> <span class='ocrx_word' id='word_1_244' title='bbox 2047 1674 2323 1746; x_wconf 84' lang='lat' dir='ltr'>languido</span> <span class='ocrx_word' id='word_1_245' title='bbox 2363 1691 2586 1743; x_wconf 91' lang='lat' dir='ltr'>sauum,</span> <span class='ocrx_word' id='word_1_246' title='bbox 2635 1677 2705 1730; x_wconf 90' lang='lat' dir='ltr'>de</span> <span class='ocrx_word' id='word_1_247' title='bbox 2757 1677 3090 1749; x_wconf 89' lang='lat' dir='ltr'>impudente</span> <span class='ocrx_word' id='word_1_248' title='bbox 3140 1679 3212 1735; x_wconf 88' lang='lat' dir='ltr'>sit</span> <span class='ocrx_word' id='word_1_249' title='bbox 3247 1681 3568 1752; x_wconf 88' lang='lat' dir='ltr'>providum.</span> 
     </span>
    </p>
   </div>
   <div class='ocr_carea' id='block_1_33' title="bbox 181 1745 3574 1843">
    <p class='ocr_par' dir='ltr' id='par_1_33' title="bbox 181 1745 3574 1843">
     <span class='ocr_line' id='line_1_33' title="bbox 181 1745 3574 1843; baseline 0.001 -17"><span class='ocrx_word' id='word_1_250' title='bbox 181 1771 414 1826; x_wconf 87' lang='lat' dir='ltr'>facilius</span> <span class='ocrx_word' id='word_1_251' title='bbox 442 1745 721 1842; x_wconf 76' lang='lat' dir='ltr'>possimus</span> <span class='ocrx_word' id='word_1_252' title='bbox 756 1745 999 1842; x_wconf 83' lang='lat' dir='ltr'>implere</span> <span class='ocrx_word' id='word_1_253' title='bbox 1030 1787 1132 1842; x_wconf 90' lang='lat' dir='ltr'>per</span> <span class='ocrx_word' id='word_1_254' title='bbox 1171 1770 1433 1842; x_wconf 80' lang='lat' dir='ltr'>gratiam,</span> <span class='ocrx_word' id='word_1_255' title='bbox 1468 1745 1747 1843; x_wconf 36' lang='lat' dir='ltr'>tan—quam</span> <span class='ocrx_word' id='word_1_256' title='bbox 1777 1745 1908 1828; x_wconf 82' lang='lat' dir='ltr'>etB</span> <span class='ocrx_word' id='word_1_257' title='bbox 1931 1771 2108 1824; x_wconf 87' lang='lat' dir='ltr'>Tanta</span> <span class='ocrx_word' id='word_1_258' title='bbox 2134 1745 2289 1824; x_wconf 82' lang='lat' dir='ltr'>enim</span> <span class='ocrx_word' id='word_1_259' title='bbox 2319 1786 2457 1841; x_wconf 91' lang='lat' dir='ltr'>erga</span> <span class='ocrx_word' id='word_1_260' title='bbox 2487 1786 2689 1825; x_wconf 87' lang='lat' dir='ltr'>omnes</span> <span class='ocrx_word' id='word_1_261' title='bbox 2716 1745 2977 1826; x_wconf 74' lang='lat' dir='ltr'>homines</span> <span class='ocrx_word' id='word_1_262' title='bbox 3003 1776 3088 1827; x_wconf 92' lang='lat' dir='ltr'>est</span> <span class='ocrx_word' id='word_1_263' title='bbox 3112 1745 3334 1828; x_wconf 76' lang='lat' dir='ltr'>bonitas</span> <span class='ocrx_word' id='word_1_264' title='bbox 3360 1775 3478 1843; x_wconf 93' lang='lat' dir='ltr'>Dei,</span> <span class='ocrx_word' id='word_1_265' title='bbox 3510 1780 3574 1830; x_wconf 87' lang='lat' dir='ltr'>ut</span> 
     </span>
    </p>
   </div>
   <div class='ocr_carea' id='block_1_34' title="bbox 181 1864 1828 1936">
    <p class='ocr_par' dir='ltr' id='par_1_34' title="bbox 181 1864 1828 1936">
     <span class='ocr_line' id='line_1_34' title="bbox 181 1864 1828 1936; baseline 0.001 -16"><span class='ocrx_word' id='word_1_266' title='bbox 181 1867 230 1920; x_wconf 87' lang='lat' dir='ltr'>si</span> <span class='ocrx_word' id='word_1_267' title='bbox 262 1865 450 1936; x_wconf 89' lang='lat' dir='ltr'>gratia</span> <span class='ocrx_word' id='word_1_268' title='bbox 473 1881 588 1919; x_wconf 90' lang='lat' dir='ltr'>non</span> <span class='ocrx_word' id='word_1_269' title='bbox 617 1865 848 1920; x_wconf 87' lang='lat' dir='ltr'>daretur</span> <span class='ocrx_word' id='word_1_270' title='bbox 876 1881 993 1918; x_wconf 91' lang='lat' dir='ltr'>non</span> <span class='ocrx_word' id='word_1_271' title='bbox 1023 1864 1256 1936; x_wconf 89' lang='lat' dir='ltr'>quidem</span> <span class='ocrx_word' id='word_1_272' title='bbox 1282 1865 1468 1930; x_wconf 86' lang='lat' dir='ltr'>facile,</span> <span class='ocrx_word' id='word_1_273' title='bbox 1502 1866 1600 1920; x_wconf 92' lang='lat' dir='ltr'>sed</span> <span class='ocrx_word' id='word_1_274' title='bbox 1632 1868 1828 1922; x_wconf 91' lang='lat' dir='ltr'>tamen</span> 
     </span>
    </p>
   </div>
   <div class='ocr_carea' id='block_1_35' title="bbox 182 1957 1826 2031">
    <p class='ocr_par' dir='ltr' id='par_1_35' title="bbox 182 1957 1826 2031">
     <span class='ocr_line' id='line_1_35' title="bbox 182 1957 1826 2031; baseline 0 -17"><span class='ocrx_word' id='word_1_275' title='bbox 182 1961 474 2031; x_wconf 87' lang='lat' dir='ltr'>possimus</span> <span class='ocrx_word' id='word_1_276' title='bbox 506 1958 678 2013; x_wconf 89' lang='lat' dir='ltr'>etiam</span> <span class='ocrx_word' id='word_1_277' title='bbox 706 1957 828 2013; x_wconf 91' lang='lat' dir='ltr'>sine</span> <span class='ocrx_word' id='word_1_278' title='bbox 879 1957 974 2012; x_wconf 89' lang='lat' dir='ltr'>illa</span> <span class='ocrx_word' id='word_1_279' title='bbox 1015 1957 1205 2012; x_wconf 90' lang='lat' dir='ltr'>divina</span> <span class='ocrx_word' id='word_1_280' title='bbox 1250 1957 1490 2030; x_wconf 92' lang='lat' dir='ltr'>implere</span> <span class='ocrx_word' id='word_1_281' title='bbox 1536 1961 1826 2027; x_wconf 90' lang='lat' dir='ltr'>mandata,</span> 
     </span>
    </p>
   </div>
   <div class='ocr_carea' id='block_1_36' title="bbox 187 2051 1832 2108">
    <p class='ocr_par' dir='ltr' id='par_1_36' title="bbox 187 2051 1832 2108">
     <span class='ocr_line' id='line_1_36' title="bbox 187 2051 1832 2108; baseline 0.001 -1"><span class='ocrx_word' id='word_1_282' title='bbox 187 2053 501 2108; x_wconf 86' lang='lat' dir='ltr'>anathema</span> <span class='ocrx_word' id='word_1_283' title='bbox 539 2053 629 2107; x_wconf 92' lang='lat' dir='ltr'>sit.</span> <span class='ocrx_word' id='word_1_284' title='bbox 676 2053 755 2106; x_wconf 92' lang='lat' dir='ltr'>De</span> <span class='ocrx_word' id='word_1_285' title='bbox 794 2051 1070 2106; x_wconf 87' lang='lat' dir='ltr'>fructibus</span> <span class='ocrx_word' id='word_1_286' title='bbox 1102 2051 1259 2106; x_wconf 88' lang='lat' dir='ltr'>enim</span> <span class='ocrx_word' id='word_1_287' title='bbox 1300 2052 1702 2108; x_wconf 88' lang='lat' dir='ltr'>mandatorum</span> <span class='ocrx_word' id='word_1_288' title='bbox 1727 2055 1832 2108; x_wconf 88' lang='lat' dir='ltr'>Do-</span> 
     </span>
    </p>
   </div>
   <div class='ocr_carea' id='block_1_37' title="bbox 182 2145 1830 2217">
    <p class='ocr_par' dir='ltr' id='par_1_37' title="bbox 182 2145 1830 2217">
     <span class='ocr_line' id='line_1_37' title="bbox 182 2145 1830 2217; baseline -0.001 -16"><span class='ocrx_word' id='word_1_289' title='bbox 182 2147 387 2201; x_wconf 85' lang='lat' dir='ltr'>minus</span> <span class='ocrx_word' id='word_1_290' title='bbox 430 2145 795 2217; x_wconf 88' lang='lat' dir='ltr'>loquebatur,</span> <span class='ocrx_word' id='word_1_291' title='bbox 837 2145 934 2200; x_wconf 90' lang='lat' dir='ltr'>ubi</span> <span class='ocrx_word' id='word_1_292' title='bbox 967 2161 1087 2200; x_wconf 91' lang='lat' dir='ltr'>non</span> <span class='ocrx_word' id='word_1_293' title='bbox 1123 2145 1223 2215; x_wconf 90' lang='lat' dir='ltr'>ait,</span> <span class='ocrx_word' id='word_1_294' title='bbox 1263 2145 1384 2200; x_wconf 91' lang='lat' dir='ltr'>sine</span> <span class='ocrx_word' id='word_1_295' title='bbox 1411 2147 1518 2215; x_wconf 56' lang='lat' dir='ltr'>fme</span> <span class='ocrx_word' id='word_1_296' title='bbox 1548 2145 1830 2202; x_wconf 74' lang='lat' dir='ltr'>difﬁcilius</span> 
     </span>
    </p>
   </div>
   <div class='ocr_carea' id='block_1_38' title="bbox 181 2239 1829 2313">
    <p class='ocr_par' dir='ltr' id='par_1_38' title="bbox 181 2239 1829 2313">
     <span class='ocr_line' id='line_1_38' title="bbox 181 2239 1829 2313; baseline 0.001 -18"><span class='ocrx_word' id='word_1_297' title='bbox 181 2241 430 2313; x_wconf 87' lang='lat' dir='ltr'>potestis</span> <span class='ocrx_word' id='word_1_298' title='bbox 452 2239 652 2306; x_wconf 87' lang='lat' dir='ltr'>facere,</span> <span class='ocrx_word' id='word_1_299' title='bbox 675 2239 775 2294; x_wconf 91' lang='lat' dir='ltr'>sed</span> <span class='ocrx_word' id='word_1_300' title='bbox 791 2239 892 2308; x_wconf 86' lang='lat' dir='ltr'>ait,</span> <span class='ocrx_word' id='word_1_301' title='bbox 923 2260 950 2288; x_wconf 87' lang='lat'><strong>«</strong></span> <span class='ocrx_word' id='word_1_302' title='bbox 973 2239 1094 2294; x_wconf 90' lang='lat' dir='ltr'>sine</span> <span class='ocrx_word' id='word_1_303' title='bbox 1112 2255 1204 2295; x_wconf 89' lang='lat' dir='ltr'>me</span> <span class='ocrx_word' id='word_1_304' title='bbox 1225 2239 1368 2294; x_wconf 89' lang='lat' dir='ltr'>nihil</span> <span class='ocrx_word' id='word_1_305' title='bbox 1390 2239 1624 2311; x_wconf 88' lang='lat' dir='ltr'>potestis</span> <span class='ocrx_word' id='word_1_306' title='bbox 1641 2241 1829 2296; x_wconf 89' lang='lat' dir='ltr'>facere</span> 
     </span>
    </p>
   </div>
   <div class='ocr_carea' id='block_1_39' title="bbox 182 2335 660 2404">
    <p class='ocr_par' dir='ltr' id='par_1_39' title="bbox 182 2335 660 2404">
     <span class='ocr_line' id='line_1_39' title="bbox 182 2335 660 2404; baseline -0.006 -14"><span class='ocrx_word' id='word_1_307' title='bbox 182 2337 372 2404; x_wconf 86' lang='lat' dir='ltr'>(Joan.</span> <span class='ocrx_word' id='word_1_308' title='bbox 407 2350 496 2402; x_wconf 90' lang='lat' dir='ltr'>xv,</span> <span class='ocrx_word' id='word_1_309' title='bbox 529 2335 600 2402; x_wconf 83' lang='lat'>5).</span> <span class='ocrx_word' id='word_1_310' title='bbox 633 2354 660 2382; x_wconf 86' lang='lat'>»</span> 
     </span>
    </p>
   </div>
   <div class='ocr_carea' id='block_1_40' title="bbox 261 2426 1828 2500">
    <p class='ocr_par' dir='ltr' id='par_1_40' title="bbox 261 2426 1828 2500">
     <span class='ocr_line' id='line_1_40' title="bbox 261 2426 1828 2500; baseline 0 -17"><span class='ocrx_word' id='word_1_311' title='bbox 261 2429 352 2484; x_wconf 79' lang='lat' dir='ltr'>XI.</span> <span class='ocrx_word' id='word_1_312' title='bbox 399 2429 613 2482; x_wconf 68' lang='lat' dir='ltr'>Praeter</span> <span class='ocrx_word' id='word_1_313' title='bbox 657 2442 749 2482; x_wconf 90' lang='lat' dir='ltr'>eas</span> <span class='ocrx_word' id='word_1_314' title='bbox 797 2433 992 2481; x_wconf 90' lang='lat' dir='ltr'>autem</span> <span class='ocrx_word' id='word_1_315' title='bbox 1034 2426 1376 2483; x_wconf 65' lang='lat' dir='ltr'>beatissima;</span> <span class='ocrx_word' id='word_1_316' title='bbox 1423 2432 1478 2482; x_wconf 90' lang='lat' dir='ltr'>et</span> <span class='ocrx_word' id='word_1_317' title='bbox 1503 2427 1828 2500; x_wconf 70' lang='lat' dir='ltr'>apostolicae</span> 
     </span>
    </p>
   </div>
   <div class='ocr_carea' id='block_1_41' title="bbox 179 2520 1827 2592">
    <p class='ocr_par' dir='ltr' id='par_1_41' title="bbox 179 2520 1827 2592">
     <span class='ocr_line' id='line_1_41' title="bbox 179 2520 1827 2592; baseline -0.001 -14"><span class='ocrx_word' id='word_1_318' title='bbox 179 2523 357 2579; x_wconf 88' lang='lat' dir='ltr'>Sedis</span> <span class='ocrx_word' id='word_1_319' title='bbox 399 2520 749 2576; x_wconf 89' lang='lat' dir='ltr'>inviolabiles</span> <span class='ocrx_word' id='word_1_320' title='bbox 792 2521 1136 2588; x_wconf 87' lang='lat' dir='ltr'>sanctiones,</span> <span class='ocrx_word' id='word_1_321' title='bbox 1197 2521 1402 2592; x_wconf 91' lang='lat' dir='ltr'>quibus</span> <span class='ocrx_word' id='word_1_322' title='bbox 1447 2538 1550 2576; x_wconf 92' lang='lat' dir='ltr'>nos</span> <span class='ocrx_word' id='word_1_323' title='bbox 1587 2521 1827 2592; x_wconf 91' lang='lat' dir='ltr'>piissimi</span> 
     </span>
    </p>
   </div>
   <div class='ocr_carea' id='block_1_42' title="bbox 174 2614 1829 2687">
    <p class='ocr_par' dir='ltr' id='par_1_42' title="bbox 174 2614 1829 2687">
     <span class='ocr_line' id='line_1_42' title="bbox 174 2614 1829 2687; baseline -0.001 -15"><span class='ocrx_word' id='word_1_324' title='bbox 174 2619 385 2672; x_wconf 87' lang='lat' dir='ltr'>Patres</span> <span class='ocrx_word' id='word_1_325' title='bbox 409 2615 694 2687; x_wconf 65' lang='lat' dir='ltr'>pestiferas</span> <span class='ocrx_word' id='word_1_326' title='bbox 722 2614 990 2670; x_wconf 85' lang='lat' dir='ltr'>novitatis</span> <span class='ocrx_word' id='word_1_327' title='bbox 1030 2614 1274 2670; x_wconf 90' lang='lat' dir='ltr'>elatione</span> <span class='ocrx_word' id='word_1_328' title='bbox 1302 2614 1540 2685; x_wconf 88' lang='lat' dir='ltr'>dejecta,</span> <span class='ocrx_word' id='word_1_329' title='bbox 1581 2618 1638 2668; x_wconf 91' lang='lat' dir='ltr'>et</span> <span class='ocrx_word' id='word_1_330' title='bbox 1664 2615 1829 2670; x_wconf 77' lang='lat' dir='ltr'>bonae</span> 
     </span>
    </p>
   </div>
   <div class='ocr_carea' id='block_1_43' title="bbox 175 2707 1829 2779">
    <p class='ocr_par' dir='ltr' id='par_1_43' title="bbox 175 2707 1829 2779">
     <span class='ocr_line' id='line_1_43' title="bbox 175 2707 1829 2779; baseline 0 -15"><span class='ocrx_word' id='word_1_331' title='bbox 175 2711 500 2766; x_wconf 79' lang='lat' dir='ltr'>voluntatis</span> <span class='ocrx_word' id='word_1_332' title='bbox 523 2709 782 2775; x_wconf 86' lang='lat' dir='ltr'>exordia,</span> <span class='ocrx_word' id='word_1_333' title='bbox 816 2714 874 2764; x_wconf 90' lang='lat' dir='ltr'>et</span> <span class='ocrx_word' id='word_1_334' title='bbox 903 2708 1260 2764; x_wconf 89' lang='lat' dir='ltr'>incrementa</span> <span class='ocrx_word' id='word_1_335' title='bbox 1306 2707 1690 2779; x_wconf 90' lang='lat' dir='ltr'>probabilium</span> <span class='ocrx_word' id='word_1_336' title='bbox 1717 2712 1829 2764; x_wconf 87' lang='lat' dir='ltr'>stu-</span> 
     </span>
    </p>
   </div>
   <div class='ocr_carea' id='block_1_44' title="bbox 175 2801 1828 2875">
    <p class='ocr_par' dir='ltr' id='par_1_44' title="bbox 175 2801 1828 2875">
     <span class='ocr_line' id='line_1_44' title="bbox 175 2801 1828 2875; baseline -0.002 -15"><span class='ocrx_word' id='word_1_337' title='bbox 175 2806 443 2873; x_wconf 88' lang='lat' dir='ltr'>diorum,</span> <span class='ocrx_word' id='word_1_338' title='bbox 491 2806 547 2860; x_wconf 92' lang='lat' dir='ltr'>et</span> <span class='ocrx_word' id='word_1_339' title='bbox 595 2803 677 2858; x_wconf 89' lang='lat' dir='ltr'>eis</span> <span class='ocrx_word' id='word_1_340' title='bbox 713 2819 891 2875; x_wconf 90' lang='lat' dir='ltr'>usque</span> <span class='ocrx_word' id='word_1_341' title='bbox 934 2801 994 2856; x_wconf 91' lang='lat' dir='ltr'>in</span> <span class='ocrx_word' id='word_1_342' title='bbox 1032 2802 1206 2858; x_wconf 85' lang='lat' dir='ltr'>ﬁnem</span> <span class='ocrx_word' id='word_1_343' title='bbox 1244 2801 1730 2873; x_wconf 89' lang='lat' dir='ltr'>perseverantiam</span> <span class='ocrx_word' id='word_1_344' title='bbox 1759 2803 1828 2857; x_wconf 91' lang='lat' dir='ltr'>ad</span> 
     </span>
    </p>
   </div>
   <div class='ocr_carea' id='block_1_45' title="bbox 175 2895 1829 2969">
    <p class='ocr_par' dir='ltr' id='par_1_45' title="bbox 175 2895 1829 2969">
     <span class='ocr_line' id='line_1_45' title="bbox 175 2895 1829 2969; baseline -0.001 -15"><span class='ocrx_word' id='word_1_345' title='bbox 175 2898 397 2955; x_wconf 89' lang='lat' dir='ltr'>Christi</span> <span class='ocrx_word' id='word_1_346' title='bbox 445 2897 688 2969; x_wconf 89' lang='lat' dir='ltr'>gratiam</span> <span class='ocrx_word' id='word_1_347' title='bbox 727 2897 944 2952; x_wconf 88' lang='lat' dir='ltr'>referre</span> <span class='ocrx_word' id='word_1_348' title='bbox 997 2895 1332 2964; x_wconf 90' lang='lat' dir='ltr'>docuerunt,</span> <span class='ocrx_word' id='word_1_349' title='bbox 1375 2895 1829 2952; x_wconf 91' lang='lat' dir='ltr'>obsecrationum</span> 
     </span>
    </p>
   </div>
   <div class='ocr_carea' id='block_1_46' title="bbox 175 2989 1829 3064">
    <p class='ocr_par' dir='ltr' id='par_1_46' title="bbox 175 2989 1829 3064">
     <span class='ocr_line' id='line_1_46' title="bbox 175 2989 1829 3064; baseline -0.002 -17"><span class='ocrx_word' id='word_1_350' title='bbox 175 3007 419 3064; x_wconf 86' lang='lat' dir='ltr'>quoque</span> <span class='ocrx_word' id='word_1_351' title='bbox 448 2990 879 3046; x_wconf 89' lang='lat' dir='ltr'>sacerdotalium</span> <span class='ocrx_word' id='word_1_352' title='bbox 903 2995 1256 3046; x_wconf 89' lang='lat' dir='ltr'>sacramenta</span> <span class='ocrx_word' id='word_1_353' title='bbox 1273 2989 1662 3061; x_wconf 82' lang='lat' dir='ltr'>respiciamus,</span> <span class='ocrx_word' id='word_1_354' title='bbox 1698 3006 1829 3062; x_wconf 84' lang='lat' dir='ltr'>quae</span> 
     </span>
    </p>
   </div>
   <div class='ocr_carea' id='block_1_47' title="bbox 173 3082 1823 3157">
    <p class='ocr_par' dir='ltr' id='par_1_47' title="bbox 173 3082 1823 3157">
     <span class='ocr_line' id='line_1_47' title="bbox 173 3082 1823 3157; baseline -0.002 -15"><span class='ocrx_word' id='word_1_355' title='bbox 173 3087 254 3142; x_wconf 81' lang='lat' dir='ltr'>ab</span> <span class='ocrx_word' id='word_1_356' title='bbox 270 3084 549 3157; x_wconf 89' lang='lat' dir='ltr'>apostolis</span> <span class='ocrx_word' id='word_1_357' title='bbox 573 3083 779 3139; x_wconf 87' lang='lat' dir='ltr'>tradita</span> <span class='ocrx_word' id='word_1_358' title='bbox 805 3083 864 3139; x_wconf 92' lang='lat' dir='ltr'>in</span> <span class='ocrx_word' id='word_1_359' title='bbox 883 3087 1000 3138; x_wconf 92' lang='lat' dir='ltr'>toto</span> <span class='ocrx_word' id='word_1_360' title='bbox 1024 3083 1241 3138; x_wconf 91' lang='lat' dir='ltr'>mundo</span> <span class='ocrx_word' id='word_1_361' title='bbox 1261 3086 1432 3154; x_wconf 90' lang='lat' dir='ltr'>atque</span> <span class='ocrx_word' id='word_1_362' title='bbox 1453 3082 1512 3138; x_wconf 93' lang='lat' dir='ltr'>in</span> <span class='ocrx_word' id='word_1_363' title='bbox 1533 3083 1823 3138; x_wconf 89' lang='lat' dir='ltr'>communi</span> 
     </span>
    </p>
   </div>
   <div class='ocr_carea' id='block_1_48' title="bbox 176 3176 1826 3250">
    <p class='ocr_par' dir='ltr' id='par_1_48' title="bbox 176 3176 1826 3250">
     <span class='ocr_line' id='line_1_48' title="bbox 176 3176 1826 3250; baseline -0.002 -15"><span class='ocrx_word' id='word_1_364' title='bbox 176 3179 432 3235; x_wconf 85' lang='lat' dir='ltr'>Ecclesia</span> <span class='ocrx_word' id='word_1_365' title='bbox 457 3177 733 3234; x_wconf 88' lang='lat' dir='ltr'>catholica</span> <span class='ocrx_word' id='word_1_366' title='bbox 755 3177 1123 3232; x_wconf 90' lang='lat' dir='ltr'>uniformiter</span> <span class='ocrx_word' id='word_1_367' title='bbox 1143 3176 1530 3246; x_wconf 89' lang='lat' dir='ltr'>celebrantur,</span> <span class='ocrx_word' id='word_1_368' title='bbox 1553 3181 1616 3232; x_wconf 90' lang='lat' dir='ltr'>ut</span> <span class='ocrx_word' id='word_1_369' title='bbox 1639 3178 1826 3250; x_wconf 90' lang='lat' dir='ltr'>legem</span> 
     </span>
    </p>
   </div>
   <div class='ocr_carea' id='block_1_49' title="bbox 175 3270 1822 3343">
    <p class='ocr_par' dir='ltr' id='par_1_49' title="bbox 175 3270 1822 3343">
     <span class='ocr_line' id='line_1_49' title="bbox 175 3270 1822 3343; baseline -0.001 -13"><span class='ocrx_word' id='word_1_370' title='bbox 175 3273 478 3342; x_wconf 88' lang='lat' dir='ltr'>credendi,</span> <span class='ocrx_word' id='word_1_371' title='bbox 506 3274 593 3328; x_wconf 86' lang='lat' dir='ltr'>lex</span> <span class='ocrx_word' id='word_1_372' title='bbox 620 3275 831 3327; x_wconf 90' lang='lat' dir='ltr'>statuat</span> <span class='ocrx_word' id='word_1_373' title='bbox 857 3270 1231 3343; x_wconf 89' lang='lat' dir='ltr'>supplicandi.</span> <span class='ocrx_word' id='word_1_374' title='bbox 1252 3271 1395 3325; x_wconf 90' lang='lat' dir='ltr'>Cum</span> <span class='ocrx_word' id='word_1_375' title='bbox 1415 3270 1572 3326; x_wconf 91' lang='lat' dir='ltr'>enim</span> <span class='ocrx_word' id='word_1_376' title='bbox 1599 3277 1822 3328; x_wconf 88' lang='lat' dir='ltr'>sancta-</span> 
     </span>
    </p>
   </div>
   <div class='ocr_carea' id='block_1_50' title="bbox 173 3364 1825 3439">
    <p class='ocr_par' dir='ltr' id='par_1_50' title="bbox 173 3364 1825 3439">
     <span class='ocr_line' id='line_1_50' title="bbox 173 3364 1825 3439; baseline -0.002 -15"><span class='ocrx_word' id='word_1_377' title='bbox 173 3385 318 3424; x_wconf 86' lang='lat' dir='ltr'>rum</span> <span class='ocrx_word' id='word_1_378' title='bbox 363 3367 621 3439; x_wconf 89' lang='lat' dir='ltr'>plebium</span> <span class='ocrx_word' id='word_1_379' title='bbox 666 3366 937 3437; x_wconf 70' lang='lat' dir='ltr'>praesules</span> <span class='ocrx_word' id='word_1_380' title='bbox 983 3364 1250 3419; x_wconf 85' lang='lat' dir='ltr'>mandata</span> <span class='ocrx_word' id='word_1_381' title='bbox 1278 3364 1512 3419; x_wconf 88' lang='lat' dir='ltr'>sibimet</span> <span class='ocrx_word' id='word_1_382' title='bbox 1542 3365 1825 3436; x_wconf 89' lang='lat' dir='ltr'>legatione</span> 
     </span>
    </p>
   </div>
   <div class='ocr_carea' id='block_1_51' title="bbox 169 3453 1826 3529">
    <p class='ocr_par' dir='ltr' id='par_1_51' title="bbox 169 3453 1826 3529">
     <span class='ocr_line' id='line_1_51' title="bbox 169 3453 1826 3529; baseline -0.002 -16"><span class='ocrx_word' id='word_1_383' title='bbox 169 3460 530 3528; x_wconf 84' lang='lat' dir='ltr'>funguntur,</span> <span class='ocrx_word' id='word_1_384' title='bbox 543 3457 695 3529; x_wconf 90' lang='lat' dir='ltr'>apud</span> <span class='ocrx_word' id='word_1_385' title='bbox 706 3455 957 3511; x_wconf 89' lang='lat' dir='ltr'>divinam</span> <span class='ocrx_word' id='word_1_386' title='bbox 971 3453 1340 3510; x_wconf 90' lang='lat' dir='ltr'>clementiam</span> <span class='ocrx_word' id='word_1_387' title='bbox 1351 3453 1592 3509; x_wconf 90' lang='lat' dir='ltr'>humani</span> <span class='ocrx_word' id='word_1_388' title='bbox 1605 3455 1826 3526; x_wconf 86' lang='lat' dir='ltr'>generis</span> 
     </span>
    </p>
   </div>
   <div class='ocr_carea' id='block_1_52' title="bbox 168 3547 1827 3624">
    <p class='ocr_par' dir='ltr' id='par_1_52' title="bbox 168 3547 1827 3624">
     <span class='ocr_line' id='line_1_52' title="bbox 168 3547 1827 3624; baseline -0.002 -16"><span class='ocrx_word' id='word_1_389' title='bbox 168 3555 367 3624; x_wconf 84' lang='lat' dir='ltr'>agunt</span> <span class='ocrx_word' id='word_1_390' title='bbox 390 3567 621 3607; x_wconf 89' lang='lat' dir='ltr'>causam</span> <span class='ocrx_word' id='word_1_391' title='bbox 647 3567 660 3606; x_wconf 74' lang='grc' dir='ltr'>ε</span> <span class='ocrx_word' id='word_1_392' title='bbox 685 3555 738 3605; x_wconf 93' lang='lat' dir='ltr'>et</span> <span class='ocrx_word' id='word_1_393' title='bbox 769 3553 889 3605; x_wconf 89' lang='lat' dir='ltr'>tota</span> <span class='ocrx_word' id='word_1_394' title='bbox 920 3565 1114 3605; x_wconf 89' lang='lat' dir='ltr'>secum</span> <span class='ocrx_word' id='word_1_395' title='bbox 1144 3547 1561 3620; x_wconf 87' lang='lat' dir='ltr'>cogemiscente</span> <span class='ocrx_word' id='word_1_396' title='bbox 1580 3549 1827 3605; x_wconf 86' lang='lat' dir='ltr'>Ecclesia</span> 
     </span>
    </p>
   </div>
   <div class='ocr_carea' id='block_1_53' title="bbox 168 3642 1823 3719">
    <p class='ocr_par' dir='ltr' id='par_1_53' title="bbox 168 3642 1823 3719">
     <span class='ocr_line' id='line_1_53' title="bbox 168 3642 1823 3719; baseline -0.002 -18"><span class='ocrx_word' id='word_1_397' title='bbox 168 3646 483 3719; x_wconf 87' lang='lat' dir='ltr'>postulant</span> <span class='ocrx_word' id='word_1_398' title='bbox 506 3649 563 3700; x_wconf 91' lang='lat' dir='ltr'>et</span> <span class='ocrx_word' id='word_1_399' title='bbox 593 3648 914 3716; x_wconf 90' lang='lat' dir='ltr'>precantur,</span> <span class='ocrx_word' id='word_1_400' title='bbox 945 3646 1012 3698; x_wconf 90' lang='lat' dir='ltr'>ut</span> <span class='ocrx_word' id='word_1_401' title='bbox 1044 3642 1369 3699; x_wconf 81' lang='lat' dir='ltr'>infidelibus</span> <span class='ocrx_word' id='word_1_402' title='bbox 1395 3642 1638 3698; x_wconf 89' lang='lat' dir='ltr'>donetur</span> <span class='ocrx_word' id='word_1_403' title='bbox 1662 3642 1823 3712; x_wconf 85' lang='lat' dir='ltr'>ﬁdes,</span> 
     </span>
    </p>
   </div>
   <div class='ocr_carea' id='block_1_54' title="bbox 172 3736 1823 3810">
    <p class='ocr_par' dir='ltr' id='par_1_54' title="bbox 172 3736 1823 3810">
     <span class='ocr_line' id='line_1_54' title="bbox 172 3736 1823 3810; baseline -0.002 -15"><span class='ocrx_word' id='word_1_404' title='bbox 172 3746 247 3795; x_wconf 86' lang='lat' dir='ltr'>ut</span> <span class='ocrx_word' id='word_1_405' title='bbox 275 3739 600 3794; x_wconf 70' lang='lat' dir='ltr'>idololatra:</span> <span class='ocrx_word' id='word_1_406' title='bbox 616 3739 686 3792; x_wconf 89' lang='lat' dir='ltr'>ab</span> <span class='ocrx_word' id='word_1_407' title='bbox 709 3738 1018 3810; x_wconf 90' lang='lat' dir='ltr'>impietatis</span> <span class='ocrx_word' id='word_1_408' title='bbox 1040 3754 1156 3792; x_wconf 67' lang='lat' dir='ltr'>suae</span> <span class='ocrx_word' id='word_1_409' title='bbox 1173 3736 1493 3792; x_wconf 90' lang='lat' dir='ltr'>liberentur</span> <span class='ocrx_word' id='word_1_410' title='bbox 1520 3736 1823 3806; x_wconf 86' lang='lat' dir='ltr'>erroribus,</span> 
     </span>
    </p>
   </div>
   <div class='ocr_carea' id='block_1_55' title="bbox 173 3829 1827 3901">
    <p class='ocr_par' dir='ltr' id='par_1_55' title="bbox 173 3829 1827 3901">
     <span class='ocr_line' id='line_1_55' title="bbox 173 3829 1827 3901; baseline -0.003 -13"><span class='ocrx_word' id='word_1_411' title='bbox 173 3839 247 3888; x_wconf 87' lang='lat' dir='ltr'>ut</span> <span class='ocrx_word' id='word_1_412' title='bbox 274 3832 488 3888; x_wconf 67' lang='lat' dir='ltr'>Iudaeis</span> <span class='ocrx_word' id='word_1_413' title='bbox 510 3831 696 3886; x_wconf 89' lang='lat' dir='ltr'>ablato</span> <span class='ocrx_word' id='word_1_414' title='bbox 724 3831 1009 3886; x_wconf 88' lang='lat' dir='ltr'>velamine</span> <span class='ocrx_word' id='word_1_415' title='bbox 1045 3831 1139 3885; x_wconf 88' lang='lat' dir='ltr'>lux</span> <span class='ocrx_word' id='word_1_416' title='bbox 1162 3829 1414 3885; x_wconf 88' lang='lat' dir='ltr'>veritatis</span> <span class='ocrx_word' id='word_1_417' title='bbox 1441 3832 1733 3901; x_wconf 87' lang='lat' dir='ltr'>appareat,</span> <span class='ocrx_word' id='word_1_418' title='bbox 1765 3834 1827 3884; x_wconf 92' lang='lat' dir='ltr'>ut</span> 
     </span>
    </p>
   </div>
   <div class='ocr_carea' id='block_1_56' title="bbox 172 3923 1828 3996">
    <p class='ocr_par' dir='ltr' id='par_1_56' title="bbox 172 3923 1828 3996">
     <span class='ocr_line' id='line_1_56' title="bbox 172 3923 1828 3996; baseline -0.003 -13"><span class='ocrx_word' id='word_1_419' title='bbox 172 3926 443 3984; x_wconf 78' lang='lat' dir='ltr'>haeretici</span> <span class='ocrx_word' id='word_1_420' title='bbox 477 3925 765 3980; x_wconf 79' lang='lat' dir='ltr'>catholicae</span> <span class='ocrx_word' id='word_1_421' title='bbox 798 3925 929 3980; x_wconf 83' lang='lat' dir='ltr'>fidei</span> <span class='ocrx_word' id='word_1_422' title='bbox 969 3925 1337 3996; x_wconf 87' lang='lat' dir='ltr'>perceptione</span> <span class='ocrx_word' id='word_1_423' title='bbox 1377 3923 1726 3994; x_wconf 89' lang='lat' dir='ltr'>resipiscant,</span> <span class='ocrx_word' id='word_1_424' title='bbox 1764 3927 1828 3978; x_wconf 88' lang='lat' dir='ltr'>ut</span> 
     </span>
    </p>
   </div>
   <div class='ocr_carea' id='block_1_57' title="bbox 172 4015 1828 4090">
    <p class='ocr_par' dir='ltr' id='par_1_57' title="bbox 172 4015 1828 4090">
     <span class='ocr_line' id='line_1_57' title="bbox 172 4015 1828 4090; baseline -0.004 -14"><span class='ocrx_word' id='word_1_425' title='bbox 172 4018 536 4076; x_wconf 81' lang='lat' dir='ltr'>schismatici</span> <span class='ocrx_word' id='word_1_426' title='bbox 560 4018 821 4090; x_wconf 89' lang='lat' dir='ltr'>spiritum</span> <span class='ocrx_word' id='word_1_427' title='bbox 841 4017 1102 4073; x_wconf 80' lang='lat' dir='ltr'>redivivae</span> <span class='ocrx_word' id='word_1_428' title='bbox 1125 4017 1415 4073; x_wconf 89' lang='lat' dir='ltr'>charitatis</span> <span class='ocrx_word' id='word_1_429' title='bbox 1440 4015 1738 4088; x_wconf 88' lang='lat' dir='ltr'>accipiant,</span> <span class='ocrx_word' id='word_1_430' title='bbox 1762 4020 1828 4071; x_wconf 93' lang='lat' dir='ltr'>ut</span> 
     </span>
    </p>
   </div>
   <div class='ocr_carea' id='block_1_58' title="bbox 175 4109 1826 4187">
    <p class='ocr_par' dir='ltr' id='par_1_58' title="bbox 175 4109 1826 4187">
     <span class='ocr_line' id='line_1_58' title="bbox 175 4109 1826 4187; baseline -0.004 -16"><span class='ocrx_word' id='word_1_431' title='bbox 175 4115 358 4187; x_wconf 84' lang='lat' dir='ltr'>lapsis</span> <span class='ocrx_word' id='word_1_432' title='bbox 388 4112 736 4185; x_wconf 74' lang='lat' dir='ltr'>poenitentia:</span> <span class='ocrx_word' id='word_1_433' title='bbox 761 4111 1086 4167; x_wconf 90' lang='lat' dir='ltr'>remedium</span> <span class='ocrx_word' id='word_1_434' title='bbox 1123 4111 1466 4178; x_wconf 90' lang='lat' dir='ltr'>conferatur,</span> <span class='ocrx_word' id='word_1_435' title='bbox 1495 4115 1560 4166; x_wconf 91' lang='lat' dir='ltr'>ut</span> <span class='ocrx_word' id='word_1_436' title='bbox 1583 4109 1826 4182; x_wconf 89' lang='lat' dir='ltr'>denique</span> 
     </span>
    </p>
   </div>
   <div class='ocr_carea' id='block_1_59' title="bbox 172 4205 1822 4278">
    <p class='ocr_par' dir='ltr' id='par_1_59' title="bbox 172 4205 1822 4278">
     <span class='ocr_line' id='line_1_59' title="bbox 172 4205 1822 4278; baseline -0.004 -13"><span class='ocrx_word' id='word_1_437' title='bbox 172 4207 612 4265; x_wconf 87' lang='lat' dir='ltr'>catechumenis</span> <span class='ocrx_word' id='word_1_438' title='bbox 645 4207 717 4261; x_wconf 89' lang='lat' dir='ltr'>ad</span> <span class='ocrx_word' id='word_1_439' title='bbox 745 4205 1196 4278; x_wconf 87' lang='lat' dir='ltr'>regenerationis</span> <span class='ocrx_word' id='word_1_440' title='bbox 1221 4209 1581 4260; x_wconf 88' lang='lat' dir='ltr'>sacramenta</span> <span class='ocrx_word' id='word_1_441' title='bbox 1613 4205 1822 4275; x_wconf 88' lang='lat' dir='ltr'>perdu-</span> 
     </span>
    </p>
   </div>
   <div class='ocr_carea' id='block_1_60' title="bbox 174 4299 1826 4371">
    <p class='ocr_par' dir='ltr' id='par_1_60' title="bbox 174 4299 1826 4371">
     <span class='ocr_line' id='line_1_60' title="bbox 174 4299 1826 4371; baseline -0.004 -13"><span class='ocrx_word' id='word_1_442' title='bbox 174 4305 306 4371; x_wconf 89' lang='lat' dir='ltr'>ctis,</span> <span class='ocrx_word' id='word_1_443' title='bbox 333 4301 578 4358; x_wconf 88' lang='lat' dir='ltr'>coelestis</span> <span class='ocrx_word' id='word_1_444' title='bbox 591 4301 720 4356; x_wconf 89' lang='lat' dir='ltr'>aula</span> <span class='ocrx_word' id='word_1_445' title='bbox 736 4299 1141 4357; x_wconf 73' lang='lat' dir='ltr'>misericordiae</span> <span class='ocrx_word' id='word_1_446' title='bbox 1161 4301 1468 4368; x_wconf 91' lang='lat' dir='ltr'>reseretur,</span> <span class='ocrx_word' id='word_1_447' title='bbox 1492 4299 1615 4352; x_wconf 69' lang='lat' dir='ltr'>haec</span> <span class='ocrx_word' id='word_1_448' title='bbox 1631 4300 1826 4353; x_wconf 91' lang='lat' dir='ltr'>autem</span> 
     </span>
    </p>
   </div>
   <div class='ocr_carea' id='block_1_61' title="bbox 172 4391 1823 4470">
    <p class='ocr_par' dir='ltr' id='par_1_61' title="bbox 172 4391 1823 4470">
     <span class='ocr_line' id='line_1_61' title="bbox 172 4391 1823 4470; baseline -0.004 -17"><span class='ocrx_word' id='word_1_449' title='bbox 172 4415 299 4454; x_wconf 85' lang='lat' dir='ltr'>non</span> <span class='ocrx_word' id='word_1_450' title='bbox 328 4395 734 4470; x_wconf 85' lang='lat' dir='ltr'>perfunctorie,</span> <span class='ocrx_word' id='word_1_451' title='bbox 767 4411 955 4466; x_wconf 91' lang='lat' dir='ltr'>neque</span> <span class='ocrx_word' id='word_1_452' title='bbox 978 4393 1228 4449; x_wconf 88' lang='lat' dir='ltr'>inaniter</span> <span class='ocrx_word' id='word_1_453' title='bbox 1257 4409 1292 4448; x_wconf 92' lang='lat' dir='ltr'>a</span> <span class='ocrx_word' id='word_1_454' title='bbox 1317 4392 1561 4448; x_wconf 91' lang='lat' dir='ltr'>Domino</span> <span class='ocrx_word' id='word_1_455' title='bbox 1587 4391 1708 4463; x_wconf 90' lang='lat' dir='ltr'>peti</span> <span class='ocrx_word' id='word_1_456' title='bbox 1731 4407 1823 4446; x_wconf 89' lang='lat' dir='ltr'>re-</span> 
     </span>
    </p>
   </div>
   <div class='ocr_carea' id='block_1_62' title="bbox 1932 1863 3569 1940">
    <p class='ocr_par' dir='ltr' id='par_1_62' title="bbox 1932 1863 3569 1940">
     <span class='ocr_line' id='line_1_62' title="bbox 1932 1863 3569 1940; baseline 0.003 -22"><span class='ocrx_word' id='word_1_457' title='bbox 1932 1865 2127 1918; x_wconf 89' lang='lat' dir='ltr'>nostra</span> <span class='ocrx_word' id='word_1_458' title='bbox 2149 1863 2282 1919; x_wconf 93' lang='lat' dir='ltr'>velit</span> <span class='ocrx_word' id='word_1_459' title='bbox 2306 1879 2426 1919; x_wconf 90' lang='lat' dir='ltr'>esse</span> <span class='ocrx_word' id='word_1_460' title='bbox 2447 1864 2654 1918; x_wconf 89' lang='lat' dir='ltr'>merita</span> <span class='ocrx_word' id='word_1_461' title='bbox 2674 1881 2800 1935; x_wconf 62' lang='lat' dir='ltr'>quas</span> <span class='ocrx_word' id='word_1_462' title='bbox 2827 1871 2958 1920; x_wconf 92' lang='lat' dir='ltr'>sunt</span> <span class='ocrx_word' id='word_1_463' title='bbox 2976 1865 3157 1937; x_wconf 91' lang='lat' dir='ltr'>ipsius</span> <span class='ocrx_word' id='word_1_464' title='bbox 3180 1867 3354 1935; x_wconf 91' lang='lat' dir='ltr'>dona,</span> <span class='ocrx_word' id='word_1_465' title='bbox 3385 1871 3444 1923; x_wconf 92' lang='lat' dir='ltr'>et</span> <span class='ocrx_word' id='word_1_466' title='bbox 3464 1885 3569 1940; x_wconf 91' lang='lat' dir='ltr'>pro</span> 
     </span>
    </p>
   </div>
   <div class='ocr_carea' id='block_1_63' title="bbox 1931 1957 3569 2032">
    <p class='ocr_par' dir='ltr' id='par_1_63' title="bbox 1931 1957 3569 2032">
     <span class='ocr_line' id='line_1_63' title="bbox 1931 1957 3569 2032; baseline 0.004 -22"><span class='ocrx_word' id='word_1_467' title='bbox 1931 1957 2018 2011; x_wconf 91' lang='lat' dir='ltr'>his</span> <span class='ocrx_word' id='word_1_468' title='bbox 2041 1974 2171 2028; x_wconf 74' lang='lat' dir='ltr'>quas</span> <span class='ocrx_word' id='word_1_469' title='bbox 2200 1957 2438 2029; x_wconf 90' lang='lat' dir='ltr'>largitus</span> <span class='ocrx_word' id='word_1_470' title='bbox 2482 1962 2568 2012; x_wconf 92' lang='lat' dir='ltr'>est</span> <span class='ocrx_word' id='word_1_471' title='bbox 2600 1960 2814 2012; x_wconf 65' lang='lat' dir='ltr'>aeterna</span> <span class='ocrx_word' id='word_1_472' title='bbox 2850 1959 3087 2029; x_wconf 63' lang='lat' dir='ltr'>praemia</span> <span class='ocrx_word' id='word_1_473' title='bbox 3136 1959 3207 2015; x_wconf 91' lang='lat' dir='ltr'>sit</span> <span class='ocrx_word' id='word_1_474' title='bbox 3237 1960 3569 2032; x_wconf 90' lang='lat' dir='ltr'>donaturus,</span> 
     </span>
    </p>
   </div>
   <div class='ocr_carea' id='block_1_64' title="bbox 1932 2050 3569 2126">
    <p class='ocr_par' dir='ltr' id='par_1_64' title="bbox 1932 2050 3569 2126">
     <span class='ocr_line' id='line_1_64' title="bbox 1932 2050 3569 2126; baseline 0.003 -21"><span class='ocrx_word' id='word_1_475' title='bbox 1932 2051 2054 2121; x_wconf 90' lang='lat' dir='ltr'>agit</span> <span class='ocrx_word' id='word_1_476' title='bbox 2077 2050 2290 2122; x_wconf 89' lang='lat' dir='ltr'>quippe</span> <span class='ocrx_word' id='word_1_477' title='bbox 2321 2052 2378 2106; x_wconf 93' lang='lat' dir='ltr'>in</span> <span class='ocrx_word' id='word_1_478' title='bbox 2409 2051 2573 2106; x_wconf 91' lang='lat' dir='ltr'>nobis</span> <span class='ocrx_word' id='word_1_479' title='bbox 2598 2057 2664 2106; x_wconf 93' lang='lat' dir='ltr'>ut</span> <span class='ocrx_word' id='word_1_480' title='bbox 2685 2051 2839 2123; x_wconf 92' lang='lat' dir='ltr'>quod</span> <span class='ocrx_word' id='word_1_481' title='bbox 2869 2052 2987 2107; x_wconf 93' lang='lat' dir='ltr'>vult</span> <span class='ocrx_word' id='word_1_482' title='bbox 3005 2057 3063 2107; x_wconf 91' lang='lat' dir='ltr'>et</span> <span class='ocrx_word' id='word_1_483' title='bbox 3087 2053 3324 2108; x_wconf 91' lang='lat' dir='ltr'>velimus</span> <span class='ocrx_word' id='word_1_484' title='bbox 3346 2057 3404 2108; x_wconf 88' lang='lat' dir='ltr'>et</span> <span class='ocrx_word' id='word_1_485' title='bbox 3430 2071 3569 2126; x_wconf 88' lang='lat' dir='ltr'>aga-</span> 
     </span>
    </p>
   </div>
   <div class='ocr_carea' id='block_1_65' title="bbox 1929 2144 3570 2219">
    <p class='ocr_par' dir='ltr' id='par_1_65' title="bbox 1929 2144 3570 2219">
     <span class='ocr_line' id='line_1_65' title="bbox 1929 2144 3570 2219; baseline 0.004 -21"><span class='ocrx_word' id='word_1_486' title='bbox 1929 2161 2078 2211; x_wconf 92' lang='lat' dir='ltr'>mus,</span> <span class='ocrx_word' id='word_1_487' title='bbox 2105 2161 2210 2199; x_wconf 90' lang='lat' dir='ltr'>nec</span> <span class='ocrx_word' id='word_1_488' title='bbox 2232 2145 2411 2199; x_wconf 92' lang='lat' dir='ltr'>otiosa</span> <span class='ocrx_word' id='word_1_489' title='bbox 2429 2144 2488 2199; x_wconf 93' lang='lat' dir='ltr'>in</span> <span class='ocrx_word' id='word_1_490' title='bbox 2509 2145 2671 2200; x_wconf 89' lang='lat' dir='ltr'>nobis</span> <span class='ocrx_word' id='word_1_491' title='bbox 2693 2162 2814 2200; x_wconf 92' lang='lat' dir='ltr'>esse</span> <span class='ocrx_word' id='word_1_492' title='bbox 2833 2145 3068 2216; x_wconf 88' lang='lat' dir='ltr'>patitur,</span> <span class='ocrx_word' id='word_1_493' title='bbox 3097 2163 3225 2219; x_wconf 69' lang='lat' dir='ltr'>qua:</span> <span class='ocrx_word' id='word_1_494' title='bbox 3248 2149 3570 2209; x_wconf 89' lang='lat' dir='ltr'>exercenda</span> 
     </span>
    </p>
   </div>
   <div class='ocr_carea' id='block_1_66' title="bbox 1931 2237 3569 2311">
    <p class='ocr_par' dir='ltr' id='par_1_66' title="bbox 1931 2237 3569 2311">
     <span class='ocr_line' id='line_1_66' title="bbox 1931 2237 3569 2311; baseline 0.003 -20"><span class='ocrx_word' id='word_1_495' title='bbox 1931 2253 2048 2292; x_wconf 92' lang='lat' dir='ltr'>non</span> <span class='ocrx_word' id='word_1_496' title='bbox 2087 2237 2436 2309; x_wconf 90' lang='lat' dir='ltr'>negligenda</span> <span class='ocrx_word' id='word_1_497' title='bbox 2476 2238 2724 2306; x_wconf 91' lang='lat' dir='ltr'>donavit,</span> <span class='ocrx_word' id='word_1_498' title='bbox 2755 2243 2818 2293; x_wconf 93' lang='lat' dir='ltr'>ut</span> <span class='ocrx_word' id='word_1_499' title='bbox 2843 2245 2899 2294; x_wconf 90' lang='lat' dir='ltr'>et</span> <span class='ocrx_word' id='word_1_500' title='bbox 2926 2255 3030 2293; x_wconf 89' lang='lat' dir='ltr'>nos</span> <span class='ocrx_word' id='word_1_501' title='bbox 3059 2244 3457 2311; x_wconf 90' lang='lat' dir='ltr'>cooperatores</span> <span class='ocrx_word' id='word_1_502' title='bbox 3494 2242 3569 2296; x_wconf 89' lang='lat' dir='ltr'>si-</span> 
     </span>
    </p>
   </div>
   <div class='ocr_carea' id='block_1_67' title="bbox 1929 2331 3570 2404">
    <p class='ocr_par' dir='ltr' id='par_1_67' title="bbox 1929 2331 3570 2404">
     <span class='ocr_line' id='line_1_67' title="bbox 1929 2331 3570 2404; baseline 0.003 -18"><span class='ocrx_word' id='word_1_503' title='bbox 1929 2347 2058 2386; x_wconf 89' lang='lat' dir='ltr'>mus</span> <span class='ocrx_word' id='word_1_504' title='bbox 2079 2332 2280 2403; x_wconf 64' lang='lat' dir='ltr'>gratiae</span> <span class='ocrx_word' id='word_1_505' title='bbox 2308 2331 2424 2399; x_wconf 91' lang='lat' dir='ltr'>Dei,</span> <span class='ocrx_word' id='word_1_506' title='bbox 2454 2348 2518 2386; x_wconf 92' lang='lat' dir='ltr'>ac</span> <span class='ocrx_word' id='word_1_507' title='bbox 2539 2332 2585 2386; x_wconf 92' lang='lat' dir='ltr'>si</span> <span class='ocrx_word' id='word_1_508' title='bbox 2611 2331 2748 2404; x_wconf 90' lang='lat' dir='ltr'>quid</span> <span class='ocrx_word' id='word_1_509' title='bbox 2773 2332 2831 2387; x_wconf 93' lang='lat' dir='ltr'>in</span> <span class='ocrx_word' id='word_1_510' title='bbox 2861 2333 3026 2388; x_wconf 90' lang='lat' dir='ltr'>nobis</span> <span class='ocrx_word' id='word_1_511' title='bbox 3054 2349 3123 2388; x_wconf 86' lang='lat' dir='ltr'>ex</span> <span class='ocrx_word' id='word_1_512' title='bbox 3153 2338 3346 2389; x_wconf 83' lang='lat' dir='ltr'>nostra</span> <span class='ocrx_word' id='word_1_513' title='bbox 3364 2335 3570 2391; x_wconf 82' lang='lat' dir='ltr'>videri-</span> 
     </span>
    </p>
   </div>
   <div class='ocr_carea' id='block_1_68' title="bbox 1930 2425 3574 2497">
    <p class='ocr_par' dir='ltr' id='par_1_68' title="bbox 1930 2425 3574 2497">
     <span class='ocr_line' id='line_1_68' title="bbox 1930 2425 3574 2497; baseline 0.003 -18"><span class='ocrx_word' id='word_1_514' title='bbox 1930 2441 2059 2479; x_wconf 91' lang='lat' dir='ltr'>mus</span> <span class='ocrx_word' id='word_1_515' title='bbox 2084 2425 2419 2480; x_wconf 89' lang='lat' dir='ltr'>remissione</span> <span class='ocrx_word' id='word_1_516' title='bbox 2447 2427 2829 2497; x_wconf 85' lang='lat' dir='ltr'>langurscere,</span> <span class='ocrx_word' id='word_1_517' title='bbox 2853 2427 2925 2482; x_wconf 92' lang='lat' dir='ltr'>ad</span> <span class='ocrx_word' id='word_1_518' title='bbox 2947 2427 3106 2482; x_wconf 89' lang='lat' dir='ltr'>illum</span> <span class='ocrx_word' id='word_1_519' title='bbox 3129 2428 3362 2483; x_wconf 89' lang='lat' dir='ltr'>sollicite</span> <span class='ocrx_word' id='word_1_520' title='bbox 3382 2445 3574 2484; x_wconf 91' lang='lat' dir='ltr'>recur-</span> 
     </span>
    </p>
   </div>
   <div class='ocr_carea' id='block_1_69' title="bbox 1929 2520 3574 2592">
    <p class='ocr_par' dir='ltr' id='par_1_69' title="bbox 1929 2520 3574 2592">
     <span class='ocr_line' id='line_1_69' title="bbox 1929 2520 3574 2592; baseline 0.002 -19"><span class='ocrx_word' id='word_1_521' title='bbox 1929 2535 2124 2573; x_wconf 90' lang='lat' dir='ltr'>ramus</span> <span class='ocrx_word' id='word_1_522' title='bbox 2151 2520 2249 2591; x_wconf 91' lang='lat' dir='ltr'>qui</span> <span class='ocrx_word' id='word_1_523' title='bbox 2266 2522 2429 2574; x_wconf 91' lang='lat' dir='ltr'>sanat</span> <span class='ocrx_word' id='word_1_524' title='bbox 2452 2535 2648 2574; x_wconf 91' lang='lat' dir='ltr'>omnes</span> <span class='ocrx_word' id='word_1_525' title='bbox 2668 2521 2974 2592; x_wconf 89' lang='lat' dir='ltr'>languores</span> <span class='ocrx_word' id='word_1_526' title='bbox 2999 2525 3242 2591; x_wconf 91' lang='lat' dir='ltr'>nostros,</span> <span class='ocrx_word' id='word_1_527' title='bbox 3265 2525 3322 2576; x_wconf 90' lang='lat' dir='ltr'>et</span> <span class='ocrx_word' id='word_1_528' title='bbox 3340 2522 3574 2578; x_wconf 90' lang='lat' dir='ltr'>redimit</span> 
     </span>
    </p>
   </div>
   <div class='ocr_carea' id='block_1_70' title="bbox 1930 2611 3568 2686">
    <p class='ocr_par' dir='ltr' id='par_1_70' title="bbox 1930 2611 3568 2686">
     <span class='ocr_line' id='line_1_70' title="bbox 1930 2611 3568 2686; baseline 0.002 -20"><span class='ocrx_word' id='word_1_529' title='bbox 1930 2611 2001 2666; x_wconf 92' lang='lat' dir='ltr'>de</span> <span class='ocrx_word' id='word_1_530' title='bbox 2030 2612 2264 2668; x_wconf 89' lang='lat' dir='ltr'>interitu</span> <span class='ocrx_word' id='word_1_531' title='bbox 2295 2613 2472 2667; x_wconf 89' lang='lat' dir='ltr'>vitam</span> <span class='ocrx_word' id='word_1_532' title='bbox 2504 2618 2773 2680; x_wconf 90' lang='lat' dir='ltr'>nostram,</span> <span class='ocrx_word' id='word_1_533' title='bbox 2809 2617 2868 2668; x_wconf 92' lang='lat' dir='ltr'>et</span> <span class='ocrx_word' id='word_1_534' title='bbox 2895 2614 2984 2668; x_wconf 92' lang='lat' dir='ltr'>cui</span> <span class='ocrx_word' id='word_1_535' title='bbox 3015 2613 3274 2686; x_wconf 87' lang='lat' dir='ltr'>quotidie</span> <span class='ocrx_word' id='word_1_536' title='bbox 3303 2615 3568 2684; x_wconf 87' lang='lat' dir='ltr'>dicimus,</span> 
     </span>
    </p>
   </div>
   <div class='ocr_carea' id='block_1_71' title="bbox 1932 2705 3568 2775">
    <p class='ocr_par' dir='ltr' id='par_1_71' title="bbox 1932 2705 3568 2775">
     <span class='ocr_line' id='line_1_71' title="bbox 1932 2705 3568 2775; baseline 0.002 -15"><span class='ocrx_word' id='word_1_537' title='bbox 1932 2727 1959 2755; x_wconf 89' lang='grc'><em>‹‹</em></span> <span class='ocrx_word' id='word_1_538' title='bbox 1988 2722 2060 2760; x_wconf 89' lang='lat' dir='ltr'>ne</span> <span class='ocrx_word' id='word_1_539' title='bbox 2079 2705 2318 2762; x_wconf 90' lang='lat' dir='ltr'>inducas</span> <span class='ocrx_word' id='word_1_540' title='bbox 2336 2723 2436 2760; x_wconf 92' lang='lat' dir='ltr'>nos</span> <span class='ocrx_word' id='word_1_541' title='bbox 2458 2707 2516 2762; x_wconf 90' lang='lat' dir='ltr'>in</span> <span class='ocrx_word' id='word_1_542' title='bbox 2536 2707 2935 2775; x_wconf 89' lang='lat' dir='ltr'>tentationem,</span> <span class='ocrx_word' id='word_1_543' title='bbox 2952 2708 3050 2764; x_wconf 88' lang='lat' dir='ltr'>sed</span> <span class='ocrx_word' id='word_1_544' title='bbox 3063 2707 3238 2764; x_wconf 87' lang='lat' dir='ltr'>libera</span> <span class='ocrx_word' id='word_1_545' title='bbox 3254 2724 3356 2764; x_wconf 91' lang='lat' dir='ltr'>nos</span> <span class='ocrx_word' id='word_1_546' title='bbox 3373 2710 3568 2764; x_wconf 89' lang='lat' dir='ltr'>amalo</span> 
     </span>
    </p>
   </div>
   <div class='ocr_carea' id='block_1_72' title="bbox 1929 2798 2455 2869">
    <p class='ocr_par' dir='ltr' id='par_1_72' title="bbox 1929 2798 2455 2869">
     <span class='ocr_line' id='line_1_72' title="bbox 1929 2798 2455 2869; baseline 0 -14"><span class='ocrx_word' id='word_1_547' title='bbox 1929 2798 2150 2868; x_wconf 79' lang='lat' dir='ltr'>(Matth.</span> <span class='ocrx_word' id='word_1_548' title='bbox 2181 2817 2256 2857; x_wconf 67' lang='grc' dir='ltr'>γι.</span> <span class='ocrx_word' id='word_1_549' title='bbox 2289 2803 2392 2869; x_wconf 84' lang='lat' dir='ltr'>I3).</span> <span class='ocrx_word' id='word_1_550' title='bbox 2427 2821 2455 2850; x_wconf 86' lang='lat'>»</span> 
     </span>
    </p>
   </div>
   <div class='ocr_carea' id='block_1_73' title="bbox 1999 2893 3568 2968">
    <p class='ocr_par' dir='ltr' id='par_1_73' title="bbox 1999 2893 3568 2968">
     <span class='ocr_line' id='line_1_73' title="bbox 1999 2893 3568 2968; baseline 0.001 -20"><span class='ocrx_word' id='word_1_551' title='bbox 1999 2894 2132 2948; x_wconf 80' lang='lat' dir='ltr'>XIII.</span> <span class='ocrx_word' id='word_1_552' title='bbox 2165 2893 2572 2949; x_wconf 87' lang='lat' dir='ltr'>Profundiores</span> <span class='ocrx_word' id='word_1_553' title='bbox 2609 2909 2741 2949; x_wconf 89' lang='lat' dir='ltr'>vero</span> <span class='ocrx_word' id='word_1_554' title='bbox 2767 2894 3227 2968; x_wconf 85' lang='lat' dir='ltr'>difﬁcilioresque</span> <span class='ocrx_word' id='word_1_555' title='bbox 3255 2898 3451 2967; x_wconf 90' lang='lat' dir='ltr'>partes</span> <span class='ocrx_word' id='word_1_556' title='bbox 3475 2911 3568 2951; x_wconf 90' lang='lat' dir='ltr'>oc-</span> 
     </span>
    </p>
   </div>
   <div class='ocr_carea' id='block_1_74' title="bbox 1930 2986 3575 3061">
    <p class='ocr_par' dir='ltr' id='par_1_74' title="bbox 1930 2986 3575 3061">
     <span class='ocr_line' id='line_1_74' title="bbox 1930 2986 3575 3061; baseline 0.002 -20"><span class='ocrx_word' id='word_1_557' title='bbox 1930 2986 2286 3042; x_wconf 90' lang='lat' dir='ltr'>currentium</span> <span class='ocrx_word' id='word_1_558' title='bbox 2332 2988 2717 3060; x_wconf 75' lang='lat' dir='ltr'>qusestionum</span> <span class='ocrx_word' id='word_1_559' title='bbox 2763 3005 2905 3061; x_wconf 92' lang='lat' dir='ltr'>quas</span> <span class='ocrx_word' id='word_1_560' title='bbox 2941 2989 3106 3044; x_wconf 90' lang='lat' dir='ltr'>latius</span> <span class='ocrx_word' id='word_1_561' title='bbox 3151 2990 3575 3060; x_wconf 87' lang='lat' dir='ltr'>pertractarunt</span> 
     </span>
    </p>
   </div>
   <div class='ocr_carea' id='block_1_75' title="bbox 1929 3080 3569 3151">
    <p class='ocr_par' dir='ltr' id='par_1_75' title="bbox 1929 3080 3569 3151">
     <span class='ocr_line' id='line_1_75' title="bbox 1929 3080 3569 3151; baseline 0.002 -17"><span class='ocrx_word' id='word_1_562' title='bbox 1929 3080 2026 3151; x_wconf 90' lang='lat' dir='ltr'>qui</span> <span class='ocrx_word' id='word_1_563' title='bbox 2050 3080 2333 3136; x_wconf 69' lang='lat' dir='ltr'>hasreticis</span> <span class='ocrx_word' id='word_1_564' title='bbox 2376 3082 2729 3150; x_wconf 87' lang='lat' dir='ltr'>restiterunt,</span> <span class='ocrx_word' id='word_1_565' title='bbox 2771 3082 2916 3138; x_wconf 90' lang='lat' dir='ltr'>sicut</span> <span class='ocrx_word' id='word_1_566' title='bbox 2955 3099 3072 3138; x_wconf 90' lang='lat' dir='ltr'>non</span> <span class='ocrx_word' id='word_1_567' title='bbox 3109 3082 3390 3138; x_wconf 89' lang='lat' dir='ltr'>audemus</span> <span class='ocrx_word' id='word_1_568' title='bbox 3431 3099 3569 3138; x_wconf 90' lang='lat' dir='ltr'>con-</span> 
     </span>
    </p>
   </div>
   <div class='ocr_carea' id='block_1_76' title="bbox 1926 3174 3572 3248">
    <p class='ocr_par' dir='ltr' id='par_1_76' title="bbox 1926 3174 3572 3248">
     <span class='ocr_line' id='line_1_76' title="bbox 1926 3174 3572 3248; baseline 0.002 -21"><span class='ocrx_word' id='word_1_569' title='bbox 1926 3175 2207 3242; x_wconf 88' lang='lat' dir='ltr'>temnere,</span> <span class='ocrx_word' id='word_1_570' title='bbox 2226 3174 2311 3245; x_wconf 82' lang='lat' dir='ltr'>jta</span> <span class='ocrx_word' id='word_1_571' title='bbox 2327 3191 2442 3230; x_wconf 91' lang='lat' dir='ltr'>non</span> <span class='ocrx_word' id='word_1_572' title='bbox 2457 3191 2685 3231; x_wconf 89' lang='lat' dir='ltr'>necesse</span> <span class='ocrx_word' id='word_1_573' title='bbox 2705 3176 2981 3231; x_wconf 90' lang='lat' dir='ltr'>habemus</span> <span class='ocrx_word' id='word_1_574' title='bbox 2999 3179 3252 3232; x_wconf 86' lang='lat' dir='ltr'>astruere</span> <span class='ocrx_word' id='word_1_575' title='bbox 3269 3194 3282 3244; x_wconf 89' lang='lat'><strong>;</strong></span> <span class='ocrx_word' id='word_1_576' title='bbox 3309 3179 3331 3200; x_wconf 83' lang='lat'>&quot;</span> <span class='ocrx_word' id='word_1_577' title='bbox 3347 3175 3480 3248; x_wconf 90' lang='lat' dir='ltr'>quia</span> <span class='ocrx_word' id='word_1_578' title='bbox 3497 3176 3572 3231; x_wconf 88' lang='lat' dir='ltr'>ad</span> 
     </span>
    </p>
   </div>
   <div class='ocr_carea' id='block_1_77' title="bbox 1927 3267 3572 3341">
    <p class='ocr_par' dir='ltr' id='par_1_77' title="bbox 1927 3267 3572 3341">
     <span class='ocr_line' id='line_1_77' title="bbox 1927 3267 3572 3341; baseline 0.001 -19"><span class='ocrx_word' id='word_1_579' title='bbox 1927 3267 2314 3323; x_wconf 83' lang='lat' dir='ltr'>conﬁtendum</span> <span class='ocrx_word' id='word_1_580' title='bbox 2363 3269 2604 3340; x_wconf 89' lang='lat' dir='ltr'>gratiam</span> <span class='ocrx_word' id='word_1_581' title='bbox 2645 3269 2743 3325; x_wconf 90' lang='lat' dir='ltr'>Dei</span> <span class='ocrx_word' id='word_1_582' title='bbox 2788 3270 2950 3340; x_wconf 90' lang='lat' dir='ltr'>cujus</span> <span class='ocrx_word' id='word_1_583' title='bbox 2975 3269 3136 3341; x_wconf 85' lang='lat' dir='ltr'>operi</span> <span class='ocrx_word' id='word_1_584' title='bbox 3159 3286 3222 3325; x_wconf 90' lang='lat' dir='ltr'>ac</span> <span class='ocrx_word' id='word_1_585' title='bbox 3253 3269 3572 3340; x_wconf 87' lang='lat' dir='ltr'>dignationi</span> 
     </span>
    </p>
   </div>
   <div class='ocr_carea' id='block_1_78' title="bbox 1927 3362 3571 3433">
    <p class='ocr_par' dir='ltr' id='par_1_78' title="bbox 1927 3362 3571 3433">
     <span class='ocr_line' id='line_1_78' title="bbox 1927 3362 3571 3433; baseline -0.001 -15"><span class='ocrx_word' id='word_1_586' title='bbox 1927 3362 2153 3433; x_wconf 88' lang='lat' dir='ltr'>penitus</span> <span class='ocrx_word' id='word_1_587' title='bbox 2182 3363 2638 3418; x_wconf 89' lang='lat' dir='ltr'>subtrahendum</span> <span class='ocrx_word' id='word_1_588' title='bbox 2667 3367 2772 3431; x_wconf 90' lang='lat' dir='ltr'>est,</span> <span class='ocrx_word' id='word_1_589' title='bbox 2812 3363 2946 3418; x_wconf 88' lang='lat' dir='ltr'>satis</span> <span class='ocrx_word' id='word_1_590' title='bbox 2989 3363 3248 3418; x_wconf 71' lang='lat' dir='ltr'>sufficere</span> <span class='ocrx_word' id='word_1_591' title='bbox 3280 3362 3571 3418; x_wconf 88' lang='lat' dir='ltr'>credimus</span> 
     </span>
    </p>
   </div>
   <div class='ocr_carea' id='block_1_79' title="bbox 1925 3454 3568 3528">
    <p class='ocr_par' dir='ltr' id='par_1_79' title="bbox 1925 3454 3568 3528">
     <span class='ocr_line' id='line_1_79' title="bbox 1925 3454 3568 3528; baseline 0 -18"><span class='ocrx_word' id='word_1_592' title='bbox 1925 3454 2203 3528; x_wconf 89' lang='lat' dir='ltr'>quidquid</span> <span class='ocrx_word' id='word_1_593' title='bbox 2223 3456 2540 3510; x_wconf 89' lang='lat' dir='ltr'>secundum</span> <span class='ocrx_word' id='word_1_594' title='bbox 2564 3455 2862 3526; x_wconf 72' lang='lat' dir='ltr'>praedictas</span> <span class='ocrx_word' id='word_1_595' title='bbox 2886 3456 3112 3526; x_wconf 90' lang='lat' dir='ltr'>regulas</span> <span class='ocrx_word' id='word_1_596' title='bbox 3131 3455 3451 3527; x_wconf 66' lang='lat' dir='ltr'>apostolicae</span> <span class='ocrx_word' id='word_1_597' title='bbox 3473 3455 3568 3510; x_wconf 85' lang='lat' dir='ltr'>Se-</span> 
     </span>
    </p>
   </div>
   <div class='ocr_carea' id='block_1_80' title="bbox 1928 3545 3570 3621">
    <p class='ocr_par' dir='ltr' id='par_1_80' title="bbox 1928 3545 3570 3621">
     <span class='ocr_line' id='line_1_80' title="bbox 1928 3545 3570 3621; baseline 0 -19"><span class='ocrx_word' id='word_1_598' title='bbox 1928 3547 2014 3603; x_wconf 91' lang='lat' dir='ltr'>dis</span> <span class='ocrx_word' id='word_1_599' title='bbox 2041 3564 2157 3603; x_wconf 91' lang='lat' dir='ltr'>non</span> <span class='ocrx_word' id='word_1_600' title='bbox 2184 3548 2326 3621; x_wconf 86' lang='lat' dir='ltr'>[nos]</span> <span class='ocrx_word' id='word_1_601' title='bbox 2353 3549 2564 3620; x_wconf 89' lang='lat' dir='ltr'>scripta</span> <span class='ocrx_word' id='word_1_602' title='bbox 2591 3548 2924 3618; x_wconf 90' lang='lat' dir='ltr'>docuerunt,</span> <span class='ocrx_word' id='word_1_603' title='bbox 2953 3553 3016 3604; x_wconf 90' lang='lat' dir='ltr'>ut</span> <span class='ocrx_word' id='word_1_604' title='bbox 3045 3565 3276 3620; x_wconf 86' lang='lat' dir='ltr'>prorsus</span> <span class='ocrx_word' id='word_1_605' title='bbox 3303 3564 3423 3603; x_wconf 92' lang='lat' dir='ltr'>non</span> <span class='ocrx_word' id='word_1_606' title='bbox 3451 3545 3570 3619; x_wconf 92' lang='lat' dir='ltr'>opi-</span> 
     </span>
    </p>
   </div>
   <div class='ocr_carea' id='block_1_81' title="bbox 1925 3641 3564 3715">
    <p class='ocr_par' dir='ltr' id='par_1_81' title="bbox 1925 3641 3564 3715">
     <span class='ocr_line' id='line_1_81' title="bbox 1925 3641 3564 3715; baseline -0.001 -17"><span class='ocrx_word' id='word_1_607' title='bbox 1925 3658 2137 3698; x_wconf 90' lang='lat' dir='ltr'>nemur</span> <span class='ocrx_word' id='word_1_608' title='bbox 2161 3641 2500 3698; x_wconf 90' lang='lat' dir='ltr'>catholicum</span> <span class='ocrx_word' id='word_1_609' title='bbox 2528 3642 2678 3714; x_wconf 91' lang='lat' dir='ltr'>quod</span> <span class='ocrx_word' id='word_1_610' title='bbox 2707 3642 3038 3715; x_wconf 87' lang='lat' dir='ltr'>apparuerit</span> <span class='ocrx_word' id='word_1_611' title='bbox 3061 3641 3309 3714; x_wconf 64' lang='lat' dir='ltr'>praeﬁxis</span> <span class='ocrx_word' id='word_1_612' title='bbox 3333 3644 3564 3698; x_wconf 88' lang='lat' dir='ltr'>senten-</span> 
     </span>
    </p>
   </div>
   <div class='ocr_carea' id='block_1_82' title="bbox 1926 3735 2562 3791">
    <p class='ocr_par' dir='ltr' id='par_1_82' title="bbox 1926 3735 2562 3791">
     <span class='ocr_line' id='line_1_82' title="bbox 1926 3735 2562 3791; baseline 0 -1"><span class='ocrx_word' id='word_1_613' title='bbox 1926 3735 2018 3791; x_wconf 90' lang='lat' dir='ltr'>tiis</span> <span class='ocrx_word' id='word_1_614' title='bbox 2048 3751 2169 3791; x_wconf 90' lang='lat' dir='ltr'>esse</span> <span class='ocrx_word' id='word_1_615' title='bbox 2193 3735 2562 3791; x_wconf 89' lang='lat' dir='ltr'>contrarium.</span> 
     </span>
    </p>
   </div>
   <div class='ocr_carea' id='block_1_83' title="bbox 2167 3829 3322 3900">
    <p class='ocr_par' dir='ltr' id='par_1_83' title="bbox 2167 3829 3322 3900">
     <span class='ocr_line' id='line_1_83' title="bbox 2167 3829 3322 3900; baseline -0.001 -16"><span class='ocrx_word' id='word_1_616' title='bbox 2167 3830 2261 3884; x_wconf 84' lang='lat' dir='ltr'>Ad</span> <span class='ocrx_word' id='word_1_617' title='bbox 2289 3831 2558 3900; x_wconf 76' lang='lat' dir='ltr'>episcopos</span> <span class='ocrx_word' id='word_1_618' title='bbox 2588 3830 2780 3887; x_wconf 59' lang='lat' dir='ltr'>Gallia</span> <span class='ocrx_word' id='word_1_619' title='bbox 2805 3829 3033 3899; x_wconf 74' lang='lat' dir='ltr'>epistola</span> <span class='ocrx_word' id='word_1_620' title='bbox 3062 3829 3322 3898; x_wconf 84' lang='lat' dir='ltr'>ejusdem.</span> 
     </span>
    </p>
   </div>
   <div class='ocr_carea' id='block_1_84' title="bbox 2001 3919 3569 3987">
    <p class='ocr_par' dir='ltr' id='par_1_84' title="bbox 2001 3919 3569 3987">
     <span class='ocr_line' id='line_1_84' title="bbox 2001 3919 3569 3987; baseline -0.001 -10"><span class='ocrx_word' id='word_1_621' title='bbox 2001 3926 2050 3978; x_wconf 84' lang='lat' dir='ltr'>l.</span> <span class='ocrx_word' id='word_1_622' title='bbox 2085 3921 2251 3987; x_wconf 88' lang='lat' dir='ltr'>Quod</span> <span class='ocrx_word' id='word_1_623' title='bbox 2276 3939 2390 3977; x_wconf 94' lang='lat' dir='ltr'>non</span> <span class='ocrx_word' id='word_1_624' title='bbox 2421 3923 2669 3978; x_wconf 90' lang='lat' dir='ltr'>debeant</span> <span class='ocrx_word' id='word_1_625' title='bbox 2693 3922 3018 3978; x_wconf 89' lang='lat' dir='ltr'>sacerdotes</span> <span class='ocrx_word' id='word_1_626' title='bbox 3043 3926 3142 3976; x_wconf 92' lang='lat' dir='ltr'>aut</span> <span class='ocrx_word' id='word_1_627' title='bbox 3166 3920 3353 3976; x_wconf 90' lang='lat' dir='ltr'>clerici</span> <span class='ocrx_word' id='word_1_628' title='bbox 3375 3919 3569 3976; x_wconf 88' lang='lat' dir='ltr'>amicti</span> 
     </span>
    </p>
   </div>
   <div class='ocr_carea' id='block_1_85' title="bbox 1924 4015 3494 4088">
    <p class='ocr_par' dir='ltr' id='par_1_85' title="bbox 1924 4015 3494 4088">
     <span class='ocr_line' id='line_1_85' title="bbox 1924 4015 3494 4088; baseline -0.001 -18"><span class='ocrx_word' id='word_1_629' title='bbox 1924 4015 2112 4088; x_wconf 89' lang='lat' dir='ltr'>palliis</span> <span class='ocrx_word' id='word_1_630' title='bbox 2138 4021 2193 4071; x_wconf 92' lang='lat' dir='ltr'>et</span> <span class='ocrx_word' id='word_1_631' title='bbox 2217 4016 2509 4088; x_wconf 67' lang='lat' dir='ltr'>praecincti</span> <span class='ocrx_word' id='word_1_632' title='bbox 2540 4016 2749 4071; x_wconf 91' lang='lat' dir='ltr'>lumbis</span> <span class='ocrx_word' id='word_1_633' title='bbox 2781 4015 2841 4071; x_wconf 91' lang='lat' dir='ltr'>in</span> <span class='ocrx_word' id='word_1_634' title='bbox 2872 4015 3126 4070; x_wconf 90' lang='lat' dir='ltr'>ecclesiis</span> <span class='ocrx_word' id='word_1_635' title='bbox 3151 4015 3494 4070; x_wconf 89' lang='lat' dir='ltr'>ministrare.</span> 
     </span>
    </p>
   </div>
   <div class='ocr_carea' id='block_1_86' title="bbox 1995 4108 3493 4182">
    <p class='ocr_par' dir='ltr' id='par_1_86' title="bbox 1995 4108 3493 4182">
     <span class='ocr_line' id='line_1_86' title="bbox 1995 4108 3493 4182; baseline -0.001 -17"><span class='ocrx_word' id='word_1_636' title='bbox 1995 4113 2048 4165; x_wconf 89' lang='lat'>2.</span> <span class='ocrx_word' id='word_1_637' title='bbox 2078 4109 2242 4174; x_wconf 91' lang='lat' dir='ltr'>Quod</span> <span class='ocrx_word' id='word_1_638' title='bbox 2266 4109 2410 4164; x_wconf 90' lang='lat' dir='ltr'>nulli</span> <span class='ocrx_word' id='word_1_639' title='bbox 2439 4109 2512 4164; x_wconf 90' lang='lat' dir='ltr'>sit</span> <span class='ocrx_word' id='word_1_640' title='bbox 2545 4110 2744 4164; x_wconf 90' lang='lat' dir='ltr'>ultima</span> <span class='ocrx_word' id='word_1_641' title='bbox 2768 4109 3106 4182; x_wconf 87' lang='lat' dir='ltr'>poenitentia</span> <span class='ocrx_word' id='word_1_642' title='bbox 3131 4108 3493 4181; x_wconf 90' lang='lat' dir='ltr'>deneganda.</span> 
     </span>
    </p>
   </div>
   <div class='ocr_carea' id='block_1_87' title="bbox 1997 4201 3570 4276">
    <p class='ocr_par' dir='ltr' id='par_1_87' title="bbox 1997 4201 3570 4276">
     <span class='ocr_line' id='line_1_87' title="bbox 1997 4201 3570 4276; baseline -0.001 -17"><span class='ocrx_word' id='word_1_643' title='bbox 1997 4207 2049 4259; x_wconf 90' lang='lat'>3.</span> <span class='ocrx_word' id='word_1_644' title='bbox 2081 4203 2243 4268; x_wconf 93' lang='lat' dir='ltr'>Quod</span> <span class='ocrx_word' id='word_1_645' title='bbox 2280 4219 2384 4275; x_wconf 91' lang='lat' dir='ltr'>per</span> <span class='ocrx_word' id='word_1_646' title='bbox 2421 4204 2633 4275; x_wconf 88' lang='lat' dir='ltr'>gradus</span> <span class='ocrx_word' id='word_1_647' title='bbox 2673 4201 3076 4260; x_wconf 90' lang='lat' dir='ltr'>ecclesiasticos</span> <span class='ocrx_word' id='word_1_648' title='bbox 3109 4203 3184 4259; x_wconf 90' lang='lat' dir='ltr'>ad</span> <span class='ocrx_word' id='word_1_649' title='bbox 3209 4203 3570 4276; x_wconf 85' lang='lat' dir='ltr'>episcOpatus</span> 
     </span>
    </p>
   </div>
   <div class='ocr_carea' id='block_1_88' title="bbox 1925 4297 2920 4371">
    <p class='ocr_par' dir='ltr' id='par_1_88' title="bbox 1925 4297 2920 4371">
     <span class='ocr_line' id='line_1_88' title="bbox 1925 4297 2920 4371; baseline -0.001 -18"><span class='ocrx_word' id='word_1_650' title='bbox 1925 4297 2177 4353; x_wconf 82' lang='lat' dir='ltr'>ofﬁcium</span> <span class='ocrx_word' id='word_1_651' title='bbox 2207 4297 2412 4354; x_wconf 89' lang='lat' dir='ltr'>debeat</span> <span class='ocrx_word' id='word_1_652' title='bbox 2444 4297 2572 4371; x_wconf 90' lang='lat' dir='ltr'>quis</span> <span class='ocrx_word' id='word_1_653' title='bbox 2603 4298 2920 4370; x_wconf 90' lang='lat' dir='ltr'>pervenire.</span> 
     </span>
    </p>
   </div>
   <div class='ocr_carea' id='block_1_89' title="bbox 1994 4390 3568 4464">
    <p class='ocr_par' dir='ltr' id='par_1_89' title="bbox 1994 4390 3568 4464">
     <span class='ocr_line' id='line_1_89' title="bbox 1994 4390 3568 4464; baseline 0.001 -18"><span class='ocrx_word' id='word_1_654' title='bbox 1994 4393 2050 4446; x_wconf 80' lang='grc'>4.</span> <span class='ocrx_word' id='word_1_655' title='bbox 2087 4391 2247 4455; x_wconf 90' lang='lat' dir='ltr'>Quod</span> <span class='ocrx_word' id='word_1_656' title='bbox 2273 4407 2639 4464; x_wconf 81' lang='lat' dir='ltr'>unaquaeque</span> <span class='ocrx_word' id='word_1_657' title='bbox 2665 4391 2964 4464; x_wconf 89' lang='lat' dir='ltr'>provincia</span> <span class='ocrx_word' id='word_1_658' title='bbox 2991 4409 3092 4447; x_wconf 90' lang='lat' dir='ltr'>suo</span> <span class='ocrx_word' id='word_1_659' title='bbox 3119 4390 3568 4464; x_wconf 89' lang='lat' dir='ltr'>metropolitano</span> 
     </span>
    </p>
   </div>
   <div class='ocr_carea' id='block_1_90' title="bbox 177 4484 2594 4561">
    <p class='ocr_par' dir='ltr' id='par_1_90' title="bbox 177 4484 2594 4561">
     <span class='ocr_line' id='line_1_90' title="bbox 177 4484 2594 4561; baseline -0.004 -13"><span class='ocrx_word' id='word_1_660' title='bbox 177 4508 315 4547; x_wconf 85' lang='lat' dir='ltr'>rum</span> <span class='ocrx_word' id='word_1_661' title='bbox 356 4490 613 4561; x_wconf 89' lang='lat' dir='ltr'>ipsarum</span> <span class='ocrx_word' id='word_1_662' title='bbox 643 4491 927 4545; x_wconf 90' lang='lat' dir='ltr'>monstrat</span> <span class='ocrx_word' id='word_1_663' title='bbox 957 4487 1210 4556; x_wconf 75' lang='lat' dir='ltr'>effectus,</span> <span class='ocrx_word' id='word_1_664' title='bbox 1257 4485 1719 4559; x_wconf 88' lang='lat' dir='ltr'>quandoquidem</span> <span class='ocrx_word' id='word_1_665' title='bbox 1761 4503 1827 4542; x_wconf 84' lang='lat' dir='ltr'>ex</span> <span class='ocrx_word' id='word_1_666' title='bbox 1846 4487 1906 4560; x_wconf 86' lang='grc' dir='ltr'><strong>Ι)</strong></span> <span class='ocrx_word' id='word_1_667' title='bbox 1928 4484 2128 4540; x_wconf 88' lang='lat' dir='ltr'>debeat</span> <span class='ocrx_word' id='word_1_668' title='bbox 2151 4500 2276 4539; x_wconf 89' lang='lat' dir='ltr'>esse</span> <span class='ocrx_word' id='word_1_669' title='bbox 2307 4488 2594 4540; x_wconf 90' lang='lat' dir='ltr'>contenta.</span> 
     </span>
    </p>
   </div>
   <div class='ocr_carea' id='block_1_91' title="bbox 181 4581 1825 4656">
    <p class='ocr_par' dir='ltr' id='par_1_91' title="bbox 181 4581 1825 4656">
     <span class='ocr_line' id='line_1_91' title="bbox 181 4581 1825 4656; baseline -0.005 -14"><span class='ocrx_word' id='word_1_670' title='bbox 181 4585 347 4642; x_wconf 90' lang='lat' dir='ltr'>omni</span> <span class='ocrx_word' id='word_1_671' title='bbox 378 4600 583 4639; x_wconf 89' lang='lat' dir='ltr'>eorum</span> <span class='ocrx_word' id='word_1_672' title='bbox 613 4599 822 4655; x_wconf 86' lang='lat' dir='ltr'>genere</span> <span class='ocrx_word' id='word_1_673' title='bbox 849 4581 1132 4656; x_wconf 91' lang='lat' dir='ltr'>plurimos</span> <span class='ocrx_word' id='word_1_674' title='bbox 1166 4583 1316 4637; x_wconf 91' lang='lat' dir='ltr'>Deus</span> <span class='ocrx_word' id='word_1_675' title='bbox 1352 4581 1626 4652; x_wconf 90' lang='lat' dir='ltr'>dignatur</span> <span class='ocrx_word' id='word_1_676' title='bbox 1651 4583 1825 4636; x_wconf 82' lang='lat' dir='ltr'>attra-</span> 
     </span>
    </p>
   </div>
   <div class='ocr_carea' id='block_1_92' title="bbox 176 4674 1828 4750">
    <p class='ocr_par' dir='ltr' id='par_1_92' title="bbox 176 4674 1828 4750">
     <span class='ocr_line' id='line_1_92' title="bbox 176 4674 1828 4750; baseline -0.004 -14"><span class='ocrx_word' id='word_1_677' title='bbox 176 4682 326 4736; x_wconf 81' lang='lat' dir='ltr'>bere</span> <span class='ocrx_word' id='word_1_678' title='bbox 356 4699 384 4730; x_wconf 75' lang='grc' dir='ltr'><strong><em>α</em></strong></span> <span class='ocrx_word' id='word_1_679' title='bbox 415 4695 560 4749; x_wconf 91' lang='lat' dir='ltr'>quos</span> <span class='ocrx_word' id='word_1_680' title='bbox 587 4682 774 4733; x_wconf 91' lang='lat' dir='ltr'>erutos</span> <span class='ocrx_word' id='word_1_681' title='bbox 795 4677 863 4732; x_wconf 92' lang='lat' dir='ltr'>de</span> <span class='ocrx_word' id='word_1_682' title='bbox 881 4679 1164 4750; x_wconf 89' lang='lat' dir='ltr'>potestate</span> <span class='ocrx_word' id='word_1_683' title='bbox 1192 4675 1561 4731; x_wconf 89' lang='lat' dir='ltr'>tenebrarum</span> <span class='ocrx_word' id='word_1_684' title='bbox 1591 4674 1828 4730; x_wconf 55' lang='lat' dir='ltr'>transfe-</span> 
     </span>
    </p>
   </div>
   <div class='ocr_carea' id='block_1_93' title="bbox 176 4770 1827 4844">
    <p class='ocr_par' dir='ltr' id='par_1_93' title="bbox 176 4770 1827 4844">
     <span class='ocr_line' id='line_1_93' title="bbox 176 4770 1827 4844; baseline -0.005 -14"><span class='ocrx_word' id='word_1_685' title='bbox 176 4780 273 4830; x_wconf 86' lang='lat' dir='ltr'>rat</span> <span class='ocrx_word' id='word_1_686' title='bbox 301 4775 362 4828; x_wconf 88' lang='lat' dir='ltr'>in</span> <span class='ocrx_word' id='word_1_687' title='bbox 393 4789 644 4844; x_wconf 87' lang='lat' dir='ltr'>regnum</span> <span class='ocrx_word' id='word_1_688' title='bbox 668 4771 773 4826; x_wconf 87' lang='lat' dir='ltr'>ﬁlii</span> <span class='ocrx_word' id='word_1_689' title='bbox 802 4770 1095 4826; x_wconf 88' lang='lat' dir='ltr'>charitatis</span> <span class='ocrx_word' id='word_1_690' title='bbox 1121 4786 1239 4825; x_wconf 64' lang='lat' dir='ltr'>suae</span> <span class='ocrx_word' id='word_1_691' title='bbox 1265 4770 1479 4840; x_wconf 83' lang='lat' dir='ltr'>(Coloss.</span> <span class='ocrx_word' id='word_1_692' title='bbox 1510 4786 1548 4836; x_wconf 87' lang='lat'>1,</span> <span class='ocrx_word' id='word_1_693' title='bbox 1580 4770 1686 4839; x_wconf 78' lang='lat' dir='ltr'>I3),</span> <span class='ocrx_word' id='word_1_694' title='bbox 1714 4789 1742 4817; x_wconf 84' lang='lat'><strong>»</strong></span> <span class='ocrx_word' id='word_1_695' title='bbox 1769 4771 1827 4822; x_wconf 92' lang='lat' dir='ltr'>et</span> 
     </span>
    </p>
   </div>
   <div class='ocr_carea' id='block_1_94' title="bbox 184 4862 1827 4934">
    <p class='ocr_par' dir='ltr' id='par_1_94' title="bbox 184 4862 1827 4934">
     <span class='ocr_line' id='line_1_94' title="bbox 184 4862 1827 4934; baseline -0.005 -10"><span class='ocrx_word' id='word_1_696' title='bbox 184 4887 254 4924; x_wconf 86' lang='lat' dir='ltr'>ex</span> <span class='ocrx_word' id='word_1_697' title='bbox 311 4866 459 4922; x_wconf 82' lang='lat' dir='ltr'>vasis</span> <span class='ocrx_word' id='word_1_698' title='bbox 511 4865 610 4920; x_wconf 74' lang='lat' dir='ltr'>irae</span> <span class='ocrx_word' id='word_1_699' title='bbox 646 4864 817 4920; x_wconf 86' lang='lat' dir='ltr'>faciat</span> <span class='ocrx_word' id='word_1_700' title='bbox 861 4881 993 4920; x_wconf 91' lang='lat' dir='ltr'>vasa</span> <span class='ocrx_word' id='word_1_701' title='bbox 1031 4863 1453 4929; x_wconf 81' lang='lat' dir='ltr'>misericordiae,</span> <span class='ocrx_word' id='word_1_702' title='bbox 1496 4862 1647 4934; x_wconf 88' lang='lat' dir='ltr'>quod</span> <span class='ocrx_word' id='word_1_703' title='bbox 1687 4862 1827 4917; x_wconf 91' lang='lat' dir='ltr'>adeo</span> 
     </span>
    </p>
   </div>
   <div class='ocr_carea' id='block_1_95' title="bbox 177 4955 1826 5031">
    <p class='ocr_par' dir='ltr' id='par_1_95' title="bbox 177 4955 1826 5031">
     <span class='ocr_line' id='line_1_95' title="bbox 177 4955 1826 5031; baseline -0.005 -13"><span class='ocrx_word' id='word_1_704' title='bbox 177 4967 375 5018; x_wconf 89' lang='lat' dir='ltr'>totum</span> <span class='ocrx_word' id='word_1_705' title='bbox 407 4959 582 5015; x_wconf 92' lang='lat' dir='ltr'>divini</span> <span class='ocrx_word' id='word_1_706' title='bbox 612 4958 798 5031; x_wconf 90' lang='lat' dir='ltr'>operis</span> <span class='ocrx_word' id='word_1_707' title='bbox 825 4975 945 5014; x_wconf 90' lang='lat' dir='ltr'>esse</span> <span class='ocrx_word' id='word_1_708' title='bbox 987 4957 1252 5025; x_wconf 90' lang='lat' dir='ltr'>sentitur,</span> <span class='ocrx_word' id='word_1_709' title='bbox 1290 4961 1357 5012; x_wconf 90' lang='lat' dir='ltr'>ut</span> <span class='ocrx_word' id='word_1_710' title='bbox 1380 4957 1502 5011; x_wconf 62' lang='lat' dir='ltr'>haec</span> <span class='ocrx_word' id='word_1_711' title='bbox 1542 4955 1826 5010; x_wconf 85' lang='lat' dir='ltr'>efficiente</span> 
     </span>
    </p>
   </div>
   <div class='ocr_carea' id='block_1_96' title="bbox 175 5049 1826 5126">
    <p class='ocr_par' dir='ltr' id='par_1_96' title="bbox 175 5049 1826 5126">
     <span class='ocr_line' id='line_1_96' title="bbox 175 5049 1826 5126; baseline -0.005 -13"><span class='ocrx_word' id='word_1_712' title='bbox 175 5059 323 5124; x_wconf 93' lang='lat' dir='ltr'>Deo,</span> <span class='ocrx_word' id='word_1_713' title='bbox 345 5053 656 5126; x_wconf 89' lang='lat' dir='ltr'>gratiarum</span> <span class='ocrx_word' id='word_1_714' title='bbox 687 5068 912 5124; x_wconf 91' lang='lat' dir='ltr'>semper</span> <span class='ocrx_word' id='word_1_715' title='bbox 930 5051 1075 5106; x_wconf 90' lang='lat' dir='ltr'>actio</span> <span class='ocrx_word' id='word_1_716' title='bbox 1094 5050 1393 5124; x_wconf 90' lang='lat' dir='ltr'>laudisque</span> <span class='ocrx_word' id='word_1_717' title='bbox 1417 5049 1698 5105; x_wconf 90' lang='lat' dir='ltr'>confessio</span> <span class='ocrx_word' id='word_1_718' title='bbox 1724 5065 1826 5121; x_wconf 92' lang='lat' dir='ltr'>pro</span> 
     </span>
    </p>
   </div>
   <div class='ocr_carea' id='block_1_97' title="bbox 174 5145 1653 5207">
    <p class='ocr_par' dir='ltr' id='par_1_97' title="bbox 174 5145 1653 5207">
     <span class='ocr_line' id='line_1_97' title="bbox 174 5145 1653 5207; baseline -0.006 0"><span class='ocrx_word' id='word_1_719' title='bbox 174 5148 607 5207; x_wconf 88' lang='lat' dir='ltr'>illuminatione</span> <span class='ocrx_word' id='word_1_720' title='bbox 634 5147 837 5202; x_wconf 90' lang='lat' dir='ltr'>talium</span> <span class='ocrx_word' id='word_1_721' title='bbox 866 5145 951 5201; x_wconf 87' lang='lat' dir='ltr'>vel</span> <span class='ocrx_word' id='word_1_722' title='bbox 977 5145 1329 5200; x_wconf 86' lang='lat' dir='ltr'>correctione</span> <span class='ocrx_word' id='word_1_723' title='bbox 1355 5145 1653 5199; x_wconf 88' lang='lat' dir='ltr'>referatur.</span> 
     </span>
    </p>
   </div>
   <div class='ocr_carea' id='block_1_98' title="bbox 253 5237 1827 5313">
    <p class='ocr_par' dir='ltr' id='par_1_98' title="bbox 253 5237 1827 5313">
     <span class='ocr_line' id='line_1_98' title="bbox 253 5237 1827 5313; baseline -0.005 -13"><span class='ocrx_word' id='word_1_724' title='bbox 253 5245 368 5300; x_wconf 76' lang='lat' dir='ltr'>XII.</span> <span class='ocrx_word' id='word_1_725' title='bbox 395 5241 540 5298; x_wconf 90' lang='lat' dir='ltr'>Illud</span> <span class='ocrx_word' id='word_1_726' title='bbox 561 5241 734 5298; x_wconf 88' lang='lat' dir='ltr'>etiam</span> <span class='ocrx_word' id='word_1_727' title='bbox 749 5240 902 5313; x_wconf 89' lang='lat' dir='ltr'>quod</span> <span class='ocrx_word' id='word_1_728' title='bbox 931 5239 1081 5294; x_wconf 90' lang='lat' dir='ltr'>circa</span> <span class='ocrx_word' id='word_1_729' title='bbox 1099 5238 1462 5310; x_wconf 90' lang='lat' dir='ltr'>baptizandos</span> <span class='ocrx_word' id='word_1_730' title='bbox 1482 5239 1540 5292; x_wconf 92' lang='lat' dir='ltr'>in</span> <span class='ocrx_word' id='word_1_731' title='bbox 1561 5237 1827 5293; x_wconf 90' lang='lat' dir='ltr'>universo</span> 
     </span>
    </p>
   </div>
   <div class='ocr_carea' id='block_1_99' title="bbox 181 5331 1826 5404">
    <p class='ocr_par' dir='ltr' id='par_1_99' title="bbox 181 5331 1826 5404">
     <span class='ocr_line' id='line_1_99' title="bbox 181 5331 1826 5404; baseline -0.003 -11"><span class='ocrx_word' id='word_1_732' title='bbox 181 5336 414 5394; x_wconf 88' lang='lat' dir='ltr'>mundo</span> <span class='ocrx_word' id='word_1_733' title='bbox 451 5338 642 5390; x_wconf 87' lang='lat' dir='ltr'>sancta</span> <span class='ocrx_word' id='word_1_734' title='bbox 670 5334 920 5390; x_wconf 85' lang='lat' dir='ltr'>Ecclesia</span> <span class='ocrx_word' id='word_1_735' title='bbox 945 5332 1305 5389; x_wconf 88' lang='lat' dir='ltr'>uniformiter</span> <span class='ocrx_word' id='word_1_736' title='bbox 1339 5332 1460 5404; x_wconf 91' lang='lat' dir='ltr'>agit</span> <span class='ocrx_word' id='word_1_737' title='bbox 1490 5347 1605 5387; x_wconf 92' lang='lat' dir='ltr'>non</span> <span class='ocrx_word' id='word_1_738' title='bbox 1642 5331 1826 5388; x_wconf 90' lang='lat' dir='ltr'>otioso</span> 
     </span>
    </p>
   </div>
   <div class='ocr_carea' id='block_1_100' title="bbox 180 5425 1826 5502">
    <p class='ocr_par' dir='ltr' id='par_1_100' title="bbox 180 5425 1826 5502">
     <span class='ocr_line' id='line_1_100' title="bbox 180 5425 1826 5502; baseline -0.005 -14"><span class='ocrx_word' id='word_1_739' title='bbox 180 5431 654 5502; x_wconf 87' lang='lat' dir='ltr'>contemplamur</span> <span class='ocrx_word' id='word_1_740' title='bbox 686 5427 921 5496; x_wconf 89' lang='lat' dir='ltr'>intuitu,</span> <span class='ocrx_word' id='word_1_741' title='bbox 951 5444 1080 5490; x_wconf 86' lang='lat' dir='ltr'>cum</span> <span class='ocrx_word' id='word_1_742' title='bbox 1110 5427 1226 5482; x_wconf 91' lang='lat' dir='ltr'>sive</span> <span class='ocrx_word' id='word_1_743' title='bbox 1258 5425 1498 5498; x_wconf 89' lang='lat' dir='ltr'>parvuli,</span> <span class='ocrx_word' id='word_1_744' title='bbox 1528 5425 1643 5481; x_wconf 92' lang='lat' dir='ltr'>sive</span> <span class='ocrx_word' id='word_1_745' title='bbox 1661 5426 1826 5498; x_wconf 82' lang='lat' dir='ltr'>juve-</span> 
     </span>
    </p>
   </div>
   <div class='ocr_carea' id='block_1_101' title="bbox 179 5522 1828 5596">
    <p class='ocr_par' dir='ltr' id='par_1_101' title="bbox 179 5522 1828 5596">
     <span class='ocr_line' id='line_1_101' title="bbox 179 5522 1828 5596; baseline -0.004 -14"><span class='ocrx_word' id='word_1_746' title='bbox 179 5543 286 5582; x_wconf 88' lang='lat' dir='ltr'>nes</span> <span class='ocrx_word' id='word_1_747' title='bbox 331 5525 407 5580; x_wconf 92' lang='lat' dir='ltr'>ad</span> <span class='ocrx_word' id='word_1_748' title='bbox 449 5523 900 5596; x_wconf 88' lang='lat' dir='ltr'>regenerationis</span> <span class='ocrx_word' id='word_1_749' title='bbox 943 5522 1179 5578; x_wconf 89' lang='lat' dir='ltr'>veniunt</span> <span class='ocrx_word' id='word_1_750' title='bbox 1223 5524 1667 5588; x_wconf 89' lang='lat' dir='ltr'>sacramentum,</span> <span class='ocrx_word' id='word_1_751' title='bbox 1709 5536 1828 5576; x_wconf 90' lang='lat' dir='ltr'>non</span> 
     </span>
    </p>
   </div>
   <div class='ocr_carea' id='block_1_102' title="bbox 179 5613 1827 5693">
    <p class='ocr_par' dir='ltr' id='par_1_102' title="bbox 179 5613 1827 5693">
     <span class='ocr_line' id='line_1_102' title="bbox 179 5613 1827 5693; baseline -0.004 -19"><span class='ocrx_word' id='word_1_752' title='bbox 179 5620 345 5693; x_wconf 90' lang='lat' dir='ltr'>prius</span> <span class='ocrx_word' id='word_1_753' title='bbox 378 5619 454 5673; x_wconf 88' lang='lat' dir='ltr'>ad</span> <span class='ocrx_word' id='word_1_754' title='bbox 478 5618 700 5674; x_wconf 88' lang='lat' dir='ltr'>fontem</span> <span class='ocrx_word' id='word_1_755' title='bbox 719 5617 848 5672; x_wconf 69' lang='lat' dir='ltr'>vita:</span> <span class='ocrx_word' id='word_1_756' title='bbox 869 5617 1082 5673; x_wconf 89' lang='lat' dir='ltr'>adeunt</span> <span class='ocrx_word' id='word_1_757' title='bbox 1105 5631 1278 5689; x_wconf 90' lang='lat' dir='ltr'>quam</span> <span class='ocrx_word' id='word_1_758' title='bbox 1298 5613 1627 5671; x_wconf 86' lang='lat' dir='ltr'>exorcismis</span> <span class='ocrx_word' id='word_1_759' title='bbox 1651 5616 1710 5670; x_wconf 91' lang='lat' dir='ltr'>et</span> <span class='ocrx_word' id='word_1_760' title='bbox 1732 5630 1827 5669; x_wconf 76' lang='lat' dir='ltr'>ex~</span> 
     </span>
    </p>
   </div>
   <div class='ocr_carea' id='block_1_103' title="bbox 183 5706 1830 5783">
    <p class='ocr_par' dir='ltr' id='par_1_103' title="bbox 183 5706 1830 5783">
     <span class='ocr_line' id='line_1_103' title="bbox 183 5706 1830 5783; baseline -0.003 -15"><span class='ocrx_word' id='word_1_761' title='bbox 183 5712 610 5769; x_wconf 87' lang='lat' dir='ltr'>sufﬂationibus</span> <span class='ocrx_word' id='word_1_762' title='bbox 646 5711 987 5767; x_wconf 90' lang='lat' dir='ltr'>clericorum</span> <span class='ocrx_word' id='word_1_763' title='bbox 1017 5710 1246 5783; x_wconf 89' lang='lat' dir='ltr'>spiritus</span> <span class='ocrx_word' id='word_1_764' title='bbox 1272 5709 1343 5764; x_wconf 90' lang='lat' dir='ltr'>ab</span> <span class='ocrx_word' id='word_1_765' title='bbox 1378 5707 1457 5764; x_wconf 91' lang='lat' dir='ltr'>eis</span> <span class='ocrx_word' id='word_1_766' title='bbox 1498 5706 1830 5764; x_wconf 92' lang='lat' dir='ltr'>immundus</span> 
     </span>
    </p>
   </div>
   <div class='ocr_carea' id='block_1_104' title="bbox 186 5801 1829 5881">
    <p class='ocr_par' dir='ltr' id='par_1_104' title="bbox 186 5801 1829 5881">
     <span class='ocr_line' id='line_1_104' title="bbox 186 5801 1829 5881; baseline -0.004 -17"><span class='ocrx_word' id='word_1_767' title='bbox 186 5809 477 5881; x_wconf 57' lang='lat' dir='ltr'>alligatur,</span> <span class='ocrx_word' id='word_1_768' title='bbox 516 5811 578 5862; x_wconf 92' lang='lat' dir='ltr'>ut</span> <span class='ocrx_word' id='word_1_769' title='bbox 614 5813 746 5863; x_wconf 84' lang='lat' dir='ltr'>tunc</span> <span class='ocrx_word' id='word_1_770' title='bbox 777 5824 905 5862; x_wconf 84' lang='lat' dir='ltr'>vere</span> <span class='ocrx_word' id='word_1_771' title='bbox 934 5808 1208 5880; x_wconf 86' lang='lat' dir='ltr'>appareat</span> <span class='ocrx_word' id='word_1_772' title='bbox 1237 5801 1531 5875; x_wconf 86' lang='lat' dir='ltr'>quomodo</span> <span class='ocrx_word' id='word_1_773' title='bbox 1567 5802 1829 5874; x_wconf 87' lang='lat' dir='ltr'>princeps</span> 
     </span>
    </p>
   </div>
   <div class='ocr_carea' id='block_1_105' title="bbox 1999 4577 3571 4652">
    <p class='ocr_par' dir='ltr' id='par_1_105' title="bbox 1999 4577 3571 4652">
     <span class='ocr_line' id='line_1_105' title="bbox 1999 4577 3571 4652; baseline 0.001 -20"><span class='ocrx_word' id='word_1_774' title='bbox 1999 4582 2051 4633; x_wconf 86' lang='lat'>5.</span> <span class='ocrx_word' id='word_1_775' title='bbox 2073 4577 2233 4642; x_wconf 92' lang='lat' dir='ltr'>Quod</span> <span class='ocrx_word' id='word_1_776' title='bbox 2251 4578 2572 4633; x_wconf 91' lang='lat' dir='ltr'>nolentibus</span> <span class='ocrx_word' id='word_1_777' title='bbox 2591 4579 2809 4634; x_wconf 91' lang='lat' dir='ltr'>clericis</span> <span class='ocrx_word' id='word_1_778' title='bbox 2824 4579 2911 4634; x_wconf 91' lang='lat' dir='ltr'>vel</span> <span class='ocrx_word' id='word_1_779' title='bbox 2933 4578 3159 4652; x_wconf 91' lang='lat' dir='ltr'>populis</span> <span class='ocrx_word' id='word_1_780' title='bbox 3176 4593 3344 4634; x_wconf 89' lang='lat' dir='ltr'>nemo</span> <span class='ocrx_word' id='word_1_781' title='bbox 3365 4577 3571 4635; x_wconf 87' lang='lat' dir='ltr'>debeat</span> 
     </span>
    </p>
   </div>
   <div class='ocr_carea' id='block_1_106' title="bbox 1925 4671 2542 4743">
    <p class='ocr_par' dir='ltr' id='par_1_106' title="bbox 1925 4671 2542 4743">
     <span class='ocr_line' id='line_1_106' title="bbox 1925 4671 2542 4743; baseline -0.005 -15"><span class='ocrx_word' id='word_1_782' title='bbox 1925 4671 2224 4743; x_wconf 90' lang='lat' dir='ltr'>episcopus</span> <span class='ocrx_word' id='word_1_783' title='bbox 2267 4671 2542 4726; x_wconf 91' lang='lat' dir='ltr'>ordinari.</span> 
     </span>
    </p>
   </div>
   <div class='ocr_carea' id='block_1_107' title="bbox 1997 4763 3569 4829">
    <p class='ocr_par' dir='ltr' id='par_1_107' title="bbox 1997 4763 3569 4829">
     <span class='ocr_line' id='line_1_107' title="bbox 1997 4763 3569 4829; baseline 0 -8"><span class='ocrx_word' id='word_1_784' title='bbox 1997 4769 2050 4821; x_wconf 89' lang='lat'>6.</span> <span class='ocrx_word' id='word_1_785' title='bbox 2075 4763 2237 4829; x_wconf 91' lang='lat' dir='ltr'>Quod</span> <span class='ocrx_word' id='word_1_786' title='bbox 2259 4764 2330 4819; x_wconf 91' lang='lat' dir='ltr'>ab</span> <span class='ocrx_word' id='word_1_787' title='bbox 2359 4763 2566 4820; x_wconf 91' lang='lat' dir='ltr'>illicitis</span> <span class='ocrx_word' id='word_1_788' title='bbox 2593 4764 2664 4819; x_wconf 91' lang='lat' dir='ltr'>sit</span> <span class='ocrx_word' id='word_1_789' title='bbox 2689 4763 3148 4820; x_wconf 89' lang='lat' dir='ltr'>ordinationibus</span> <span class='ocrx_word' id='word_1_790' title='bbox 3166 4764 3569 4821; x_wconf 88' lang='lat' dir='ltr'>abstinendum</span> 
     </span>
    </p>
   </div>
   <div class='ocr_carea' id='block_1_108' title="bbox 1997 4858 3572 4930">
    <p class='ocr_par' dir='ltr' id='par_1_108' title="bbox 1997 4858 3572 4930">
     <span class='ocr_line' id='line_1_108' title="bbox 1997 4858 3572 4930; baseline 0 -15"><span class='ocrx_word' id='word_1_791' title='bbox 1997 4861 2344 4915; x_wconf 81' lang='lat' dir='ltr'>CCELESTINUS</span> <span class='ocrx_word' id='word_1_792' title='bbox 2375 4858 2656 4914; x_wconf 90' lang='lat' dir='ltr'>universis</span> <span class='ocrx_word' id='word_1_793' title='bbox 2685 4858 2964 4930; x_wconf 88' lang='lat' dir='ltr'>episcopis</span> <span class='ocrx_word' id='word_1_794' title='bbox 2984 4875 3088 4930; x_wconf 89' lang='lat' dir='ltr'>per</span> <span class='ocrx_word' id='word_1_795' title='bbox 3109 4859 3493 4915; x_wconf 87' lang='lat' dir='ltr'>Viennensem</span> <span class='ocrx_word' id='word_1_796' title='bbox 3515 4864 3572 4915; x_wconf 91' lang='lat' dir='ltr'>et</span> 
     </span>
    </p>
   </div>
   <div class='ocr_carea' id='block_1_109' title="bbox 1927 4951 3568 5024">
    <p class='ocr_par' dir='ltr' id='par_1_109' title="bbox 1927 4951 3568 5024">
     <span class='ocr_line' id='line_1_109' title="bbox 1927 4951 3568 5024; baseline 0 -16"><span class='ocrx_word' id='word_1_797' title='bbox 1927 4953 2362 5009; x_wconf 89' lang='lat' dir='ltr'>Narbonensem</span> <span class='ocrx_word' id='word_1_798' title='bbox 2389 4951 2746 5024; x_wconf 89' lang='lat' dir='ltr'>provinciam</span> <span class='ocrx_word' id='word_1_799' title='bbox 2779 4951 3099 5007; x_wconf 91' lang='lat' dir='ltr'>constitutis</span> <span class='ocrx_word' id='word_1_800' title='bbox 3128 4951 3187 5008; x_wconf 90' lang='lat' dir='ltr'>in</span> <span class='ocrx_word' id='word_1_801' title='bbox 3213 4952 3454 5008; x_wconf 89' lang='lat' dir='ltr'>Domino</span> <span class='ocrx_word' id='word_1_802' title='bbox 3478 4969 3568 5008; x_wconf 88' lang='lat' dir='ltr'>sa-</span> 
     </span>
    </p>
   </div>
   <div class='ocr_carea' id='block_1_110' title="bbox 1927 5046 3569 5119">
    <p class='ocr_par' dir='ltr' id='par_1_110' title="bbox 1927 5046 3569 5119">
     <span class='ocr_line' id='line_1_110' title="bbox 1927 5046 3569 5119; baseline 0.001 -18"><span class='ocrx_word' id='word_1_803' title='bbox 1927 5047 2134 5102; x_wconf 92' lang='lat' dir='ltr'>lutem.</span> <span class='ocrx_word' id='word_1_804' title='bbox 2177 5048 2531 5119; x_wconf 89' lang='lat' dir='ltr'>Cuperemus</span> <span class='ocrx_word' id='word_1_805' title='bbox 2568 5046 2802 5118; x_wconf 87' lang='lat' dir='ltr'>quidem</span> <span class='ocrx_word' id='word_1_806' title='bbox 2843 5046 2912 5101; x_wconf 90' lang='lat' dir='ltr'>de</span> <span class='ocrx_word' id='word_1_807' title='bbox 2951 5048 3266 5102; x_wconf 87' lang='lat' dir='ltr'>vestrarum</span> <span class='ocrx_word' id='word_1_808' title='bbox 3305 5046 3569 5103; x_wconf 88' lang='lat' dir='ltr'>ecclesia-</span> 
     </span>
    </p>
   </div>
   <div class='ocr_carea' id='block_1_111' title="bbox 1927 5140 3571 5220">
    <p class='ocr_par' dir='ltr' id='par_1_111' title="bbox 1927 5140 3571 5220">
     <span class='ocr_line' id='line_1_111' title="bbox 1927 5140 3571 5220; baseline -0.001 -24"><span class='ocrx_word' id='word_1_809' title='bbox 1927 5157 2058 5197; x_wconf 91' lang='lat' dir='ltr'>rum</span> <span class='ocrx_word' id='word_1_810' title='bbox 2084 5141 2166 5196; x_wconf 89' lang='lat' dir='ltr'>ita</span> <span class='ocrx_word' id='word_1_811' title='bbox 2187 5141 2546 5196; x_wconf 88' lang='lat' dir='ltr'>ordinatione</span> <span class='ocrx_word' id='word_1_812' title='bbox 2572 5141 2841 5212; x_wconf 89' lang='lat' dir='ltr'>gaudere,</span> <span class='ocrx_word' id='word_1_813' title='bbox 2865 5144 2926 5196; x_wconf 93' lang='lat' dir='ltr'>ut</span> <span class='ocrx_word' id='word_1_814' title='bbox 2945 5140 3367 5220; x_wconf 79' lang='lat' dir='ltr'>gratularemur</span> <span class='ocrx_word' id='word_1_815' title='bbox 3383 5141 3571 5212; x_wconf 86' lang='lat' dir='ltr'>potius</span> 
     </span>
    </p>
   </div>
   <div class='ocr_carea' id='block_1_112' title="bbox 1930 5232 3566 5307">
    <p class='ocr_par' dir='ltr' id='par_1_112' title="bbox 1930 5232 3566 5307">
     <span class='ocr_line' id='line_1_112' title="bbox 1930 5232 3566 5307; baseline -0.001 -18"><span class='ocrx_word' id='word_1_816' title='bbox 1930 5235 2000 5290; x_wconf 93' lang='lat' dir='ltr'>de</span> <span class='ocrx_word' id='word_1_817' title='bbox 2021 5238 2297 5307; x_wconf 90' lang='lat' dir='ltr'>provectu</span> <span class='ocrx_word' id='word_1_818' title='bbox 2325 5251 2499 5306; x_wconf 89' lang='lat' dir='ltr'>quam</span> <span class='ocrx_word' id='word_1_819' title='bbox 2527 5233 2745 5306; x_wconf 88' lang='lat' dir='ltr'>aliquid</span> <span class='ocrx_word' id='word_1_820' title='bbox 2759 5233 3074 5289; x_wconf 86' lang='lat' dir='ltr'>admissum</span> <span class='ocrx_word' id='word_1_821' title='bbox 3099 5237 3302 5289; x_wconf 89' lang='lat' dir='ltr'>contra</span> <span class='ocrx_word' id='word_1_822' title='bbox 3316 5232 3566 5304; x_wconf 87' lang='lat' dir='ltr'>discipli-</span> 
     </span>
    </p>
   </div>
   <div class='ocr_carea' id='block_1_113' title="bbox 1926 5325 3569 5396">
    <p class='ocr_par' dir='ltr' id='par_1_113' title="bbox 1926 5325 3569 5396">
     <span class='ocr_line' id='line_1_113' title="bbox 1926 5325 3569 5396; baseline -0.004 -12"><span class='ocrx_word' id='word_1_823' title='bbox 1926 5345 2062 5384; x_wconf 89' lang='lat' dir='ltr'>nam</span> <span class='ocrx_word' id='word_1_824' title='bbox 2113 5327 2554 5384; x_wconf 89' lang='lat' dir='ltr'>ecclesiasticam</span> <span class='ocrx_word' id='word_1_825' title='bbox 2607 5327 2949 5396; x_wconf 88' lang='lat' dir='ltr'>doleremus,</span> <span class='ocrx_word' id='word_1_826' title='bbox 2999 5330 3058 5384; x_wconf 92' lang='lat' dir='ltr'>et</span> <span class='ocrx_word' id='word_1_827' title='bbox 3107 5330 3362 5382; x_wconf 89' lang='lat' dir='ltr'>nostram</span> <span class='ocrx_word' id='word_1_828' title='bbox 3411 5325 3569 5379; x_wconf 90' lang='lat' dir='ltr'>enim</span> 
     </span>
    </p>
   </div>
   <div class='ocr_carea' id='block_1_114' title="bbox 1925 5417 3569 5493">
    <p class='ocr_par' dir='ltr' id='par_1_114' title="bbox 1925 5417 3569 5493">
     <span class='ocr_line' id='line_1_114' title="bbox 1925 5417 3569 5493; baseline -0.004 -15"><span class='ocrx_word' id='word_1_829' title='bbox 1925 5423 2181 5478; x_wconf 65' lang='lat' dir='ltr'>laetitiam</span> <span class='ocrx_word' id='word_1_830' title='bbox 2203 5425 2261 5477; x_wconf 92' lang='lat' dir='ltr'>et</span> <span class='ocrx_word' id='word_1_831' title='bbox 2277 5421 2578 5478; x_wconf 89' lang='lat' dir='ltr'>benefacta</span> <span class='ocrx_word' id='word_1_832' title='bbox 2602 5421 2848 5493; x_wconf 64' lang='lat' dir='ltr'>praeveni</span> <span class='ocrx_word' id='word_1_833' title='bbox 2858 5425 2978 5489; x_wconf 87' lang='lat' dir='ltr'>unt,</span> <span class='ocrx_word' id='word_1_834' title='bbox 3001 5424 3058 5475; x_wconf 90' lang='lat' dir='ltr'>et</span> <span class='ocrx_word' id='word_1_835' title='bbox 3083 5419 3340 5475; x_wconf 68' lang='lat' dir='ltr'>maeroris</span> <span class='ocrx_word' id='word_1_836' title='bbox 3359 5417 3569 5473; x_wconf 90' lang='lat' dir='ltr'>aculeis</span> 
     </span>
    </p>
   </div>
   <div class='ocr_carea' id='block_1_115' title="bbox 1927 5511 3570 5590">
    <p class='ocr_par' dir='ltr' id='par_1_115' title="bbox 1927 5511 3570 5590">
     <span class='ocr_line' id='line_1_115' title="bbox 1927 5511 3570 5590; baseline -0.002 -18"><span class='ocrx_word' id='word_1_837' title='bbox 1927 5533 2034 5572; x_wconf 90' lang='lat' dir='ltr'>nos</span> <span class='ocrx_word' id='word_1_838' title='bbox 2066 5533 2194 5590; x_wconf 73' lang='lat' dir='ltr'>quas</span> <span class='ocrx_word' id='word_1_839' title='bbox 2222 5516 2440 5572; x_wconf 89' lang='lat' dir='ltr'>fuerint</span> <span class='ocrx_word' id='word_1_840' title='bbox 2477 5515 2775 5571; x_wconf 89' lang='lat' dir='ltr'>malefacta</span> <span class='ocrx_word' id='word_1_841' title='bbox 2817 5515 3231 5585; x_wconf 90' lang='lat' dir='ltr'>compungunt.</span> <span class='ocrx_word' id='word_1_842' title='bbox 3263 5513 3374 5567; x_wconf 89' lang='lat' dir='ltr'>Nec</span> <span class='ocrx_word' id='word_1_843' title='bbox 3404 5511 3570 5568; x_wconf 86' lang='lat' dir='ltr'>silere</span> 
     </span>
    </p>
   </div>
   <div class='ocr_carea' id='block_1_116' title="bbox 1926 5603 3566 5683">
    <p class='ocr_par' dir='ltr' id='par_1_116' title="bbox 1926 5603 3566 5683">
     <span class='ocr_line' id='line_1_116' title="bbox 1926 5603 3566 5683; baseline -0.004 -16"><span class='ocrx_word' id='word_1_844' title='bbox 1926 5611 2229 5683; x_wconf 90' lang='lat' dir='ltr'>possimus,</span> <span class='ocrx_word' id='word_1_845' title='bbox 2261 5627 2392 5667; x_wconf 93' lang='lat' dir='ltr'>cum</span> <span class='ocrx_word' id='word_1_846' title='bbox 2421 5611 2530 5666; x_wconf 92' lang='lat' dir='ltr'>hoc</span> <span class='ocrx_word' id='word_1_847' title='bbox 2555 5613 2621 5666; x_wconf 91' lang='lat' dir='ltr'>ut</span> <span class='ocrx_word' id='word_1_848' title='bbox 2649 5608 2721 5664; x_wconf 88' lang='lat' dir='ltr'>ab</span> <span class='ocrx_word' id='word_1_849' title='bbox 2747 5607 2956 5663; x_wconf 89' lang='lat' dir='ltr'>illicitis</span> <span class='ocrx_word' id='word_1_850' title='bbox 2984 5620 3316 5662; x_wconf 77' lang='lat' dir='ltr'>revocamus</span> <span class='ocrx_word' id='word_1_851' title='bbox 3347 5603 3566 5676; x_wconf 88' lang='lat' dir='ltr'>aliquos</span> 
     </span>
    </p>
   </div>
   <div class='ocr_carea' id='block_1_117' title="bbox 1927 5698 3568 5776">
    <p class='ocr_par' dir='ltr' id='par_1_117' title="bbox 1927 5698 3568 5776">
     <span class='ocr_line' id='line_1_117' title="bbox 1927 5698 3568 5776; baseline -0.006 -15"><span class='ocrx_word' id='word_1_852' title='bbox 1927 5706 2098 5762; x_wconf 86' lang='lat' dir='ltr'>officii</span> <span class='ocrx_word' id='word_1_853' title='bbox 2138 5705 2336 5775; x_wconf 89' lang='lat' dir='ltr'>nostri,</span> <span class='ocrx_word' id='word_1_854' title='bbox 2387 5719 2764 5776; x_wconf 89' lang='lat' dir='ltr'>provocemur</span> <span class='ocrx_word' id='word_1_855' title='bbox 2811 5701 3101 5765; x_wconf 87' lang='lat' dir='ltr'>instinctu,</span> <span class='ocrx_word' id='word_1_856' title='bbox 3142 5698 3201 5753; x_wconf 91' lang='lat' dir='ltr'>in</span> <span class='ocrx_word' id='word_1_857' title='bbox 3247 5698 3492 5771; x_wconf 89' lang='lat' dir='ltr'>speculis</span> <span class='ocrx_word' id='word_1_858' title='bbox 3535 5715 3568 5753; x_wconf 90' lang='lat' dir='ltr'>a</span> 
     </span>
    </p>
   </div>
   <div class='ocr_carea' id='block_1_118' title="bbox 1928 5793 3544 5872">
    <p class='ocr_par' dir='ltr' id='par_1_118' title="bbox 1928 5793 3544 5872">
     <span class='ocr_line' id='line_1_118' title="bbox 1928 5793 3544 5872; baseline -0.004 -15"><span class='ocrx_word' id='word_1_859' title='bbox 1928 5803 2040 5857; x_wconf 90' lang='lat' dir='ltr'>Deo</span> <span class='ocrx_word' id='word_1_860' title='bbox 2071 5799 2361 5858; x_wconf 88' lang='lat' dir='ltr'>constituti</span> <span class='ocrx_word' id='word_1_861' title='bbox 2381 5804 2446 5855; x_wconf 87' lang='lat' dir='ltr'>ut</span> <span class='ocrx_word' id='word_1_862' title='bbox 2468 5797 2774 5872; x_wconf 65' lang='lat' dir='ltr'>vigilantiae</span> <span class='ocrx_word' id='word_1_863' title='bbox 2795 5799 3006 5852; x_wconf 61' lang='lat' dir='ltr'>nostra</span> <span class='ocrx_word' id='word_1_864' title='bbox 3031 5793 3388 5866; x_wconf 88' lang='lat' dir='ltr'>diligentiam</span> <span class='ocrx_word' id='word_1_865' title='bbox 3415 5810 3544 5851; x_wconf 86' lang='lat' dir='ltr'>com</span> 
     </span>
    </p>
   </div>
  </div>
