4026 6182
526 279 629 332 755

1419 278 1701 334 APPEND.
1745 279 1832 334 AD
1871 279 2029 334 SEC.
2071 278 2158 331 lX.
2193 306 2260 314 —
2299 276 2542 331 ISIDORJ
2583 275 3007 331 MERCATORIS

3706 289 3786 341 756

488 380 491 383 ’
524 384 847 457 probantes,
898 388 953 438 et
993 401 1117 456 quae
1159 386 1466 440 coercenda
1512 390 1646 441 sunt
1693 404 2041 454 resecemus,
2100 388 2157 441 et
2176 383 2342 473 Avel
2373 385 2664 439 momento
2694 398 2861 454 posse
2888 397 3006 437 non
3039 381 3235 437 credit.
3263 383 3575 440 Perdidisset
3608 388 3725 444 latro
3749 392 3793 447 in

527 495 650 548 quae
686 478 1031 531 observanda
1075 485 1207 533 sunt
1244 480 1584 535 sanciamus.
1617 483 1685 537 Et
1721 481 1976 553 quamvis
2008 480 2156 535 circa

522 570 836 641 longinqua
866 571 1172 641 spiritualis
1216 590 1351 626 cura
1388 591 1499 628 non
1536 575 1777 641 deﬁciat,
1827 575 1927 629 sed
1961 593 2017 630 se
2057 593 2158 646 per

526 663 719 718 omnia
772 681 884 735 qua
935 682 1151 719 nomen
1201 667 1295 721 Dei
1352 668 1690 738 praedicatur
1736 669 2022 735 extendat,
2051 685 2156 722 nec

526 756 781 811 notitiam
813 762 1062 813 nostram
1090 758 1531 832 subterfugiunt,
1564 779 1689 833 quae
1716 762 1775 816 in
1804 762 2156 817 eversionem

524 851 858 919 regularum
900 853 1138 907 novellae
1168 855 1631 926 praesumptionis
1669 857 1998 911 auctoritate
2033 860 2153 911 ten-

525 948 740 1000 tantur.

599 1041 636 1092 l.
667 1039 971 1093 Didicimus
1000 1041 1459 1112 enim’quosdam
1489 1043 1715 1097 Domini
1735 1045 2048 1099 sacerdotes
2068 1062 2157 1100 su-

524 1132 850 1201 perstitioso
881 1134 1069 1203 potius
1091 1120 1273 1187 cultui
1302 1134 1592 1205 inservire,
1623 1154 1796 1209 quam
1826 1138 2034 1191 mentis
2069 1138 2157 1192 vel

524 1224 657 1277 ﬁdei
686 1225 937 1295 puritati.
974 1226 1081 1280 Sed
1126 1244 1241 1281 non
1279 1228 1489 1282 mirum
1521 1230 1563 1283 si
1592 1234 1788 1284 contra
1818 1231 2153 1285 ecclesiasti-

527 1333 657 1371 cum
687 1334 909 1372 morem
940 1320 1173 1387 faciunt,
1209 1320 1307 1391 qui
1334 1321 1391 1375 in
1422 1323 1666 1377 Ecclesia
1698 1341 1807 1377 non
1838 1324 2152 1392 creverunt,

528 1410 627 1463 sed
646 1412 716 1465 ab
734 1412 843 1466 alio
864 1414 1155 1469 venientes
1172 1414 1375 1470 itinere
1392 1432 1584 1470 secum
1606 1417 1727 1470 haec
1749 1417 1809 1471 in
1829 1417 2152 1485 Ecclesiam,

528 1517 656 1573 qum
704 1503 760 1557 in
809 1505 919 1559 alia
965 1508 1387 1563 conversatione
1429 1509 1763 1577 habuerant,
1818 1510 2152 1577 intulerunt,

528 1598 718 1651 amicti
773 1598 939 1669 pallio
982 1605 1038 1653 et
1089 1601 1309 1655 lumbos
1345 1602 1629 1673 praecincti
1673 1604 1912 1657 credunt
1946 1609 2157 1658 sanctas

528 1691 828 1762 Scripturm
853 1694 1043 1763 fidem,
1079 1712 1194 1749 non
1222 1713 1323 1765 per
1348 1696 1628 1766 spiritum,
1654 1696 1750 1750 sed
1777 1714 1880 1767 per
1903 1697 2156 1752 litteram

2257 494 2424 532 cruce
2438 476 2744 549 praemium
2759 476 2831 532 ad
2843 476 3050 532 Christi
3069 475 3357 531 dexteram
3374 478 3601 549 pendens
3618 481 3657 535 si
3672 482 3796 539 illum

2255 571 2424 625 unius
2468 571 2622 625 horae
2665 569 2999 642 poenitentia
3034 586 3152 624 non
3195 570 3437 641 juvisset.
3465 575 3589 629 Cum
3614 579 3731 629 esset
3755 578 3798 632 in

2254 681 2424 736 pcena
2461 664 2725 735 paenituit
2752 668 2807 718 et
2831 680 2936 735 per
2958 663 3129 718 unius
3154 664 3420 719 sermonis
3444 666 3799 736 promissionem

2254 761 2643 816 habitaculum
2683 760 2928 833 paradisi
2980 762 3089 815 Deo
3138 762 3490 832 promittente
3528 766 3798 834 promeruit.

2255 862 2395 914 Vera
2421 876 2559 930 ergo
2586 860 2656 914 ad
2698 860 3004 914 Dominum
3033 860 3317 914 conversio
3351 860 3409 914 in
3443 861 3630 916 ultimis
3651 879 3801 933 pecca-

2254 959 2443 1008 torum
2470 958 2662 1007 mente
2684 953 2873 1025 potius
2893 956 2976 1008 est
2998 953 3382 1023 existimanda,
3404 971 3560 1025 quam
3583 959 3797 1027 tempore,

2255 1047 2536 1118 propheta
2564 1047 2672 1100 1100
2700 1046 2893 1101 taliter
2918 1051 3204 1102 asserente
3231 1063 3244 1101 :
3271 1068 3297 1096 «
3322 1047 3455 1101 Cum
3471 1064 3729 1102 conversus
3746 1049 3804 1103 in—

2255 1140 2561 1210 gemueris,
2592 1143 2727 1193 tunc
2758 1141 2944 1193 salvus
2971 1140 3102 1195 eris.
3141 1161 3167 1190 ››
3210 1140 3348 1195 Cum
3369 1157 3496 1210 ergo
3515 1141 3742 1195 Dominus
3757 1143 3806 1196 sit

2256 1233 2441 1286 cordis
2472 1233 2762 1304 inspector
2788 1234 2983 1304 quovis
3014 1237 3268 1304 tempore
3301 1250 3410 1287 non
3437 1237 3515 1287 est
3538 1234 3805 1304 deneganda

2262 1326 2604 1397 poenitentia
2630 1325 2962 1396 postulanti,
2995 1342 3124 1381 cum
3152 1326 3243 1380 ille
3270 1342 3327 1382 se
3353 1326 3550 1398 obliget
3562 1326 3726 1399 judici,
3745 1327 3806 1381 cui

2257 1421 2472 1474 occulta
2498 1419 2694 1472 omnia
2719 1419 2944 1473 noverit
2980 1419 3254 1474 revelari.‘

2331 1514 2418 1567 111.
2462 1512 2758 1567 Ordinatos
2804 1529 2938 1567 vero
2978 1512 3283 1584 quosdam,
3327 1514 3518 1567 fratres
3544 1513 3805 1579 charissimi,

2257 1606 2569 1677 episcopos,
2592 1605 2690 1676 qui
2711 1606 2881 1660 nullis
2902 1606 3291 1661 ecclesiasticis
3310 1606 3584 1661 ordinibus
3606 1606 3667 1660 ad
3683 1610 3807 1660 tanta:

2257 1698 2548 1768 dignitatis
2574 1698 2867 1769 fastigium
2902 1699 3119 1753 fuerint
3161 1699 3402 1754 instituti
3440 1703 3613 1754 contra
3636 1701 3808 1753 Patrum

528 1785 931 1854 complexuros.
978 1788 1119 1841 Nam
1158 1788 1204 1841 si
1248 1788 1317 1842 ad
1346 1789 1448 1842 hoc
1478 1789 1582 1842 ista
1619 1793 1901 1860 prmcepta
1932 1793 2064 1844 sunt
2094 1772 2232 1845 utB
2258 1791 2485 1845 decreta
2523 1792 2691 1863 hujus
2734 1793 3125 1863 usurpatione,
3180 1792 3279 1864 qui
3322 1809 3379 1847 se
3408 1793 3507 1846 hoc
3529 1791 3809 1862 recognoscit
3888 1860 3892 1865 Δ

528 1876 716 1932 taliter
744 1883 1125 1950 servarentur,
1159 1898 1262 1935 cur
1304 1899 1419 1936 non
1466 1882 1611 1937 fiunt
1648 1883 1859 1953 pariter
1900 1900 2029 1954 quas
2070 1900 2152 1938 se-

529 1976 802 2041 quuntur,
838 1978 899 2027 ut
936 1973 1185 2029 lucernae
1221 1976 1482 2029 ardentes
1511 1976 1570 2029 in
1599 1977 1861 2031 manibus
1886 1994 1999 2031 una
2027 1994 2156 2032 cum

526 2063 724 2119 baculo
748 2068 1050 2121 teneantur
1068 2069 1095 2122 ?
1116 2069 1373 2122 Habeant
1403 2074 1594 2123 autem
1618 2087 1785 2124 suum
1815 2071 1921 2125 ista
1946 2076 2153 2142 myste-

528 2157 676 2212 rium
720 2163 776 2212 et
816 2159 1263 2231 intelligentibus
1302 2162 1376 2216 ita
1411 2162 1566 2217 clara
1597 2168 1744 2229 sunt,
1787 2168 1852 2218 ut
1880 2180 1943 2217 ea
1969 2163 2158 2233 magis

528 2268 701 2321 quam
725 2252 883 2306 decet
907 2253 1325 2323 signiﬁcatione
1344 2259 1655 2311 serventur.
1690 2258 1829 2311 Nam
1845 2258 1905 2311 in
1930 2257 2153 2311 lumbo-

529 2360 657 2398 rum
686 2346 1087 2416 praacinctione
1118 2348 1361 2419 castitas,
1396 2350 1453 2403 in
1476 2350 1673 2404 baculo
1696 2350 1956 2421 regimen
1978 2354 2159 2421 pasto-

523 2438 661 2493 rale.
693 2440 754 2493 In
785 2441 1027 2495 lucernis
1060 2442 1387 2497 ardentibus
1418 2444 1550 2498 boni
1577 2444 1767 2515 fulgor
1792 2443 1977 2515 operis
2004 2444 2153 2498 indi-

529 2536 717 2601 catur,
759 2533 829 2588 de
872 2551 985 2606 quo
1022 2535 1227 2590 dicitur
1259 2553 1271 2590 :
1310 2559 1338 2586 ‹‹
1378 2536 1464 2592 Sic
1504 2553 1675 2608 opera
1710 2541 1897 2592 vestra
1930 2538 2158 2592 luceant

527 2626 738 2696 (Matth.
759 2645 812 2697 v,
839 2632 943 2699 l6).
965 2651 991 2679 »
1014 2629 1233 2685 Habent
1248 2633 1439 2685 tamen
1460 2631 1634 2685 istum
1655 2631 1891 2686 forsitan
1916 2632 2151 2699 cultum,

523 2736 746 2777 morem
761 2723 949 2793 potius
963 2740 1135 2793 quam
1145 2725 1421 2778 rationem
1438 2728 1757 2796 sequentes,
1781 2725 1880 2796 qui
1898 2726 2156 2779 remotio-

525 2815 679 2869 ribus
702 2816 960 2869 habitant
981 2816 1139 2884 locis,
1162 2820 1217 2870 et
1238 2818 1435 2887 procul
1458 2834 1491 2871 a
1512 2818 1725 2871 caeteris
1747 2817 1980 2888 degunt,
2007 2819 2155 2873 unde

526 2906 619 2961 hic
657 2907 881 2961 habitus
922 2909 981 2962 in
1027 2910 1274 2963 ecclesiis
1311 2909 1627 2974 Gallicanis,
1673 2914 1739 2964 ut
1763 2914 1845 2964 tot
1871 2927 2156 2965 annorum

522 3005 933 3072 tantorumque
956 3001 1282 3072 pontiﬁcum
1303 3002 1361 3056 in
1382 3003 1624 3057 alterum
1644 3004 1903 3058 habitum
1926 3021 2158 3059 consue-

525 3095 664 3148 tudo
692 3096 964 3162 vertatur,
993 3095 1351 3150 discernendi
1380 3113 1412 3150 a
1437 3098 1596 3167 plebe
1618 3098 1705 3151 vel
1727 3098 1945 3151 caeteris
1962 3116 2155 3153 sumus

529 3188 783 3242 doctrina
804 3204 919 3242 non
930 3193 1101 3256 veste,
1125 3190 1547 3245 conversatione
1569 3207 1685 3245 non
1703 3191 1922 3260 habitu,
1948 3193 2154 3246 mentis

526 3281 769 3352 puritate
798 3299 910 3336 non
939 3283 1113 3336 cultu.
1143 3284 1283 3337 Nam
1311 3283 1355 3337 si
1383 3283 1609 3338 studere
1632 3284 1968 3354 incipiamus
2000 3286 2153 3339 novi-

523 3375 646 3443 tati,
679 3375 950 3430 traditum
974 3376 1137 3430 nobis
1160 3395 1192 3431 a
1220 3376 1479 3431 Patribus
1507 3377 1767 3432 ordinem
1797 3378 2153 3447 calcabimus,

520 3473 584 3524 ut
608 3470 797 3524 locum
822 3470 1181 3542 supervacuis
1209 3470 1707 3541 superstitionibus
1733 3472 2027 3541 faciamus,
2057 3489 2154 3526 ru-

523 3562 618 3617 des
640 3580 776 3634 ergo
804 3564 1053 3619 fidelium
1075 3567 1295 3619 mentes
1316 3565 1386 3618 ad
1410 3564 1542 3619 talia
1558 3581 1674 3619 non
1699 3565 1974 3620 debemus
1995 3565 2156 3620 indu-

520 3672 662 3723 cere,
698 3657 937 3712 docendi
966 3657 1119 3712 enim
1143 3657 1330 3729 potius
1355 3661 1489 3712 sunt
1518 3674 1688 3729 quam
1716 3658 2013 3713 illudendi.
2044 3660 2155 3713 Nec

518 3749 928 3820 imponendum
955 3756 1039 3806 est
1065 3767 1263 3805 eorum
1293 3751 1490 3817 oculis,
1526 3752 1623 3805 sed
1654 3752 1943 3806 mentibus
1967 3752 2157 3806 infun-

520 3843 700 3898 denda
746 3846 1032 3915 praecepta
1080 3848 1231 3899 sunt.
1287 3846 1462 3899 Erant
1512 3845 1741 3915 quidem
1798 3846 1973 3899 multa
2025 3863 2153 3917 quae

517 3954 621 4008 pro
654 3937 943 4009 disciplina
973 3938 1366 4005 ecclesiastica,
1398 3939 1487 3992 vel
1529 3938 1704 4009 ipsius
1736 3938 1818 3993 rei
1846 3938 2030 3994 dicere
2056 3956 2150 3993 ra-

518 4031 673 4085 tione
696 4047 1009 4102 possemus,
1039 4032 1138 4086 sed
1170 4031 1241 4086 ab
1272 4031 1360 4085 his
1392 4032 1462 4085 ad
1485 4031 1594 4085 alia
1620 4048 1971 4087 revocamur.

584 4126 644 4178 Π.
704 4125 1050 4195 Agnovimus
1111 4125 1263 4178 enim
1320 4125 1719 4196 pmnitentiam
1776 4124 2152 4180 morientibus

517 4217 812 4287 denegari,
844 4234 948 4271 nec
967 4217 1196 4271 illorum
1219 4217 1511 4272 desideriis
1531 4218 1706 4272 annui
1735 4217 1831 4288 qui
1860 4218 2042 4272 obitus
2063 4219 2151 4274 sui

516 4314 769 4379 tempore
794 4310 900 4363 hoc
919 4311 1129 4364 anima)
1159 4326 1274 4364 suae
1293 4311 1531 4381 cupiunt
1550 4310 1807 4365 remedio
1826 4311 2110 4366 subveniri
2134 4329 2147 4378 ;

515 4403 834 4472 horremus,
856 4403 1061 4472 fateor,
1085 4405 1260 4458 tanta:
1284 4403 1592 4474 impietatis
1613 4404 1865 4475 aliquem
1888 4406 2146 4476 reperiri,

2254 1885 2449 1939 fecisse
2477 1884 2801 1952 didicimus,
2830 1902 2961 1939 cum
2990 1885 3061 1940 ad
3089 1887 3476 1958 episcopatum
3502 1885 3583 1939 his
3607 1884 3809 1955 gradibus

2254 1978 2717 2049 frequentissime
2749 1983 2981 2033 cautum
3012 1996 3132 2034 esse
3164 1980 3397 2035 deberet
3424 1977 3692 2050 perveniri,
3721 1983 3810 2031 uta

2257 2072 2577 2125 minoribus
2598 2070 2807 2126 initiati
2823 2072 3022 2126 ofﬁciis
3043 2073 3112 2127 ad
3133 2072 3346 2143 majora
3368 2071 3662 2126 firmentur.
3681 2070 3810 2124 Debet

2258 2164 2413 2218 enim
2447 2169 2579 2219 ante
2606 2182 2725 2220 esse
2764 2165 3072 2236 discipulus
3103 2165 3359 2237 quisquis
3384 2166 3566 2220 doctor
3589 2179 3690 2217 esse
3713 2162 3811 2215 desi-

2257 2257 2439 2326 derat,
2488 2263 2552 2312 ut
2589 2259 2768 2330 possit
2813 2259 3012 2314 docere
3057 2259 3211 2330 quod
3270 2258 3479 2313 didicit.
3522 2256 3691 2313 Omnis
3721 2256 3811 2308 vita

2255 2351 2536 2405 institutio
2564 2351 2667 2405 hac
2685 2351 2759 2406 ad
2785 2352 2840 2406 id
2856 2352 3009 2424 quod
3031 2352 3216 2406 tendit
3236 2369 3297 2406 se
3326 2352 3533 2407 ratione
3552 2349 3803 2405 conﬁrmat.

2255 2443 2358 2507 Qui
2400 2443 2639 2498 minime
2678 2444 2877 2499 litteris
2913 2462 3144 2516 operam
3183 2445 3405 2500 dederit
3425 2449 3704 2518 praeceptor
3730 2457 3813 2495 non

2255 2540 2444 2608 potest
2462 2553 2579 2591 esse
2603 2538 2940 2593 litterarum.
2971 2539 3075 2604 Qui
3100 2555 3215 2593 non
3236 2556 3344 2610 per
3369 2539 3581 2609 singula
3599 2534 3813 2606 stipendia

2255 2629 2515 2698 creverit,
2548 2629 2617 2684 ad
2648 2631 2918 2685 meritum
2958 2631 3218 2686 ordinem
3266 2630 3526 2703 stipendii
3554 2646 3655 2684 non
3680 2629 3814 2699 potest

2254 2723 2572 2794 pervenire.
2648 2723 2848 2778 Solum
2912 2724 3295 2779 sacerdotium
3360 2724 3503 2779 inter
3566 2724 3660 2776 ista
3713 2734 3812 2789 rogo

2255 2815 2419 2870 vilius
2470 2817 2600 2870 est?
2645 2816 2807 2881 Quod
2852 2817 3068 2872 facilius
3113 2812 3387 2873 trib'uitur
3433 2834 3552 2872 cum
3599 2814 3815 2869 difﬁcilius

2256 2909 2575 2980 impleatur.
2609 2910 2715 2965 Sed
2732 2911 2857 2982 jam
2888 2928 3005 2966 non
3034 2913 3167 2966 satis
3211 2915 3301 2967 est
3325 2912 3485 2967 Iaicos
3514 2907 3680 2983 186
3703 2905 3814 2962 ordi-

2255 3018 2413 3070 nare,
2445 3004 2594 3074 quod
2619 3004 2809 3058 nullus
2827 3003 2948 3059 ﬁeri
2962 3005 3102 3059 ordo
3123 3006 3426 3076 permittit,
3448 3005 3541 3060 sed
3561 3004 3704 3058 etiam
3722 3015 3819 3070 quo-

2176 3139 2230 3213 Ο
2254 3111 2383 3149 rum
2418 3096 2659 3150 crimina
2704 3097 2876 3169 longe
2921 3098 3148 3170 lateque
3191 3114 3299 3170 per
3346 3115 3537 3153 omnes
3571 3111 3697 3168 pene
3724 3108 3812 3163 pm-

2256 3189 2465 3213 -.z-..:....
2491 3195 2617 3213 ...χιχ
2646 3195 2776 3213 ..η-ι
2813 3190 3105 3213 _-_a:a_--
3135 3191 3467 3213 -__I2___L___-
3515 3188 3685 3213 n-_.:..l
3709 3184 3812 3213 ...ιζ-ν.

2256 3189 2467 3243 vincias
2491 3195 2620 3244 nota
2644 3195 2778 3244 sunt
2813 3190 3108 3262 pontiﬁces
3129 3191 3486 3247 ordinantur.
3515 3188 3689 3245 Daniel
3707 3184 3817 3239 enim

2255 3298 2443 3353 nuper
2479 3281 2650 3336 missa
2679 3284 2956 3338 relatione
2987 3301 3055 3339 ex
3086 3276 3457 3340 orientalibus
3491 3284 3557 3339 ad
3602 3298 3690 3336 nos
3721 3293 3815 3350 par-

2256 3375 2407 3429 tibus
2448 3375 2517 3429 ab
2545 3376 2699 3430 omni
2739 3377 2892 3448 quod
2918 3383 3185 3433 tenuerat
3210 3379 3499 3450 virginum
3549 3370 3818 3431 monasterio

2254 3468 2485 3522 nefariis
2514 3473 2597 3523 est
2625 3470 3034 3541 objectionibus
3062 3477 3362 3527 accusatus
3392 3472 3563 3527 multa
3593 3469 3652 3524 de
3677 3464 3817 3521 multis

2257 3562 2474 3633 objecta
2503 3562 2746 3634 ﬂagitiis.
2775 3565 2837 3618 In
2876 3581 3129 3636 quanam
3166 3566 3377 3621 lateret
3430 3570 3683 3620 terrarum
3705 3559 3819 3631 parte

2256 3655 2555 3725 quaesitum
2606 3660 2710 3723 est,
2759 3661 2823 3712 ut
2855 3658 2900 3712 si
2931 3658 3274 3713 innocentiae
3321 3659 3636 3723 conﬁderet,
3672 3656 3819 3709 contra

2247 3749 2528 3818 judicium
2597 3751 2947 3821 postulatum
3015 3751 3255 3806 minime
3325 3753 3639 3808 declinaret.
3692 3746 3820 3803 Missae

2253 3842 2325 3896 ad
2382 3845 2768 3898 Arelatensem
2814 3845 3141 3916 episcopum
3186 3862 3296 3918 per
3351 3848 3694 3902 Fortunatam
3733 3837 3820 3892 sub-

2253 3935 2555 3990 diaconum
2608 3940 2868 3992 nostrum
2913 3939 3343 4011 praeceptiones,
3399 3944 3460 3995 ut
3508 3938 3574 3994 ad
3604 3933 3820 4008 judicium

2253 4028 2633 4084 destinaretur
2658 4031 2996 4102 episcopale.
3023 4033 3216 4087 Tantis
3239 4039 3504 4105 gravatus
3529 4024 3817 4086 testimoniis,

2251 4125 2407 4176 tanta
2451 4123 2765 4178 facinorum
2805 4126 3165 4181 accusatione
3204 4128 3462 4197 pulsatus
3491 4137 3740 4181 sacrarum
3765 4116 3821 4184 (υι

2251 4215 2474 4288 dicitur)
2521 4217 2810 4288 virginum
2835 4219 3086 4289 pollutus
3106 4219 3324 4276 incesto
3377 4222 3655 4292 episc0pus
3678 4208 3820 4268 assert

2249 4314 2343 4363 tur
2373 4310 2687 4379 ordinatus,
2722 4314 2779 4365 et
2807 4316 2870 4366 ut
2908 4312 2965 4366 in
3008 4313 3190 4368 nostri
3232 4313 3443 4369 libellis
3478 4310 3650 4368 scrinii
3688 4301 3819 4361 conti-

2251 4407 2435 4473 netur,
2469 4421 2715 4475 quorum
2747 4405 2820 4459 ad
2846 4421 2946 4460 vos
2972 4422 3205 4479 quoque
3244 4406 3587 4480 exemplaria
3613 4393 3820 4458 direxeri-

510 4502 575 4551 ut
598 4496 669 4550 de
707 4497 802 4552 Dei
834 4496 1038 4568 pietate
1084 4497 1367 4568 desperet,
1414 4497 1572 4568 quasi
1614 4515 1725 4552 non
1758 4498 1935 4569 possit
1977 4499 2050 4553 ad
2085 4516 2143 4554 se
2163 4511 2221 4583 D
2244 4512 2391 4562 mus,
2426 4495 2485 4551 in
2514 4498 2790 4567 pontificii
2830 4499 3165 4571 dignitatem
3212 4502 3319 4556 hoc
3359 4505 3604 4573 tempore
3637 4510 3730 4568 quo
3768 4486 3817 4542 ad

512 4590 705 4661 quovis
743 4596 996 4662 tempore
1036 4592 1398 4647 concurrenti
1445 4608 1792 4659 succurrere,
1825 4596 1879 4646 et
1915 4592 2140 4663 pericli-

428 4708 439 4723 ι
514 4687 729 4738 tantem
775 4685 878 4738 sub
918 4700 1089 4739 onere
1128 4688 1487 4755 peccatorum
1525 4686 1820 4740 hominem
1857 4685 2141 4741 redimere

509 4793 622 4847 quo
650 4794 707 4832 se
739 4777 818 4831 illi
845 4778 1095 4849 expediri
1122 4777 1405 4832 desiderat
1435 4782 1493 4833 et
1519 4779 1747 4834 liberari
1779 4779 1807 4833 ?
1847 4780 1996 4844 Quid
2035 4781 2140 4835 hoc

508 4885 649 4939 rogo
689 4871 841 4925 aliud
882 4888 1056 4943 quam
1088 4872 1351 4926 morienti
1385 4878 1627 4927 mortem
1652 4874 1876 4943 addere,
1906 4875 2140 4947 ejusque

504 4963 758 5018 animam
796 4980 898 5018 sua
939 4963 1274 5019 credulitate
1307 4982 1379 5019 ne
1413 4965 1621 5021 absolvi
1654 4967 1832 5037 possit
1859 4968 2136 5035 occidere,

507 5074 638 5112 cum
665 5059 806 5111 Deus
829 5056 902 5111 ad
931 5058 1385 5113 subi/emendum
1406 5058 1478 5112 sit
1504 5060 1890 5131 paratissimus
1921 5065 1971 5115 st
1994 5061 2135 5116 invi-

509 5156 636 5206 tans
663 5152 735 5205 ad
762 5150 1150 5223 paenitentiam
1178 5151 1256 5206 sic
1272 5152 1571 5223 promittat
1595 5155 1898 5225 peceatori,
1930 5156 2134 5227 inquit,

510 5261 915 5317 «quacunque
963 5245 1054 5299 die
1108 5261 1409 5300 conversus
1466 5247 1673 5315 fuerit,
1733 5252 1965 5319 peccata
2017 5249 2138 5319 ejus

501 5356 619 5395 non
645 5339 1082 5411 imputabantur
1109 5339 1388 5409 ei(Ezech.
1418 5355 1607 5411 xxxm,
1640 5342 1744 5411 l2);
1771 5362 1795 5392 ››
1822 5344 1880 5396 et
1898 5341 2133 5395 iterum:

508 5456 534 5483 ‹‹
568 5434 701 5490 Νο10
759 5437 999 5488 mortem
1051 5434 1403 5504 peccatoris,
1476 5434 1578 5489 sed
1634 5436 1856 5489 tantum
1900 5451 2135 5489 conver-

504 5530 654 5581 tatur
699 5530 755 5582 et
806 5527 954 5581 vivat
1005 5527 1208 5596 (Ezech.
1260 5542 1454 5593 χχχιιι,
1509 5528 1612 5597 ll).
1643 5548 1671 5575 »
1716 5528 1965 5583 Salutem
1997 5544 2134 5599 ergo

503 5620 727 5674 homini
774 5619 1005 5689 adimit,
1066 5619 1324 5690 quisquis
1389 5620 1588 5674 mortis
1647 5624 1900 5693 tempore
1947 5622 2133 5692 poeni-

504 5713 746 5767 tentiam
806 5713 1188 5784 denegaverit.
1239 5716 1306 5769 Et
1349 5713 1672 5784 desperavit
1717 5715 1786 5770 de
1831 5715 2135 5771 clementia

509 5804 630 5873 Dei,
663 5806 762 5876 qui
788 5822 918 5860 eum
948 5806 1021 5860 ad
1056 5807 1510 5865 subveniendum
1549 5808 1815 5867 morienti
1853 5808 2129 5883 sufﬁcere,

2243 4605 2469 4644 causam
2519 4590 2821 4646 dicendam
2878 4593 3065 4647 missis
3127 4612 3159 4648 a
3222 4594 3390 4649 nobis
3452 4592 3640 4648 litteris
3695 4598 3816 4639 voca-

2239 4681 2427 4750 batur,
2462 4683 2730 4753 obrepsit,
2773 4703 2933 4741 sacro
2973 4688 3199 4742 nomini
3228 4689 3377 4744 absit
3415 4686 3629 4760 injuria.
3682 4687 3699 4705 '
3746 4677 3819 4731 η’

2240 4775 2400 4829 cilius
2467 4779 2551 4830 est
2625 4781 2687 4832 ut
2756 4780 2904 4834 hanc
2982 4780 3323 4852 dignitatem
3376 4783 3466 4837 tali
3520 4777 3692 4835 dando
3732 4773 3819 4842 ἱρεθ

2240 4868 2489 4924 amiserit
2534 4871 2845 4942 ordinatus,
2891 4890 3067 4945 quam
3109 4890 3239 4929 eam
3276 4876 3529 4931 obtineat
3570 4870 3819 4927 ordinatus.

2240 4963 2339 5019 Cui
2379 4965 2633 5019 convicto
2670 4966 2982 5022 sociabitur
3016 4967 3115 5039 qui
3161 4968 3269 5023 sibi
3314 4986 3449 5025 eum
3490 4964 3705 5023 credidit
3734 4960 3819 5012 lar-

2241 5056 2453 5128 giendo
2480 5058 2839 5129 pontificium
2866 5060 3217 5117 sociandum.
3246 5063 3433 5127 Qualis
3473 5061 3615 5115 enim
3639 5058 3737 5127 ipse
3772 5047 3823 5101 είί

2238 5151 2493 5222 quisquis
2513 5153 2685 5207 talem
2714 5153 3061 5210 ordinaverit
3088 5156 3354 5212 ostendit.
3386 5156 3478 5210 His
3507 5167 3633 5223 ergo
3662 5150 3710 5203 in
3730 5157 3819 5199 me-

2239 5244 2395 5298 dium
2419 5262 2569 5300 nunc
2596 5246 2871 5317 deductis,
2902 5264 3033 5303 cum
3061 5249 3319 5322 plerique
3356 5252 3603 5303 nostrum
3630 5244 3725 5297 sint
3748 5233 3821 5307 qui

2236 5339 2558 5408 apostolicae
2585 5339 2745 5395 Sedis
2772 5343 2981 5397 statuta
3011 5343 3389 5414 cognoverint
3414 5340 3688 5397 nobiscum
3715 5336 3822 5386 tem-

2235 5447 2378 5502 pore
2406 5432 2699 5504 aliquanto
2727 5436 2936 5490 versati
2960 5436 3034 5490 ad
3060 5436 3373 5509 disciplima
3396 5447 3642 5491 normam
3661 5420 3821 5482 nostris

2235 5531 2516 5581 conventa
2553 5528 3046 5585 exhortationibus
3090 5531 3283 5586 omnia
3320 5527 3635 5586 fraternitas
3677 5519 3818 5573 vesm

2233 5618 2464 5675 festinet
2490 5636 2775 5678 revocare.

2302 5718 2388 5773 ιν.
2426 5719 2681 5775 Primum
2712 5721 2878 5792 juxta
2921 5738 3211 5779 canonum
3251 5724 3474 5779 decreta
3510 5718 3816 5806 unaqumqlle

2232 5811 2526 5887 provincia
2539 5831 2642 5872 suo
2656 5816 3096 5896 metropolitano
3110 5822 3370 5875 contenta
3381 5816 3468 5887 sit,
3488 5818 3546 5870 ut
3559 5812 3813 5867 decessoris
