4026 6182
227 253 328 306 757

1448 253 1920 309 DECRETALIUM
1956 254 2341 309 COLLECTIO.

3485 257 3591 311 758

217 355 396 412 nostri
427 357 559 411 data
600 357 674 411 ad
713 357 1139 414 Narbonensem
1184 359 1519 431 episcopum
1565 361 1856 416 continent
1874 361 2094 445 AData
2140 377 2216 416 v11
2248 361 2485 417 Kalend.
2542 363 2782 435 Augusti
2826 363 3005 418 Felice
3049 365 3108 418 et
3150 364 3332 418 Tauro
3380 378 3585 418 consu-

213 450 495 520 instituta,
540 467 647 504 nec
674 451 1031 522 usurpationi
1076 452 1231 508 locus
1269 454 1439 508 alicui
1480 455 1756 510 sacerdoti
1794 455 1854 510 in

212 542 451 597 alterius
512 544 857 600 concedatur
916 544 1208 615 injuriam.
1272 547 1358 602 Sit
1412 549 1693 603 concessis
1748 548 1852 603 sibi

212 640 521 692 contentus
588 638 982 710 unusquisque
1035 639 1330 709 limitibus,
1397 642 1537 696 alter
1582 642 1642 696 in
1709 642 1851 696 alte-

212 730 334 783 rius
385 731 673 801 provincia
744 732 886 786 nihil
938 737 1268 804 praesumat,
1323 750 1427 789 nec
1492 734 1746 789 emeritis
1791 735 1852 790 in

209 824 328 877 suis
382 823 632 878 ecclesiis
685 826 977 896 peregrini
1029 829 1086 881 et
1136 828 1407 895 extranei,
1460 833 1519 882 et
1571 829 1667 899 qui
1720 831 1852 884 ante

208 917 465 986 ignorati
492 920 626 972 sunt
644 918 717 973 ad
733 919 1115 974 exclusionem
1146 936 1345 975 eorum
1359 922 1458 992 qui
1473 922 1618 976 bene
1639 922 1708 976 de
1731 940 1852 976 suo-

208 1026 343 1065 rum
379 1011 922 1067 civium‘merentur
945 1013 1267 1068 testimonio
1313 1018 1736 1085 praeponantur,
1778 1033 1850 1070 ne

210 1120 428 1158 novum
457 1104 748 1175 quoddam
769 1106 838 1161 de
867 1122 981 1178 quo
1008 1107 1258 1179 episcopi
1283 1108 1425 1162 ﬁant
1450 1108 1708 1163 videatur
1728 1126 1849 1164 esse

206 1198 544 1269 collegium.
1100 1185 1106 1192 ’

280 1339 349 1391 ν.
381 1338 575 1391 Nullus
615 1338 805 1393 invitis
837 1338 1005 1394 detur
1030 1340 1363 1410 episcopus:
1407 1340 1544 1394 cleri
1582 1340 1765 1411 plebis
1795 1346 1851 1395 et

211 1431 434 1485 ordinis
480 1448 786 1486 consensus
815 1438 872 1487 et
916 1433 1261 1488 desiderium
1303 1434 1649 1505 requiratur.
1694 1435 1849 1489 Tunc

206 1525 356 1579 alter
388 1526 459 1581 de
485 1526 664 1581 altera
693 1526 938 1597 eligatur
963 1526 1217 1595 ecclesia,
1238 1527 1284 1581 si
1314 1527 1382 1580 de
1410 1527 1646 1581 civitatis
1671 1527 1848 1598 ipsius

206 1619 367 1673 clero
396 1620 488 1674 cui
531 1624 615 1674 est
659 1620 954 1691 episcopus
994 1619 1365 1690 ordinandus,
1413 1622 1605 1675 nullus
1642 1621 1847 1693 dignus

206 1712 389 1783 (quod
418 1713 641 1768 evenire
666 1730 785 1768 non
817 1712 1121 1783 credimus)
1158 1715 1410 1784 potuerit
1438 1714 1699 1785 reperiri.
1728 1714 1842 1768 Pri-
1865 1742 1923 1814 B

128 1800 138 1807 ’
206 1822 379 1859 mum
444 1806 597 1860 enim
659 1806 740 1860 illi
792 1806 1137 1876 reprobandi
1205 1811 1356 1875 sunt,
1415 1812 1482 1862 ut
1546 1794 1720 1878 aliqui
1777 1807 1846 1861 de

209 1900 419 1953 alienis
468 1899 714 1954 ecclesiis
744 1901 947 1954 merito
990 1900 1384 1971 praeferantur.
1429 1901 1641 1955 Habeat
1669 1918 1843 1955 unus-

205 1993 452 2063 quisque
480 1994 729 2047 fructum
758 2009 874 2047 suze
900 1993 1194 2047 militiaein
1220 1994 1453 2048 ecclesia
1472 1994 1531 2048 in
1552 2011 1666 2065 qua
1686 2010 1847 2048 suam

204 2102 312 2156 per
369 2085 557 2139 omnia
609 2085 797 2140 ofﬁcia
839 2087 1115 2157 transegit
1145 2090 1390 2141 aetatem.
1436 2090 1499 2143 In
1541 2088 1721 2141 aliena
1756 2086 1850 2140 sti-

203 2179 423 2251 pendia
470 2179 706 2234 minime
761 2180 902 2234 alter
965 2179 1224 2251 obrepat,
1278 2196 1381 2235 nec
1432 2180 1524 2234 alii
1594 2180 1847 2234 debitam

200 2273 357 2326 alter
393 2271 495 2326 sibi
526 2273 728 2327 audeat
751 2273 1046 2328 vendicare
1097 2274 1440 2328 mercedem.
1498 2274 1582 2329 Sit
1612 2274 1848 2327 facultas

200 2365 432 2420 clericis
496 2365 775 2420 renitendi
824 2366 872 2420 si
943 2383 1000 2421 se
1071 2365 1317 2420 viderint
1374 2367 1736 2437 praegravari,
1792 2370 1850 2421 et

199 2477 352 2530 quos
378 2459 484 2512 sibi
501 2459 684 2529 ingeri
702 2476 770 2513 ex
788 2462 1105 2514 transverso
1122 2461 1461 2530 agnoverint
1474 2478 1588 2514 non
1606 2461 1850 2515 timeant

196 2553 484 2619 refutare,
514 2552 613 2623 qui
646 2552 687 2606 si
711 2569 829 2607 non
860 2553 1115 2607 debitum
1151 2554 1452 2624 praemium
1490 2555 1573 2607 vel
1600 2554 1845 2609 liberum

198 2647 271 2701 de
327 2663 397 2700 eo
445 2662 537 2700 eos
578 2647 676 2717 qui
725 2651 980 2701 recturus
1025 2651 1107 2701 est
1163 2646 1372 2702 debent
1426 2647 1642 2702 habere
1685 2648 1844 2719 judi-

199 2757 386 2795 CIUID.

272 2886 368 2939 Vl.
399 2884 762 2938 Abstineatur
804 2883 979 2938 etiam
1007 2883 1077 2937 ab
1121 2884 1329 2938 illicitis
1368 2884 1843 2940 ordinationibus.

198 2978 406 3032 Nullus
451 2994 517 3031 ex
568 2977 745 3042 laicis,
791 2977 982 3031 nullus
1025 2976 1307 3048 digamus,
1375 2979 1567 3033 nullus
1624 2979 1721 3049 qui
1776 2979 1849 3032 sit

194 3073 391 3125 viduas
424 3070 663 3125 maritus
687 3073 786 3123 aut
814 3070 983 3124 fuerit
1010 3071 1323 3138 ordinetur,
1352 3072 1447 3125 sed
1474 3073 1841 3142 irreprehen-
1863 3102 1919 3177 Ο

196 3165 384 3220 sibilis
432 3168 487 3217 et
525 3165 755 3234 qualem
785 3164 959 3234 elegit
1005 3166 1290 3235 apostolus
1337 3166 1454 3219 ﬁat.
1486 3167 1590 3219 Per
1617 3166 1843 3235 Moysen

198 3257 485 3312 Dominus
533 3256 839 3327 praecepit:
896 3256 1241 3328 «Virginem
1284 3258 1522 3328 accipiat
1581 3259 1846 3313 sacerdos

196 3368 445 3406 uxorem
504 3352 688 3419 (Lavit.
732 3366 842 3416 xm,
875 3351 980 3418 l3).
1033 3371 1061 3399 ››
1120 3351 1498 3422 Subsequitur
1529 3355 1585 3405 et
1623 3353 1848 3422 supplet

194 3445 512 3517 Apostolus
565 3443 764 3498 eodem
811 3444 1030 3497 locutus
1089 3444 1312 3515 spiritu,
1367 3466 1394 3491 ‹‹
1438 3445 1605 3498 unius
1654 3445 1846 3499 uxoris

195 3540 394 3594 virum
420 3538 751 3608 episc0pum
774 3536 984 3591 debere
1013 3538 1330 3592 consecrari
1356 3536 1404 3607 (Ι
1429 3540 1563 3591 Tim.
1598 3554 1677 3604 IlI,
1706 3540 1779 3601 2).
1814 3558 1842 3589 »

195 3633 283 3687 Ad
316 3633 469 3686 hanc
500 3647 636 3701 ergo
666 3630 955 3701 eligantur
996 3631 1307 3685 formulam
1349 3632 1688 3700 sacerdotes,
1721 3635 1779 3686 et
1801 3631 1847 3686 si

196 3742 335 3797 quae
366 3726 532 3779 facta
568 3728 701 3778 sunt
727 3723 1112 3779 ordinationes
1142 3724 1360 3789 illicite,
1400 3730 1842 3779 removeantur:

194 3819 485 3891 quoniam
556 3821 702 3872 stare
750 3834 868 3872 non
943 3821 1203 3888 possunt,
1282 3834 1383 3872 nec
1432 3818 1842 3873 discussionem

195 3918 470 3967 nostram
513 3911 909 3982 subterfugere
958 3913 1243 3981 poterunt,
1294 3912 1550 3982 quamvis
1583 3912 1759 3967 latere
1786 3929 1845 3967 se

195 4006 497 4061 astimant
526 4005 625 4075 qui
649 4004 841 4058 taliter
874 4007 1296 4075 pervenerunt;
1325 4010 1383 4060 et
1410 4011 1472 4059 ut
1505 4006 1666 4060 nulla
1709 4006 1843 4060 reli-

198 4099 395 4171 gionis
444 4097 761 4152 reverentia
813 4096 1157 4152 obscuritate
1191 4098 1433 4166 fucetur,
1461 4116 1574 4153 non
1604 4100 1676 4156 sit
1705 4117 1846 4155 vana

200 4192 541 4265 gloriﬁcatio
560 4190 1215 4262 palliatis,episcopalem
1242 4208 1461 4246 morem
1482 4194 1577 4263 qui
1594 4193 1843 4265 episCOpi

197 4290 342 4341 sunt
393 4287 727 4355 sequantur.
789 4282 1005 4350 Daniel,
1051 4288 1115 4338 ut
1160 4284 1425 4352 diximus,
1474 4285 1570 4355 qui
1620 4302 1847 4340 accusa-

201 4381 431 4435 tionem
476 4376 780 4448 pontiﬁcali
823 4377 1044 4431 honore
1086 4377 1479 4447 subterfugere
1525 4394 1582 4433 se
1608 4379 1846 4434 credidit

1953 454 2120 510 libus.

2025 572 2271 641 Epistula
2301 573 2538 640 ejusdem
2568 575 2835 631 (ταῖσδείηὶ
2868 574 2943 628 ad
2967 575 3238 643 episcozios
3259 573 3476 643 Apulia
3500 578 3552 628 et

2624 646 2910 702 Calabriae.

2026 741 2077 791 l.
2107 735 2269 800 Quod
2313 736 2453 791 nulli
2498 738 2858 793 sacerdotum
2902 737 3068 793 liceat
3115 753 3360 792 canones
3413 737 3585 808 igno-

1953 846 2101 884 rare.

2020 926 2075 978 2.
2120 924 2285 987 Quod
2326 941 2440 979 non
2481 928 2736 995 oporteat
2776 925 2995 979 clericis
3039 925 3410 981 ecclesiarum
3447 940 3585 979 con-

1950 1018 2184 1088 temptis
2211 1018 2282 1072 de
2311 1018 2466 1073 laicis
2491 1019 2788 1090 episcopus
2818 1018 3102 1074 ordinare.

2022 1115 2074 1167 3.
2097 1113 2254 1175 Quod
2280 1112 2565 1166 docendus
2599 1112 2669 1166 sit
2690 1113 2932 1183 populus
2959 1128 3074 1166 non
3102 1113 3439 1182 sequendus.

2022 1206 2156 1260 CAP.
2176 1208 2217 1261 l.
2247 1206 2589 1261 Cusuasrmus
2609 1205 2884 1261 universis
2901 1206 3177 1276 episcopis
3196 1222 3301 1275 per
3321 1205 3586 1276 Apuliam

1952 1302 2009 1352 et
2030 1299 2339 1353 Calabriam
2354 1299 2849 1354 constitutis.Nulli
2866 1299 3140 1353 sacerdoti
3157 1300 3324 1353 liceat
3341 1315 3586 1353 canones

1950 1392 2234 1462 ignorare,
2265 1408 2368 1447 nec
2397 1408 2751 1464 quemquam
2768 1393 2954 1447 facere
2980 1392 3135 1463 quod
3155 1393 3383 1446 Patrum
3410 1391 3587 1462 possit

1948 1486 2163 1555 regulis
2209 1486 2458 1541 obviare.
2507 1487 2644 1550 Quae
2674 1485 2829 1540 enim
2876 1503 2908 1540 a
2938 1485 3102 1540 nobis
3143 1502 3236 1539 res
3263 1485 3440 1555 digna
3488 1501 3582 1539 re-

1948 1578 2277 1646 servabitur,
2328 1581 2375 1633 si
2444 1579 2814 1633 decretalium
2878 1596 3085 1634 norma
3140 1580 3583 1633 constitutorum

1948 1689 2051 1742 pro
2076 1672 2397 1743 aliquorum
2422 1673 2589 1727 libitu
2618 1672 2843 1727 licentia
2868 1673 3097 1744 populis
3124 1673 3401 1745 permissa
3424 1672 3581 1727 fran-

1949 1770 2134 1837 gatur.

2020 1860 2081 1911 ll.
2110 1857 2439 1913 Audivimus
2476 1859 2754 1929 quasdam
2796 1859 3041 1929 propriis
3084 1859 3379 1913 destitutas
3407 1863 3586 1913 recto-

1948 1951 2102 2005 ribus
2140 1951 2390 2006 civitates
2415 1952 2713 2023 episcOpos
2743 1951 2847 2006 sibi
2887 1953 3031 2006 velle
3068 1957 3261 2022 petere
3294 1951 3364 2006 de
3405 1951 3584 2017 laicis,

1949 2049 2289 2114 tantumque
2342 2045 2634 2115 fastigium
2664 2049 2783 2100 tam
2813 2046 2920 2099 vile
2954 2046 3207 2112 credere,
3256 2050 3316 2099 ut
3352 2045 3461 2099 hoc
3491 2044 3581 2098 his

1948 2137 2045 2207 qui
2070 2153 2184 2191 non
2211 2141 2343 2207 Deo,
2376 2138 2475 2193 sed
2503 2140 2709 2193 saeculo
2747 2138 3135 2207 militaverint,
3166 2138 3447 2192 aestiment
3468 2154 3587 2193 non

1948 2247 2107 2301 posse
2154 2233 2431 2300 conferre,
2475 2248 2593 2286 non
2617 2233 2802 2287 solum
2828 2234 2975 2287 male
3021 2232 3091 2287 de
3118 2232 3232 2286 suis
3284 2231 3503 2286 clericis
3525 2231 3588 2285 in

1947 2341 2191 2396 quorum
2218 2331 2611 2396 contemptum
2636 2326 2745 2380 hoc
2770 2326 2989 2381 faciunt
3008 2326 3356 2396 judicantes,
3390 2325 3489 2379 sed
3516 2325 3586 2379 de

1947 2418 2113 2472 nobis
2156 2418 2419 2488 pessime,
2454 2435 2596 2489 quos
2622 2419 2863 2474 credunt
2892 2420 2995 2473 hoc
3030 2435 3196 2490 posse
3226 2419 3411 2473 facere
3453 2435 3585 2473 sen—

1946 2511 2172 2566 tientes.
2190 2512 2350 2575 Quod
2371 2528 2665 2583 nunquam
2683 2512 2978 2581 auderent,
2997 2512 3042 2565 si
3056 2529 3177 2567 non
3199 2512 3586 2583 quorumdam

1946 2604 2156 2659 illicitis
2182 2605 2544 2659 consentiens
2575 2607 2858 2661 sententia
2896 2606 3288 2676 conjungeret.
3328 2607 3413 2659 lta
3444 2605 3588 2661 nihil

1949 2714 2075 2768 qua:
2101 2697 2455 2768 frequentius
2472 2699 2837 2753 suntdecreta
2863 2699 3187 2770 proﬁciunt,
3208 2702 3272 2752 ut
3288 2699 3395 2753 hoc
3422 2699 3586 2769 quasi

1948 2807 2247 2861 nunquam
2288 2792 2359 2845 de
2394 2792 2498 2845 hac
2538 2797 2699 2862 parte
2737 2792 3011 2862 scriptum
3055 2792 3583 2863 fuerit'ignoretur.

1945 2884 2092 2948 Quid
2133 2884 2388 2955 proderit
2415 2900 2521 2955 per
2568 2884 2797 2955 singula
2825 2884 3060 2939 clericos
3111 2885 3395 2955 stipendia
3434 2885 3585 2939 mili-

1945 2982 2112 3046 tasse,
2148 2983 2204 3032 et
2229 2994 2464 3032 omnem
2494 2978 2677 3049 egisse
2697 2978 2754 3032 in
2778 2978 3086 3033 Dominicis
3116 2978 3311 3032 castris
3338 2982 3586 3046 aetatem,

1946 3070 1990 3123 si
2021 3071 2081 3124 hi
2108 3071 2207 3141 qui
2234 3072 2529 3141 praefuturi
2560 3076 2692 3126 sunt
2740 3088 2812 3126 ex
2853 3072 3010 3126 laicis
3058 3072 3444 3142 requirantur.
3480 3072 3588 3136 Qui

1946 3170 2209 3219 vacantes
2234 3165 2442 3219 saeculo
2480 3170 2538 3218 et
2573 3181 2805 3219 omnem
2841 3165 3280 3220 ecclesiasticum
3324 3166 3587 3221 ordinem

1948 3257 2284 3325 nescientes,
2324 3258 2467 3312 saltu
2495 3258 2727 3329 preprio
2762 3258 2818 3312 in
2854 3259 3103 3313 alienum
3149 3259 3434 3313 honorem
3472 3276 3588 3314 am-

1945 3350 2111 3405 biunt
2156 3350 2533 3405 immoderata
2580 3351 2886 3422 cupiditate
2940 3352 3361 3418 transcendere,
3419 3357 3476 3406 et
3523 3353 3584 3407 in

1944 3443 2097 3498 aliud
2152 3444 2280 3497 vitae
2331 3460 2532 3513 genus,
2575 3445 2786 3499 calcata
2835 3444 3151 3499 reverentia
3194 3444 3586 3499 ecclesiasticas

1945 3536 2277 3607 disciplinae,
2329 3535 2590 3591 transire.
2640 3536 2865 3591 Talibus
2894 3536 3100 3608 itaque,
3138 3537 3345 3592 fratres
3373 3537 3583 3591 charis-

1946 3630 2093 3696 simi,
2126 3629 2227 3701 qui
2266 3629 2409 3700 juris
2437 3630 2637 3698 nostri,
2670 3629 2729 3684 id
2755 3635 2840 3684 est
2868 3646 3154 3684 canonum
3194 3630 3586 3700 gubernacula

1944 3724 2308 3791 custodimus,
2352 3740 2580 3779 necesse
2611 3727 2694 3778 est
2730 3723 3057 3789 obviemus;
3099 3724 3301 3796 hisque
3326 3724 3589 3778 fraterni-

1944 3820 2121 3871 tatem
2136 3822 2385 3872 vestram
2406 3817 2660 3888 epistolis
2677 3833 3207 3887 commonemus,ne
3230 3818 3355 3889 quis
3376 3816 3585 3871 laicum

1946 3911 2017 3965 ad
2050 3910 2311 3965 ordinem
2350 3910 2645 3965 clericatus
2671 3910 2955 3979 admittat,
2989 3915 3044 3965 et
3073 3911 3218 3965 sinat
3254 3910 3398 3978 ﬁeri,
3430 3909 3585 3964 unde

1945 4009 2002 4059 et
2026 4005 2188 4058 illum
2216 4004 2459 4075 decipiat
2483 4008 2542 4058 et
2566 4003 2675 4058 sibi
2701 4020 2899 4058 causas
2931 4010 3190 4076 generet,
3223 4004 3432 4077 quibus
3452 4019 3584 4059 reus

1944 4097 2260 4152 constitutis
2278 4097 2660 4152 decretalibus
2686 4097 2802 4151 ﬁat.

2014 4193 2100 4247 ΙΙΙ.
2133 4190 2429 4246 Docendus
2448 4194 2533 4245 est
2569 4192 2813 4262 populus
2840 4208 2956 4246 non
2986 4192 3326 4263 sequendus.
3361 4193 3584 4263 Nosque

1945 4285 1990 4339 si
2016 4286 2280 4341 nesciunt
2306 4302 2424 4353 eos,
2456 4284 2595 4357 quid
2618 4285 2805 4352 liceat,
2838 4285 3046 4356 quidve
3081 4302 3199 4340 non
3225 4286 3388 4339 liceat
3420 4302 3582 4341 com-

1942 4394 2199 4446 monere,
2258 4395 2376 4434 non
2435 4378 2523 4433 his
2577 4395 2917 4434 consensum
2973 4379 3230 4450 praebere
3284 4379 3579 4435 debemus.

197 4490 396 4545 posse,
452 4477 508 4527 et
554 4470 627 4524 ad
680 4469 968 4541 fastigium
1026 4475 1246 4525 tantum
1298 4475 1648 4527 accusatores
1716 4474 1921 4547 suosD
1942 4472 2202 4542 Quisquis
2251 4488 2384 4527 vero
2450 4475 2687 4526 conatus
2769 4473 2942 4527 fuerit
2995 4476 3217 4527 tantam
3276 4472 3580 4542 prohibita,

198 4565 439 4621 latendo
479 4564 752 4635 pervenit,
784 4580 817 4617 a
851 4563 1165 4618 sanctitatis
1191 4569 1391 4620 vestrae
1432 4569 1577 4621 coetu
1614 4566 1847 4621 interim

193 4659 425 4714 noverit
472 4660 838 4728 segregatum
884 4656 985 4727 qui
1037 4674 1096 4710 se
1153 4664 1348 4713 nostro
1403 4658 1618 4729 judicio
1677 4660 1849 4715 debet

194 4753 471 4823 objicere,
511 4751 555 4804 si
596 4749 961 4805 conscientia:
1004 4767 1120 4806 suae
1165 4752 1324 4806 novit
1370 4752 1646 4807 ﬁduciam
1694 4754 1845 4808 obti-

197 4863 362 4901 nere.
391 4843 752 4899 Massiliensis
778 4860 911 4899 vero
942 4844 1192 4899 ecclesiae
1227 4846 1487 4901 sacerdos
1514 4846 1613 4917 qui
1641 4847 1850 4901 dicitur

196 4939 385 5012 (quod
439 4938 593 4993 dictu
638 4937 801 4992 nefas
865 4938 968 5007 est)
1029 4938 1090 4992 in
1156 4954 1357 4994 necem
1412 4939 1604 4993 fratris
1654 4940 1849 4995 taliter

196 5033 545 5106 gratulatus,
597 5035 659 5085 ut
686 5031 821 5086 huic
868 5031 966 5103 qui
1011 5030 1133 5101 ejus
1192 5032 1469 5104 sanguine
1522 5036 1850 5088 cruentatus

196 5128 515 5182 advenerat
549 5125 878 5196 portionem
919 5141 1049 5179 cum
1078 5125 1280 5180 eodem
1314 5126 1615 5181 habiturus
1652 5143 1845 5181 occur-

194 5225 372 5290 reret,
395 5234 465 5273 ex
484 5220 669 5274 vestro
694 5235 827 5274 eum
852 5219 1200 5274 audiendum
1228 5219 1464 5290 collegio
1489 5218 1845 5290 delegamus.

1947 4565 2156 4619 sentiat
2195 4580 2493 4619 censuram
2540 4564 2863 4636 apostolica:
2892 4564 3047 4619 Sedis
3083 4564 3321 4618 minime
3358 4564 3582 4618 defutu-

1944 4674 2090 4712 ram.
2142 4660 2277 4722 Quae
2302 4658 2459 4712 enim
2510 4658 2633 4711 sola
2657 4657 3057 4711 admonitionis
3109 4657 3439 4712 auctoritate
3465 4674 3581 4713 non

1946 4751 2305 4822 corrigimus,
2334 4766 2561 4805 necesse
2605 4753 2689 4803 est
2728 4766 2835 4821 per
2874 4750 3233 4805 severitatem
3263 4767 3584 4823 congruen-

1946 4848 2063 4900 tem
2091 4845 2303 4915 regulis
2329 4844 2696 4898 vindicemus.
2731 4844 2839 4897 Per
2862 4846 3008 4898 totas
3023 4860 3159 4915 ergo
3184 4844 3292 4899 hoc
3309 4861 3438 4916 quae
3454 4861 3584 4917 pro-

1947 4938 2086 5010 priis
2111 4938 2428 4993 rectoribus
2454 4939 2653 4992 carent
2680 4937 2945 4992 ecclesias
2961 4937 3220 4992 volumus
3240 4939 3580 5005 innotescat,

1949 5037 2010 5087 ut
2038 5032 2229 5086 nullus
2258 5030 2365 5085 sibi
2410 5047 2508 5101 spe
2535 5030 2725 5101 aliqua
2766 5030 3002 5085 forsitan
3042 5030 3328 5087 blanditus
3360 5033 3581 5087 illudat.

1948 5127 2083 5179 Data
2106 5141 2180 5181 x11
2210 5124 2442 5180 Kalend.
2474 5125 2736 5195 Augusti,
2769 5124 3056 5180 Florentio
3087 5129 3146 5180 et
3174 5126 3425 5181 Dionisio
3452 5142 3585 5181 con-

1948 5217 2183 5273 sulibus.

883 5455 1001 5548 IN
1006 5456 1459 5550 ClPIUNT
1548 5457 1846 5550 DECR

1956 5457 2074 5548 l‘A
2166 5456 2464 5548 SIXTI
2553 5455 2921 5548 PAP/E.

264 5598 464 5653 Surus
503 5596 798 5668 episcopus
840 5597 1103 5653 omnibus
1140 5598 1511 5654 orientalibus
1556 5597 1837 5671 episcopis
1935 5597 2226 5652 bulatione
2268 5600 2325 5650 et
2367 5595 2756 5667 persecutione
2805 5599 3000 5649 nostra
3041 5608 3136 5647 vos
3174 5591 3398 5646 visitare
3426 5591 3583 5646 misi-

194 5689 253 5744 in
280 5691 528 5746 Domino
558 5690 823 5746 salutem.

264 5785 484 5843 Gratias
515 5787 715 5840 vestrae
755 5784 1056 5843 referimus
1096 5784 1398 5854 sanctitati,
1435 5786 1586 5857 quod
1630 5785 1689 5839 in
1723 5785 1826 5840 tri-

1934 5690 2051 5758 stis,
2102 5694 2158 5744 et
2198 5705 2381 5744 causa:
2420 5694 2629 5745 nostra“:
2672 5688 2845 5743 ﬁnem
2883 5687 3101 5742 bonum
3144 5684 3310 5752 scire,
3366 5688 3424 5741 et
3455 5702 3578 5741 esse
3614 5736 3621 5743 ,

1931 5784 2187 5859 optastis,
2216 5783 2593 5859 precibusque
2623 5782 2800 5839 Deum
2819 5779 3086 5837 exorastis
3114 5784 3181 5836 ut
3204 5779 3348 5836 mihi
3374 5779 3432 5836 in
3461 5779 3567 5836 tri-
