4026 6182
521 240 623 295 759

1433 239 1716 293 APPEND.
1757 239 1845 292 AD
1881 239 2043 293 SEC.
2085 239 2173 292 IX.
2195 265 2263 277 --
2303 237 2544 292 [SIDORI
2581 236 3008 292 MERCATORJS
3729 248 3810 302 760

518 344 815 402 bulatione
857 349 1227 415 succurreret,
1257 361 1386 400 mea
1429 363 1638 418 meque
1666 346 1977 417 adjuvaret,
2001 349 2055 402 et
2085 346 2154 401 ab
2177 366 2236 440 Α
2255 361 2454 417 pacem
2477 344 2780 400 nobiscum
2812 361 2928 400 non
2961 343 3190 412 habent,
3232 359 3334 398 nos
3359 349 3544 400 tamen
3585 362 3695 402 cum
3729 351 3813 407 illis

521 439 742 494 aemulis
758 438 1161 494 tribulantibus
1183 443 1241 494 et
1260 440 1736 511 persequentibus
1754 456 1846 495 me
1861 440 2153 496 liberaret.

519 533 562 586 Ο
590 549 764 603 quam
793 533 942 588 bona
971 538 1055 589 est
1081 533 1350 602 charitas,
1381 550 1507 605 qua:
1531 533 1794 589 absentes
1819 550 1923 605 per
1948 534 2153 606 imagi-

516 642 654 680 nem
697 629 1010 697 przesentes
1035 625 1414 698 'sibimetipsis
1453 626 1683 681 exhibet
1731 643 1836 698 per
1864 643 2154 694 amorem;

517 719 695 774 divisa
745 735 970 790 quoque
1021 719 1146 774 unit
1197 724 1254 774 et
1295 720 1525 774 confusa
1571 719 1814 787 ordinat,
1858 719 2160 790 intequalia

519 812 716 880 sociat,
745 812 1081 884 imperfecta
1107 813 1427 868 confirmat.
1450 813 1629 876 Quam
1650 816 1798 868 recte
1814 813 2159 884 praedicator

519 906 785 977 egregius
811 907 1114 977 apostolus,
1132 906 1394 962 videlicet
1413 907 1640 972 Paulus,
1658 906 1950 960 vinculum
1977 906 2157 977 perfe-

519 999 723 1053 ctionis
743 1003 938 1053 vocat:
971 1000 1241 1070 quoniam
1269 999 1508 1054 virtutes
1534 999 1769 1070 quidem
1789 1003 2007 1054 caeteras
2036 1016 2160 1070 per-

520 1093 827 1148 fectionem
856 1096 1155 1162 generant,
1177 1093 1276 1148 sed
1301 1097 1496 1148 tamen
1526 1109 1622 1147 eas
1639 1093 1884 1147 Charitas
1901 1093 1979 1147 ita
1997 1093 2157 1164 ligat,

522 1190 584 1240 ut
622 1186 693 1239 ab
743 1186 984 1240 amantis
1030 1190 1223 1240 mente
1269 1185 1497 1240 dissolvi
1535 1187 1660 1256 jam
1698 1189 2006 1257 nequeant.
2047 1187 2160 1240 Hac

526 1295 755 1351 quoque
799 1278 1029 1346 virtute,
1072 1280 1297 1349 fratres,
1337 1280 1533 1351 plenos
1579 1296 1676 1334 vos
1715 1279 1954 1351 Spiritus
1987 1278 2161 1333 sancti

528 1372 711 1442 gratia
735 1388 854 1426 esse
872 1371 1118 1442 reperio,
1139 1373 1277 1427 dum
1299 1372 1544 1428 solatiari
1569 1373 1713 1427 mihi
1737 1373 1797 1426 in
1813 1372 1956 1426 meis
1972 1372 2164 1427 anxie-

529 1465 740 1520 tatibus
771 1466 971 1521 sentio.
1003 1467 1113 1520 Nec
1138 1466 1375 1535 mirum,
1409 1466 1746 1532 charissimi,
1779 1465 1823 1520 si
1850 1481 1943 1521 me
1973 1481 2159 1536 perse-

527 1561 783 1629 quuntur
819 1559 1010 1613 aemuli
1051 1559 1184 1626 mei,
1215 1575 1348 1614 cum
1397 1564 1570 1630 caput
1607 1561 1869 1614 nostrum
1896 1559 2051 1630 quod
2077 1561 2164 1613 est

523 1651 780 1707 Christus
820 1653 958 1706 olim
995 1653 1188 1707 amuli
1227 1653 1459 1724 quidem
1506 1657 1716 1707 sanctas
1764 1653 1862 1706 Dei
1901 1651 2163 1708 Ecclesiae

2256 438 2375 494 sine
2405 438 2578 493 dubio
2607 437 2902 494 habemus.
2939 437 3100 503 Quod
3127 453 3262 510 ergo
3292 438 3606 508 mandastis,
3633 445 3690 495 ut
3711 445 3811 498 scri-

2255 533 2455 587 berem
2503 532 2658 587 vobis
2703 532 2945 604 qualiter
2994 532 3210 587 instans
3251 531 3501 603 jurgium
3538 537 3708 588 contra
3745 553 3812 591 me

2257 626 2586 681 suscitatum
2626 626 2716 692 sit,
2744 626 2833 680 vel
2857 643 2893 678 a
2918 641 3049 698 quo,
3077 630 3142 680 ut
3165 627 3352 680 vestro
3377 624 3690 681 adminiculo
3722 631 3812 700 pel-

2257 719 2492 789 leretur,
2520 724 2576 775 et
2600 715 2768 774 causa
2795 735 2923 773 mea
2952 719 3294 788 ﬁrmaretur,
3325 719 3516 773 scitote
3551 735 3636 775 me
3667 720 3813 776 (τι-11111.

2257 814 2382 868 nari
2408 831 2442 867 a
2468 813 2717 885 quodam
2760 813 2927 867 Basso
2956 818 3012 868 et
3038 812 3245 883 injuste
3282 811 3562 883 persequi.
3589 813 3722 876 Quod
3741 831 3814 869 au-

2258 907 2421 966 diens
2481 906 2902 962 Valentinianus
2952 908 3261 976 Augustus,
3316 908 3504 959 nostra
3555 907 3816 963 auctoritate

2260 1001 2538 1072 synodum
2590 999 2933 1072 congregari
2972 999 3160 1070 jussit,
3195 1001 3252 1052 et
3295 999 3444 1053 facto
3487 999 3698 1052 concilio
3723 1016 3815 1054 cum

2260 1109 2471 1164 magna
2525 1093 2958 1162 examinatione,
3012 1091 3362 1147 satisfaciens
3425 1091 3683 1157 omnibus,
3723 1093 3815 1148 licet

2261 1187 2499 1242 evadere
2546 1187 2682 1241 satis
2726 1186 2892 1240 aliter
2918 1185 3250 1257 potuissem,
3291 1184 3646 1257 suspicionem
3671 1188 3816 1240 tamen

2261 1280 2486 1352 fugiens
2529 1296 2718 1334 coram
2753 1279 3020 1335 omnibus
3051 1295 3147 1333 me
3191 1278 3452 1350 purgavi,
3497 1294 3582 1333 me
3613 1278 3818 1333 sciliceta

2263 1373 2585 1444 suspicione
2617 1378 2673 1428 et
2699 1372 3063 1428 aemulatione
3090 1372 3361 1441 liberans,
3379 1372 3479 1426 sed
3507 1388 3613 1426 non
3637 1372 3816 1444 aliisqui

2263 1467 2571 1534 noluerint,
2618 1472 2716 1522 aut
2755 1470 2954 1539 sponte
3001 1467 3106 1520 hoc
3153 1482 3270 1520 non
3310 1466 3596 1538 elegerint,
3627 1465 3815 1520 faciendo

2262 1561 2505 1616 formam
2536 1560 2983 1631 exemplumque
3011 1559 3176 1626 dans,
3226 1575 3358 1613 cum
3389 1558 3642 1629 scriptum
3662 1559 3747 1613 sit:
3778 1558 3815 1612 Si

2263 1654 2390 1726 quis
2419 1653 2636 1709 crimen
2682 1653 2932 1724 objicere
2958 1653 3220 1721 voluerit,
3250 1651 3454 1707 scribat
3487 1668 3542 1706 se
3565 1652 3699 1724 prius
3720 1668 3814 1722 pro-

522 1761 926 1817 servorumque
959 1745 1081 1817 ejus
1127 1745 1241 1800 sint
1266 1746 1581 1817 persecuti;
1619 1745 1768 1800 unde
1806 1748 1862 1799 et
1904 1745 2026 1816 ipsa
2058 1730 2238 1816 perB
2261 1747 2568 1817 baturum;
2601 1751 2660 1801 et
2697 1747 2870 1802 alibi:
2917 1745 3360 1802 Criminationes
3393 1745 3641 1799 adversus
3674 1744 3812 1800 docto.

523 1855 581 1893 se
612 1839 831 1893 Veritas
860 1839 1033 1894 dicit:
1067 1861 1094 1888 «
1131 1839 1184 1895 Si
1209 1839 1680 1911 patremfamilias
1724 1838 2030 1894 Belzebuth
2058 1855 2155 1893 vo-

520 1936 810 1999 caverunt,
826 1937 1039 2003 quanto
1057 1933 1242 2004 magis
1271 1933 1606 1988 domesticos
1631 1933 1756 2003 ejus
1776 1931 1790 1985 l
1808 1952 1835 1981 »
1868 1932 2083 2001 (Matth.
2102 1948 2156 2001 x,

519 2025 628 2096 25).
687 2025 826 2090 Quae
870 2026 1082 2081 iterum
1121 2026 1259 2082 dicit
1305 2043 1317 2081 :
1352 2048 1379 2076 ‹‹
1418 2027 1474 2081 Si
1518 2026 1588 2081 de
1620 2025 1730 2080 hoc
1763 2025 1981 2080 mundo
2008 2041 2156 2080 esse-

518 2117 609 2185 tis,
639 2119 907 2188 mundus,
936 2119 1087 2190 quod
1118 2136 1285 2173 suum
1318 2121 1439 2173 erat
1467 2119 1755 2190 diligeret.
1789 2117 1901 2173 Sed
1927 2118 2063 2189 quia
2088 2117 2160 2173 de

519 2212 628 2266 hoc
657 2211 877 2266 mundo
905 2229 1022 2266 non
1047 2212 1198 2279 estis,
1233 2212 1332 2267 sed
1361 2228 1498 2283 ergo
1529 2211 1677 2282 elegi
1697 2227 1796 2266 vos
1822 2211 1892 2265 de
1919 2211 2157 2278 mundo,

520 2307 830 2376 propterea
873 2305 994 2360 odit
1023 2322 1122 2359 vos
1165 2305 1414 2360 mundus
1459 2307 1635 2377 (Joan.
1681 2321 1768 2374 xv,
1800 2305 1906 2374 19).
1939 2323 1967 2355 ››
2009 2305 2156 2371 Haec,

521 2397 748 2466 fratres,
777 2415 908 2453 cum
938 2401 995 2454 et
1031 2415 1136 2453 nos
1162 2399 1426 2466 sciamus,
1459 2402 1516 2455 et
1536 2398 1660 2452 aliis
1687 2413 1854 2453 nosse
1886 2396 2157 2467 praedica-

524 2507 673 2560 mus,
735 2508 947 2564 vosque
1005 2509 1070 2547 ea
1127 2493 1375 2564 perfecte
1446 2491 1590 2546 scire
1661 2508 1778 2546 non
1840 2492 2162 2546 dubitemus

521 2589 754 2656 propter
781 2585 1175 2641 insidiantium
1212 2585 1671 2658 vituperationes,
1716 2589 1814 2639 aut
1857 2584 2162 2639 accusatio—

520 2694 642 2745 nes,
693 2678 781 2733 vel
827 2684 1062 2750 propter
1111 2679 1469 2735 adulantium
1513 2677 1889 2745 laudationes,
1936 2694 2045 2731 nec
2090 2677 2162 2732 ad

526 2771 850 2840 dexteram,
869 2788 992 2826 'nec
1016 2774 1086 2827 ad
1112 2772 1400 2827 sinistram
1427 2771 1712 2827 declinare
1737 2770 2030 2839 debemus,
2061 2769 2162 2825 sed

520 2863 672 2917 inter
728 2864 896 2918 verba
967 2865 1322 2920 laudantium
1389 2865 1502 2919 sive
1575 2863 2022 2936 vitUperantium
2090 2862 2162 2918 ad

525 2962 780 3011 mentem
825 2973 1054 3028 semper
1101 2958 1510 3013 recurrendum
1543 2962 1646 3025 est,
1699 2962 1755 3012 et
1785 2957 1830 3010 si
1863 2957 1924 3010 in
1950 2973 2018 3011 ea
2042 2973 2161 3012 non

520 3049 811 3104 invenitur
833 3050 1044 3105 bonum
1077 3051 1225 3122 quod
1251 3051 1414 3106 nobis
1439 3050 1665 3119 dicitur,
1697 3066 1970 3121 magnam
1994 3049 2163 3106 tristi-

522 3143 664 3198 tiam
695 3160 972 3214 generare
1001 3143 1190 3199 debet.
1211 3145 1278 3198 Et
1306 3160 1534 3199 rursum
1561 3143 1605 3198 si
1623 3145 1682 3198 in
1713 3160 1780 3198 ea
1805 3160 1918 3198 non
1948 3143 2161 3199 inveni-

522 3240 619 3290 tur
645 3237 880 3304 malum,
914 3237 1068 3308 quod
1103 3237 1174 3292 de
1203 3238 1367 3292 nobis
1415 3237 1679 3292 homines
1722 3237 2056 3308 loquuntur,
2103 3237 2161 3291 in

523 3346 736 3401 magna
787 3329 1063 3384 debemus
1108 3331 1304 3386 laetitia
1359 3331 1637 3402 prosilire.
1698 3329 1846 3395 Quid
1907 3329 2061 3385 enim
2115 3329 2162 3384 si

526 3440 726 3479 omnes
756 3428 1020 3479 accusent
1049 3429 1106 3480 et
1148 3424 1488 3479 conscientia
1531 3441 1634 3478 nos
1684 3427 1930 3491 accuset,
1972 3426 2074 3478 aut
2115 3422 2161 3477 si

523 3533 722 3572 omnes
761 3517 1001 3572 laudant
1028 3521 1084 3572 et
1127 3518 1470 3573 conscientia
1516 3534 1622 3572 nos
1671 3517 1878 3572 liberos
1922 3517 2160 3572 demon-

524 3611 702 3665 stret?
732 3610 1013 3665 Habemus
1053 3610 1295 3666 Paulum
1335 3611 1660 3665 dicentem:
1698 3631 1726 3658 «
1753 3610 1941 3664 Gloria
1966 3612 2162 3664 nostra

523 3704 648 3758 hinc
680 3707 766 3758 est
804 3704 1199 3760 testimonium
1243 3703 1601 3760 conscientia:
1639 3708 1847 3759 nostra:
1877 3703 1949 3776 (Il
1973 3705 2090 3762 Cor.
2118 3720 2157 3772 1,

525 3799 629 3868 12).
661 3818 689 3846 ››
718 3797 821 3852 Job
843 3813 1074 3869 quoque
1102 3797 1272 3852 dicit:
1308 3818 1336 3847 ‹‹
1362 3799 1500 3852 Ecce
1526 3797 1588 3851 in
1618 3795 1770 3851 cmlis
1797 3796 1958 3852 testis
1994 3813 2168 3852 meus

523 3890 637 3959 (Job
677 3908 790 3959 xvr,
836 3893 946 3960 20).
995 3913 1024 3941 »
1077 3891 1137 3946 Si
1176 3907 1312 3963 ergo
1353 3894 1439 3945 est
1480 3890 1645 3946 nobis
1684 3889 1846 3945 testis
1894 3890 1952 3945 in
1998 3891 2158 3960 coelo,

521 3984 681 4039 testis
710 3985 769 4038 in
803 3985 989 4052 corde,
1025 3984 1382 4040 dimittamus
1424 3985 1621 4039 stultos
1654 3984 1792 4039 foris
1821 3982 1979 4054 loqui
2007 3983 2162 4055 quod

521 4078 739 4132 volunt.
792 4077 939 4142 Quid
985 4078 1143 4132 enim
1189 4077 1344 4132 aliud
1385 4078 1744 4132 detrahentes
1779 4076 2014 4143 faciunt,
2051 4076 2160 4131 nisi

522 4172 672 4240 quod
718 4170 776 4224 in
822 4170 1118 4240 pulverem
1169 4171 1420 4238 sufﬂant,
1471 4175 1640 4241 atque
1675 4170 1736 4224 in
1791 4171 1983 4224 oculos
2031 4185 2160 4224 suos

525 4267 733 4317 terram
795 4263 1086 4317 excitant?
1132 4263 1293 4317 Unde
1336 4263 1465 4334 plus
1518 4262 1878 4317 detractionis
1920 4262 2161 4334 perﬂant

522 4355 656 4410 inde
707 4355 891 4427 magis
941 4354 1082 4409 nihil
1127 4355 1380 4410 veritatis
1431 4354 1661 4424 vident;
1701 4356 1940 4411 vocandi
1964 4361 2158 4412 tamen

2181 3096 2237 3171 C

2258 1857 2379 1896 rem
2409 1857 2578 1896 nemo
2626 1839 2901 1911 recipiat;
2953 1845 3012 1895 et
3049 1839 3306 1895 iterum:
3346 1838 3400 1894 Si
3426 1838 3545 1910 quis
3569 1838 3811 1910 episcopus,

2256 1934 2576 2006 presbyter,
2617 1936 2718 1988 aut
2745 1933 3034 2004 diaconus,
3075 1933 3166 1987 vel
3200 1932 3441 2004 quilibet
3478 1930 3666 1998 clerici,
3709 1929 3814 2002 apud

2260 2023 2587 2094 episcopum
2617 2040 2650 2078 a
2691 2021 2943 2095 qualibet
2967 2037 3221 2094 persona
3247 2020 3464 2077 fuerint
3489 2019 3707 2075 accurati
3725 2019 3811 2090 qui-

2259 2113 2484 2187 cunque
2522 2116 2732 2186 fuerit,
2771 2116 2888 2170 sive
2936 2115 3028 2170 ille
3064 2113 3330 2170 sublimis
3368 2113 3455 2168 vir
3485 2111 3706 2177 honoris,
3735 2111 3814 2164 sive

2260 2210 2427 2264 ullius
2457 2209 2692 2265 alterius
2731 2207 2957 2281 generis
2992 2225 3241 2280 persona
3269 2207 3368 2278 qui
3394 2207 3496 2262 hoc
3522 2222 3676 2278 genus
3698 2205 3814 2258 illau-

2259 2303 2465 2359 dabilis
2495 2303 2825 2358 intentionis
2861 2302 3186 2374 arripuerit,
3222 2300 3445 2356 noverit
3475 2298 3701 2354 docenda
3721 2313 3812 2368 pro-

2258 2396 2572 2451 batioribus
2621 2395 2991 2451 monstranda
3043 2394 3406 2450 documentis
3446 2410 3502 2448 se
3549 2392 3721 2447 debere
3753 2390 3814 2443 in-

2263 2487 2450 2562 187
2480 2489 2717 2545 ferre.Si
2753 2489 2880 2561 quis
2921 2505 3060 2562 ergo
3093 2488 3242 2542 circa
3275 2485 3589 2559 hujusmodi
3613 2497 3815 2556 personas

2261 2600 2379 2638 non
2394 2583 2687 2654 probanda
2701 2582 3049 2651 detulerit,in
3057 2581 3280 2653 telligat
3292 2598 3352 2635 se
3357 2581 3618 2652 jacturam
3629 2577 3814 2632 infamiae

2263 2675 2562 2743 sustinere,
2601 2679 2661 2730 et
2687 2676 2792 2731 sub
2836 2691 3050 2746 magna
3081 2673 3647 2729 excommunicatione
3677 2668 3814 2725 exsilio

2263 2768 2567 2840 deportari.
2638 2770 2749 2824 Ista
2823 2768 3016 2822 omnia
3064 2767 3380 2839 [postposui
3440 2782 3549 2821 non
3611 2763 3729 2828 aliis,
3774 2764 3816 2814 ut

2261 2861 2430 2932 paulo
2474 2861 2735 2934 superius
2762 2861 3126 2932 prtelibatum
3170 2863 3280 2929 est,
3326 2858 3630 2931 exemplum
3662 2853 3813 2921 dando,

2263 2953 2365 3009 sed
2416 2970 2510 3009 me
2562 2971 2597 3009 a
2663 2954 2904 3026 prmfata
2954 2952 3190 3008 infamia
3255 2957 3315 3009 et
3385 2951 3672 3024 suspicione
3716 2947 3812 3002 libe-

2262 3047 2461 3104 rando.

2331 3142 2760 3197 Condemnatus
2789 3145 2873 3197 est
2895 3143 3090 3196 autem
3117 3143 3467 3196 memoratus
3500 3140 3673 3194 Bassus
3693 3152 3718 3189 a
3730 3134 3810 3204 jam

2261 3237 2412 3292 dicta
2459 3235 2697 3307 synodo,
2742 3235 2821 3289 ita
2863 3237 3055 3289 tamen
3091 3239 3155 3290 ut
3183 3234 3245 3289 in
3273 3233 3472 3288 ultima
3512 3231 3595 3286 die
3617 3227 3812 3284 viaticum

2261 3329 2313 3386 ei
2363 3346 2483 3385 non
2535 3329 2854 3400 denegetur
2909 3332 3145 3400 propter
3222 3327 3594 3382 humilitatem
3651 3318 3812 3393 pietatis

2261 3422 2541 3479 Ecclesiae.

2331 3515 2750 3571 Valentinianus
2763 3529 2990 3586 quoque
3005 3517 3136 3570 ante
3152 3514 3342 3570 dictus
3361 3514 3648 3586 imperator
3658 3506 3807 3576 scripto

2262 3627 2396 3666 eum
2416 3607 2836 3676 condemnavit,
2849 3624 2983 3663 cum
2998 3609 3256 3679 Augusta
3275 3613 3458 3664 matre
3472 3603 3666 3663 Placida
3677 3604 3721 3657 et
3731 3613 3812 3653 om-

2261 3703 2358 3758 nia
2399 3702 2609 3776 przedia
2648 3701 2981 3757 facultatum
3010 3701 3058 3773 ej
3068 3718 3133 3756 us
3168 3702 3379 3758 futuris
3404 3702 3472 3758 de
3513 3698 3691 3755 talibus
3712 3693 3810 3748 dans

2261 3796 2587 3853 hominibus
2622 3795 2871 3852 formam
2908 3794 2986 3850 ita
3014 3794 3282 3866 faciendi,
3317 3793 3566 3851 Ecclesia:
3589 3785 3808 3846 catholica

2261 3890 2513 3947 sociavit.

2331 3985 2492 4056 Smpe
2506 3983 2687 4040 dictus
2706 3999 2845 4055 ergo
2860 3984 3060 4038 Bassus
3075 3987 3217 4038 nutu
3237 3983 3427 4038 divino
3443 3997 3553 4037 non
3563 3977 3712 4034 multo
3721 3973 3810 4045 post

2257 4078 2624 4149 moritur.Cuj
2634 4094 2697 4132 us
2725 4077 3091 4148 corpus,licet
3123 4077 3364 4149 dignum
3387 4093 3502 4132 non
3525 4076 3648 4130 essst
3671 4063 3806 4138 sepul-

2259 4176 2422 4241 turae,
2451 4175 2686 4242 propter
2714 4170 3167 4226 misericordiam
3195 4174 3390 4226 tamen
3405 4167 3616 4241 sepelivi
3638 4176 3739 4219 eum
3764 4156 3803 4210 in

2258 4264 2521 4321 cubiculo
2546 4267 2852 4337 parentum
2876 4265 3017 4335 ejus.
3035 4266 3100 4319 Et
3129 4280 3458 4337 quanquam
3492 4263 3602 4334 ipse
3625 4271 3734 4327 erga
3748 4264 3809 4305 me

2259 4359 2426 4415 stulte
2456 4363 2514 4414 et
2536 4357 2936 4429 imprudenter
2961 4358 3186 4430 egisset,
3216 4374 3326 4429 ego
3356 4373 3487 4412 vero
3515 4341 3810 4410 misericordi-

523 4455 654 4504 sunt
670 4449 842 4505 etiam
871 4449 1000 4522 ipsi,
1023 4453 1079 4504 et
1103 4449 1408 4520 tranquille
1427 4449 1771 4505 admonendi
1787 4449 1979 4522 eisque
1999 4450 2156 4505 satis-
2173 4465 2233 4539 D
2254 4457 2342 4508 ter
2367 4451 2513 4508 circa
2537 4467 2672 4508 eum
2718 4451 2812 4523 egi
2849 4451 3099 4522 cogitans
3138 4451 3284 4506 illud
3323 4450 3472 4523 quod
3509 4443 3736 4539 Dominus
3769 4435 3807 4536 ίξι

521 4545 644 4598 ﬁeri
677 4544 865 4599 modis
888 4542 1152 4598 omnibus
1187 4543 1370 4611 debet,
1402 4543 1647 4598 scientes
1663 4544 1828 4615 ;quod
1857 4544 1927 4598 de
1950 4543 2157 4599 Judaeis
2175 4535 2218 4539 —
2258 4545 2564 4617 Evangelio
2595 4544 2847 4616 loquitur
2872 4544 3105 4600 dicens:
3132 4566 3161 4595 ‹‹
3184 4543 3244 4600 Si
3268 4561 3384 4600 non
3408 4539 3660 4599 dimiseris
3680 4535 3809 4588 homi-

523 4637 737 4692 Veritas
762 4637 841 4692 ait
870 4656 883 4692 :
932 4639 1010 4692 Ne
1053 4636 1197 4693 forte
1240 4636 1686 4693 scandalizemus
1721 4653 1835 4692 eos.
1878 4636 1935 4692 Si
1965 4640 2158 4692 autem
2255 4639 2423 4694 nibus
2465 4641 2698 4709 peccata
2725 4653 2945 4706 eorum,
2978 4654 3083 4693 nec
3115 4639 3284 4693 Pater
3318 4640 3497 4693 vester
3522 4628 3722 4689 caelestis
3747 4621 3806 4676 di-

521 4729 658 4783 satis
691 4731 817 4785 ﬁeri
843 4731 949 4786 sibi
981 4748 1052 4786 ex
1095 4731 1331 4787 veritate
1356 4731 1663 4801 noluerint,
1695 4731 1875 4786 babes
1903 4731 2158 4786 consola-

520 4821 739 4877 tionem
785 4840 954 4894 quam
1000 4825 1061 4878 in
1089 4824 1393 4897 Evangelio
1421 4823 1684 4896 aspicias,
1726 4824 1860 4895 quia
1895 4840 2026 4878 cum
2049 4826 2158 4880 Do-

520 4915 680 4970 mino
718 4915 934 4970 dictum
981 4917 1197 4985 fuisset,
1248 4918 1356 4973 scis
1397 4917 1534 4990 quia
1579 4917 1776 4972 audito
1823 4917 1934 4972 hoc
1983 4917 2154 4973 verbo

519 5007 879 5063 scandalizati
899 5014 1048 5077 sunt,
1078 5011 1389 5082 respondit.
1417 5027 1480 5065 :«
1514 5010 1693 5067 Sinite
1717 5010 1860 5078 illos,
1877 5010 2012 5066 caeci
2028 5013 2162 5065 sunt

519 5103 692 5157 duces
737 5117 1020 5156 caecorum
1073 5103 1288 5174 (Matth.
1334 5120 1424 5171 xv,
1475 5105 1580 5174 14).
1609 5124 1638 5154 »
1684 5105 1887 5158 Paulus
1933 5121 2162 5176 quoque

520 5196 811 5267 apostolus
841 5195 1121 5250 admonet
1149 5196 1375 5253 dicens:
1404 5219 1432 5248 «
1464 5197 1520 5254 81
1548 5197 1676 5252 ﬁeri
1700 5200 1888 5269 potest
1913 5197 2067 5269 quod
2093 5214 2164 5252 ex

519 5289 679 5348 vobis
709 5293 812 5357 est,
836 5305 967 5344 cum
1004 5289 1270 5344 omnibus
1300 5273 1634 5345 hOminibus
1657 5306 1857 5362 pacem
1882 5291 2164 5345 habentes

523 5385 691 5452 (Rom.
722 5400 820 5451 x11,
853 5384 939 5455 18)
966 5400 979 5450 ;
1013 5404 1040 5433 ››
1086 5382 1341 5439 dicturus
1375 5400 1506 5440 cum
1535 5383 1802 5440 omnibus
1836 5383 2165 5439 hominibus

517 5493 720 5548 pacem
767 5477 1042 5532 habentes
1088 5477 1222 5550 quia
1270 5479 1381 5533 hoc
1428 5477 1659 5532 difficile
1705 5493 1826 5532 esse
1872 5477 2165 5548 perspexit

521 5576 818 5647 praemisit,
851 5575 899 5630 si
933 5575 1060 5631 ﬁeri
1107 5579 1311 5648 potest,
1345 5580 1404 5631 et
1445 5575 1760 5647 subjunxit,
1795 5575 1948 5648 quod
1980 5581 2167 5647 potest

522 5668 806 5736 ﬁeri,cum
821 5669 959 5724 dicit
972 5671 1123 5742 quod
1145 5686 1214 5726 ex
1233 5670 1395 5726 vobis
1411 5673 1526 5740 est;
1544 5671 1679 5742 quia
1703 5671 1749 5725 si
1767 5687 1873 5726 nos
1888 5669 1948 5725 in
1968 5673 2166 5725 mente

520 5759 859 5818 charitatem
886 5778 1025 5834 erga
1061 5763 1323 5822 odientes
1369 5780 1592 5822 servare
1620 5764 1904 5839 cupimus,
1931 5769 1988 5822 et
2012 5763 2058 5820 si
2086 5763 2166 5822 illi

2258 4731 2447 4788 mittet
2485 4731 2647 4787 vobis
2682 4735 2912 4802 peccata
2940 4734 3128 4786 vestra
3155 4731 3368 4801 (Matth.
3394 4747 3466 4794 Vl,
3511 4726 3607 4797 15).
3635 4741 3656 4774 ι
3692 4719 3743 4774 Εἰ
3767 4713 3806 4767 in

2258 4826 2383 4898 ipsa
2411 4824 2703 4880 Dominica
2730 4825 2981 4881 oratione
3015 4841 3186 4896 quam
3217 4825 3469 4881 Salvator
3494 4821 3664 4876 noster
3685 4805 3805 4866 disci-

2260 4920 2475 4992 cipulos
2504 4935 2666 4974 orare
2700 4918 2911 4988 docuit,
2943 4918 3201 4990 quotidie
3243 4914 3599 4992 supplicando
3625 4901 3806 4964 Domino

2261 5014 2500 5068 dicimus
2532 5030 2546 5068 :
2580 5035 2608 5062 «
2637 5012 2870 5068 Dimitte
2894 5013 3060 5067 nobis
3089 5013 3278 5069 debita
3304 5017 3510 5079 nostra,
3529 5007 3655 5062 sicut
3673 5005 3716 5054 et
3735 5007 3806 5050 nos

2262 5107 2601 5162 dimittimus
2627 5105 2976 5161 debitoribus
3018 5106 3230 5161 nostris
3259 5106 3466 5177 (Matth.
3501 5117 3588 5169 vn,
3615 5097 3699 5163 l2),
3720 5111 3747 5187 _»
3768 5086 3806 5187 ft

2261 5201 2441 5255 multa
2471 5204 2602 5254 sunt
2628 5199 2756 5268 alia,
2798 5203 2855 5253 et
2890 5198 2980 5253 his
3026 5199 3256 5255 similia.
3296 5199 3387 5254 His
3422 5198 3595 5267 itaque
3620 5183 3804 5244 dimissis

2264 5294 2335 5350 de
2353 5309 2446 5349 me
2463 5292 2725 5366 peractis,
2752 5292 2889 5365 quia
2907 5296 3103 5348 contra
3120 5293 3463 5348 voluntatem
3483 5284 3801 5369 episcopatu?

2265 5387 2364 5458 qui
2391 5387 2691 5443 nobiscum
2707 5389 2887 5454 erant,
2904 5389 3140 5458 propter
3164 5385 3534 5442 humilitatem
3549 5386 3710 5433 sensus
3721 5377 3800 5422 me!

2263 5481 2424 5537 nullo
2463 5480 2786 5552 compulsus
2807 5479 3026 5552 judicio
3060 5497 3126 5535 ac
3162 5479 3280 5536 vim
3309 5492 3513 5552 passus,
3541 5469 3623 5527 sed
3656 5460 3800 5559 sponte

2266 5574 2484 5647 eligens
2531 5551 2654 5630 haec
2692 5551 3100 5642 neciformam,
3135 5579 3196 5630 ut
3225 5551 3348 5646 jam
3385 5571 3575 5627 dictum
3598 5563 3684 5626 est,

2266 5669 2472 5736 dando,
2506 5668 2604 5724 sed
2645 5684 2740 5722 me
2771 5667 3129 5740 purificando
3159 5669 3288 5736 feci,
3324 5668 3379 5722 in
3404 5662 3516 5719 aliis
3539 5656 3798 5750 tamen.

2265 5761 2447 5837 scopis
2473 5767 2800 5838 competens
2819 5760 3143 5824 adhibenda
3168 5765 3255 5820 est
3283 5760 3352 5820 de
3370 5755 3558 5816 talibus
3581 5741 3794 5805 medicina
