4026 6182
173 303 263 358 ’761

1390 287 1857 354 DECRETALIUM
1893 287 2284 352 COLLECTIO.

3441 294 3543 350 762

169 407 525 476 vulneribus,
547 424 620 464 ne
648 406 967 463 immatura
988 404 1226 461 curandi
1243 405 1487 462 facilitas
1513 405 1808 461 mortifera
1828 411 2101 493 Atamen
2143 405 2298 459 locus
2343 402 2495 475 apud
2540 418 2674 458 eum
2716 398 2981 458 videlicet
3025 405 3234 458 sanctae
3280 403 3540 458 Ecclesiae

171 503 372 574 capitis
404 505 560 573 peste
597 502 740 556 nihil
777 501 970 573 possit,
995 499 1095 555 sed
1121 500 1354 572 segnius
1395 504 1575 554 tracta
1613 499 1806 571 perni-

169 597 282 651 cies
322 598 483 650 reatu
517 611 632 650 non
669 595 946 665 legitimas
980 593 1288 648 curationis
1313 593 1566 648 involvat
1597 593 1811 664 pariter

168 690 456 745 sauciatos
475 693 530 744 et
549 689 868 744 medentes.
897 688 979 743 0b
1005 688 1062 742 id
1093 703 1234 758 ergo
1264 689 1580 741 statuentes
1609 687 1808 741 decer-

168 784 385 850 nimus,
415 788 481 837 ut
517 782 576 836 hi
617 782 715 854 qui
748 799 864 837 non
903 785 1035 836 sunt
1065 781 1232 835 bona;
1275 779 1716 848 conversationis
1755 782 1813 833 et

171 893 427 948 quorum
466 877 580 932 vita
617 881 701 930 est
732 874 1082 942 accusabilis,
1105 875 1190 929 vel
1219 890 1469 945 quorum
1495 873 1658 939 ﬁdes,
1697 873 1811 926 vita

169 977 225 1026 et
251 971 488 1025 libertas
523 969 792 1039 nescitur,
820 985 938 1025 non
973 969 1192 1040 possint
1227 967 1458 1023 Domini
1500 967 1812 1022 sacerdotes

170 1080 468 1132 accusare,
491 1079 597 1118 nec
622 1063 761 1117 viles
791 1079 1052 1134 personae
1077 1063 1149 1117 ad
1172 1062 1592 1118 accusationem
1613 1077 1811 1125 eorum

169 1157 579 1212 admittantur.

246 1250 522 1306 Similiter
558 1249 618 1304 hi
661 1249 760 1321 qui
807 1249 868 1303 in
914 1248 1200 1321 aliquibus
1249 1248 1584 1304 criminibus
1607 1246 1812 1303 irretiti

170 1350 330 1411 sunt,
350 1344 439 1398 vel
463 1343 560 1415 qui
586 1348 718 1397 sunt
741 1342 1034 1414 suspiciosi
1056 1359 1254 1399 vocem
1279 1343 1548 1397 adversus
1567 1341 1812 1412 majores

167 1444 314 1492 natu
349 1453 465 1492 non
504 1437 756 1491 habeant
783 1435 1104 1505 accusandi,
1135 1437 1272 1508 quia
1301 1435 1604 1507 suspiciosa
1628 1451 1732 1489 vox
1757 1439 1814 1494 et

170 1531 410 1584 inimica
447 1530 746 1584 veritatem
784 1529 931 1584 solet
965 1528 1318 1601 Opprimere;
1351 1529 1657 1600 peregrina
1681 1543 1813 1582 vero

162 1623 411 1694 judicia,
427 1623 575 1678 salva
588 1623 649 1677 in
671 1623 939 1678 omnibus
953 1622 1260 1693 apostolica
1270 1622 1628 1688 auctoritate,
1645 1637 1754 1693 gen
1761 1637 1815 1674 e-

170 1718 277 1771 rali
297 1717 630 1772 sanctionne
649 1716 1038 1789 prohibemus,
1059 1715 1192 1787 quia
1215 1715 1520 1786 indignum
1542 1717 1644 1784 est,
1660 1719 1723 1769 ut
1741 1713 1813 1768 ab

1910 499 2094 553 unitas
2124 502 2228 567 est,
2251 497 2310 550 in
2335 513 2447 568 qua
2473 512 2642 567 supra
2670 501 2895 567 petram
2926 499 3126 563 statur,
3155 497 3293 551 dum
3325 496 3545 550 confes-

1911 591 2085 647 sionis
2128 590 2382 645 soliditas
2429 589 2726 645 humiliter
2769 595 3020 645 tenetur.
3064 591 3169 644 Vos
3216 605 3442 660 quoque
3487 595 3545 643 et

1910 701 2107 740 omnes
2144 684 2345 739 fratres
2393 686 2613 738 nostros
2660 683 2967 739 Ecclesiam
3011 682 3219 738 Christi
3263 683 3541 753 sanguine

1909 779 2266 849 redemptam
2308 782 2570 848 regentes
2603 792 2921 845 monemus,
2950 778 3014 829 ut
3042 791 3244 831 omnes
3275 792 3310 829 a
3343 775 3542 845 praeci-

1911 872 2050 943 pitio
2074 872 2134 925 in
2153 888 2268 942 quo
2288 871 2492 924 fratres
2516 875 2574 924 et
2595 869 2821 924 Domini
2841 872 3094 940 pastores
3111 868 3462 924 detrahendo
3489 874 3548 923 et

1909 964 2309 1037 persequendo
2327 962 2517 1018 verbis
2533 962 2822 1032 labuntur,
2845 963 3061 1034 laqueis
3085 963 3290 1033 quibus
3309 962 3545 1033 potestis

1910 1059 2167 1125 retentis,
2191 1063 2248 1114 et
2291 1057 2404 1112 labi
2448 1074 2547 1112 eos
2591 1057 2650 1112 in
2691 1057 2805 1111 ima
2850 1073 2969 1111 non
3017 1055 3381 1127 permittatis,
3410 1057 3546 1126 quia

1911 1152 2185 1223 scriptum
2217 1157 2302 1206 est
2337 1167 2350 1205 :
2388 1171 2415 1202 (ι
2444 1153 2533 1206 Ira
2561 1149 2666 1204 viri
2688 1149 2974 1220 justitiam
3005 1149 3109 1203 Dei
3134 1165 3252 1203 non
3279 1153 3547 1220 operatur

1915 1249 2046 1316 (Jac.
2077 1261 2116 1313 1,
2146 1245 2266 1317 20);
2300 1267 2328 1295 »
2364 1245 2494 1299 hinc
2530 1260 2728 1298 rursus
2760 1243 2968 1298 dicitur
2996 1259 3008 1297 :
3046 1265 3074 1292 «
3107 1242 3189 1298 Sit
3226 1241 3412 1297 omnis
3442 1243 3544 1296 ho-

1911 1356 2006 1394 mo
2043 1340 2202 1394 velox
2247 1339 2322 1394 ad
2357 1337 2730 1407 audiendum,
2762 1337 2955 1391 tardus
2983 1335 3056 1390 ad
3085 1336 3461 1408 loquendum,
3491 1340 3549 1390 et

1911 1433 2108 1488 tardus
2126 1433 2197 1488 ad
2217 1433 2364 1487 iram
2385 1432 2519 1503 (Jac.
2552 1448 2589 1497 ι,
2625 1431 2732 1501 19),
2757 1449 2784 1482 ››
2818 1430 2941 1484 ιιωο
2969 1435 3163 1485 autem
3190 1446 3290 1484 vos
3315 1434 3547 1484 auctore

1911 1529 2024 1581 Deo
2050 1526 2244 1581 omnia
2281 1542 2502 1581 servare
2549 1540 2665 1578 non
2708 1523 2963 1594 ambigo,
2995 1524 3092 1578 sed
3124 1523 3419 1578 occasione
3447 1523 3543 1577 ad-

1912 1620 2240 1675 monitionis
2269 1622 2466 1674 exorta
2503 1618 2667 1673 bonis
2709 1617 2908 1672 vestris
2941 1617 3209 1689 operibus
3238 1621 3297 1673 et
3325 1616 3545 1672 deside-

1912 1714 2011 1770 riis
2052 1731 2144 1770 me
2194 1713 2400 1768 furtive
2446 1712 2757 1783 subjungo,
2797 1715 2863 1765 ut
2906 1711 3060 1782 quod
3105 1727 3223 1766 non
3271 1711 3550 1767 admoniti

172 1811 435 1866 externis
460 1811 770 1882 judicetur,
807 1810 908 1882 qui
943 1809 1336 1882 provinciales,
1367 1813 1425 1863 et
1459 1825 1493 1862 a
1521 1825 1580 1864 se
1611 1797 1893 1872 electosB
1916 1808 2117 1876 facitis,
2150 1807 2378 1880 quando
2401 1806 2558 1861 vobis
2583 1808 2643 1860 et
2669 1804 2984 1860 admonens
3015 1805 3263 1876 additur,
3282 1805 3410 1875 jam
3431 1818 3548 1860 non

171 1905 355 1960 debet
383 1904 594 1960 habere
623 1904 866 1976 judices,
893 1903 1003 1958 nisi
1038 1903 1215 1958 fuerit
1245 1902 1624 1976 appellatum;
1666 1902 1814 1957 unde

173 2003 424 2070 oportet,
444 2001 507 2052 ut
539 1998 587 2052 si
623 1997 826 2069 aliquis
861 1997 1259 2069 episcoporum
1279 2012 1451 2068 super
1470 1996 1638 2051 certis
1656 2011 1814 2050 accu-

169 2096 340 2147 setur
367 2091 720 2160 criminibus,
750 2094 816 2146 ut
847 2091 918 2145 ab
949 2091 1214 2145 omnibus
1243 2089 1534 2159 audiatur,
1560 2089 1660 2160 qui
1683 2091 1816 2144 sunt

168 2186 238 2239 in
271 2184 568 2256 provincia
599 2183 896 2255 episcopis,
931 2184 1066 2255 quia
1093 2199 1212 2238 non
1243 2185 1469 2254 oportet
1490 2185 1813 2237 accusatum

167 2277 388 2332 alicubi
425 2294 600 2350 quam
637 2278 696 2332 in
732 2277 855 2332 foro
889 2293 992 2332 suo
1025 2276 1232 2332 audiri.
1265 2276 1322 2332 Si
1349 2276 1477 2348 quis
1503 2291 1638 2331 vero
1658 2275 1811 2347 judi-

167 2387 304 2426 cem
320 2371 623 2426 adversum
635 2370 740 2426 sibi
757 2370 1018 2440 senserit,
1034 2387 1235 2425 vocem
1253 2369 1646 2441 appellationis
1662 2368 1815 2423 exhi-

164 2465 334 2532 beat,
355 2465 744 2537 appellantem
763 2470 952 2520 autem
982 2481 1101 2520 non
1121 2464 1292 2520 debet
1309 2463 1540 2518 afﬂictio
1561 2464 1693 2530 ulla,
1717 2465 1817 2517 aut

167 2560 528 2616 detentionis
556 2561 831 2631 injuriare
860 2560 1137 2627 custodia,
1162 2559 1263 2614 sed
1295 2559 1464 2614 liceat
1485 2558 1816 2631 appellatori

163 2653 440 2709 vitiatam
485 2671 710 2709 causam
757 2654 1155 2726 appellationis
1197 2653 1457 2708 remedio
1501 2653 1815 2720 sublevare,

166 2748 352 2803 liceat
397 2747 573 2802 etiam
615 2748 674 2802 in
719 2748 902 2803 causis
948 2747 1338 2802 criminalibus
1375 2747 1685 2818 appellare,
1713 2761 1818 2801 nec

167 2841 514 2912 appellandi
541 2858 648 2896 vox
676 2841 999 2913 denegetur
1023 2842 1078 2896 ei
1101 2858 1274 2912 quem
1302 2840 1580 2912 supplicio
1598 2845 1821 2895 senten-

169 2935 252 2988 tia
284 2934 609 3005 destinarit,
642 2937 898 3006 pulsatus
939 2938 1074 2990 ante
1112 2951 1280 2989 suum
1310 2934 1564 3006 judicem
1591 2949 1820 2988 causam

169 3029 353 3096 dicat,
373 3033 434 3083 et
454 3045 571 3083 non
591 3034 725 3084 ante
751 3045 916 3084 suum
937 3028 1194 3099 judicem
1215 3028 1493 3100 pulsatus,
1513 3028 1561 3082 si
1579 3027 1822 3083 voluerit

167 3121 368 3189 liceat,
401 3127 461 3176 et
505 3125 567 3175 ut
610 3122 845 3194 pulsatis
879 3122 1099 3194 quoties
1133 3121 1546 3194 appellaverint
1572 3120 1817 3176 inducite

171 3168 416 3270 dentur.
445 3214 505 3270 Si
531 3168 656 3287 quis
686 3232 824 3287 ergo
869 3168 1046 3270 ii'atus
1081 3168 1296 3270 crii’n‘en
1326 3215 1561 3286 aliquod
1587 3214 1819 3270 cuilibet
1837 3168 1893 3243 Ο

169 3313 402 3363 temere
446 3309 733 3380 objecerit,
783 3309 1099 3365 convicium
1145 3325 1264 3365 non
1309 3313 1395 3363 est
1439 3325 1544 3380 pro
1588 3325 1816 3363 accusa-

167 3402 340 3457 tione
370 3401 722 3471 habendum,
752 3403 850 3459 sed
891 3403 1165 3474 permisso
1207 3402 1487 3458 tractandi
1531 3403 1732 3474 spatio,
1759 3401 1818 3456 id

171 3495 340 3568 quod
386 3495 567 3552 iratus
607 3496 768 3564 dixit,
808 3513 912 3568 per
960 3497 1298 3568 scripturam
1343 3512 1401 3552 se
1440 3496 1818 3568 probaturum

170 3606 304 3646 esse
354 3590 632 3659 fateatur;
676 3594 742 3646 ut
787 3591 833 3645 si
880 3591 1121 3646 fortasse
1167 3591 1505 3662 resipiscens
1552 3603 1679 3661 quae
1719 3605 1822 3660 per

168 3683 542 3740 iracundiam
570 3685 732 3754 dixit,
759 3686 970 3740 iterare
1005 3689 1106 3740 aut
1133 3685 1378 3740 scribere
1411 3684 1676 3753 noluerit,
1704 3700 1819 3738 non

169 3783 242 3832 ut
289 3795 434 3833 reus
475 3778 729 3834 criminis
765 3783 1044 3835 teneatur.
1078 3778 1278 3833 Omnis
1308 3794 1448 3849 ergo
1481 3777 1580 3850 qui
1605 3777 1821 3832 crimen

174 3873 405 3944 objicit,
447 3873 652 3928 scribat
697 3890 757 3928 se
805 3873 1202 3945 probaturum.
1250 3873 1462 3928 Revera
1490 3871 1568 3926 ibi
1595 3888 1824 3943 semper

173 3983 351 4021 causa
397 3971 621 4038 agatur,
653 3967 749 4022 ubi
792 3968 1009 4023 crimen
1055 3966 1394 4022 admittitur.
1447 3967 1518 4021 Et
1557 3965 1654 4038 qui
1707 3983 1821 4021 non

171 4060 517 4133 probaverit
544 4061 697 4132 quod
723 4059 948 4134 objecit,
969 4077 1199 4134 pcenam
1221 4076 1397 4133 quam
1421 4059 1683 4116 intulerit
1700 4059 1822 4131 ipse

173 4155 461 4226 patiatur.

249 4249 479 4304 Placuit
503 4250 697 4320 etiam,
712 4254 776 4305 ut
800 4250 845 4304 si
873 4251 1166 4322 episcopus
1195 4253 1488 4304 accusatus
1512 4248 1825 4320 appellave-

177 4343 258 4397 rit
283 4343 662 4414 apostolicam
685 4345 899 4413 sedem,
913 4344 971 4399 id
991 4343 1380 4409 statuendum,
1399 4342 1555 4413 quod
1573 4341 1823 4413 ejusdem

179 4436 341 4491 sedis
367 4437 624 4507 pontifex
656 4438 958 4494 censuerit.
988 4439 1117 4492 Haec
1141 4440 1331 4492 tamen
1357 4435 1513 4492 omni
1541 4434 1603 4489 in
1637 4451 1821 4490 sacer-

1916 1901 2023 1956 soli
2055 1901 2286 1956 faciatis.

1986 1995 2367 2067 Quapropter,
2395 1993 2622 2063 fratres,
2657 1997 2880 2065 oportet
2907 2008 3004 2048 vos
3040 1995 3098 2047 et
3126 2006 3325 2046 omnes
3349 1990 3550 2046 fideles

1912 2088 2148 2161 diligere
2177 2089 2442 2157 invicem,
2472 2090 2531 2142 et
2561 2103 2678 2142 non
2714 2087 3036 2154 detrahere,
3061 2090 3162 2141 aut
3179 2099 3440 2141 accusare
3469 2085 3547 2140 a1-

1912 2185 2216 2249 terutrum,
2247 2182 2520 2253 scriptum
2563 2185 2647 2237 est
2692 2180 2845 2236 enim
2883 2197 2897 2234 :
2941 2202 2968 2231 ‹‹
3005 2179 3185 2252 Dilige
3222 2179 3550 2252 proximum

1913 2280 2078 2331 tuum
2120 2277 2334 2346 (Matth.
2372 2292 2426 2344 v,
2459 2274 2568 2346 43),
2600 2296 2628 2324 »ι
2657 2278 2716 2329 et
2746 2275 3035 2345 conjunge
3065 2273 3240 2328 iidem
3271 2288 3402 2328 cum
3431 2274 3549 2341 illo,

1916 2369 2072 2440 quod
2098 2369 2144 2424 si
2169 2369 2548 2424 denudaveris
2571 2368 2837 2422 absconsa
2865 2367 3015 2422 illius
3046 2383 3162 2422 non
3194 2367 3553 2438 persequeris

1915 2466 2046 2534 post
2061 2479 2214 2518 eum.
2233 2463 2387 2517 Sicut
2407 2461 2561 2517 enim
2573 2462 2749 2516 homo
2762 2461 2859 2532 qui
2880 2461 3072 2532 perdit
3086 2461 3336 2516 amicum
3358 2477 3521 2515 suum
3535 2502 3548 2528 ,

1917 2557 1995 2611 sic
2014 2555 2113 2628 qui
2137 2556 2324 2627 perdit
2352 2555 2666 2610 amicitiam
2689 2554 2933 2627 proximi
2959 2554 3067 2609 sui.
3092 2556 3158 2608 Et
3176 2554 3322 2608 sicut
3340 2554 3439 2626 qui
3465 2555 3550 2610 di-

1918 2649 2100 2704 mittit
2119 2666 2285 2704 avem
2321 2649 2390 2704 de
2421 2661 2600 2704 manu
2622 2665 2744 2718 sua,
2767 2648 2846 2703 sic
2865 2648 2964 2719 qui
2985 2647 3333 2719 dereliquisti
3363 2648 3551 2718 proxi.

1917 2759 2079 2798 mum
2111 2747 2296 2813 tuum,
2320 2747 2378 2798 et
2411 2760 2527 2798 non
2549 2759 2681 2798 eum
2705 2742 2915 2813 capies,
2943 2758 3057 2796 non
3090 2741 3250 2795 illum
3279 2742 3552 2812 sequaris,

1917 2837 2194 2910 quoniam
2230 2838 2399 2908 longe
2434 2836 2612 2892 abest.
2641 2836 2855 2907 Effugit
2889 2834 3042 2890 enim
3071 2835 3233 2906 quasi
3261 2850 3462 2906 caprea
3486 2836 3555 2890 de

1918 2932 2142 3003 laqueo,
2160 2930 2433 3002 quoniam
2453 2931 2748 2986 vulnerata
2769 2933 2856 2984 est
2878 2929 3069 2984 anima
3092 2929 3234 2999 ejus,
3254 2930 3404 2983 ultra
3423 2944 3556 2984 eum

1917 3041 2034 3079 non
2059 3024 2272 3096 poteris
2306 3024 2594 3096 colligare,
2634 3027 2692 3078 et
2727 3023 3025 3079 maledicta
3055 3028 3141 3078 est
3170 3022 3554 3090 concordatio,

1920 3118 2213 3173 denudare
2235 3123 2427 3173 autem
2445 3118 2613 3172 amici
2633 3116 2906 3188 mysteria
2921 3115 3239 3188 desperatio
3252 3121 3338 3172 est
3348 3117 3556 3170 animae

1917 3211 2179 3278 infidelis,
2205 3227 2464 3266 annuens
2497 3210 2660 3265 oculo
2693 3209 2930 3264 fabricat
2964 3209 3181 3280 iniqua,
3218 3226 3390 3265 nemo
3422 3224 3556 3266 eum

1916 3305 2144 3377 abjiciet
2182 3321 2195 3359 :
2241 3305 2300 3358 In
2328 3307 2632 3375 conspectu
2670 3303 2968 3358 oculorum
2998 3309 3228 3357 tuorum
3256 3303 3553 3358 conculca-

1917 3399 2002 3454 bit
2041 3416 2102 3453 os
2146 3414 2334 3466 suum,
2364 3403 2420 3453 et
2457 3413 2629 3468 super
2676 3413 2942 3451 sermone
2984 3402 3116 3451 tuos
3159 3395 3554 3452 admirabitur.

1918 3492 2228 3549 Novissime
2243 3495 2438 3546 autem
2458 3493 2751 3562 pervertet
2777 3507 2838 3545 os
2866 3505 3054 3557 suum,
3075 3492 3133 3544 et
3152 3489 3209 3543 in
3231 3489 3419 3544 verbis
3445 3491 3558 3545 tuis

1920 3586 2077 3642 dabit
2113 3585 2459 3641 scandalum.
2493 3585 2665 3640 Multa
2700 3583 2908 3654 audivi,
2940 3588 2998 3638 et
3020 3599 3136 3638 non
3163 3585 3452 3655 corequavi
3483 3585 3556 3655 ei,

1921 3683 1979 3735 et
2003 3680 2281 3736 Dominus
2301 3679 2455 3735 odiet
2473 3679 2655 3734 illum.
2673 3678 2778 3743 Qui
2809 3677 2867 3732 in
2897 3677 3078 3732 altum
3092 3677 3554 3750 mittitlapidem,

1922 3790 2095 3846 super
2128 3779 2296 3845 caput
2324 3774 2445 3844 ejus
2475 3773 2656 3842 cadet,
2690 3775 2748 3827 et
2775 3771 2942 3843 plaga
2971 3771 3162 3827 dolose
3193 3771 3410 3827 dividet
3433 3773 3555 3827 vul-

1921 3884 2078 3923 nera.
2105 3866 2211 3932 Qui
2245 3867 2391 3922 fodit
2417 3867 2645 3921 foveam
2674 3865 2874 3920 incidit
2897 3859 2959 3919 in
2989 3881 3140 3934 eam,
3163 3868 3218 3919 et
3235 3865 3334 3937 qui
3360 3865 3560 3921 statuit

1922 3960 2177 4033 lapidem
2197 3960 2454 4032 proximo
2475 3958 2727 4014 offendet
2742 3957 2802 4012 in
2825 3974 2892 4014 eo
2910 3975 2926 4027 ;
2954 3961 3012 4012 et
3030 3957 3130 4029 qui
3156 3959 3426 4029 laqueum
3451 3959 3561 4015 alio

1921 4055 2106 4128 ponit,
2125 4053 2335 4126 peribit
2347 4053 2406 4108 in
2421 4052 2550 4123 illo;
2569 4051 2814 4107 faciendi
2833 4051 3243 4123 nequissimum
3263 4052 3560 4107 consilium

1923 4161 2096 4216 super
2115 4144 2301 4215 ipsum
2325 4143 2670 4212 devolvetur,
2691 4146 2748 4196 et
2769 4157 2887 4196 non
2915 4146 3191 4212 agnoscet
3219 4142 3369 4197 unde
3389 4143 3556 4197 adve-

1925 4240 2045 4294 niet
2070 4238 2174 4293 illi.
2199 4237 2382 4292 lllusio
2407 4239 2464 4292 et
2487 4234 2906 4308 improperium
2929 4236 3326 4307 superborum,
3349 4240 3406 4291 et
3436 4237 3558 4290 vin~

1926 4333 2076 4388 dicta
2103 4333 2249 4387 sicut
2271 4333 2363 4386 leo
2391 4329 2757 4386 insidiabitur
2789 4328 2905 4397 illi;
2940 4330 3142 4400 laqueo
3168 4329 3438 4401 peribunt
3464 4332 3564 4401 qui

1926 4427 2285 4482 oblectantur
2315 4442 2449 4480 casu
2479 4424 2791 4495 justorum.
2826 4423 2991 4478 Dolor
3030 4427 3223 4478 autem
3266 4431 3564 4480 consumet

177 4529 392 4585 datum
421 4547 591 4586 causa
618 4532 806 4586 forma
832 4534 1108 4600 servetur,
1131 4547 1204 4586 ne
1222 4546 1573 4602 quemquam
1592 4531 1824 4585 semen-
1843 4544 1905 4617 D
1926 4520 2050 4574 illos
2069 4523 2378 4590 antequam
2409 4517 2746 4572 moriantur.
2776 4518 2855 4570 [ta
2877 4521 2932 4571 et
2951 4516 3112 4570 furor
3132 4521 3375 4588 utraque
3403 4533 3558 4571 exse-

180 4625 265 4678 tia
309 4641 430 4678 non
477 4641 511 4678 a
546 4641 649 4679 suo
686 4625 880 4696 judice
919 4624 1069 4679 dicta
1105 4626 1481 4696 constringat.
1515 4624 1827 4678 Occurrere

178 4733 423 4790 quoque
448 4718 689 4789 quisque
714 4718 970 4773 ﬁdelium
998 4717 1180 4773 ruinis
1209 4717 1376 4773 debet
1403 4733 1825 4789 oppressorum,

183 4815 247 4866 et
283 4811 625 4867 miserorum
669 4811 925 4879 consilio,
956 4829 1068 4884 quo
1106 4812 1336 4867 valeant
1371 4828 1441 4866 ex
1482 4810 1829 4866 revelatione

183 4905 402 4960 alienas
426 4905 688 4965 vindictas
716 4923 750 4960 a
777 4922 836 4961 se
866 4906 961 4961 Dei
991 4921 1283 4961 removere
1312 4905 1640 4960 vindictam.
1671 4903 1832 4958 Libat

182 5016 331 5070 ergo
364 5015 639 5070 prospera
673 5002 769 5072 qui
804 5001 874 5056 ab
912 4999 1136 5055 afﬂictis
1180 4999 1341 5071 pellit
1383 4998 1646 5066 adversa,
1677 4996 1830 5050 unde

186 5093 472 5164 scriptum
504 5097 587 5148 est
623 5111 634 5148 :
675 5116 702 5144 «
739 5095 932 5150 Frater
963 5095 1196 5149 fratrem
1242 5093 1520 5165 adjuvans
1557 5090 1828 5146 exaltabi-

189 5194 290 5242 tur
313 5209 341 5236 ››
370 5204 385 5241 :
410 5208 437 5235 ‹‹
458 5189 706 5242 Ecclesia
727 5189 882 5243 enim
909 5189 1004 5244 Dei
1026 5189 1147 5244 sine
1169 5188 1397 5243 macula
1421 5192 1477 5242 et
1501 5202 1643 5257 ruga
1664 5184 1834 5238 debet

189 5282 445 5335 existere
483 5282 697 5351 (Ephes.
731 5299 780 5352 ν,
815 5285 924 5352 27);
958 5303 986 5332 n
1019 5287 1075 5337 et
1097 5281 1227 5336 ideo
1254 5298 1370 5336 non
1403 5284 1625 5352 oportet
1649 5294 1774 5333 eam
1801 5293 1834 5330 a

191 5373 546 5445 quibusdam
575 5376 916 5445 conculcari,
939 5379 1038 5430 aut
1067 5375 1362 5442 maculari,
1396 5373 1531 5445 quia
1556 5372 1832 5442 scriptum

191 5473 318 5523 est:
348 5490 375 5517 ‹‹
401 5469 523 5523 Una
552 5473 637 5523 est
664 5469 928 5524 columba
964 5486 1092 5524 mea
1127 5469 1378 5540 perfecta
1409 5483 1535 5522 mea
1565 5466 1743 5537 (Cant.
1774 5481 1833 5531 ιι,

201 5565 283 5628 10)
303 5580 319 5630 ;
354 5584 382 5610 ››
417 5562 553 5616 hinc
596 5562 802 5618 iterum
842 5564 1116 5618 Dominus
1158 5563 1232 5617 ad
1273 5563 1501 5633 Moysen
1535 5559 1614 5614 ait
1642 5575 1655 5613 :
1687 5578 1714 5610 α
1742 5559 1838 5612 Est

195 5655 359 5710 locus
386 5671 561 5726 penes
585 5673 700 5727 me,
723 5662 780 5712 et
802 5657 974 5712 stabis
990 5673 1163 5728 supra
1187 5661 1410 5728 petram
1428 5654 1623 5726 (Emod.
1645 5667 1834 5719 xxxm,

199 5752 311 5820 2t).
343 5771 373 5800 »
407 5749 541 5814 Quis
569 5753 656 5805 est
680 5750 854 5819 locus,
884 5751 982 5823 qui
1013 5767 1129 5806 non
1158 5750 1232 5805 sit
1257 5748 1501 5817 Domini,
1529 5748 1667 5802 dum
1697 5761 1833 5800 cun-

202 5847 294 5903 οτι
323 5843 385 5900 in
413 5842 537 5916 ipso
567 5859 672 5916 per
698 5861 875 5918 quem
897 5849 1088 5901 creata
1107 5849 1261 5915 sunt,
1283 5839 1694 5900 continentur?
1723 5837 1837 5896 Sed

1929 4613 2180 4679 crabilia,
2215 4617 2273 4666 et
2313 4611 2399 4666 vir
2433 4614 2798 4682 peccatorum
2840 4607 3138 4663 continens
3170 4609 3279 4664 erit
3311 4609 3560 4665 illorum.

1930 4707 2038 4772 Qui
2059 4705 2330 4761 vindicari
2352 4705 2490 4770 vult,
2513 4721 2544 4757 a
2573 4704 2686 4757 Deo
2722 4702 2970 4757 inveniet
2998 4701 3329 4772 vindictam,
3355 4707 3413 4758 et
3430 4721 3562 4776 pec-

1929 4805 2053 4856 cata
2090 4800 2240 4854 illius
2279 4813 2506 4854 servans
2549 4796 2811 4851 servabit.
2853 4795 3138 4866 Relinque
3171 4797 3431 4868 proximo
3462 4802 3562 4854 tuo

1929 4893 2155 4949 nocenti
2189 4896 2263 4960 te,
2286 4897 2340 4946 et
2366 4895 2500 4946 tunc
2516 4889 2852 4962 deprecanti
2867 4889 2970 4943 tibi
2987 4894 3222 4961 peccata
3242 4890 3533 4947 Solventur
3546 4905 3562 4958 ;

1931 4989 2104 5042 homo
2126 4985 2344 5041 homini
2374 4989 2560 5039 servat
2577 4984 2742 5050 iram,
2758 4985 2814 5037 et
2835 4999 2869 5036 a
2888 4985 2998 5038 Deo
3025 4983 3234 5055 quaerit
3258 4985 3562 5040 medelam.

1933 5083 1996 5136 In
2020 5081 2318 5136 hominem
2344 5078 2594 5133 similem
2623 5076 2729 5131 sibi
2753 5091 2870 5131 non
2893 5076 3067 5131 habet
3087 5077 3560 5147 misericordiam,

1932 5179 1989 5230 et
2002 5175 2071 5229 de
2091 5173 2338 5245 peccatis
2359 5172 2474 5228 suis
2501 5172 2840 5243 deprecatur
2863 5170 3204 5226 altissimum
3226 5173 3253 5226 ?
3283 5172 3400 5243 ipse
3429 5173 3565 5226 dum

1934 5285 2064 5324 caro
2090 5268 2180 5335 sit,
2208 5272 2395 5323 servat
2417 5266 2588 5334 iram,
2613 5270 2671 5320 et
2693 5264 3160 5336 pr0pitiationem
3191 5265 3384 5335 petita
3407 5267 3520 5319 Deo
3541 5264 3568 5318 τ

1933 5363 2068 5429 Quis
2096 5361 2349 5418 exorabit
2390 5376 2494 5432 pro
2545 5357 2763 5414 delictis
2793 5357 2985 5413 illius?
3018 5359 3296 5413 Memento
3333 5357 3563 5412 novissi-

1934 5473 2182 5524 morum,
2198 5458 2256 5510 et
2282 5455 2480 5509 desine
2509 5451 2836 5506 inimicari?
2857 5450 3136 5505 Tabitudo
3157 5450 3308 5504 enim
3328 5454 3384 5504 et
3412 5467 3567 5506 mors

1937 5551 2248 5610 imminent
2271 5545 2579 5603 mandatis.
2601 5545 2914 5600 Memorare
2934 5543 3194 5597 timorem
3221 5542 3337 5609 Dei,
3362 5547 3419 5596 et
3449 5560 3567 5600 non

1935 5644 2196 5701 irasceris
2227 5641 2505 5714 proximo.
2529 5641 2845 5695 Memorare
2861 5635 3187 5691 testamenti
3205 5635 3491 5707 Altissimi,
3509 5646 3568 5694 et

1937 5739 2162 5811 despice
2205 5734 2586 5808 ignorantiam
2616 5729 2881 5804 proximi.
2912 5728 3144 5788 Abstine
3188 5732 3243 5784 te
3286 5746 3320 5784 a
3365 5730 3484 5800 lite,
3514 5739 3572 5787 et

1940 5833 2166 5889 minues
2183 5834 2434 5903 peccata,
2455 5829 2627 5884 homo
2649 5825 2804 5885 enim
2827 5821 3130 5877 iracundus
3150 5821 3400 5882 incendit
3418 5824 3565 5898 lites,
