4026 6182
546 256 651 307 763

1450 247 1734 304 APPEND.
1777 247 1866 305 AD
1905 250 2067 304 SEO.
2101 250 2187 304 IX.
2222 278 2289 288 -—
2323 249 2565 304 lSlDORI
2602 246 3027 305 MERCATORIS
3739 258 3817 314 764

541 366 598 414 et
642 361 728 412 vir
763 362 1024 429 peccator
1050 356 1301 412 turbabit
1330 358 1557 425 amicos,
1591 362 1647 410 et
1686 358 1743 411 in
1782 359 1966 412 medio
1997 375 2190 428 pacem
2216 371 2274 441 Α
2298 357 2421 411 dire‘
2446 358 2691 427 linguam
2717 374 2989 427 nequam,
3017 360 3071 410 et
3092 356 3174 410 ori
3201 360 3295 411 tuo
3316 357 3471 413 facito
3490 359 3632 426 ostia,
3651 366 3695 415 et
3711 380 3820 419 seras

554 451 895 506 habentium
936 450 1212 504 immittet
1244 450 1619 504 inimicitiam.
1670 452 1996 505 Secundum
2038 452 2191 506 enim

548 546 703 616 ligna
739 544 911 611 silva},
933 544 1009 598 sic
1034 544 1183 614 ignis
1214 544 1563 609 exardescet,
1586 548 1642 598 et
1662 545 1974 598 secundum
2015 546 2187 599 virtu-

554 642 671 693 tem
698 637 947 692 hominis
978 637 1271 692 iracundia
1299 638 1447 692 illius
1481 638 1608 705 erit,
1631 643 1686 691 et
1721 639 2028 692 secundum
2058 639 2187 692 sub-

554 732 821 787 stantiam
852 748 1015 786 suam
1040 732 1314 785 exaltabit
1332 731 1474 785 iram
1499 748 1682 786 suam.
1710 733 2005 787 Certamen
2030 732 2188 786 festi-

551 830 751 880 natum
775 825 1044 880 incendet
1062 825 1276 895 ignem,
1301 831 1357 880 et
1385 826 1451 879 lis
1482 826 1759 879 festinans
1781 826 2035 880 elfundet
2060 843 2189 880 san-

554 918 811 987 guinem,
859 919 916 969 et
962 916 1156 986 lingua
1204 915 1510 969 testiﬁcans
1548 915 1790 970 adducet
1832 919 2097 969 mortem.
2132 915 2191 969 Si

552 1010 888 1078 sufﬂaveris,
912 1009 1071 1080 quasi
1095 1008 1242 1079 ignis
1270 1009 1577 1078 exardebit,
1613 1013 1670 1063 et
1698 1009 1745 1062 si
1776 1008 2065 1079 exspueris
2092 1026 2186 1063 su-

553 1123 659 1177 per
699 1104 855 1158 illam
902 1102 1314 1173 exstinguetur,
1349 1107 1403 1155 et
1431 1104 1670 1173 utraque
1712 1119 1777 1156 ex
1823 1119 1920 1156 ore
1966 1103 2189 1172 proﬁci-

560 1203 811 1253 scuntur.
833 1198 1076 1252 Susurro
1100 1200 1155 1249 et
1171 1196 1442 1267 bilinguis
1458 1196 1810 1264 maledictus,
1834 1197 2042 1251 multos
2070 1199 2187 1250 tur—

553 1292 706 1347 bavit
739 1307 937 1361 pacem
968 1290 1266 1357 habentes,
1289 1290 1483 1360 lingua
1504 1290 1669 1344 tertia
1696 1291 1906 1344 multos
1931 1306 2187 1344 commo-

551 1386 651 1451 vit,
684 1390 741 1439 et
769 1384 1035 1454 dispersit
1076 1383 1205 1438 illos
1252 1400 1284 1437 a
1325 1386 1493 1453 gente
1536 1382 1597 1436 in
1644 1388 1897 1453 gentem.
1930 1383 2190 1437 Civitates

554 1484 809 1534 muratas
857 1478 1093 1531 divitum
1140 1477 1433 1543 destruxit,
1464 1480 1522 1530 et
1554 1477 1751 1531 domos
1789 1480 2191 1547 magnatorum

556 1572 771 1640 effodit,
794 1572 1033 1626 virtutes
1054 1570 1397 1642 populorum
1421 1571 1685 1637 concidit,
1712 1575 1769 1624 et
1790 1573 1986 1641 gentes
2017 1572 2191 1624 fortes

554 1666 822 1722 dissolvit.
850 1665 1069 1735 Lingua
1090 1663 1259 1719 tertia
1280 1664 1548 1718 mulieres
1572 1663 1762 1718 viritas
1784 1664 1966 1733 ejecit,
1993 1667 2050 1717 et
2080 1664 2190 1734 pri-

554 1762 707 1814 vavit
728 1777 824 1814 eas
840 1760 907 1813 de
931 1758 1220 1813 laboribus
1241 1758 1377 1811 suis.
1396 1757 1499 1820 Qui
1521 1757 1752 1828 respicit
1773 1757 1928 1811 illam
1950 1774 2065 1811 non
2096 1757 2190 1810 ha-
2209 1739 2264 1810 B

553 1854 713 1909 bebit
748 1853 1028 1924 requiem,
1059 1869 1162 1906 nec
1208 1851 1490 1905 habitabit
1532 1868 1661 1904 eum
1708 1851 1918 1921 requie.
1961 1851 2189 1921 Flagelli

557 1948 723 2018 plaga
744 1946 981 2002 livorem
1007 1945 1157 2011 facit,
1182 1945 1348 2015 plaga
1377 1949 1571 1998 autem
1608 1944 1819 2014 linguae
1849 1944 2191 1999 comminuit

553 2058 700 2095 ossa.
745 2041 902 2095 Multi
948 2039 1276 2094 ceciderunt
1313 2038 1373 2091 in
1416 2054 1511 2092 ore
1555 2037 1751 2107 gladii,
1789 2038 1885 2092 sed
1930 2054 2044 2091 non
2091 2038 2187 2103 sic,

553 2135 840 2206 quomodo
866 2133 964 2204 qui
995 2132 1339 2186 interierunt
1369 2148 1473 2202 per
1502 2132 1757 2202 linguam
1782 2149 1965 2186 suam.
1988 2133 2191 2185 Beatus

551 2228 651 2300 qui
670 2231 852 2282 tectus
876 2229 962 2279 est
980 2242 1009 2278 a
1030 2225 1229 2296 lingua
1264 2241 1530 2295 nequam,
1547 2230 1603 2278 et
1627 2224 1805 2295 quiin
1837 2224 2187 2278 iracundiam

551 2322 707 2377 illius
735 2338 849 2375 non
876 2319 1152 2383 transivit,
1178 2322 1235 2372 et
1256 2318 1351 2389 qui
1380 2334 1494 2372 non
1520 2318 1755 2372 attraxit
1780 2319 1988 2389 jugum
2017 2319 2186 2385 illius,

559 2420 617 2470 et
648 2414 885 2469 vinculis
912 2413 1058 2467 illius
1086 2428 1201 2466 non
1229 2418 1312 2466 est
1338 2411 1565 2482 ligatus.
1601 2413 1811 2481 Jugum
1844 2412 1998 2465 enim
2040 2412 2189 2464 illius

549 2510 761 2580 jugum
812 2508 1063 2563 ferreum
1120 2509 1230 2573 est,
1273 2510 1329 2559 et
1375 2506 1663 2559 vinculum
1709 2505 1856 2559 illius
1902 2505 2187 2559 vinculum

556 2619 773 2657 aereum
812 2604 913 2656 est.
955 2601 1096 2655 Mors
1126 2600 1276 2653 illius
1317 2616 1469 2653 mors
1497 2598 1844 2670 nequissima
1873 2602 1975 2666 est,
2005 2602 2062 2651 et
2088 2598 2190 2651 uti-

554 2696 622 2751 lis
662 2696 847 2766 potius
889 2694 1086 2749 inferis
1114 2710 1287 2764 quam
1322 2693 1417 2746 illa
1446 2692 1865 2762 perseverantia
1896 2692 2046 2745 illius
2071 2708 2187 2746 non

551 2788 933 2861 permanebit,
958 2787 1057 2841 sed
1080 2786 1362 2841 obtinebit
1381 2786 1493 2839 vias
1516 2786 1570 2839 in
1572 2786 1876 2854 justorum,
1892 2788 1949 2839 et
1963 2786 2191 2839 ﬂamma

557 2900 657 2936 sua
702 2898 817 2935 non
863 2881 1162 2935 comburat
1195 2882 1401 2950 justos.
1431 2878 1532 2942 Qui
1561 2879 1962 2949 derelinquunt
1987 2880 2186 2947 Deum,

559 2975 820 3031 incidunt
836 2974 894 3028 in
915 2973 1091 3039 illam,
1116 2979 1172 3028 et
1192 2973 1524 3027 exardescet
1543 2971 1601 3025 in
1627 2972 1752 3039 illis,
1769 2975 1827 3026 et
1849 2990 1959 3026 non
1982 2973 2190 3027 exstin-

2293 450 2525 504 auribus
2556 451 2683 518 tuis,
2719 467 2925 504 aurum
2955 455 3139 516 tuum,
3168 453 3224 504 et
3252 456 3535 521 argentum
3570 454 3703 506 tuum
3728 472 3822 510 con-

2290 544 2384 610 ﬂa,
2417 548 2473 599 et
2500 544 2686 597 verbis
2714 544 2822 597 tuis
2848 543 3016 597 facito
3044 548 3330 612 stateram,
3358 548 3410 598 et
3446 544 3618 599 frenos
3653 547 3720 600 ori
3754 555 3822 604 tuo

2292 641 2491 705 rectos,
2525 640 2584 691 et
2623 637 2848 691 attende
2892 653 2963 690 ne
3002 637 3148 691 forte
3185 636 3462 691 labarisin
3486 637 3657 707 lingua
3675 643 3766 707 tua,
3788 648 3823 695 et

2290 731 2456 785 cadas
2484 731 2541 783 in
2571 732 2874 801 conspectu
2900 728 3262 784 inimicorum
3286 729 3644 785 insidiantium
3672 732 3764 799 tibi,
3787 739 3825 787 et

2291 824 2362 878 sit
2414 841 2573 878 casus
2626 827 2757 877 tuus
2809 823 3137 878 insanabilis
3162 824 3221 877 in
3244 826 3499 891 mortem,
3527 823 3619 878 ista
3650 832 3825 880 caveant

2291 934 2488 972 omnes
2522 922 2578 972 et
2614 917 2919 972 cohibeant
2959 917 3213 987 linguam
3240 933 3396 972 suam
3422 934 3454 971 a
3475 918 3630 984 malo,
3655 923 3701 972 et
3724 919 3825 973 labia

2291 1028 2491 1068 eorum
2522 1028 2594 1065 ne
2623 1011 2934 1082 loquantur
2962 1010 3177 1065 dolum.

2366 1128 2391 1155 ‹‹
2421 1106 2499 1159 De
2528 1109 2750 1171 caetero,
2775 1103 3114 1172 charissimi,
3137 1102 3529 1158 confortamini
3565 1103 3617 1157 in
3647 1106 3826 1160 Domino

2290 1205 2344 1252 et
2389 1198 2450 1252 in
2493 1198 2749 1269 potentia
2794 1197 3018 1251 virtutis
3060 1196 3203 1266 ejus.
3248 1196 3463 1252 Induite
3496 1213 3586 1251 vos
3612 1203 3826 1252 armatura

2290 1294 2410 1360 Dei,
2435 1297 2499 1347 ut
2524 1291 2751 1363 possitis
2778 1294 2923 1345 stare
2949 1290 3219 1345 adversus
3245 1289 3472 1345 insidias
3497 1290 3705 1359 diaboli;
3730 1308 3824 1361 quo-

2288 1387 2445 1441 niam
2477 1403 2593 1440 non
2636 1389 2721 1439 est
2763 1385 2926 1439 nobis
2964 1384 3281 1440 colluctatio
3309 1384 3565 1439 adversus
3590 1401 3774 1438 carnem
3792 1390 3827 1438 et

2291 1480 2651 1550 sanguinem,
2702 1479 2798 1533 sed
2854 1478 3125 1532 adversus
3175 1477 3460 1549 principes
3497 1483 3550 1532 et
3582 1482 3825 1548 potestates,

2289 1575 2557 1628 adversus
2583 1573 2785 1628 mundi
2817 1576 3066 1627 rectores
3094 1571 3457 1626 tenebrarum
3488 1571 3670 1625 harum
3693 1576 3827 1624 contra

2292 1668 2603 1737 spiritualia
2643 1665 2915 1738 nequitiae
2970 1665 3030 1719 in
3078 1664 3417 1733 caelestibus,
3439 1671 3706 1736 propterea
3727 1665 3825 1717 acci-

2290 1760 2407 1831 pite
2421 1764 2772 1815 armaturam
2794 1760 2913 1827 Dei,
2936 1765 3000 1814 ut
3017 1758 3244 1829 possitis
3272 1758 3529 1813 resistere
3550 1757 3603 1811 in
3630 1757 3704 1812 die
3724 1756 3827 1810 malo

2291 1858 2349 1908 et
2375 1854 2435 1908 in
2470 1854 2733 1908 omnibus
2775 1853 3015 1925 perfecti
3057 1856 3227 1908 stare.
3273 1853 3422 1908 State
3467 1868 3594 1922 ergo
3631 1848 3827 1904 succincti

2288 1947 2514 2001 lumbos
2548 1950 2759 2001 vestros
2792 1947 2851 2000 in
2884 1946 3134 2014 veritate,
3168 1950 3226 2000 et
3256 1945 3474 2000 induite
3500 1944 3701 1999 loricam
3713 1942 3825 2013 justi-

2290 2041 2402 2107 tiae,
2427 2045 2483 2095 et
2507 2040 2740 2094 calceati
2776 2039 2953 2111 pedes
2976 2040 3035 2093 in
3066 2039 3483 2110 praeparatione
3507 2036 3747 2107 Evangelii
3763 2051 3826 2105 pa-

2290 2133 2367 2187 cis
2393 2133 2453 2187 in
2485 2134 2778 2201 omnibus;
2811 2137 3100 2187 sumentes
3130 2136 3359 2187 scutum
3386 2131 3535 2199 fidei,
3559 2131 3612 2185 in
3642 2146 3731 2200 quo
3748 2144 3829 2199 pos-

2291 2227 2408 2280 sitis
2438 2227 2628 2281 omnia
2654 2228 2763 2281 tela
2784 2226 3119 2297 nequissimi
3138 2227 3311 2297 ignea
3332 2225 3687 2295 exstinguere.
3705 2225 3828 2291 Etga-

2287 2321 2433 2375 leam
2466 2320 2659 2374 salutis
2693 2321 2980 2390 assumite,
3015 2324 3074 2374 et
3107 2319 3367 2391 gladium
3390 2318 3605 2389 spiritus
3633 2315 3752 2387 quod
3773 2322 3828 2368 est

2288 2415 2525 2468 verbum
2557 2414 2654 2468 Dei
2685 2414 2897 2483 (Ephes.
2924 2430 2999 2482 v1,
3034 2416 3229 2483 10-17).
3264 2434 3294 2463 ››
3325 2414 3469 2481 Haec,
3501 2413 3696 2476 fratres,
3721 2407 3829 2463 vobis

2288 2507 2634 2577 scripsimus,
2669 2510 2727 2561 et
2765 2506 3113 2577 generaliter
3138 2507 3407 2561 omnibus
3431 2512 3619 2561 notum
3643 2503 3742 2557 fieri
3764 2517 3827 2553 vo-

2287 2601 2498 2668 lumus,
2534 2606 2596 2655 ut
2620 2617 2746 2671 quae
2770 2604 3003 2655 caeteros
3035 2603 3285 2671 tangunt
3311 2600 3564 2655 omnibus
3587 2602 3700 2653 nota
3716 2594 3829 2649 ﬁant.

2289 2693 2662 2764 Omnipotens
2692 2694 2838 2748 Deus
2862 2710 2960 2748 vos
2978 2696 3035 2747 et
3058 2694 3315 2765 reliquos
3333 2694 3529 2748 fratres
3549 2691 3727 2760 ubique
3743 2703 3830 2741 con-

2289 2786 2548 2842 sistentes
2598 2790 2861 2858 protegat
2914 2804 3091 2859 usque
3139 2787 3200 2841 in
3253 2788 3449 2854 finem,
3489 2787 3581 2858 qui
3628 2786 3830 2838 cunctum

2288 2880 2571 2934 mundum
2615 2886 2700 2935 est
2729 2880 2996 2952 dignatus
3024 2880 3311 2937 redimere
3338 2883 3493 2937 Jesus
3520 2877 3733 2936 Christus
3753 2875 3829 2927 Do-

2288 2973 2479 3028 minus
2519 2979 2729 3043 noster,
2757 2974 2854 3045 qui
2891 2979 2975 3029 est
3016 2975 3355 3030 benedictus
3380 2975 3439 3029 in
3464 2973 3666 3029 saecula.
3688 2974 3830 3026 Amen-

555 3074 784 3180 guetur,
828 3070 905 3180 etj
934 3066 1375 3180 immittaturin
1419 3065 1543 3120 illos
1586 3066 1745 3168 quasi
1793 3066 1899 3133 leo,
1930 3072 1986 3121 et
2026 3066 2187 3137 quasi
2208 3107 2262 3180 Ο
2289 3067 2428 3122 Data
2465 3068 2700 3123 Kalend.
2747 3067 2976 3138 Aprilis,
3004 3069 3404 3125 Valentiniano
3443 3072 3500 3124 et
3537 3062 3770 3122 Florentio
3789 3059 3831 3113 IV

552 3162 767 3234 pardus
800 3161 974 3215 laedet
995 3160 1136 3215 illos.
1169 3160 1302 3231 Sepi
1327 3175 1491 3214 aures
1509 3162 1638 3213 tuas
1659 3159 1853 3229 spinis,
1874 3162 1931 3214 et
1950 3160 2065 3214 noli
2087 3177 2185 3214 au-

2287 3161 2631 3216 consulibus.

1116 3396 1696 3490 INClPIUNT
1798 3397 2189 3492 EPISTO

2289 3399 2376 3492 ίἘ
2480 3395 2882 3494 LEONIS
2985 3400 3358 3501 ΡΑΡᾸΕ.

556 3555 596 3610 1.
651 3583 720 3594 —-
774 3550 863 3608 Ad
924 3550 1166 3618 Eutycen
1232 3549 1887 3618 ConstantinOpOZ-itanum
1947 3550 2193 3605 abbatem

889 3623 1149 3676 adversus
1187 3622 1567 3675 Nestorianam
1607 3622 1868 3675 haeresim.

629 3718 999 3777 Dilectissimo
1030 3719 1145 3774 ﬁlio
1173 3720 1423 3775 Eunoen
1464 3717 1794 3788 presbytero
1836 3719 1943 3772 Ι,Εο
1988 3718 2195 3790 episco-

558 3833 684 3891 pus.

632 3909 681 3983 1
697 3906 824 3983 88
837 3908 920 3965 Ad
939 3906 1205 3963 notitiam
1229 3908 1485 3961 nostram
1510 3906 1623 3960 tua:
1649 3902 1963 3962 dilectionis
1992 3906 2195 3976 episto-

558 4007 672 4061 lam
704 4002 968 4069 retulisti,
1001 4002 1153 4072 quod
1180 4000 1510 4055 Nestoriana
1545 4000 1773 4054 haeresis
1812 4000 2193 4069 quorumdam

555 4115 750 4154 rursus
779 4095 978 4150 studiis
1006 4094 1332 4165 pullularet.
1362 4092 1807 4148 Sollicitudinem
1836 4097 1991 4147 tuam
2010 4109 2074 4146 ex
2091 4094 2193 4147 hac

556 4194 715 4262 parte
757 4188 919 4242 nobis
964 4187 1239 4258 placuisse
1270 4186 1682 4257 rescripsimus,
1716 4185 1985 4255 quoniam
2022 4185 2192 4240 index

556 4279 741 4335 animi
783 4275 868 4332 tui
914 4281 998 4331 est
1042 4292 1228 4331 sermo
1274 4284 1444 4346 quem
1489 4277 1861 4346 sumpsimus.
1892 4276 2047 4331 Unde
2073 4293 2191 4332 non

558 4370 910 4443 ambigimus
949 4373 1237 4424 auctorem
1276 4368 1561 4423 catholicae
1594 4369 1728 4423 ﬁdei
1761 4369 2065 4425 Dominum
2089 4370 2191 4425 tibi

558 4467 619 4523 in
678 4464 946 4523 omnibus
992 4463 1323 4518 affuturum.
1376 4463 1485 4517 Nos
1537 4466 1729 4517 autem
1781 4480 1911 4517 cum
1968 4464 2193 4534 plenius

557 4578 806 4635 quorum
832 4560 942 4615 hoc
970 4557 1333 4629 improbitate
1353 4557 1470 4626 fiat,
1486 4557 1840 4627 potuerimus
1861 4575 2188 4630 agnoscere,

555 4673 782 4712 necesse
814 4652 1237 4721 est,auxiliante
1269 4650 1532 4719 Domino,
1562 4651 1881 4721 providere,
1913 4655 2191 4722 quatenus

555 4749 873 4805 nefandum
932 4746 1085 4801 virus
1140 4745 1475 4815 dudumque
1531 4744 1860 4800 damnatum
1928 4745 2192 4800 radicitus

2293 3551 2557 3605 scandala
2600 3552 3014 3619 convalescant,
3042 3551 3179 3623 quia
3206 3555 3347 3606 tunc
3376 3553 3460 3604 est
3482 3547 3703 3620 optimus
3720 3536 3833 3609 regni

2293 3643 2465 3698 vestri
2496 3648 2690 3712 status,
2724 3646 2953 3717 quando
2993 3645 3363 3716 sempiternae
3388 3647 3446 3699 et
3471 3627 3836 3697 incommutabili

2291 3737 2548 3793 Trinitati
2595 3739 2765 3793 unius
2814 3738 3041 3793 deitatis
3083 3739 3442 3794 confessione
3486 3734 3713 3791 servitur.
3739 3722 3835 3790 0'1id

2292 3837 2486 3886 autem
2503 3832 2560 3886 in
2578 3832 3206 3903 Constantinopolitana
3225 3832 3465 3887 ecclesia
3484 3815 3835 3901 perturbationis

2292 3925 2576 3992 acciderit,
2609 3925 2745 3997 quid
2772 3926 2851 3980 ita
2878 3926 3111 3981 fratrem
3143 3930 3197 3980 et
3226 3926 3617 3996 coepiscopum
3646 3920 3835 3973 nostrum

2294 4019 2621 4073 Flavianum
2650 4020 2903 4090 potuerit
2917 4036 3281 4075 commovere
3295 4020 3323 4075 ἱ)
3341 4023 3407 4073 ut
3435 4017 3651 4073 Euticen
3667 4006 3833 4083 preat?!“

2293 4118 2479 4167 terum
2494 4113 2896 4168 communione
2918 4113 3450 4184 privaret,nondum
3465 4110 3611 4182 potui
3622 4101 3837 4161 evidenter

2292 4222 2653 4277 cognoscere.
2681 4207 2950 4271 Quamvis
2988 4206 3143 4261 enim
3185 4206 3490 4277 praedictus
3530 4187 3835 4275 presbyleMd

2293 4300 2493 4355 Sedem
2520 4300 2883 4371 apostolicam
2918 4316 3025 4371 per
3053 4299 3313 4354 libellum
3351 4298 3555 4353 doloris
3597 4293 3673 4348 sui
3706 4281 3838 4359 queri-

2292 4394 2551 4448 moniam
2587 4394 2824 4464 miserit,
2851 4393 3098 4449 breviter
3140 4398 3338 4448 tamen
3376 4392 3563 4471 aliqua
3597 4376 3836 4459 praelibavit

2293 4505 2547 4543 asserens
2600 4504 2659 4542 se
2716 4489 2956 4543 Nicaeus:
3000 4487 3204 4559 synodi
3254 4487 3559 4542 constituta
3597 4478 3836 4535 servantem

2290 4582 2505 4636 frustra
2540 4581 2600 4634 in
2631 4582 2767 4636 ﬁdei
2783 4582 3102 4637 diversitate
3121 4581 3441 4652 culpatum;
3474 4572 3675 4633 Eusebii
3698 4568 3835 4623 autem

2291 4674 2541 4746 episc0pi
2571 4674 2911 4731 accusatoris
2944 4676 3066 4747 ejus
3104 4674 3346 4743 libellus,
3378 4674 3534 4744 cujus
3568 4656 3837 4733 exemplaria

2289 4768 2360 4822 ad
2407 4784 2510 4822 nos
2552 4768 2862 4839 praedictus
2903 4769 3196 4840 presbyter
3243 4769 3429 4835 misit,
3474 4766 3541 4820 de
3582 4747 3837 4831 objectionis

553 4842 731 4916 possit
759 4840 1062 4911 exstingui.
1115 4840 1260 4893 Deus
1304 4841 1359 4892 te
1398 4838 1674 4894 custodiat
1700 4838 2067 4909 incolumem,
2101 4838 2185 4894 di-
2208 4842 2268 4915 D
2289 4838 2575 4917 evidentia:
2602 4862 2748 4917 nihil
2772 4838 3040 4919 habe—bat.
3076 4838 3195 4918 Sed
3232 4879 3364 4917 cum
3389 4859 3690 4932 presbytero
3712 4850 3838 4902 hare-

556 4935 855 4993 lectissime
883 4933 984 4988 ﬁli.

828 5052 893 5105 Il.
934 5080 1003 5091 —
1042 5050 1135 5104 Ad
1177 5050 1530 5105 Theodosium
1569 5050 1900 5117 Augustum.

626 5146 736 5202 Lso
763 5146 1066 5201 Tanonosm
1094 5146 1371 5214 Augusto.

605 5242 896 5307 Quantum
909 5235 1160 5310 praesidii
1175 5238 1458 5292 Dominus
1470 5237 1730 5293 Ecclesiae
1745 5254 1861 5292 suae
1874 5237 1936 5291 in
1949 5237 2060 5293 ﬁde
2073 5254 2192 5293 ves-

553 5342 658 5393 trae
685 5333 1003 5392 clementia:
1024 5331 1379 5403 przepararit,
1402 5329 1491 5386 his
1517 5331 1693 5386 etiam
1724 5330 1926 5386 litteris
1953 5347 2091 5402 quas
2117 5332 2189 5386 ad

550 5448 644 5487 me
660 5428 862 5485 misisti
877 5425 1215 5491 ostenditur,
1238 5428 1301 5479 ut
1320 5425 1476 5481 vobis
1492 5441 1608 5479 non
1624 5425 1807 5479 solum
1821 5422 2071 5495 regium,
2088 5424 2186 5480 sed

549 5526 719 5580 etiam
733 5521 1141 5578 sacerdotalem
1156 5519 1417 5574 animum
1430 5518 1614 5573 inesse
1629 5515 2056 5590 gaudeamus.Si
2067 5517 2187 5590 qui-

551 5619 679 5673 dem
701 5620 936 5688 propter
965 5613 1296 5685 imperiales
1317 5616 1373 5668 et
1386 5612 1640 5684 publicas
1669 5628 1850 5679 curas,
1873 5611 2184 5683 piissimam

2292 4972 2417 5010 seos
2454 4956 2672 5011 crimen
2710 4956 3055 5023 intenderet,
3076 4973 3247 5028 quem
3274 4962 3470 5011 tamen
3496 4954 3724 5007 nostrum
3744 4950 3835 4993 5811‘

2291 5066 2417 5103 sum
2447 5050 2721 5121 θτευθτίι,
2752 5066 2867 5104 non
2918 5050 3209 5106 evidenter
3251 5047 3537 5121 expressit,
3564 5033 3776 5115 quamvis
3800 5030 3837 5079 et

2287 5142 2411 5215 ipse
2425 5149 2481 5199 et
2495 5144 2791 5215 episcopus
2809 5143 3048 5198 Nicena:
3073 5144 3271 5215 synodi
3289 5142 3608 5215 proﬁteatur
3625 5134 3676 5188 in
3695 5131 3777 5184 hac
3793 5134 3834 5174 re

2288 5253 2349 5291 se
2377 5254 2497 5293 esse
2522 5239 2543 5260 "
2564 5237 3072 5309 decretis,propter
3094 5238 3249 5310 quod
3274 5253 3388 5292 non
3415 5231 3704 5291 habuimus,
3728 5215 3833 5310 unde

2286 5330 2500 5402 aliquid
2528 5330 2865 5386 diceremus.
2884 5308 3310 5403 thuia'causa:
3334 5328 3588 5385 meritum
3610 5317 3717 5376 ﬁdei
3732 5308 3833 5367 ratio

2290 5427 2347 5477 et
2372 5424 2669 5479 laudabilis
2713 5425 3029 5480 sollicitudo
3072 5429 3273 5481 vestrae
3313 5420 3532 5496 pietatis
3564 5410 3833 5502 exegit,

2286 5534 2438 5572 cesse
2458 5521 2561 5584 est,
2569 5519 2694 5588 jam
2713 5520 2901 5574 locum
2921 5519 3379 5591 subreptionibus
3400 5531 3507 5571 non
3526 5513 3710 5584 patere,
3730 5496 3831 5593 sci“:

2286 5614 2377 5666 cet
2402 5611 2557 5681 prius
2584 5614 2652 5667 de
2685 5612 2892 5684 quibus
2912 5629 3045 5668 eum
3071 5613 3312 5670 aestimat
3329 5606 3660 5681 arguendum
3676 5595 3829 5652 instnn

542 5683 993 5766 sollicitudinem
1014 5683 1349 5765 Christiana:
1377 5683 1670 5777 religionis
1688 5705 1925 5775 habetis,
1947 5722 2020 5760 ne
2047 5706 2187 5761 scili-
2282 5722 2387 5761 nos
2412 5711 2654 5778 oportet,
2686 5683 2749 5762 ut
2782 5707 2959 5778 possit
3000 5708 3071 5763 de
3100 5707 3246 5763 bene
3284 5702 3514 5776 cognitis
3539 5683 3829 5765 congruelu'

546 5808 654 5869 cet,
668 5803 728 5856 in
740 5803 955 5873 populo
969 5801 1091 5871 Dei,
1109 5805 1205 5856 aut
1223 5799 1546 5869 schismata,
1561 5802 1659 5855 aut
1677 5799 1944 5872 haereses,
1961 5801 2186 5856 autulla

2284 5799 2481 5857 dicari.
2508 5801 2592 5856 Ad
2608 5800 2946 5874 praedictum
2975 5806 3166 5859 autem
3193 5802 3511 5877 episcOpum
3533 5788 3648 5848 dedi
3663 5785 3828 5841 linem
