4026 6182
196 287 297 343 765

1430 270 1900 332 DECRETALIUM
1936 270 2323 330 COLLECTIO.
2352 274 2355 277 λ

3457 266 3558 319 766

196 394 406 465 quibus
431 391 577 446 mihi
598 389 897 463 displicere
924 389 1319 457 cognosceret,
1343 384 1496 455 quod
1524 402 1592 438 ea
1621 400 1749 453 quae
1776 383 1833 436 in
1855 394 1914 466 Α
1932 383 2001 436 ad
2025 380 2365 434 soliditatem
2390 377 2522 431 ﬁdei
2546 376 2912 447 pertinentes,
2936 389 3110 445 prava
3130 373 3467 444 cujusquam
3488 373 3568 426 in-

195 490 359 541 tanta
386 502 552 540 causa
580 488 737 556 gesta
780 482 1005 537 fuerant
1041 479 1215 534 etiam
1245 478 1423 532 nimio
1453 477 1675 531 silentio
1705 475 1834 529 reti-

193 583 374 648 ceret,
412 595 543 633 cum
583 577 809 632 studere
857 573 1117 629 debuerit
1151 572 1416 644 primitus
1446 570 1606 624 nobis
1632 573 1835 623 cuncta

190 689 476 728 reserare.
524 672 707 736 Quem
753 668 1053 734 credimus,
1098 666 1187 720 vel
1221 668 1346 737 post
1381 663 1834 719 admonitionem

194 767 394 822 omnia
421 766 492 820 ad
520 768 779 820 nostram
805 761 1067 817 notitiam
1094 760 1427 826 relaturum,
1463 763 1528 812 ut
1556 758 1613 811 in
1651 757 1836 810 lucem

191 860 385 915 ductis
398 861 485 914 his
497 875 627 930 quas
637 857 824 911 adhuc
837 854 1100 910 videntur
1111 852 1347 917 occulta,
1363 852 1418 906 id
1432 851 1583 923 quod
1596 866 1832 921 evange-

189 953 320 1008 licae
346 958 402 1007 et
430 950 751 1023 apostolica:
776 948 1052 1003 doctrinae
1079 945 1365 1014 convenit,
1374 943 1837 1015 judicetur.Data

191 1048 267 1101 ad
289 1045 568 1100 Kalendas
579 1043 824 1110 Martias,
844 1040 1063 1096 Asterio
1081 1041 1466 1108 etProtogene
1489 1035 1832 1092 consulibus.

188 1152 280 1206 Ill.
301 1181 373 1189 —
390 1150 484 1204 Ad
509 1150 837 1203 Flavianum
860 1145 1509 1214 Constantinopolitanum
1535 1145 1837 1213 episcopum

227 1223 333 1275 ubi
357 1224 567 1291 quzrit,
599 1236 695 1273 cur
722 1220 931 1274 Eutices
951 1218 1019 1271 ab
1048 1218 1281 1271 Ecclesia
1305 1218 1477 1283 fuerit
1494 1219 1798 1284 separatus.

266 1321 639 1377 Dilectissimo
669 1320 831 1375 fratri
852 1320 1125 1374 Fuvuno
1156 1318 1283 1384 Leo,
1314 1319 1371 1370 et
1396 1320 1621 1370 caetera.

265 1417 414 1471 Cum
431 1413 945 1471 Christianissimus
961 1415 1019 1466 et
1032 1409 1505 1465 clementissimus
1524 1408 1840 1479 imperator

192 1513 413 1564 sanctae
436 1511 493 1562 et
510 1505 809 1561 laudabilis
827 1504 962 1559 ﬁdei
982 1521 1085 1576 pro
1104 1503 1365 1558 Ecclesiae
1386 1501 1679 1556 catholicas
1698 1514 1837 1571 pace

192 1602 474 1657 sollicitus
503 1600 576 1655 ad
596 1616 701 1655 nos
721 1599 927 1670 scripta
947 1596 1338 1663 transmiserit,
1362 1596 1429 1650 de
1455 1595 1545 1649 his
1572 1593 1670 1665 qui
1686 1592 1837 1664 apud

190 1712 292 1750 vos
316 1693 764 1766 perturbationis
785 1691 1083 1763 strepitum
1103 1692 1418 1745 moverant.
1439 1689 1711 1743 Miramur
1729 1686 1838 1739 fra-

1932 473 2345 545 terpretatione
2360 471 2659 524 violentur.
2675 471 2823 523 Deus
2838 474 2890 523 te
2907 466 3188 521 custodiat
3200 466 3541 521 incolumem
3552 508 3565 534 ,

1934 570 2112 623 frater
2132 565 2481 621 charissima.

1937 668 2020 721 1V.
2040 667 2454 734 -—Rescriptum
2481 662 2734 717 Flaviani
2758 661 2831 713 ad
2858 661 3068 715 beatum
3095 662 3316 714 Leonem
3336 676 3563 729 papam.

2010 765 2060 815 l.
2092 761 2171 813 De
2203 756 2425 812 subdoli
2448 755 2626 810 hostis
2651 753 2885 807 insidiis.

2006 858 2057 908 2.
2088 855 2164 908 De
2190 851 2554 906 fraudulenta
2575 846 2880 900 subtilitate
2912 846 3324 902 haereticorum.

2007 951 2059 1002 3.
2095 948 2171 1000 De
2203 940 2574 1014 blasphemiis
2604 939 2887 994 Euticetis.

2005 1042 2059 1094 4.
2088 1041 2163 1094 De
2194 1034 2784 1093 excommunicatioue
2812 1032 2934 1102 ejus
2954 1031 3283 1102 justissima.

2006 1134 2241 1188 Domins
2270 1129 2595 1185 beatissimo
2616 1132 2670 1181 et
2692 1128 2804 1180 Deo
2831 1125 3063 1179 amabili
3083 1126 3257 1180 Leoni
3274 1127 3570 1183 Flavianus

1936 1227 1995 1281 in
2024 1226 2266 1281 Domino
2290 1229 2567 1279 aeternam
2600 1221 2866 1274 salutem.

2006 1326 2131 1381 CAP.
2177 1326 2219 1379 Ι.
2268 1322 2428 1377 Nulla
2468 1337 2555 1373 res
2593 1317 2805 1374 diaboli
2851 1333 3071 1371 venena
3099 1318 3429 1388 compescit,
3467 1335 3571 1375 nec

1937 1418 2189 1475 continet
2234 1416 2562 1472 mortiferas
2601 1412 2722 1482 ejus
2755 1411 3005 1481 sagittas.
3047 1410 3284 1465 Sursum
3313 1412 3465 1466 enim
3496 1416 3574 1467 at-

1936 1530 2047 1586 que
2074 1513 2340 1568 deorsum
2371 1509 2671 1580 pervolans
2693 1505 2900 1578 quaerit
2927 1522 3071 1576 quos
3100 1506 3274 1576 possit
3299 1506 3569 1573 occidere,

1937 1624 2079 1679 quos
2107 1606 2282 1677 possit
2310 1618 2599 1674 superare,
2632 1617 2771 1671 quos
2806 1599 2984 1670 possit
3010 1598 3303 1653 devorare.
3338 1601 3575 1673 Propter

1939 1717 2113 1772 quam
2142 1715 2264 1754 rem
2304 1696 2654 1767 vigilandum
2695 1698 2780 1748 est
2808 1693 2865 1746 in
2897 1692 3273 1762 orationibus,
3311 1698 3481 1765 atque
3516 1694 3573 1749 id

190 1765 528 1844 ternitatem
544 1790 718 1855 tuam,
735 1784 1015 1857 quidquid
1034 1784 1175 1839 illud
1198 1782 1445 1838 scandali
1460 1781 1653 1849 fuerit,
1674 1778 1839 1834 nobis

1948 1793 2299 1866 operandum
2318 1795 2422 1856 est,
2451 1791 2513 1843 ut
2539 1790 2722 1843 fatuas
2748 1785 3138 1857 inquisitiones
3163 1787 3374 1842 evitare
3401 1789 3574 1858 possi-

188 1882 363 1937 silere
386 1881 658 1953 potuisse,
683 1883 739 1933 et
764 1895 882 1934 non
902 1878 1088 1950 potius
1106 1892 1460 1949 procurasse,
1491 1877 1553 1928 ut
1573 1872 1837 1946 primitus

192 1992 303 2031 nos
328 1974 634 2029 insinuatio
652 1978 765 2028 tua:
787 1971 1076 2027 relationis
1104 1971 1428 2037 instrueret,
1454 1985 1524 2022 ne
1551 1968 1621 2022 de
1640 1983 1835 2022 rerum

192 2075 491 2141 gestarum
516 2085 809 2140 possemus
841 2066 953 2121 ﬁde
984 2066 1302 2137 ambigere.
1326 2063 1654 2135 Accepimus
1682 2061 1838 2141 enim

186 2163 458 2217 libellum
492 2162 764 2217 Euticetis
798 2159 1134 2232 presbyteri,
1168 2159 1267 2230 qui
1298 2174 1354 2212 se
1383 2156 1643 2229 queritur
1670 2171 1834 2209 accu-

188 2260 363 2311 sante
381 2256 623 2310 Eusebio
645 2255 904 2327 episcopo
921 2253 1208 2308 immerito
1230 2251 1636 2307 communione
1655 2249 1838 2320 priva-

189 2356 347 2417 tum,
372 2350 620 2404 maxime
643 2366 772 2403 cum
792 2352 1090 2403 evocatum
1118 2363 1175 2402 se
1196 2345 1421 2400 affuisse
1454 2346 1709 2410 testetur,
1734 2358 1838 2398 nec

190 2444 284 2498 sui
306 2443 679 2515 praesentiam
701 2441 1032 2513 denegasse,
1059 2440 1198 2495 adeo
1226 2442 1288 2494 ut
1316 2438 1376 2493 in
1396 2438 1515 2510 ipso
1530 2437 1746 2509 judicio
1766 2436 1835 2490 1i-

186 2537 416 2591 bellum
437 2534 828 2608 appellationis
848 2551 965 2589 suae
984 2536 1198 2588 asserat
1216 2532 1507 2599 obtulisse,
1524 2548 1627 2586 nec
1644 2535 1838 2585 tamen

184 2628 371 2686 fuisse
388 2633 733 2701 susceptum,
756 2645 871 2700 qua
889 2628 1111 2682 ratione
1137 2626 1460 2697 compulsus
1490 2626 1580 2694 sit,
1614 2628 1673 2678 ut
1698 2640 1835 2678 con-

188 2723 524 2778 testatorios
540 2722 760 2777 libellos
776 2720 1467 2791 inConstantinopolitana
1482 2719 1618 2773 urbe
1635 2734 1840 2789 propo-

187 2822 383 2872 neret.
424 2816 639 2880 Quibus
664 2815 835 2869 rebus
864 2813 1364 2879 intercedentibus,
1392 2812 1637 2867 necdum
1658 2827 1835 2882 agno-

188 2910 413 2965 scimus
435 2926 549 2981 qua
559 2908 826 2981 justitiaa
845 2907 1253 2963 communione
1277 2906 1536 2961 Ecclesize
1554 2905 1727 2959 fuerit
1748 2922 1835 2959 se-

186 3002 452 3071 paratus.
485 2998 595 3053 Sed
626 2997 991 3068 respicientes
1028 2996 1101 3051 ad
1128 3013 1356 3051 causam
1382 2995 1513 3049 facti
1550 2994 1632 3049 tui
1670 3011 1837 3050 nosse

186 3093 467 3148 volumus
506 3091 809 3161 rationem,
853 3093 911 3145 et
949 3107 1131 3162 usque
1170 3090 1244 3145 ad
1282 3092 1535 3144 nostram
1571 3088 1839 3143 notitiam

202 3141 463 3148 .--__--_-
508 3141 809 3161 _________,
857 3141 907 3145 _-
956 3141 1125 3162 -1“-
1174 3141 1243 3145 π
1282 3141 1535 3144 ___,___
1574 3141 1691 3143 γη

188 3190 403 3242 cuncta
430 3186 658 3240 deferri.
690 3184 968 3249 Quoniam
992 3200 1092 3238 nos
1109 3184 1206 3256 qui
1228 3183 1594 3238 sacerdotum
1618 3181 1842 3236 Domini
1864 3141 1918 3215 Ο

188 3284 432 3335 matura
459 3280 719 3334 volumus
761 3294 881 3332 esse
920 3277 1157 3349 judicia,
1193 3277 1337 3331 nihil
1362 3294 1664 3349 possumus
1694 3276 1843 3330 inco-

192 3374 377 3447 gnitis
402 3373 572 3428 rebus
597 3372 1021 3444 inicujusquam
1062 3371 1239 3443 partis
1266 3371 1669 3443 praejudicium
1699 3370 1839 3424 deﬁ-

188 3469 346 3536 nire,
379 3467 714 3538 priusquam
752 3465 1017 3521 universa
1054 3482 1182 3537 quae
1223 3470 1377 3537 gesta
1406 3467 1538 3519 sunt
1569 3463 1845 3519 veraciter

190 3561 523 3617 audiamus.
572 3559 686 3615 Sed
732 3558 862 3613 ideo
909 3558 1233 3614 fraternitas
1283 3564 1383 3613 tua
1430 3574 1532 3629 per
1579 3557 1843 3612 idoneam

190 3654 461 3711 maxime
485 3660 793 3725 aptamque
831 3668 1161 3724 personam,
1200 3651 1533 3722 plenissima
1559 3650 1722 3705 nobis
1751 3667 1840 3705 re-

190 3750 417 3805 latione
445 3746 742 3819 signiﬁcet,
773 3746 909 3818 quid
940 3750 1134 3800 contra
1161 3745 1453 3817 antiquam
1479 3745 1650 3800 ﬁdem
1680 3744 1841 3799 novi-

194 3842 337 3897 tatis
384 3841 703 3907 emerserit,
762 3839 901 3911 quid
956 3839 1223 3894 severiori
1271 3839 1555 3894 sententia
1604 3839 1845 3909 dignum

194 3933 383 3991 fuerit
402 3933 694 3989 vindicari.
723 3933 862 3987 Nam
894 3938 950 3987 et
979 3933 1236 3987 Ecclesiae
1268 3932 1589 3987 moderatio
1630 3937 1688 3986 et
1711 3931 1843 3986 reli-

197 4028 515 4102 giosissimi
530 4026 802 4099 principis
816 4026 959 4081 ﬁdes
974 4027 1212 4080 multam
1226 4026 1388 4081 nobis
1402 4026 1847 4081 sollicitudinem

198 4121 545 4179 Christianae
584 4121 739 4193 pacis
770 4120 1049 4188 indicunt,
1096 4126 1158 4175 ut
1212 4121 1519 4192 amputatis
1546 4120 1845 4176 dissensio-

198 4217 380 4271 nibus
428 4214 568 4270 ﬁdes
606 4214 881 4269 catholica
926 4213 1196 4268 inviolata
1225 4219 1500 4282 servetur,
1538 4219 1593 4269 et
1627 4215 1716 4269 his
1750 4214 1849 4286 qui

195 4326 387 4382 prava
437 4308 749 4363 defendunt
795 4308 866 4362 ab
922 4323 1112 4363 errore
1156 4309 1463 4374 revocatis,
1513 4313 1705 4363 nostra
1753 4326 1850 4363 au-

198 4404 485 4470 ctoritate,
519 4419 765 4474 quorum
790 4403 931 4458 ﬁdes
971 4402 1210 4474 probata
1250 4402 1441 4470 fuerit,
1494 4387 1845 4459 mum’antur.

1934 1904 2083 1943 mus.
2110 1888 2276 1940 Decet
2300 1888 2496 1939 autem
2526 1881 2683 1953 sequi
2710 1883 2902 1935 Patres
2928 1883 3168 1948 nostros,
3198 1897 3299 1933 nec
3320 1897 3573 1937 commu-

1937 1985 2057 2037 tare
2090 1980 2480 2034 deﬁnitionem
2502 1992 2703 2031 eorum
2723 1978 3085 2046 perpetuam,
3108 1990 3352 2043 quorum
3380 1992 3575 2030 secun-

1935 2076 2074 2131 dum
2098 2090 2287 2128 sacras
2318 2071 2632 2142 Scripturas
2653 2067 2955 2124 didicimus
2985 2066 3263 2136 regulam.
3296 2068 3573 2137 Depositis

1936 2185 2073 2239 ergo
2118 2166 2344 2221 ﬂetibus
2394 2167 2453 2218 et
2478 2162 2758 2234 lacrymis,
2798 2160 2931 2245 quia
2955 2176 3178 2214 summo
3206 2160 3440 2215 clericus
3470 2161 3569 2217 de-

1936 2277 2077 2333 gens
2105 2260 2283 2331 gradu
2315 2259 2536 2313 invasus
2556 2260 2641 2311 est
2670 2272 2703 2309 a
2729 2255 2848 2309 fero
2878 2253 3157 2319 daemone,
3189 2258 3245 2307 et
3274 2270 3388 2308 non
3413 2256 3573 2325 potui

1940 2370 2074 2409 eum
2102 2354 2368 2419 liberare,
2406 2368 2510 2405 nec
2535 2350 2759 2404 auferre
2788 2348 2857 2401 de
2892 2347 2989 2401 tali
3017 2348 3173 2418 lupo,
3207 2347 3304 2418 qui
3327 2347 3574 2404 animam

1940 2464 2126 2503 meam
2146 2464 2248 2518 pro
2272 2446 2368 2500 illo
2386 2447 2619 2516 paratus
2635 2459 2790 2497 eram
2808 2457 3044 2512 ponere.
3064 2440 3363 2504 Quomodo
3381 2447 3575 2513 raptus

1938 2541 2028 2610 sit,
2059 2540 2344 2612 quomodo
2370 2538 2609 2593 resilivit
2635 2555 2669 2591 a
2695 2535 2986 2607 proposito
3006 2534 3214 2602 divino,
3238 2538 3297 2588 et
3321 2535 3392 2590 ad
3411 2536 3573 2591 illum

1937 2635 2204 2701 cucurrit,
2244 2632 2339 2704 qui
2372 2632 2610 2703 perdere
2659 2628 2966 2697 consuevit,
3020 2631 3301 2698 praecepta
3347 2631 3572 2684 Patrum

1938 2729 2230 2783 declinans
2252 2730 2308 2781 et
2328 2725 2628 2781 constituta
2649 2739 2844 2778 eorum
2869 2722 3202 2792 despiciens,
3220 2722 3343 2792 jam
3363 2721 3572 2794 incipio

1938 2838 2225 2878 enarrare.
3328 2872 3349 2893 θ

2010 2918 2074 2971 ll.
2107 2916 2250 2973 Sunt
2279 2913 2434 2969 enim
2456 2912 2691 2983 quidam
2712 2914 2861 2965 veste
2891 2926 2992 2963 sua
3020 2925 3150 2963 oves
3170 2908 3572 2979 signiﬁcantes,

1936 3009 2176 3064 interius
2202 3008 2323 3079 lupi
2354 3011 2631 3078 raptores,
2668 3020 2811 3075 quos
2843 3020 2910 3057 ex
2940 3002 3215 3056 fructibus
3250 3020 3446 3058 eorum
3475 3005 3571 3059 de-

1942 3103 2141 3158 bemus
2169 3116 2500 3172 agnoscere.
2527 3098 2621 3154 lsti
2643 3098 2829 3169 prima
2858 3098 3045 3150 fronte
3068 3095 3335 3151 videntur
3359 3114 3478 3152 esse
3506 3098 3575 3154 de

1942 3213 2187 3252 numero
2218 3200 2433 3262 nostro,
2464 3192 2563 3246 sed
2591 3208 2706 3245 non
2742 3192 2876 3244 sunt
2909 3190 2979 3244 de
3013 3205 3253 3244 numero
3276 3196 3491 3247 nostro.
3524 3193 3577 3248 Si

1943 3291 2097 3346 enim
2137 3289 2206 3343 de
2244 3304 2485 3343 numero
2518 3290 2712 3340 nostro
2758 3289 2963 3353 essent,
3006 3283 3299 3337 nobiscum
3344 3285 3581 3340 mansis-

1944 3386 2089 3439 sent.
2126 3383 2415 3446 Quantum
2444 3383 2636 3433 autem
2666 3381 2959 3449 casperunt
2993 3393 3280 3431 assumere
3309 3377 3577 3449 impieta-

1942 3480 2093 3545 tem,
2162 3475 2299 3529 illud
2361 3472 2515 3544 quod
2569 3471 2959 3526 occultabatur
3016 3470 3076 3524 in
3128 3470 3238 3523 illis
3292 3471 3575 3541 aperitur,

1945 3575 2003 3625 et
2049 3569 2213 3624 dolus
2256 3568 2440 3621 omnis
2478 3568 2542 3619 ﬁt
2582 3564 2845 3619 omnibus
2882 3563 3234 3618 manifestus.
3276 3565 3576 3622 Inveniun—

1946 3667 2041 3719 tur
2065 3667 2257 3717 autem
2288 3660 2530 3715 inﬁrmae
2556 3658 2685 3713 ﬁdei
2712 3657 2995 3723 homines,
3020 3661 3077 3712 et
3101 3658 3198 3728 qui
3228 3658 3439 3713 divinas
3462 3661 3575 3715 lec-

1944 3757 2127 3812 tiones
2160 3755 2437 3821 nesciant,
2481 3759 2537 3808 et
2566 3769 2757 3807 secum
2786 3768 2883 3806 eos
2920 3752 2978 3805 in
3017 3752 3399 3822 perditionem
3441 3771 3581 3825 prazd

1947 3850 2203 3922 cipitant,
2246 3849 2582 3919 dissipantes
2621 3852 2679 3900 et
2721 3845 3108 3916 vituperantes
3146 3847 3375 3901 Patrum
3413 3848 3577 3902 disci-

1945 3944 2154 4017 plinas,
2179 3949 2235 3997 et
2264 3943 2509 4013 reliquas
2540 3945 2761 3995 sanctas
2784 3939 3102 4009 Scripturas
3121 3940 3192 3994 ad
3217 3957 3378 3994 suam
3397 3942 3582 4012 perdi‘

1947 4038 2184 4104 tionem,
2210 4054 2349 4107 quos
2376 4036 2650 4090 debemus
2676 4033 3012 4105 praevidere,
3047 4037 3105 4087 et
3126 4051 3160 4087 a
3190 4035 3396 4105 quibus
3427 4036 3579 4090 mula

1946 4135 2068 4186 tum
2099 4147 2310 4198 cavere,
2350 4146 2419 4184 ne
2456 4129 2515 4183 in
2552 4128 2767 4183 malitia
2806 4144 2908 4182 sua
2936 4127 3110 4199 aliqui
3146 4129 3406 4200 occupati
3443 4147 3577 4184 con‘

1947 4226 2140 4281 cidant
2159 4226 2229 4280 de
2249 4242 2352 4279 sua
2375 4223 2639 4278 ﬁrmitate
2670 4239 2682 4277 :
2722 4243 2750 4272 «
2771 4223 3130 4277 Exacuerunt
3149 4223 3303 4277 enim
3326 4224 3582 4296 linguam

1950 4337 2115 4375 suam
2149 4319 2308 4391 quasi
2335 4320 2648 4389 serpentes,
2677 4322 2733 4371 et
2760 4333 3043 4370 venenum
3072 4317 3130 4370 in
3179 4318 3342 4372 labiis
3370 4317 3585 4375 habent

1950 4415 2115 4486 quasi
2132 4414 2353 4485 aspides
2377 4413 2539 4483 (Psal.
2567 4427 2779 4478 CXXXIX,
2801 4411 2873 4481 4).
2905 4432 2932 4460 ››
2960 4412 3034 4465 De
3052 4410 3139 4465 his
3160 4412 3281 4467 haec
3301 4413 3585 4484 Propheta

199 4500 321 4553 Nec
358 4497 547 4569 aliqua
584 4497 793 4568 poterit
823 4514 891 4552 ex
944 4498 1050 4552 hac
1090 4500 1253 4568 parte
1294 4496 1596 4551 difﬁcultas
1637 4497 1845 4568 afferri,
1869 4516 1928 4587 D
1952 4508 2232 4563 clamavit,

199 4608 336 4647 cum
362 4594 713 4645 memoratus
731 4591 1033 4663 presbyter
1050 4590 1256 4660 libello
1288 4590 1519 4662 proprio
1542 4591 1613 4645 sit
1636 4592 1851 4664 profes-

202 4703 326 4754 sus,
358 4686 621 4757 paratum
652 4701 711 4739 se
742 4701 864 4739 esse
902 4685 972 4739 ad
1010 4684 1433 4757 corrigendum,
1463 4685 1509 4739 si
1541 4686 1676 4757 quid
1704 4686 1762 4740 in
1789 4703 1850 4740 se

203 4780 515 4834 inventum
558 4778 750 4848 fuerit,
797 4778 949 4850 quod
995 4779 1433 4850 reprehensione
1473 4780 1546 4833 sit
1586 4781 1846 4851 dignum.

204 4875 389 4928 Decet
417 4873 571 4927 enim
598 4873 657 4927 in
692 4872 896 4928 talibus
925 4873 1105 4927 causis
1131 4874 1237 4927 hoc
1264 4873 1512 4928 maxime
1539 4875 1846 4944 provideri.

205 4973 275 5023 ut
313 4966 435 5020 sine
480 4967 719 5038 strepitu
758 4968 1270 5035 concertationum,
1312 4970 1368 5022 et
1398 4967 1641 5021 Charitas
1666 4972 1850 5023 custo-

208 5061 423 5127 diatur,
456 5064 513 5114 et
552 5061 755 5115 veritas
793 5060 1151 5128 defendatur,
1187 5062 1365 5116 frater
1398 5061 1745 5117 charissime.
1783 5064 1850 5118 Et

206 5154 344 5209 ideo
373 5154 511 5225 quia
538 5154 761 5209 dilectio
792 5158 891 5209 tua
919 5155 988 5209 de
1022 5157 1180 5208 tanta
1208 5172 1377 5209 causa
1413 5172 1519 5211 nos
1558 5158 1712 5213 videt
1746 5174 1845 5212 ue-

209 5248 457 5303 cessario
501 5264 620 5303 esse
664 5247 927 5303 sollicitos
975 5265 1147 5319 quam
1186 5248 1513 5319 plenissime
1568 5256 1624 5307 et
1664 5253 1847 5308 lucide

210 5341 483 5396 universa
521 5340 685 5395 nobis
730 5341 886 5412 quod
930 5346 1061 5396 ante
1100 5343 1286 5397 facere
1331 5344 1545 5413 debuit,
1596 5345 1848 5402 indicare

213 5435 467 5501 festinet,
514 5452 585 5489 ne
619 5435 769 5489 inter
811 5436 1153 5491 assertiones
1187 5437 1439 5507 partium
1467 5438 1653 5510 aliqua
1676 5440 1851 5495 ambi-

216 5530 433 5601 guitate
459 5528 738 5595 fallamur,
771 5533 827 5585 et
856 5529 1132 5585 dissensio
1153 5547 1281 5601 quae
1303 5530 1361 5585 in
1382 5532 1497 5585 suis
1517 5532 1696 5588 initiis
1715 5533 1850 5589 abo-

215 5623 396 5678 lenda
436 5627 538 5692 est,
585 5622 890 5680 nutriatur.
923 5623 1064 5679 Cum
1114 5625 1173 5678 in
1216 5627 1384 5681 corde
1410 5630 1605 5682 nostro
1650 5645 1715 5682 ea
1749 5630 1850 5685 ob-

223 5716 524 5784 servantia,
567 5717 679 5771 Deo
710 5716 1049 5789 inspirante,
1082 5723 1441 5790 permaneat,
1478 5738 1551 5775 ne
1578 5723 1853 5779 constitu-

223 5810 412 5872 tiones
450 5810 856 5867 venerabilium
887 5813 1123 5868 Patrum
1158 5814 1426 5871 divinitus
1461 5816 1760 5888 roboratae,
1801 5822 1858 5875 et

2019 4603 2106 4657 ΠΙ.
2130 4600 2276 4655 Talis
2295 4598 2460 4654 nobis
2486 4598 2708 4655 Eutices
2727 4598 2958 4652 emersit
2975 4597 3269 4668 quondam
3288 4600 3584 4671 presbyter

1950 4700 2007 4751 et
2022 4692 2512 4760 archimandrites,
2537 4692 2637 4762 qui
2657 4690 2815 4762 quasi
2832 4693 3040 4745 DOStI‘&
3057 4691 3351 4762 religionis
3370 4698 3581 4750 sectam

1950 4788 2227 4860 sapiebat,
2278 4792 2334 4841 et
2376 4786 2526 4839 hanc
2574 4785 2941 4855 praeferebat;
2978 4780 3216 4840 Nestorii
3254 4793 3441 4843 autem
3472 4789 3581 4844 im-

1948 4883 2221 4955 pietatem
2255 4879 2652 4947 conﬁrmabat,
2684 4881 2741 4933 et
2777 4878 3215 4949 succingebatur
3252 4898 3354 4952 pro
3378 4884 3579 4939 Nesto-

1948 4976 2035 5031 rio
2062 4976 2311 5030 militare
2339 4974 2399 5027 in
2429 4990 2643 5044 pugna,
2683 4989 2810 5043 quae
2843 4977 3043 5027 contra
3076 4974 3397 5031 Nestorium
3426 4995 3582 5048 parad

1947 5069 2135 5124 batur.
2158 5069 2561 5123 Trecentorum
2584 5071 2774 5120 autem
2798 5064 2994 5119 decem
3023 5071 3079 5121 et
3107 5072 3232 5123 octo
3254 5074 3583 5127 sanctorum

1947 5165 2176 5217 Patrum
2205 5161 2276 5217 de
2304 5161 2415 5216 ﬁde
2441 5159 2851 5231 expositionem
2883 5160 3110 5228 factam,
3141 5166 3198 5217 et
3223 5168 3429 5218 sancta:
3460 5182 3578 5220 me«

1948 5256 2146 5311 moria:
2205 5255 2395 5326 Cyrilli
2467 5253 3084 5325 epistolamyscriptam
3120 5257 3192 5311 ad
3238 5257 3577 5328 Nestorium,

1949 5351 2037 5405 vel
2059 5349 2130 5404 ad
2146 5349 2355 5403 similes
2379 5348 2500 5419 ejus
2518 5347 2724 5419 quibus
2745 5364 2943 5402 omnes
2966 5352 3347 5417 assenserunt,
3369 5350 3581 5405 tentavi

1951 5443 2215 5513 evellere,
2248 5442 2539 5514 antiquam
2564 5442 2733 5513 impii
2759 5442 3039 5497 Valentini
3071 5446 3127 5495 et
3146 5443 3481 5511 Apollinaris
3500 5461 3583 5499 Γε-

1950 5554 2162 5610 parans
2207 5541 2440 5604 sectam,
2476 5542 2531 5591 et
2560 5552 2675 5590 non
2708 5535 2897 5589 timuit
2940 5538 3285 5604 prmceptum
3334 5537 3451 5591 veri
3486 5536 3584 5595 Dei

1953 5632 2189 5689 dicentis
2221 5648 2234 5686 :
2269 5653 2296 5681 ‹‹
2323 5630 2655 5701 Quicunque
2688 5627 3141 5683 scandalizaverit
3169 5644 3350 5683 unum
3382 5631 3452 5685 de
3478 5649 3584 5703 pu-

1954 5727 2090 5781 sillis
2118 5725 2260 5794 istis,
2290 5724 2520 5795 expedit
2543 5723 2595 5777 ei
2622 5727 2683 5776 ut
2708 5721 2861 5774 mola
2885 5718 3129 5774 asinaria
3148 5721 3415 5792 alligetur
3441 5727 3585 5782 collo

1956 5820 2098 5895 ejus,
2152 5824 2211 5875 et
2244 5818 2615 5891 demergatur
2653 5815 2714 5869 in
2761 5812 3111 5886 profundum
3151 5816 3328 5872 maris
3369 5818 3584 5891 (Matth.
