4026 6182
505 252 608 305 767

1403 247 1686 304 APPEND.
1728 247 1815 304 AD
1853 247 2009 304 SIEC.
2053 248 2140 304 IX.
2167 275 2236 287 --—
2276 245 2516 305 lSlDORl
2555 247 2978 305 MERCATORIS

3713 255 3792 308 ’ῖδὲ

502 375 658 424 xvni,
691 360 761 428 6).
800 378 826 409 »
867 354 1278 412 Verecundiam
1320 361 1513 410 autem
1557 374 1787 410 omnem
1828 357 2052 428 abjecit,
2084 361 2141 410 et
2161 373 2221 444 Α
2241 373 2424 423 scuro,
2464 373 2579 410 non
2607 357 2681 410 ad
2707 355 3070 426 propheticas
3094 371 3278 422 voces,
3307 371 3418 410 non
3440 356 3505 411 ad
3530 362 3803 428 apostolica:

507 467 675 521 quam
705 450 936 520 gerebat
967 450 1312 505 inﬁdelitatis
1355 451 1503 521 pelle
1541 451 1832 504 excutiens
1862 451 1916 504 in
1947 453 2142 504 sancta

503 543 715 613 synodo
745 544 1032 599 asserebat
1062 545 1344 599 instanter
1365 544 1556 598 dicens
1582 561 1594 598 :
1618 543 1928 599 Dominum
1948 546 2139 598 Jesum

503 637 787 690 Christum
813 653 931 691 non
969 640 1237 710 oportere
1272 637 1531 692 conﬁteri
1559 639 1627 692 de
1670 638 1886 692 duabus
1926 636 2142 691 naturis

502 735 629 801 post
673 731 984 786 humanam
1028 732 1467 803 susceptionem,
1515 748 1644 785 cum
1688 749 1720 785 a
1767 731 1930 786 nobis
1976 730 2143 785 unius

503 824 856 893 substantiae,
881 831 936 880 et
959 825 1124 879 unius
1144 841 1404 896 personae
1421 825 1803 896 cognoscitur,
1825 841 2009 896 neque
2027 841 2145 878 car-

503 933 637 972 nem
669 918 892 971 Domini
914 918 1339 973 coessentialem
1363 919 1525 974 nobis
1547 919 1848 974 subsistere
1873 923 2145 989 tanquam

505 1027 570 1066 ex
598 1011 760 1065 nobis
780 1017 1120 1083 susceptam,
1146 1017 1202 1067 et
1219 1012 1600 1068 coadunatam
1621 1013 1722 1066 Dei
1738 1012 1920 1066 Verbo
1941 1027 2143 1065 secun-

507 1105 647 1158 dum
699 1105 1094 1159 substantiam.
1152 1106 1265 1160 Sed
1322 1105 1544 1160 dicebat
1585 1105 1874 1176 Virginem
1915 1105 2147 1176 quidem

508 1214 636 1268 qua:
653 1213 784 1252 eum
807 1198 1002 1268 genuit
1019 1199 1335 1252 secundum
1354 1214 1584 1253 carnem
1607 1197 2146 1253 consubstantialem

508 1291 675 1345 nobis
695 1307 833 1346 esse.
863 1294 1049 1362 Ipsum
1066 1296 1259 1346 autem
1281 1292 1589 1347 Dominum
1607 1309 1724 1346 non
1751 1291 2065 1363 suscepisse
2082 1307 2147 1345 ex

510 1401 576 1438 ea
591 1401 823 1454 carnem
845 1385 1380 1440 consubstantialem
1402 1385 1586 1454 nobis,
1607 1386 1706 1440 sed
1735 1401 1942 1457 corpus
1961 1385 2150 1439 Domi-

513 1477 573 1531 ni
603 1495 715 1533 non
741 1494 866 1534 esse
897 1479 1128 1551 quidem
1150 1496 1353 1550 corpus
1375 1479 1642 1546 hominis,
1671 1479 1990 1534 humanum
2017 1495 2148 1534 vero

513 1588 721 1644 corpus
747 1589 864 1628 esse
896 1573 1051 1644 quod
1077 1578 1157 1627 est
1183 1590 1250 1628 ex
1282 1573 1533 1644 Virgine.

585 1667 668 1721 IV.
698 1666 808 1722 Sed
828 1683 899 1720 ne
924 1667 1099 1720 multa
1121 1666 1314 1721 dicens
1331 1667 1566 1737 longam
1591 1666 1795 1721 faciam
1821 1665 2147 1736 epistolam,

2240 449 2474 516 litteras,
2510 466 2611 503 nec
2643 449 2716 503 ad
2754 449 3109 519 evangelicas
3152 448 3522 518 auctoritates,
3552 451 3636 505 sed
3659 453 3717 506 ad
3744 472 3807 508 se-

2240 543 2509 614 metipsos
2534 549 2856 597 recurrunt.
2897 542 3007 598 Sed
3034 543 3160 597 ideo
3201 543 3456 614 magistri
3508 546 3691 598 erroris
3713 549 3804 601 exi-

2241 641 2415 704 stunt,
2447 637 2580 708 quia
2597 636 2848 690 veritatis
2878 635 3139 708 discipuli
3164 653 3280 690 non
3312 637 3484 691 fuere.
3511 637 3669 701 Quam
3691 639 3807 693 enim

2243 730 2622 784 eruditionem
2672 730 2740 783 de
2791 729 2959 783 sacris
3006 729 3136 783 Novi
3171 735 3227 783 et
3273 730 3484 784 Veteris
3525 731 3810 786 Testamenti

2243 823 2472 894 paginis
2501 823 2817 894 acquisivit,
2855 823 2952 894 qui
2995 839 3101 876 nec
3141 822 3319 894 ipsius
3365 822 3584 894 quidem
3623 824 3810 894 symboli

2247 917 2409 970 initia
2429 915 2896 987 comprehendit?
2925 917 2991 970 Et
3009 915 3245 986 quidem
3266 932 3370 986 per
3387 921 3560 970 totum
3580 919 3808 972 mundum

2247 1011 2511 1064 omnium
2549 1010 3076 1080 regenerandorum
3113 1026 3252 1064 voce
3294 1009 3651 1080 depromitur,
3692 1010 3810 1065 istius

2247 1104 2431 1158 adhuc
2468 1104 2615 1158 senis
2642 1104 2808 1158 corde
2835 1120 2949 1157 non
2977 1103 3220 1174 capitur.
3251 1101 3509 1158 Nesciens
3534 1103 3690 1175 igitur
3709 1105 3810 1175 quid

2246 1197 2479 1252 deberet
2501 1197 2570 1251 de
2597 1197 2766 1251 Verbi
2800 1197 2895 1252 Dei
2943 1196 3336 1251 incarnatione
3377 1197 3592 1266 sentire,
3629 1213 3717 1251 nec
3740 1214 3810 1253 vo-

2245 1291 2368 1346 lens
2385 1291 2458 1344 ad
2476 1290 2928 1362 promerendum
2948 1291 3349 1361 intelligentia
3368 1291 3558 1345 lumen
3581 1291 3635 1345 in
3652 1296 3813 1345 sancta-

2248 1401 2380 1439 rum
2407 1384 2826 1456 Scripturarum
2854 1384 3154 1440 latitudine
3182 1384 3468 1451 laborare,
3498 1384 3642 1439 illam
3665 1384 3812 1439 saltem

2248 1479 2714 1533 communionem
2743 1481 2800 1533 et
2819 1478 3183 1533 indiscretam
3210 1478 3610 1532 confessionem
3634 1477 3813 1532 sollicito

2248 1572 2715 1643 apprehendisset
2732 1571 2947 1640 auditu,
2978 1589 3093 1644 qua
3117 1572 3374 1627 ﬁdelium
3394 1571 3699 1626 universitas
3718 1587 3811 1642 pro-

2251 1667 2448 1720 ﬁtetur
2467 1666 2697 1721 credere
2719 1682 2777 1720 se
2803 1666 2862 1720 in
2885 1667 3067 1720 Deum
3087 1668 3316 1721 Patrem
3339 1665 3761 1736 omnipotentem,
3777 1671 3815 1717 et

515 1759 654 1814 olim
683 1760 961 1831 quidquid
992 1759 1296 1830 egerimus,
1328 1760 1587 1815 misimus
1617 1760 1689 1814 ad
1735 1748 2227 1821 beatitudinemB
2250 1760 2310 1814 in
2343 1761 2535 1815 Jesum
2581 1760 2870 1816 Christum
2919 1759 3124 1814 Filium
3153 1761 3279 1831 ejus
3331 1761 3554 1814 unicum
3580 1758 3814 1813 Dominum

513 1857 782 1920 vestram,
832 1853 1038 1925 quibus
1075 1853 1276 1909 litteris
1329 1854 1643 1922 docuimus,
1697 1859 1753 1909 et
1796 1853 2148 1925 presbyterio

512 1947 678 2002 illum
706 1963 826 2002 esse
849 1946 1154 2017 nudatum,
1188 1948 1324 2018 quia
1351 1947 1426 2001 sic
1448 1951 1646 2019 captus
1672 1952 1774 2014 est,
1802 1952 1857 2001 et
1876 1948 2150 2018 jussimus

516 2057 650 2095 eum
677 2057 807 2095 cum
846 2040 1206 2095 monasteriis
1237 2041 1455 2096 nullam
1500 2041 1715 2096 habere
1760 2041 2058 2109 rationem,
2097 2042 2154 2094 et

513 2134 862 2189 exclusimus
890 2150 1023 2188 eum
1048 2152 1081 2188 a
1109 2135 1512 2189 communione
1538 2139 1756 2204 nostra,
1788 2139 1850 2188 ut
1877 2133 2154 2190 Sanctitas

513 2233 699 2282 vestra
723 2228 830 2282 hoc
869 2244 1218 2298 cognoscens
1249 2227 1404 2299 quod
1441 2227 1591 2282 circa
1623 2227 1788 2281 illum
1825 2230 2015 2282 actum
2046 2228 2151 2295 est,

520 2320 787 2375 omnibus
811 2321 1090 2392 episcopis
1117 2321 1220 2376 sub
1242 2321 1589 2376 beatitudine
1615 2325 1797 2376 vestra
1817 2319 2155 2392 degentibus

518 2414 888 2469 manifestare
919 2415 1191 2486 dignetur
1215 2415 1366 2470 illius
1393 2414 1763 2486 impietatem,
1795 2432 1864 2470 ne
1898 2413 2154 2468 nescien-

519 2511 604 2564 tes
628 2508 804 2580 aliqui
832 2508 985 2580 quod
1016 2508 1109 2563 ille
1131 2508 1369 2564 sentiret
1390 2509 1553 2580 quasi
1575 2509 1649 2564 ad
1672 2486 2051 2564 orthodoxum
2070 2507 2156 2561 vel

519 2618 623 2673 per
651 2603 883 2671 litteras,
914 2602 1001 2656 vel
1026 2619 1131 2674 per
1155 2603 1410 2674 aliquam
1439 2602 1897 2674 conjunctionem
1925 2602 2160 2672 loquan-

523 2693 636 2751 tu'r.

521 2813 586 2868 V.
626 2841 694 2852 ——-
720 2815 1050 2883 Rescriptum
1101 2814 1293 2868 Leonis
1332 2828 1494 2883 papa
1537 2813 1611 2866 ad
1652 2812 1976 2866 Flavianum
2019 2811 2156 2866 Con—

591 2886 1132 2966 stantinopolitanum
1163 2887 1467 2955 episcopum
1494 2887 1679 2938 contra
1704 2885 1963 2938 Euticetis
1992 2884 2158 2937 hare-

596 2970 717 3009 δίνη.

598 3072 648 3125 l.
676 3071 858 3134 Quam
887 3069 1214 3140 ignorantia
1238 3074 1568 3125 sanctarum
1595 3069 2019 3142 Scripturarum
2050 3071 2159 3124 Eu-

526 3165 677 3220 ticen
699 3164 1033 3219 haereticum
1064 3164 1281 3219 fecerit.

595 3263 650 3314 2.
679 3259 888 3314 Contra
921 3275 1018 3313 eos
1045 3257 1143 3330 qui
1169 3258 1228 3312 in
1254 3258 1398 3313 duos
1418 3256 1561 3311 ﬁlios
1579 3255 2024 3328 dispensationis
2050 3256 2161 3311 Do-

524 3351 749 3407 minicae
776 3351 1116 3424 mysterium
1143 3351 1398 3406 scindere
1427 3349 1764 3405 moliuntur.

598 3450 649 3501 3.
681 3449 889 3503 Contra
910 3462 1006 3500 eos
1037 3445 1134 3516 qui
1160 3444 1482 3516 passibilem
1508 3443 1860 3499 divinitatem
1881 3441 2166 3514 unigeniti

528 3540 651 3596 Filii
672 3539 769 3593 Dei
795 3539 1011 3593 audent
1037 3554 1306 3594 asserere.

600 3635 651 3688 4.
685 3634 895 3688 Contra
915 3649 1013 3687 eos
1037 3632 1135 3704 qui
1161 3632 1220 3686 in
1241 3633 1382 3687 duas
1401 3635 1634 3687 naturas
1652 3630 1860 3688 Christi
1879 3635 2164 3700 tempera-

530 3731 790 3784 mentum
815 3727 903 3780 vel
935 3725 1324 3781 confusionem
1355 3729 1853 3797 argumentantur.

599 3826 652 3878 5.
683 3825 892 3879 Contra
918 3837 1012 3875 eos
1033 3821 1131 3892 qui
1160 3821 1444 3876 caelestem
1465 3824 1564 3875 aut
1586 3819 1817 3874 alterius
1835 3818 2168 3890 cujusquam

530 3916 859 3972 substantiae
887 3915 1127 3970 existere
1150 3915 1397 3970 formam
1417 3913 1563 3969 servi
1588 3929 1758 3984 quam
1792 3929 1856 3968 ex
1893 3911 2056 3966 nobis
2081 3928 2167 3965 as-

532 4011 772 4083 sumpsit
795 4009 1127 4064 insaniendo
1153 4012 1430 4063 asserunt.

601 4109 655 4160 6.
688 4106 897 4158 Contra
921 4120 1014 4158 eos
1041 4103 1140 4174 qui
1171 4103 1310 4157 duas
1339 4101 1574 4173 quidem
1606 4104 1738 4156 ante
1764 4098 2172 4155 adunationem

529 4205 768 4255 naturas
789 4199 965 4252 Deum
987 4195 1249 4265 delirant,
1267 4211 1448 4250 unam
1464 4212 1599 4251 vero
1615 4199 1743 4266 post
1762 4192 2172 4248 adunationem

533 4291 890 4362 conﬁngunt.

607 4387 716 4441 Leo
759 4385 1060 4457 episcOpus
1099 4383 1372 4439 Fmvuno
1398 4380 2030 4454 Constantinopolitano
2061 4379 2176 4451 epi-

536 4497 722 4554 scopo.

607 4550 787 4632 Dectis
814 4550 1131 4629 dilectionis
1154 4575 1269 4627 tuae
1296 4570 1498 4626 litteris
1522 4586 1664 4642 quas
1692 4568 1970 4623 miramur
1998 4569 2173 4624 fuisse

535 4677 652 4726 tam
679 4684 854 4736 seras,
883 4672 941 4722 et
970 4671 1262 4740 gestorum
1283 4663 1688 4738 episcopalium
1710 4662 1912 4718 ordine
1940 4664 2177 4719 recensi-

537 4771 616 4833 to,
643 4762 894 4829 tandem,
919 4761 1056 4833 quid
1083 4761 1237 4833 apud
1255 4777 1352 4814 vos
1370 4758 1626 4814 scandali
1652 4762 1849 4812 contra
1875 4757 2172 4828 integrita-

537 4863 654 4913 tem
695 4856 828 4912 ﬁdei
853 4860 1114 4911 exortum
1141 4855 1358 4923 fuisset,
1393 4851 1748 4924 agnovimus,
1783 4855 1839 4905 et
1861 4867 1987 4922 quae
2019 4852 2176 4922 prius

537 4951 878 5006 videbantur
933 4949 1177 5015 occulta,
1243 4963 1396 5002 nunc
1462 4946 1627 5001 nobis
1679 4950 1926 4999 reserata
1976 4949 2174 5016 patue-

539 5051 695 5102 runt.
737 5043 950 5108 Quibus
979 5042 1203 5096 Eutices
1232 5041 1329 5112 qui
1362 5039 1696 5112 presbyterii
1722 5039 1959 5094 nomine
1992 5039 2177 5094 hono-

539 5139 732 5195 rabilis
775 5137 1087 5205 videbatur,
1137 5135 1386 5189 multum
1423 5133 1756 5205 imprudens
1784 5137 1841 5187 et
1869 5133 2040 5188 nimis
2063 5133 2175 5187 im-

538 5233 758 5307 peritus
793 5230 1129 5296 ostenditur,
1166 5234 1231 5284 ut
1264 5228 1436 5284 etiam
1466 5227 1538 5282 de
1567 5227 1690 5298 ipso
1733 5227 1950 5282 dictum
1986 5225 2178 5300 189

541 5329 613 5383 sit
655 5345 688 5383 a
730 5325 1052 5398 Propheta:
1092 5322 1338 5378 «Noluit
1387 5321 1704 5393 intelligere
1756 5326 1816 5376 ut
1858 5321 2004 5375 bene
2052 5337 2182 5391 age-

542 5428 650 5490 ret,
697 5420 1058 5493 iniquitatem
1108 5416 1418 5472 meditatus
1463 5420 1548 5471 est
1583 5414 1642 5468 in
1672 5414 1844 5470 cubili
1871 5431 1972 5469 suo
2011 5414 2177 5485 (Psal.

543 5532 702 5583 xxxv,
753 5515 807 5584 4,
857 5517 930 5582 5).
964 5535 991 5562 ››
1028 5511 1176 5577 Quid
1233 5516 1429 5566 autem
1484 5509 1737 5579 iniquius
1791 5524 1962 5579 quam
2003 5508 2182 5580 impia

543 5625 760 5676 sapere,
826 5613 882 5662 et
920 5605 1361 5679 sapientioribus
1414 5602 1872 5673 doctioribusque
1914 5618 2029 5657 non
2058 5618 2178 5658 cre-

545 5704 680 5758 dere
699 5703 726 5757 ?
755 5701 867 5757 Sed
893 5701 951 5756 in
980 5701 1128 5756 hanc
1153 5697 1538 5771 insipientiam
1561 5696 1793 5766 cadunt,
1825 5696 1922 5768 qui
1950 5712 2083 5752 cum
2112 5697 2184 5752 ad

547 5795 997 5868 cognoscendam
1041 5793 1341 5851 veritatem
1393 5778 1583 5863 aliquo
1635 5790 2034 5863 impediuntur
2081 5791 2182 5847 ob-

2251 1857 2528 1921 nostrum,
2575 1853 2672 1924 qui
2716 1857 2880 1908 natus
2924 1857 3011 1908 est
3050 1852 3122 1907 de
3153 1853 3368 1924 Spiritu
3399 1857 3583 1907 sancto
3615 1869 3672 1906 ex
3698 1851 3813 1905 Maria

2247 1947 2491 2018 virgine.
2517 1947 2733 2011 Quibus
2757 1947 2942 2028 tribus
2970 1947 3268 2002 sententiis
3289 1946 3542 2002 omnium
3562 1946 3666 2000 fere
3688 1945 3815 1999 hare-

2248 2042 2491 2102 ticonum
2520 2041 2799 2096 machinae
2827 2041 3217 2097 destruuntur.
3263 2043 3407 2097 Cum
3445 2041 3594 2095 enim
3628 2041 3746 2094 Deus
3777 2041 3814 2091 et

2252 2135 2610 2205 omnipotens
2640 2135 2910 2202 creditur,
2955 2138 3011 2190 et
3040 2137 3208 2190 Pater
3252 2135 3640 2205 sempiternus,
3680 2131 3814 2186 eidem

2258 2229 2427 2282 Filius
2453 2229 2876 2282 demonstratur
2912 2228 2972 2281 in
2999 2228 3156 2282 nullo
3188 2245 3222 2282 a
3252 2230 3421 2282 Patre
3449 2227 3702 2290 differens,
3726 2225 3818 2294 quia

2254 2322 2325 2377 de
2349 2323 2462 2376 Deo
2485 2323 2649 2388 Deus,
2673 2321 2744 2375 de
2767 2321 3157 2392 omnipotente
3177 2323 3555 2392 omnipotens,
3575 2320 3638 2374 de
3654 2324 3815 2373 aeterno

2255 2418 2425 2470 natus
2450 2419 2534 2470 est
2556 2418 2893 2470 coaeternus.
2917 2415 3036 2468 Non
3054 2415 3344 2485 posterior
3363 2420 3627 2486 tempore,
3651 2428 3744 2466 non
3759 2410 3819 2463 in-

2258 2509 2434 2564 ferior
2463 2511 2761 2580 potestate,
2799 2525 2917 2563 non
2956 2508 3243 2563 dissimilis
3286 2508 3483 2580 gloria,
3523 2524 3627 2562 non
3666 2504 3820 2558 divisus

2259 2602 2528 2657 essentia.
2557 2602 2714 2657 Idem
2741 2618 2873 2657 vero
2902 2602 3241 2674 sempiterni
3267 2602 3539 2659 Genitoris
3560 2598 3822 2670 Unigenitus

2259 2695 2640 2767 sempiternus
2687 2700 2851 2750 natus
2896 2699 2982 2750 est
3031 2696 3100 2750 de
3147 2695 3366 2768 Spiritu
3414 2699 3595 2750 sancto
3629 2695 3677 2746 et
3698 2688 3822 2746 Maria

2259 2789 2494 2860 virgine.
2530 2790 2669 2853 Quae
2704 2789 2965 2844 nativitas
2989 2790 3326 2862 temporalis
3352 2790 3432 2844 illi
3456 2786 3698 2844 nativitati
3720 2783 3821 2839 divi-

2258 2899 2348 2938 nae
2386 2888 2443 2938 et
2479 2883 2844 2954 sempiternae
2881 2883 3020 2938 nihil
3060 2883 3297 2954 minuit,
3341 2883 3482 2938 nihil
3518 2879 3734 2944 contulit,
3755 2875 3820 2930 sed

2261 2980 2442 3032 totam
2472 2994 2530 3033 se
2568 2976 2886 3049 reparando
2914 2977 3134 3033 homini
3170 2977 3272 3050 qui
3312 2982 3431 3033 erat
3460 2977 3715 3046 deceptus,
3746 2971 3818 3023 im-

2262 3071 2478 3143 pendit,
2512 3079 2574 3126 ut
2602 3077 2846 3126 mortem
2872 3071 3141 3140 vinceret,
3174 3077 3234 3126 et
3257 3071 3538 3126 diabolum
3566 3069 3651 3141 qui
3676 3062 3820 3121 mortis

2182 3122 2238 3196 Ο
2263 3122 2511 3220 habebat
2532 3165 2860 3236 imperium,
2889 3182 2992 3220 sua
3008 3122 3217 3220 virtute
3241 3122 3697 3221 destrueretho‘n
3714 3157 3820 3212 enim

2263 3273 2535 3329 superare
2570 3274 2865 3329 possemus
2905 3259 3120 3330 peccati
3149 3264 3206 3314 et
3243 3259 3446 3315 mortis
3468 3262 3722 3312 auctorem
3749 3247 3820 3303 nisi

2268 3357 2531 3407 naturam
2571 3355 2825 3406 nostram
2858 3352 2955 3407 ille
2992 3351 3328 3424 susciperet,
3375 3359 3431 3408 et
3464 3367 3616 3406 suam
3656 3347 3819 3404 faceret,

2266 3462 2437 3518 quem
2461 3463 2566 3501 nec
2608 3451 2906 3518 peccatum
2934 3447 3357 3515 contaminare,
3401 3463 3501 3501 nec
3531 3459 3666 3499 mors
3695 3434 3823 3512 potuil

2269 3540 2545 3595 detinere.
2587 3541 2901 3612 Conceptus
2943 3539 3153 3612 quippe
3197 3545 3288 3595 est
3335 3541 3405 3596 de
3454 3538 3646 3611 Spiritu
3685 3534 3823 3588 sancto

2266 3635 2420 3688 intra
2465 3639 2691 3688 uterum
2735 3633 2936 3688 matris
2967 3633 3219 3704 virginis,
3275 3651 3406 3706 quae
3445 3633 3521 3687 ita
3553 3631 3692 3686 illum
3717 3624 3823 3680 salva

2267 3727 2592 3800 virginitate
2632 3727 2826 3796 edidit,
2875 3728 3365 3799 quemadmodum
3402 3729 3544 3784 salva
3573 3721 3822 3793 virginitate

2270 3822 2548 3893 concepit.
2577 3821 2687 3877 Sed
2711 3821 2757 3875 si
2789 3822 2858 3876 de
2885 3822 2994 3876 hoc
3022 3822 3368 3878 Christianae
3396 3821 3524 3877 ﬁdei
3543 3821 3680 3875 fonte
3701 3809 3822 3886 puri‘r

2269 3916 2414 3970 simo
2444 3916 2725 3970 sincerum
2742 3915 3093 3971 intellectum
3114 3917 3348 3971 haurire
3373 3933 3490 3971 non
3509 3914 3716 3986 poterat,
3735 3905 3823 3976 quia

2271 4009 2635 4080 splendorem
2657 4009 2968 4081 perspicuae
2981 4009 3228 4065 veritatis
3251 4009 3618 4066 obcaecatione
3633 4003 3716 4059 sibi
3734 4013 3822 4071 pro-

2272 4104 2395 4174 pria
2412 4103 2756 4172 tenebrarat,
2791 4103 3064 4158 doctrinae
3087 4121 3143 4159 se
3163 4104 3515 4177 Evangelicae
3545 4094 3822 4156 subdidisset,

2274 4201 2332 4251 et
2346 4196 2567 4252 dicente
2584 4198 2848 4252 Matthmo
2874 4215 2886 4251 :
2915 4219 2942 4247 «
2959 4197 3122 4253 Liber
3137 4196 3522 4269 generationis
3533 4197 3646 4251 Jesu
3660 4179 3822 4247 Christi.

2273 4290 2374 4345 ﬁlii
2414 4290 2609 4361 David,
2642 4291 2744 4344 ﬁlii
2781 4291 3067 4346 Abraham
3103 4293 3323 4362 (Matth.
3354 4310 3392 4359 Ι,
3426 4294 3494 4362 1),
3526 4312 3551 4339 ››
3581 4280 3825 4358 εροεῐοὶὶεε

2273 4401 2499 4456 quoque
2538 4384 2956 4456 praedicationis
2997 4385 3304 4456 expetisset
3343 4386 3680 4447 instructum,
3708 4379 3751 4429 et
3771 4371 3824 4424 le-

2192 4499 2252 4571 D
2275 4494 2415 4550 gens
2453 4478 2513 4532 in
2559 4479 2797 4549 epistola
2829 4479 2902 4532 ad
2929 4480 3249 4534 Romanos:
3283 4501 3313 4530 «
3339 4480 3540 4534 Paulus
3563 4468 3827 4571 servus-(esu

2274 4571 2476 4628 Christi
2505 4577 2737 4626 vocatus
2765 4573 3070 4644 apostolus,
3092 4577 3429 4646 segregatus
3458 4573 3516 4627 in
3541 4560 3828 4636 Evangelillm

2275 4665 2396 4735 Dei,
2442 4666 2594 4736 quod
2647 4671 2779 4721 ante
2824 4669 3163 4738 promiserat
3207 4684 3316 4738 per
3358 4667 3648 4739 prophetas
3674 4671 3773 4712 suos
3791 4650 3827 4702 in

2276 4759 2575 4830 Scripturis
2621 4761 2830 4815 sanctis
2870 4761 2938 4816 de
2981 4761 3120 4816 Filio
3164 4778 3262 4816 suo
3304 4763 3403 4833 qui
3451 4761 3620 4815 factus
3641 4755 3709 4809 est
3729 4747 3767 4802 ei
3783 4757 3827 4798 ex

2277 4853 2491 4909 semine
2518 4854 2692 4909 David
2727 4855 3041 4910 secundum
3069 4872 3298 4910 carnem
3329 4858 3494 4928 (Rom.
3522 4870 3555 4922 ι,
3599 4849 3712 4917 1-3),
3739 4861 3758 4890 υ
3781 4833 3829 4890 ad

2275 4947 2636 5021 prOpheticas
2661 4950 2789 5020 pag"
2922 4949 3075 5020 piam
3102 4949 3535 5005 sollicitudinem
3558 4933 3827 5000 contulisset,

2279 5047 2335 5096 et
2363 5041 2670 5099 invenisset
2698 5059 2766 5114 pr
2867 5043 3132 5098 issionem
3159 5043 3258 5097 Dei
3283 5044 3355 5098 ad
3380 5041 3664 5105 Abraham,
3688 5031 3827 5086 dicen‘

2277 5135 2348 5191 tis
2381 5153 2394 5191 :
2426 5157 2453 5185 «
2483 5139 2546 5193 ln
2579 5136 2770 5191 seminv
2848 5153 2942 5191 .uo
3001 5137 3413 5193 benedicentur
3465 5147 3643 5190 omnes
3685 5125 3828 5198 gentes

2280 5227 2430 5298 (Gen.
2469 5245 2613 5300 xxvi,
2651 5230 2725 5301 4).
2771 5249 2799 5279 ››
2841 5229 2952 5284 Sed
3000 5248 3071 5286 ne
3101 5231 3170 5286 de
3200 5231 3370 5302 hujus
3395 5225 3613 5284 seminis
3635 5211 3827 5294 proprie-

2279 5327 2394 5378 tate
2421 5323 2725 5395 dubitaret,
2759 5328 2980 5380 secutus
3001 5325 3200 5380 fuisset
3223 5325 3540 5396 Apostolum
3569 5314 3825 5374 dicentem:

2283 5438 2312 5466 «
2343 5417 2586 5472 Abrahae
2632 5417 2797 5472 dicta:
2840 5421 2973 5473 sunt
3011 5418 3434 5490 promissiones,
3463 5421 3517 5470 et
3547 5406 3720 5467 semini
3742 5400 3827 5490 ei"?

2285 5510 2429 5579 (Luc.
2459 5527 2499 5578 ι,
2533 5511 2643 5582 55).
2676 5531 2704 5563 ››
2746 5512 2866 5566 Non
2904 5489 3041 5567 dicit
3065 5512 3124 5567 in
3154 5511 3460 5567 seminibus
3490 5505 3630 5580 quasi
3652 5501 3701 5556 in

2281 5604 2374 5675 tis,
2407 5604 2504 5660 sed
2526 5604 2687 5676 quasi
2711 5605 2771 5660 in
2800 5623 2937 5675 uno,
2975 5611 3031 5661 et
3071 5607 3274 5661 semini
3303 5612 3397 5661 tuo
3429 5601 3573 5676 quod
3607 5599 3680 5652 est
3714 5589 3826 5644 Chri'

2283 5701 2423 5753 stus.
2469 5698 2620 5754 Isaiae
2661 5715 2885 5772 quoque
2910 5700 3372 5772 praedicationem
3406 5695 3646 5754 interiore
3671 5693 3822 5758 ερρω-

2286 5791 2575 5848 hendisset
2617 5793 2837 5865 auditu,
2886 5793 3124 5851 dicentis
3167 5812 3180 5851 :
3226 5796 3415 5850 «Ecce
3456 5791 3598 5864 virgo
3628 5785 3676 5839 in
3708 5782 3823 5832 utero
