4026 6182
152 332 225 384 769
1311 318 1779 379 DECRETALIUM
1816 319 2201 376 COLLECTIO.
3343 321 3443 377 770

145 433 389 506 concipiet,
413 433 468 487 et
489 429 668 503 pariet
693 428 897 499 ﬁlium,
929 434 988 485 et
1022 430 1312 486 vocabitur
1349 447 1562 487 nomen
1585 432 1706 503 ejus
1728 434 1911 516 Arat,
1943 427 2235 501 propriam
2274 431 2519 483 mutasse
2560 425 2900 483 sententiam
2927 444 3068 498 opus
3102 427 3210 482 fuit
3241 431 3443 485 secreti

145 525 441 595 Emmanuel,
490 525 640 597 quod
678 528 765 580 est
797 524 1237 598 interpretatum
1268 526 1543 581 nobiscum
1572 529 1708 582 Deus
1807 523 2229 595 diSpensatione
2254 521 2472 577 concilii
2500 539 2514 588 ;
2547 525 2611 576 ut
2631 522 3117 576 incommutabilis
3148 522 3296 577 Deus
3318 525 3439 593 (cu-

144 625 240 687 (lsa.
263 636 347 689 vu,
375 620 474 690 14).
492 640 517 667 ››
544 618 929 691 Ejusdemque
948 619 1245 690 prophetae
1271 619 1520 673 ﬁdeliter
1538 619 1705 673 verba
1800 618 1898 689 jus
1922 617 2180 672 voluntas
2210 632 2325 670 non
2354 620 2537 687 potest
2570 632 2667 669 sua
2686 615 3040 686 benignitate
3064 615 3294 687 privari)
3316 616 3436 688 pri-

142 716 322 788 legisset
350 731 363 768 :
389 733 413 765 α
444 714 584 768 Puer
614 716 782 767 natus
808 715 894 767 est
916 713 1103 781 nobis,
1132 712 1282 768 ﬁlius
1311 713 1473 768 datus
1495 715 1584 767 est
1601 729 1705 767 no-
1809 728 1965 766 mam
2002 727 2138 782 erga
2179 726 2282 764 nos
2325 709 2553 780 pietatis
2582 726 2697 763 sua:
2726 710 3205 780 dispensationem
3248 727 3442 767 sacra-

142 810 222 877 bis,
244 807 385 879 cujus
400 810 639 879 potestas
658 822 833 878 super
850 807 1160 862 humerum
1184 807 1326 878 ejus,
1344 812 1402 862 et
1420 806 1712 861 vocabitur
1810 809 2004 860 mento
2034 804 2336 860 occultiore
2366 804 2699 875 compleret,
2731 808 2788 858 et
2818 804 2992 857 homo
3019 803 3312 859 diabolicae
3330 805 3438 859 ini-

141 918 308 959 nomen
327 902 440 972 ejus
453 900 646 971 magni
661 900 882 955 consilii
894 901 1169 972 Angelus,
1189 900 1564 971 admirabilis,
1580 917 1711 956 con-
1809 899 2043 971 quitatis
2068 898 2318 953 versutia
2342 902 2521 965 actus,
2552 896 2609 950 in
2638 897 2861 966 culpam
2892 901 3086 952 contra
3112 898 3206 953 Dei
3239 915 3442 971 propo-

140 994 355 1063 siliarius,
393 996 532 1049 Deus
568 993 749 1062 fortis,
798 993 1063 1065 princeps
1105 994 1279 1066 pacis,
1336 996 1498 1049 Pater
1533 994 1708 1050 futuri
1811 993 1982 1047 situm
2006 1009 2121 1047 non
2149 992 2381 1064 periret.

140 1087 291 1143 seculi
331 1087 450 1159 (Isa.
495 1103 572 1157 ix,
625 1088 697 1156 6).
729 1108 758 1136 »
784 1087 896 1143 Nec
941 1087 1299 1143 frustratorie
1341 1088 1598 1160 loquens,
1635 1088 1711 1142 ita
1882 1088 1969 1141 Ill.
2007 1086 2334 1157 Ingreditur
2373 1101 2511 1155 ergo
2546 1085 2666 1139 haec
2692 1085 2894 1139 mundi
2922 1084 3121 1139 inﬁma
3152 1086 3325 1141 Filius
3350 1089 3449 1142 Dei

137 1181 327 1236 verbum
355 1180 558 1235 diceret
585 1196 813 1235 carnem
841 1181 1076 1248 factum,
1105 1185 1169 1236 ut
1193 1180 1383 1236 editus
1406 1184 1566 1236 utero
1593 1182 1711 1235 Vir-
1812 1181 1885 1235 de
1912 1180 2124 1235 caelesti
2149 1179 2280 1233 sede
2310 1178 2685 1248 descendens,
2715 1184 2771 1233 et
2799 1194 2832 1232 a
2858 1181 3097 1249 paterna
3128 1180 3309 1250 gloria
3335 1198 3448 1235 non

137 1274 256 1346 ginis
274 1274 505 1330 Christus
541 1274 781 1330 haberet
802 1274 1051 1330 formam
1078 1275 1347 1345 hominis,
1377 1281 1433 1331 et
1459 1291 1577 1331 non
1603 1276 1708 1331 ha-
1812 1274 2105 1341 recedens,
2151 1289 2299 1327 novo
2348 1272 2574 1342 ordine,
2626 1288 2774 1327 nova
2804 1272 3095 1327 nativitate
3125 1279 3449 1344 generatus.

138 1368 263 1423 beret
278 1370 503 1424 materni
524 1368 779 1440 corporis
797 1367 1110 1424 veritatem.
1135 1372 1222 1423 An
1242 1370 1391 1425 forte
1413 1369 1537 1424 ideo
1552 1374 1712 1442 puta-
1812 1370 1962 1423 Novo
1988 1367 2209 1437 ordine,
2240 1366 2378 1438 quia
2405 1365 2699 1421 invisibilis
2736 1365 2796 1419 in
2835 1365 2972 1433 suis,
3004 1367 3238 1421 visibilis
3275 1368 3452 1422 factus

139 1461 477 1517 vitDominum
505 1464 770 1517 nostrum
788 1463 983 1517 Jesum
1008 1480 1125 1518 non
1154 1467 1363 1518 nostra:
1393 1480 1514 1520 esse
1543 1468 1708 1519 natu-
1814 1465 1900 1517 est
1939 1461 1999 1517 in
2042 1460 2271 1516 nostris.
2326 1458 2922 1532 lncomprehensibilis
2969 1460 3151 1515 voluit
3200 1478 3454 1533 compre-

140 1572 214 1621 τε,
253 1555 372 1626 quia
410 1556 612 1611 missus
664 1557 735 1612 ad
773 1555 1000 1611 beatam
1041 1557 1276 1612 Mariam
1311 1558 1549 1629 angelus
1585 1558 1708 1612 ait:
1813 1555 2019 1623 hendi;
2045 1560 2177 1609 ante
2199 1558 2461 1625 tempora
2475 1570 2737 1622 manens,
2760 1570 2879 1608 esse
2896 1554 3065 1625 cospit
3079 1570 3145 1609 ex
3164 1561 3448 1627 tempore;

141 1668 160 1700 ι
184 1648 385 1719 Spiritus
410 1655 635 1705 sanctus
668 1650 1038 1722 superveniet
1060 1650 1122 1706 in
1150 1654 1227 1719 te,
1262 1656 1319 1707 et
1341 1652 1519 1706 virtus
1545 1651 1711 1706 Altis-
1815 1649 2192 1705 universitatis
2231 1648 2506 1702 Dominus
2536 1648 2797 1702 servilem
2830 1648 3079 1702 formam
3111 1650 3450 1705 obumbrata

139 1743 235 1795 simi
258 1743 602 1798 obumbrabit
630 1743 753 1799 tibi.
782 1744 1029 1817 Ideoque
1071 1750 1127 1801 et
1161 1745 1317 1817 quod
1352 1750 1614 1801 nascetur
1645 1762 1711 1800 ex
1815 1742 2126 1813 majestatis
2172 1758 2287 1795 suae
2341 1741 2723 1796 immensitate
2774 1741 3042 1812 suscepit.
3093 1744 3453 1813 lmpassibilis

140 1840 197 1903 te,
218 1842 446 1892 sanctum
469 1837 773 1893 vocabitur
798 1838 970 1893 Filius
1006 1839 1107 1894 Dei
1153 1840 1299 1907 (Luc.
1350 1856 1388 1905 ι,
1427 1840 1535 1911 35),
1579 1861 1607 1889 ››
1650 1830 1790 1903 utB
1815 1837 1959 1892 Deus
2000 1853 2116 1890 non
2162 1836 2503 1907 dedignatus
2551 1838 2636 1889 est
2687 1850 2808 1888 esse
2834 1835 3004 1888 homo
3051 1836 3350 1906 passibilis,
3394 1842 3451 1891 et

136 1930 238 1999 quia
271 1935 562 2003 conceptus
600 1932 848 2005 Virginis
893 1932 1074 1988 divini
1114 1933 1226 1988 fuit
1257 1933 1467 2005 operis,
1496 1949 1612 1988 non
1643 1934 1715 1989 de
1812 1929 2157 1985 immortalis
2203 1931 2405 1984 mortis
2444 1928 2663 2000 legibus
2711 1928 3023 1998 subjacere.
3077 1931 3227 1984 Nova
3256 1936 3448 1986 autem

138 2027 300 2078 natura
328 2026 692 2098 concipientis
722 2027 890 2082 ﬁeret
928 2044 1060 2082 caro
1105 2027 1365 2100 concepti
1388 2028 1415 2081 ‘3
1460 2027 1574 2083 Sed
1599 2044 1715 2082 non
1817 2024 2112 2079 nativitate
2156 2026 2484 2095 generatus,
2530 2022 2664 2093 quia
2690 2022 2962 2076 inviolata
2998 2023 3290 2094 virginitas
3318 2042 3452 2079 con-

137 2116 198 2171 ita
216 2117 554 2191 intelligenda
580 2124 667 2175 est
695 2120 791 2175 illa
828 2121 1120 2191 generatio
1158 2121 1525 2193 singulariter
1547 2122 1716 2176 mira—
1814 2117 2220 2190 cupiscentiam
2249 2117 2505 2184 nescivit,
2548 2114 2736 2170 carnis
2767 2116 3065 2171 materiam
3092 2118 3449 2174 ministravit.

138 2210 253 2277 bilis,
303 2217 354 2268 et
385 2213 727 2269 mirabiliter
768 2214 1094 2287 singularis,
1141 2221 1202 2271 ut
1243 2232 1348 2287 per
1402 2216 1715 2271 novitatem
1816 2215 2114 2283 Assumpta
2140 2216 2226 2267 est
2264 2210 2441 2281 igitur
2477 2210 2546 2265 de
2583 2216 2766 2264 matre
2817 2210 3046 2265 Domini
3083 2216 3304 2281 natura,
3340 2231 3452 2268 nou

138 2303 366 2361 Creatoris
384 2308 706 2381 proprietas
718 2310 1027 2365 remotasit
1038 2310 1287 2381 generis;
1308 2309 1717 2365 fecunditatem
1817 2306 2011 2377 culpa;
2046 2322 2150 2360 nec
2177 2305 2237 2359 in
2268 2305 2512 2359 Domino
2532 2306 2557 2359 .l
2565 2322 2662 2358 esu
2685 2304 2907 2359 Christo
2929 2322 2998 2360 ex
3019 2312 3181 2361 utero
3210 2307 3455 2379 Virginis

138 2397 260 2452 enim
288 2400 488 2473 Virgini
521 2402 768 2474 Spiritus
801 2406 1030 2458 sanctus
1060 2402 1233 2472 dedit,
1264 2404 1481 2458 Veritas
1524 2409 1716 2459 autem
1819 2400 2033 2471 genito,
2060 2400 2196 2471 quia
2226 2399 2488 2453 nativitas
2514 2404 2599 2453 est
2624 2398 2926 2468 mirabilis,
2957 2400 3087 2455 ideo
3116 2407 3328 2457 nostrae
3370 2407 3457 2458 est

136 2495 341 2563 corporis
374 2498 603 2568 sumpta
632 2495 703 2552 de
746 2513 986 2570 corpore
1017 2502 1121 2565 est,
1161 2502 1217 2553 et
1260 2497 1573 2553 aedificante
1610 2497 1718 2551 sibi
1817 2499 2036 2549 natura!
2074 2493 2395 2563 dissimilis;
2431 2494 2528 2564 qui
2565 2492 2721 2547 enim
2770 2510 2937 2548 verus
2974 2499 3060 2548 est
3087 2495 3260 2563 Deus,
3302 2497 3456 2552 idem

136 2584 372 2656 Sapientia
387 2590 630 2645 domum
654 2612 682 2641 (ί
700 2591 947 2646 Verbum
964 2608 1094 2647 caro
1113 2591 1331 2647 factum
1353 2595 1459 2661 est,
1481 2597 1538 2647 et
1558 2592 1716 2646 habi-
1818 2607 1980 2645 verus
2009 2593 2094 2645 est
2118 2590 2313 2657 homo,
2341 2594 2397 2645 et
2424 2589 2642 2644 nullum
2671 2592 2757 2644 est
2793 2590 2851 2643 in
2889 2590 2996 2645 hac
3034 2592 3253 2647 unitate
3293 2610 3454 2649 men-

135 2680 301 2736 tavitin
314 2682 465 2738 nobis
480 2684 662 2755 (Ioan.
684 2702 722 2751 ι,
749 2686 855 2757 14),
880 2706 909 2735 ››
933 2686 1165 2751 honest,
1189 2686 1248 2740 in
1268 2702 1335 2741 ea
1351 2702 1519 2741 carne
1539 2702 1715 2758 quam
1819 2683 2064 2751 dacium,
2098 2684 2237 2739 dum
2262 2684 2504 2738 invicem
2524 2689 2675 2753 sunt,
2700 2689 2755 2738 et
2782 2684 3075 2739 humilitas
3100 2686 3369 2759 hominis,
3400 2696 3458 2744 et

135 2775 332 2846 sumpsit
349 2792 408 2832 ex
432 2778 694 2849 homine,
722 2785 779 2834 et
803 2796 980 2851 quam
1008 2780 1241 2851 spiritus
1267 2780 1397 2836 vita:
1426 2780 1719 2836 rationalis
1818 2778 2056 2833 altitudo
2098 2778 2347 2833 deitatis.
2381 2778 2537 2833 Sicut
2568 2778 2720 2832 enim
2752 2780 2895 2834 Deus
2928 2796 3043 2834 non
3070 2785 3327 2835 mutatur
3354 2783 3459 2836 mi-

134 2868 377 2927 animavit.
1818 2872 2122 2941 seratione,
2152 2872 2229 2926 ita
2255 2872 2425 2926 homo
2456 2888 2574 2926 non
2603 2873 2962 2927 consumitur
2991 2873 3292 2945 dignitate.
3328 2877 3458 2947 Egit

186 2962 235 3016 Il.
260 2963 411 3020 Salva
434 2965 618 3039 igitur
642 2966 986 3039 proprietate
1004 2967 1299 3040 utriusque
1327 2972 1550 3023 naturas
1577 2974 1634 3023 et
1658 2968 1717 3022 in
1821 2968 1973 3021 enim
1998 2971 2235 3039 utraque
2257 2967 2444 3021 forma
2464 2983 2596 3021 cum
2621 2966 2853 3021 alterius
2880 2970 3283 3025 communione
3304 2971 3458 3042 quod

133 3070 267 3111 unam
305 3066 541 3116 coeunte
586 3077 908 3132 personam,
960 3065 1218 3133 suscepta
1244 3065 1328 3117 est
1367 3078 1401 3116 a
1425 3062 1719 3133 majestate
1820 3061 2117 3133 proprium
2160 3064 2247 3116 est
2272 3061 2475 3129 Verbo,
2518 3062 2752 3131 scilicet,
2799 3066 3071 3134 operante
3097 3064 3253 3135 quod
3291 3066 3457 3121 Verbi

132 3146 384 3221 humilitas,
403 3171 436 3208 a
461 3155 676 3209 virtute
702 3154 1026 3223 inﬁrmitas,
1061 3156 1133 3210 ab
1159 3156 1473 3211 aeternitate
1498 3159 1716 3211 morta-
1746 3209 1793 3227 η
1823 3159 1928 3223 est,
1950 3158 2007 3210 et
2042 3155 2193 3226 quod
2222 3155 2411 3209 carnis
2439 3158 2524 3209 est
2542 3171 2712 3209 carne
2742 3162 3109 3227 exsequente.
3142 3159 3330 3213 Unum
3356 3160 3455 3214 ho-

130 3240 251 3313 litas;
275 3249 326 3300 et
348 3248 413 3302 ad
433 3248 836 3304 resolvendum
857 3248 1200 3305 conditionis
1223 3253 1429 3305 nostra:
1460 3249 1720 3305 debitum
1741 3209 1795 3284 C
1821 3266 1952 3304 rum
1998 3252 2255 3304 coruscat
2294 3248 2601 3316 miraculis,
2648 3249 2805 3303 aliud
2861 3251 3177 3306 succumbit
3214 3253 3458 3325 injuriis,

131 3339 292 3392 natura
327 3341 669 3398 inviolabilis
723 3348 947 3398 natura
992 3348 1077 3399 est
1127 3344 1291 3399 unita
1344 3344 1613 3415 passibili,
1656 3347 1722 3398 ut
1821 3347 1877 3398 et
1909 3343 2053 3398 sicut
2080 3342 2332 3397 Verbum
2361 3342 2432 3396 ab
2461 3342 2788 3413 tequalitate
2816 3348 3068 3415 paternae
3104 3346 3300 3416 gloria:
3342 3364 3458 3403 non

130 3432 248 3499 quod
268 3436 463 3491 nostris
500 3436 778 3491 remediis
805 3437 1158 3508 congruebat
1185 3454 1336 3493 unus
1365 3441 1540 3509 atque
1569 3438 1720 3493 idem
1822 3437 2073 3505 recessit,
2120 3436 2197 3491 ita
2227 3453 2359 3492 caro
2391 3440 2658 3491 naturam
2688 3438 2867 3491 nostri
2900 3439 3129 3509 generis
3178 3457 3287 3494 non
3336 3443 3462 3495 reli-

132 3523 361 3582 mediator
383 3529 482 3586 Dei
515 3532 583 3585 et
613 3530 940 3597 hominum,
970 3531 1142 3586 homo
1166 3531 1421 3587 Christus
1453 3533 1628 3601 Jesus,
1667 3536 1723 3587 et
1820 3531 1963 3603 quit.
1993 3533 2148 3587 Unus
2175 3530 2330 3585 enim
2362 3530 2630 3602 idemque
2658 3536 2763 3601 est,
2799 3532 2953 3602 quod
2980 3549 3129 3604 saepe
3154 3534 3459 3591 dicendum

130 3619 244 3673 mori
263 3627 439 3691 posset
462 3640 537 3679 ex
566 3640 699 3694 uno,
723 3630 780 3679 et
803 3624 951 3679 mori
980 3641 1095 3679 non
1125 3630 1313 3697 posset
1338 3642 1408 3680 ex
1428 3626 1630 3681 altero.
1661 3626 1722 3679 In
1823 3630 1907 3679 est
1932 3641 2065 3680 vere
2095 3625 2192 3680 Dei
2226 3624 2415 3692 Filius,
2456 3630 2514 3680 et
2556 3641 2687 3679 vere
2730 3625 2982 3680 hominis
3026 3627 3177 3682 filius
3209 3644 3223 3683 :
3258 3651 3285 3680 α
3317 3631 3461 3685 Deus

131 3708 317 3784 integra
342 3732 475 3790 ergo
501 3717 627 3774 veri
656 3717 906 3773 hominis
930 3720 1299 3791 perfectaque
1325 3724 1531 3774 natura
1558 3735 1724 3774 verus
1822 3735 1924 3791 per
1962 3719 2019 3773 id
2065 3719 2219 3791 quod
2264 3719 2322 3773 in
2363 3718 2645 3790 principio
2672 3722 2798 3773 erat
2823 3720 3095 3792 Verbum,
3126 3728 3184 3777 et
3213 3723 3460 3779 Verbum

128 3810 257 3861 natus
271 3816 348 3865 est
370 3812 545 3882 Deus,
568 3814 723 3866 totus
751 3812 813 3866 in
839 3811 975 3882 suis,
998 3816 1152 3868 totus
1177 3813 1238 3867 in
1262 3813 1488 3869 nostris.
1521 3814 1723 3868 Nostra
1823 3818 1947 3869 erat
1968 3813 2120 3884 apud
2146 3814 2350 3881 Deum,
2379 3816 2435 3867 et
2454 3814 2601 3867 Deus
2630 3816 2753 3867 erat
2777 3813 3025 3869 Verbum
3052 3816 3229 3887 (Joan.
3262 3834 3299 3884 ι,
3336 3818 3405 3888 l);
3429 3842 3456 3868 ››

131 3904 287 3956 autem
321 3904 570 3961 dicimus
595 3921 726 3977 qua:
754 3905 814 3960 in
841 3906 1005 3961 nobis
1032 3906 1102 3961 ab
1132 3907 1296 3962 initio
1324 3908 1557 3963 Creator
1581 3923 1721 3962 con-
1827 3929 1855 3957 ‹‹
1884 3908 2076 3973 homo,
2119 3924 2219 3978 per
2248 3907 2307 3961 id
2350 3906 2505 3978 quod
2536 3907 2781 3962 Verbum
2820 3924 2953 3962 caro
3006 3908 3218 3965 factum
3266 3915 3369 3982 est,
3407 3919 3463 3967 et

129 3989 257 4062 didit,
283 4002 337 4052 et
367 4015 498 4070 quas
529 3999 858 4071 reparanda
876 4000 1142 4071 suscepit.
1174 4001 1315 4055 Nam
1343 4000 1440 4056 illa
1471 4017 1599 4073 qua:
1627 4000 1723 4055 de-
1823 4001 2096 4056 habitavit
2137 4002 2197 4055 in
2240 4001 2406 4055 nobis
2450 4001 2624 4072 (Joan.
2666 4018 2725 4069 ιι,
2778 4002 2889 4073 li);
2926 4025 2952 4052 »
3008 4026 3035 4052 ‹‹
3065 4005 3231 4071 Deus,
3274 4022 3379 4077 per
3402 4008 3457 4061 id

130 4090 288 4157 ceptor
330 4091 545 4163 intulit,
602 4096 661 4147 et
704 4094 876 4148 homo
926 4093 1195 4165 deceptus
1228 4094 1473 4163 admisit,
1505 4095 1726 4151 nullum
1824 4096 1980 4169 quod
2020 4095 2215 4151 omnia
2260 4112 2361 4167 per
2420 4096 2609 4167 ipsum
2642 4096 2791 4151 facta
2820 4103 2971 4166 sunt,
2999 4103 3056 4153 et
3084 4099 3204 4154 sine
3236 4100 3358 4171 ipso
3383 4104 3462 4157 fa-

128 4175 332 4239 habuere
361 4185 421 4240 in
459 4186 763 4243 Salvatore
794 4186 1118 4257 vestigium.
1162 4188 1272 4243 Nec
1299 4188 1438 4259 quia
1463 4204 1721 4243 commu-
1825 4196 1978 4245 ctum
2009 4194 2094 4244 est
2120 4190 2263 4244 nihil
2294 4192 2467 4259 (Joan.
2490 4206 2530 4258 1,
2560 4191 2608 4260 3)
2636 4207 2651 4258 ;
2687 4209 2715 4241 ››
2748 4190 2940 4259 homo,
2970 4208 3075 4263 per
3098 4192 3157 4246 id
3190 4195 3346 4265 quod
3377 4197 3458 4250 fa-

130 4270 911 4336 nionemhumanarumsubiit
928 4280 1727 4352 inﬁrmitatum,ideonostro-
1826 4289 1947 4339 ctus
1991 4287 2076 4339 est
2123 4301 2193 4338 ex
2234 4283 2495 4351 muliere,
2537 4283 2720 4338 factus
2767 4290 2851 4340 est
2879 4286 2982 4340 sub
3013 4286 3162 4358 lege.
3196 4289 3462 4345 Nativitas

125 4378 227 4422 mm
257 4370 356 4427 fuit
399 4374 694 4447 particeps
738 4374 1099 4430 delictorum.
1138 4375 1458 4447 Assumpsit
1479 4376 1730 4430 formam
1825 4378 2011 4432 carnis
2041 4377 2425 4432 manifestatio
2453 4380 2541 4431 est
2560 4377 2825 4432 humanae
2856 4383 3098 4435 naturae.
3129 4382 3327 4437 Partus
3346 4384 3463 4437 Vir-

124 4462 239 4516 servi
279 4466 394 4523 sine
441 4468 619 4524 sorde
662 4470 897 4542 peccati,
942 4470 1194 4525 humana
1234 4486 1491 4542 augens,
1535 4469 1727 4525 divina
1826 4471 1976 4542 ginis
1999 4471 2205 4527 divinas
2229 4477 2310 4527 est
2352 4471 2574 4526 virtutis
2619 4472 2916 4527 indicium.
2963 4474 3201 4529 Infantia
3241 4480 3461 4547 parvuli

124 4566 212 4609 non
253 4560 541 4619 minuens.
589 4562 736 4628 Quia
765 4563 1078 4619 exinanitio
1108 4564 1205 4618 illa
1239 4581 1354 4636 qua
1381 4580 1440 4620 se
1467 4564 1720 4619 invisibi-
1743 4589 1803 4661 D
1827 4565 2149 4620 ostenditur
2175 4565 2496 4619 humilitate
2525 4582 2818 4619 cunarum.
2845 4567 3171 4638 Magnitudo
3192 4570 3460 4625 Altissimi

125 4644 176 4699 lis
209 4650 472 4711 visibilem
528 4656 795 4728 praebuit,
840 4659 898 4711 et
934 4656 1167 4712 Creator
1193 4673 1258 4712 ac
1290 4658 1561 4713 Dominus
1600 4675 1723 4712 om-
1743 4644 1799 4661 u
1826 4659 2145 4715 declaratur
2171 4659 2401 4713 vocibus
2432 4659 2788 4729 angelorum.
2816 4660 3024 4714 Similis
3052 4668 3136 4717 est
3165 4664 3457 4720 rudimen-

123 4740 256 4800 nium
285 4764 473 4806 rerum
495 4767 652 4806 unus
685 4751 864 4806 voluit
896 4767 1016 4806 esse
1045 4751 1394 4820 mortalium,
1430 4752 1724 4808 inclinatio
1824 4754 1896 4809 tis
1925 4754 2243 4822 hominum,
2283 4768 2457 4824 quem
2502 4752 2746 4807 Herodes
2772 4753 2981 4824 impius
3029 4756 3268 4812 molitur
3315 4760 3457 4815 occi-

123 4831 212 4890 fuit
241 4840 645 4914 miserationis,
685 4862 803 4899 non
841 4844 1080 4901 defectio
1120 4846 1437 4919 potestatis.
1485 4846 1727 4902 Proinde
1828 4848 1984 4902 dere.
2010 4847 2124 4902 Sed
2143 4847 2413 4901 Dominus
2433 4848 2518 4900 est
2537 4846 2816 4914 omnium,
2834 4863 3006 4918 quem
3025 4852 3181 4921 magi
3204 4852 3461 4923 gaudent

121 4929 200 4997 (Ῑιιί
230 4948 460 4991 manens
492 4938 557 4993 in
604 4938 786 4992 forma
831 4938 925 4993 Dei
970 4940 1103 4995 fecit
1132 4945 1189 4996 et
1224 4939 1543 5005 hominem,
1572 4940 1725 4995 idem
1826 4941 2156 5014 suppliciter
2198 4940 2458 4996 adorare.
2503 4942 2629 4996 Jam
2683 4957 2812 4995 cum
2856 4941 2928 4996 ad
2973 4949 3337 5014 przecursoris
3378 4952 3464 5005 sui

122 5016 370 5084 informa
410 5031 562 5087 servi
607 5032 789 5087 factus
834 5037 919 5088 est
964 5033 1156 5089 homo.
1200 5035 1376 5089 Tenet
1420 5050 1560 5106 ergo
1604 5034 1726 5089 sine
1825 5035 2058 5091 Joannis
2083 5035 2435 5107 baptismum
2462 5035 2699 5105 veniret,
2733 5051 2835 5089 nec
2868 5036 3071 5093 lateret
3095 5040 3248 5111 quod
3276 5045 3463 5099 carnis

122 5113 313 5176 defectu
337 5126 754 5198 proprietatem
781 5143 946 5182 suam
975 5132 1212 5200 utraque
1250 5133 1470 5199 natura,
1500 5132 1557 5184 et
1586 5128 1730 5184 sicut
1830 5130 2108 5185 velamine
2138 5133 2448 5200 tegeretur,
2475 5146 2576 5184 vox
2604 5129 2789 5183 Patris
2815 5129 2887 5184 de
2913 5132 3052 5187 coelo
3076 5133 3354 5205 intonans,
3385 5139 3464 5193 di-

122 5206 335 5271 formam
374 5220 527 5275 servi
566 5221 668 5276 Dei
710 5220 897 5277 forma
938 5238 1053 5277 non
1088 5221 1308 5292 adimit,
1357 5222 1433 5278 ita
1475 5223 1728 5277 formam
1830 5224 1950 5279 xit:
1987 5245 2015 5273 «
2044 5224 2143 5278 Hic
2166 5226 2253 5278 est
2280 5224 2454 5278 Filius
2475 5240 2635 5279 meus
2655 5224 2913 5293 dilectus,
2931 5225 2990 5280 in
3017 5243 3132 5298 quo
3150 5230 3291 5283 mihi
3318 5231 3462 5285 bene

126 5300 362 5367 Deiservi
385 5313 575 5369 forma
608 5331 725 5370 non
750 5315 981 5371 minuit.
1029 5317 1172 5371 Nam
1214 5332 1331 5388 qua
1381 5316 1731 5388 gloriabatur
1830 5317 2149 5390 complacui
2175 5318 2390 5381 (Matth.
2439 5334 2521 5385 ιιι,
2553 5321 2657 5389 17).
2692 5342 2719 5368 ››
2753 5320 2931 5383 Quem
2959 5321 3150 5393 itaque
3183 5323 3327 5378 sicut
3357 5324 3460 5378 ho-

124 5394 356 5460 diabolns
409 5407 711 5465 hominem
765 5426 866 5464 sua
918 5409 1117 5466 fraude
1175 5410 1478 5482 deceptum
1527 5410 1731 5466 divinis
1830 5413 2046 5467 minem
2102 5411 2386 5467 diabolica
2441 5416 2622 5467 tentat
2668 5414 2895 5481 astutia,
2941 5414 3128 5468 eidem
3171 5415 3313 5470 sicut
3353 5418 3463 5471 Deo

126 5496 341 5553 camisse
365 5502 703 5558 muneribus
726 5508 785 5559 et
810 5503 1254 5559 immortalitatis
1276 5505 1402 5560 dote
1429 5505 1729 5571 nudatum,
1830 5506 2096 5578 angelica
2126 5506 2481 5561 famulantur
2512 5505 2721 5562 ofﬁcia.
2771 5506 3017 5576 Esurire,
3052 5508 3227 5577 sitire,
3260 5509 3461 5566 lasces-

127 5581 304 5646 duram
344 5596 550 5651 mortis
585 5597 820 5653 subiisse
862 5597 1230 5664 sententiam,
1275 5614 1446 5670 seque
1475 5599 1534 5653 in
1568 5598 1733 5653 malis
1833 5617 1979 5671 sere,
2006 5604 2178 5672 atque
2203 5600 2453 5655 dormire
2482 5600 2775 5656 evidenter
2806 5601 3120 5654 humanum
3146 5607 3248 5656 est.
3277 5602 3386 5658 Sed
3407 5610 3463 5660 et

128 5680 224 5736 5Ilia
245 5687 541 5757 quoddam
561 5690 629 5747 de
669 5690 1122 5764 praevaricatoris
1160 5692 1443 5747 consortio
1484 5692 1730 5748 invenis-
1833 5694 1905 5750 de
1939 5694 2192 5767 quinque
2239 5694 2504 5766 panibus,
2552 5694 2809 5766 quinque
2834 5692 3011 5747 millia
3040 5694 3340 5752 hominum
3372 5715 3463 5754 sa-

130 5778 474 5853 Sesolatium,
507 5783 688 5840 Deum
718 5801 946 5858 quoque
978 5785 1220 5857 justitim
1254 5785 1523 5857 exigente
1560 5786 1730 5843 ratio—
1837 5788 1995 5857 tiare,
2043 5795 2101 5845 et
2154 5788 2349 5862 largiri
2400 5788 2767 5846 Samaritana;
2821 5803 3032 5858 aquam
3079 5788 3262 5846 vivam
3308 5793 3469 5865 cuius

134 5882 194 5923 ne
217 5886 346 5944 erga
373 5875 673 5935 hominem
706 5895 883 5952 quem
918 5879 978 5935 in
1017 5884 1181 5936 tanto
1208 5879 1423 5936 honore
1459 5879 1735 5936 condide-
1837 5879 2071 5934 haustus
2100 5878 2314 5934 bibenti
2342 5880 2589 5950 praestat,
2628 5892 2699 5932 ne
2738 5877 2882 5931 ultra
2911 5876 3034 5948 jam
3088 5878 3259 5951 sitiat,
3303 5887 3360 5939 et
3386 5902 3475 5939 su-

524 5974 791 6043 ΡΑτιιοι.
841 5977 1069 6044 CXXX.

3081 5984 3158 6045 25
