4026 6182
614 308 707 361 ττι
1502 297 1788 361 animo.
1828 303 1914 360 AD
1953 304 2113 361 ssc.
2156 305 2241 359 1x.
2272 333 2339 343 —-
2379 302 2621 360 ISIDORI
2661 296 3086 360 MERCATORIS
3779 309 3854 367 πρ

606 431 708 486 pra
736 413 967 468 dorsum
999 413 1168 467 maris
1200 412 1407 484 plantis
1435 430 1553 468 non
1577 413 2003 468 subsidentibus
2032 413 2239 468 ambu-
2262 424 2323 498 Α
2343 412 2490 479 dete,
2534 411 2665 482 quia
2692 411 2922 483 spiritus
2959 425 3193 466 carnem
3230 415 3286 467 et
3308 427 3426 467 ossa
3456 429 3562 468 non
3586 414 3726 471 habet
3755 418 3858 473 sicut

608 509 741 575 lare,
770 511 826 562 et
851 506 1121 562 elationes
1142 507 1420 562 ﬂuctuum
1441 507 1732 579 increpata
1752 509 2092 580 tempestate
2112 525 2243 563 con-

608 606 879 668 sternere,
913 600 1033 655 sine
1073 600 1450 672 ambiguitate
1494 600 1751 656 divinum
1790 607 1891 655 est.
1925 601 2077 657 Sicut
2106 618 2242 671 ergo

609 697 691 763 (ut
716 693 897 748 multa
923 698 1280 765 praeteream)
1314 712 1429 750 non
1460 694 1717 765 ejusdem
1744 700 1961 751 natura:
1988 700 2073 750 est
2105 695 2241 749 flere

607 787 984 843 miserationis
1021 787 1223 843 affectu
1255 788 1505 844 amicum
1540 792 1855 859 mortuum,
1898 792 1953 844 et
1977 789 2240 844 eumdem

604 886 820 938 remoto
846 882 1241 953 quatriduante
1268 899 1481 955 aggere
1514 883 1824 955 sepulturae
1858 884 1929 938 ad
1952 883 2105 938 vocis
2130 885 2237 937 im-

605 976 831 1047 perium
859 976 1105 1032 excitare
1139 976 1475 1043 redivivum,
1503 983 1601 1032 aut
1620 977 1678 1032 in
1696 977 1853 1048 ligno
1880 977 2152 1048 pendere,
2183 964 2261 1030 et

604 1070 665 1124 in
696 1072 922 1125 noctem
950 1072 1077 1125 luce
1108 1086 1375 1126 conversa
1394 1070 1590 1125 omnia
1603 1072 1890 1126 elementa
1908 1071 2239 1126 tremefece-

605 1180 690 1230 re,
734 1168 833 1218 aut
876 1164 1048 1218 clavis
1092 1165 1425 1219 transﬁxum
1478 1181 1617 1229 esse,
1670 1170 1724 1220 et
1766 1164 2008 1236 paradisi
2045 1169 2240 1236 portas

603 1258 733 1312 ﬁdei
769 1256 1007 1312 latronis
1042 1259 1284 1330 aperire,
1329 1258 1407 1314 ita
1450 1275 1567 1314 non
1621 1258 1874 1329 ejusdem
1905 1261 2125 1313 naturae
2156 1264 2241 1313 est

606 1350 795 1405 dicere
820 1367 834 1404 :
872 1373 897 1399 (ι
927 1352 1043 1422 Ego
1070 1356 1126 1407 et
1156 1352 1318 1407 Pater
1342 1369 1524 1407 unum
1552 1368 1749 1407 sumus
1778 1352 1951 1423 (Joan.
1982 1370 2033 1420 x,
2064 1354 2173 1422 30),
2209 1374 2236 1401 ››

604 1448 661 1500 et
705 1444 894 1498 dicere
929 1461 941 1498 :
985 1446 1203 1500 «Pater
1236 1446 1420 1517 major
1458 1463 1549 1501 me
1589 1451 1673 1502 est
1713 1447 1885 1517 (Joan.
1926 1463 2036 1513 xw,
2068 1447 2178 1515 28).
2209 1466 2235 1498 ι)

605 1538 874 1603 Quamvis
916 1539 1070 1593 enim
1097 1539 1154 1593 in
1186 1540 1424 1594 Domino
1451 1542 1584 1596 Jesu
1612 1540 1830 1596 Christo
1855 1540 1951 1595 Dei
1976 1544 2033 1595 et
2060 1540 2241 1595 homi-

603 1631 691 1686 nis
716 1649 833 1686 una
859 1649 1104 1704 persona
1142 1633 1233 1702 sit,
1265 1634 1409 1689 alius
1438 1638 1634 1689 tamen
1667 1638 1752 1689 est
1773 1635 1923 1689 unde
1944 1638 2235 1691 contume-

603 1727 700 1792 lia,
732 1726 876 1781 alius
902 1726 1054 1781 unde
1079 1728 1399 1783 communis
1420 1733 1503 1783 est
1533 1728 1735 1800 gloria.
1765 1729 1843 1784 De
1867 1734 2057 1784 nostro
2084 1729 2236 1784 enim

2343 523 2437 561 me
2466 505 2672 560 videtis
2702 505 2911 560 habere
2938 507 3086 569 (Luc.
3134 522 3277 574 xxiv,
3309 505 3413 575 39),
3443 529 3467 556 »
3497 512 3555 561 ut
3576 524 3857 579 cognoscere-

2343 604 2437 655 tur
2456 600 2513 655 in
2527 616 2594 654 eo
2623 599 2945 670 proprietas
2960 599 3165 653 divinae
3181 599 3540 671 humanaeque
3568 605 3746 656 natura:
3763 605 3857 658 indi.

2341 694 2507 748 vidua
2535 708 2892 764 permanere,
2928 696 2986 747 et
3026 693 3103 746 ita
3141 693 3405 747 sciremus
3428 694 3643 749 Verbum
3674 712 3764 749 non
3784 698 3857 751 hoc

2342 804 2463 842 esse
2489 787 2642 858 quod
2668 803 2919 855 carnem,
2946 790 3009 840 ut
3038 803 3215 841 unum
3248 787 3348 841 Dei
3386 786 3572 842 Filium
3599 791 3649 841 et
3680 790 3858 844 Verbum

2340 883 2747 936 conﬁteremur
2771 885 2827 936 et
2850 898 3104 935 carnem.
3130 880 3251 945 Quo
3274 881 3402 935 ﬁdei
3420 888 3730 936 sacramento
3750 884 3858 937 Euti-

2340 976 2474 1030 ches
2501 976 2605 1030 iste
2640 975 2885 1030 nimium
2900 974 3270 1029 mstimandus
3300 977 3383 1029 est
3408 991 3615 1045 vacuus,
3642 976 3722 1046 qui
3746 984 3859 1031 uatu-

2340 1086 2463 1124 ram
2496 1075 2747 1125 nostram
2776 1069 2835 1123 in
2864 1068 3165 1138 unigenito
3195 1067 3291 1123 Dei
3326 1084 3424 1122 nec
3449 1085 3546 1139 per
3568 1068 3859 1123 humilitatem

2340 1163 2714 1228 mortalitatis,
2744 1178 2848 1218 nec
2870 1179 2972 1233 per
3000 1162 3241 1233 gloriam
3262 1162 3666 1217 resurrectionis
3683 1164 3857 1231 agnovit.

2339 1257 2451 1311 Nec
2477 1256 2821 1312 sententiam
2862 1256 3016 1311 beati
3053 1255 3209 1310 Pauli
3257 1261 3313 1310 et
3342 1255 3680 1325 Evangelistte
3702 1256 3860 1309 Joannis

2341 1350 2565 1421 expavit
2582 1350 2833 1405 dicentes
2868 1368 2880 1405 :
2919 1371 2947 1398 ί(
2979 1349 3181 1405 Omnis
3200 1348 3425 1420 spiritus
3443 1349 3535 1420 qui
3555 1348 3861 1403 conﬁteturle

2340 1461 2463 1499 sum
2495 1444 2783 1500 Christum
2800 1445 2858 1498 in
2888 1459 3057 1498 carne
3084 1443 3302 1499 venisse
3334 1459 3403 1497 ex
3429 1443 3536 1497 Deo
3562 1447 3652 1508 est,
3671 1448 3717 1496 et
3738 1444 3861 1495 omnis

2340 1538 2571 1609 spiritus
2598 1538 2697 1609 qui
2725 1537 2890 1593 solvit
2913 1539 3125 1605 Jesum,
3164 1554 3230 1593 ex
3255 1538 3370 1592 Deo
3408 1553 3516 1591 non
3544 1541 3635 1603 est,
3659 1540 3705 1591 et
3725 1535 3792 1589 hic
3810 1544 3861 1588 est

2338 1632 2715 1687 Antichristus
2736 1633 2787 1703 (Ι
2798 1635 2954 1687 Joan.
2975 1648 3048 1702 1v,
3066 1635 3121 1702 2,
3138 1632 3209 1703 3).
3232 1653 3262 1681 »
3285 1631 3426 1696 Quid
3442 1635 3620 1685 autem
3636 1633 3705 1685 est
3716 1629 3859 1683 solvere

2341 1724 2390 1798 1
2407 1724 2532 1798 9ο
2552 1726 2579 1779 Ι
2584 1742 2743 1779 esum
2760 1725 2870 1780 nisi
2887 1725 3202 1780 humanam
3231 1724 3303 1779 ab
3320 1740 3384 1779 eo
3401 1719 3642 1795 separare
3657 1727 3859 1785 naturam,

518 1808 521 1811 ’
604 1820 685 1874 illi
737 1825 822 1875 est
874 1821 1065 1876 minor
1113 1824 1278 1876 Patre
1326 1822 1672 1889 humanitas,
1720 1822 1790 1877 de
1829 1825 1990 1879 Patre
2033 1824 2112 1878 illi
2155 1801 2315 1879 estB
2339 1825 2396 1875 et
2419 1822 2842 1875 sacramentum
2862 1819 2994 1875 ﬁdei
3014 1836 3121 1891 per
3143 1819 3302 1891 quod
3325 1818 3515 1873 salvati
3533 1816 3861 1885 sumusimpru-

600 1915 830 1986 aequalis
854 1932 984 1969 cum
1013 1916 1178 1971 Patre
1211 1916 1495 1972 divinitas.

673 2010 758 2076 IV,
790 2009 848 2063 V.
883 2011 1116 2081 Propter
1142 2009 1291 2065 hanc
1316 2010 1591 2066 unitatem
1610 2026 1870 2083 personas
1910 2013 1969 2067 in
1999 2015 2237 2083 utraque

603 2106 813 2158 natura
844 2102 1294 2174 intelligendam,
1322 2109 1379 2159 et
1407 2104 1579 2159 Filius
1608 2105 1854 2161 hominis
1891 2106 2103 2177 legitur
2134 2106 2234 2160 de-

602 2196 883 2252 scendisse
921 2197 989 2250 de
1045 2197 1207 2264 coelo,
1268 2214 1399 2252 cum
1446 2198 1617 2253 Filius
1653 2200 1754 2254 Dei
1798 2216 2031 2255 carnem
2067 2200 2136 2255 de
2168 2216 2236 2255 ea

598 2289 838 2361 virgine,
872 2290 941 2344 de
978 2307 1092 2361 qua
1138 2295 1222 2346 est
1260 2297 1445 2360 natus,
1491 2294 1879 2364 assumpserit.
1925 2294 1992 2348 Et
2041 2310 2236 2349 rursus

603 2383 774 2439 Filius
812 2382 910 2439 Dei
945 2384 1247 2441 cruciﬁxus
1285 2385 1492 2441 dicitur
1528 2403 1593 2441 ac
1625 2388 1899 2459 sepultus,
1938 2404 2068 2442 cum
2110 2388 2235 2443 haec

603 2494 719 2532 non
752 2477 809 2532 in
847 2477 1144 2534 divinitate
1171 2479 1293 2549 ipsa
1320 2495 1433 2550 qua
1458 2480 1792 2551 unigenitus
1821 2482 2231 2554 consempiter-

601 2587 709 2625 nus
738 2573 795 2626 et
821 2571 1315 2627 consubstantialis
1342 2577 1428 2627 est
1452 2573 1622 2643 Patri,
1655 2574 1754 2629 sed
1787 2574 1844 2628 in
1876 2578 2095 2630 natura;
2120 2576 2231 2630 hu-

601 2681 786 2719 manae
824 2665 897 2720 sit
938 2665 1269 2721 inﬁrmitate
1317 2682 1636 2738 perpessus.
1685 2669 1841 2723 Unde
1871 2669 2234 2740 unigenitum

600 2758 804 2814 Filium
834 2758 933 2813 Dei
960 2760 1292 2815 cruciﬁxum
1323 2766 1381 2816 et
1404 2762 1692 2832 sepultum
1732 2779 1933 2817 omnes
1970 2763 2139 2817 etiam
2171 2763 2231 2817 in

598 2853 866 2924 Symbolo
894 2852 1234 2909 conﬁtemur
1259 2855 1573 2910 secundum
1614 2855 1753 2911 illud
1779 2857 2031 2929 Apostoli
2065 2874 2077 2911 :
2115 2878 2143 2906 ‹‹
2174 2856 2233 2913 Si

600 2946 755 3002 enim
785 2947 1198 3018 cognovissent,
1237 2965 1535 3021 nunquam
1571 2949 1878 3006 Dominum
1922 2950 2232 3023 majestatis

599 3040 1008 3097 cruciﬁxissent
1051 3042 1097 3113 (Ι
1138 3042 1256 3097 Cor.
1289 3060 1351 3112 ιι,
1384 3044 1458 3114 8).
1491 3066 1519 3093 »
1553 3043 1697 3099 Cum
1728 3049 1923 3100 autem
1960 3046 2081 3117 ipse
2122 3046 2228 3101 Do-

596 3135 788 3190 minus
846 3141 1040 3191 noster
1085 3140 1253 3209 atque
1308 3138 1572 3193 Salvator
1609 3138 1783 3195 ﬁdem
1823 3138 2229 3210 discipulorum
2251 3179 2306 3255 Ο

599 3245 828 3255 -.εΑ“---ι“
855 3229 967 3255 -..2.-
994 3229 1539 3255 ε..ι,......,..-ι;,...;ι.---
1580 3232 1827 3255 -...-.ιξ.ηι
1890 3253 1908 3255 μ
1942 3250 2100 3255 ._---_-
2149 3234 2202 3255 ἐ..

599 3245 832 3284 suorum
854 3229 969 3284 suis
994 3229 1542 3303 interrogationibus
1575 3232 1849 3302 erudiret,
1881 3253 1909 3285 α
1936 3250 2127 3305 quem,
2149 3234 2232 3288 in-

597 3323 740 3395 quit,
772 3323 966 3379 dicunt
990 3323 1250 3380 homines
1274 3341 1396 3380 esse
1419 3325 1622 3381 Filium
1641 3326 1893 3382 hominis
1911 3329 1939 3383 ?
1956 3350 1983 3379 »
2015 3329 2229 3401 (Matth.

597 3433 710 3485 va,
756 3418 860 3489 t3).
902 3418 1162 3490 Cumque
1216 3418 1299 3473 illi
1341 3419 1589 3475 diversas
1634 3420 1883 3476 aliorum
1934 3422 2233 3494 opiniones

596 3512 998 3583 retexuissent,
1021 3513 1171 3568 «Vos
1182 3516 1397 3581 autem,
1411 3513 1508 3582 ait,
1523 3531 1696 3586 quem
1714 3532 1806 3571 me
1821 3532 1943 3572 esse
1963 3517 2149 3573 dicitis
2161 3520 2189 3574 ?
2202 3541 2228 3569 ››

597 3605 704 3661 Ubi
743 3605 940 3661 beatus
982 3608 1181 3662 Petrus
1220 3606 1493 3663 divinitus
1536 3608 1864 3682 inspiratus,
1916 3615 1973 3666 et
2011 3614 2230 3667 confes-

596 3699 754 3754 sione
805 3715 906 3754 sua
961 3700 1228 3756 omnibus
1276 3702 1542 3773 gentibus
1580 3704 1954 3775 profuturus:
1992 3728 2020 3756 «
2044 3707 2127 3762 Tu
2151 3723 2230 3776 es,

594 3793 798 3866 inquit,
820 3794 1073 3850 Christus
1098 3794 1270 3850 Filius
1295 3795 1393 3850 Dei
1416 3796 1527 3851 vivi
1553 3796 1770 3867 (Matth.
1793 3815 1905 3866 xvr,
1932 3801 2035 3871 l6).
2066 3819 2094 3853 ››
2124 3802 2232 3857 Nec

594 3888 884 3944 immerito
920 3888 1123 3945 beatus
1164 3894 1247 3945 est
1298 3889 1699 3960 pronuntiatus
1742 3909 1776 3947 a
1813 3894 2079 3961 Domino,
2113 3897 2170 3948 et
2200 3912 2233 3949 a

595 3982 892 4054 principali
918 3986 1081 4054 petra
1102 3982 1472 4053 soliditatem,
1522 3988 1577 4040 et
1597 3985 1823 4042 virtutis
1848 3988 2023 4042 traxit
2046 3990 2105 4042 et
2122 4004 2230 4043 no-

596 4076 786 4145 minis,
840 4076 936 4148 qui
989 4093 1095 4149 per
1146 4076 1555 4133 revelationem
1610 4080 1810 4149 Patris,
1858 4081 2128 4136 eumdem
2176 4085 2232 4137 et

597 4170 800 4224 Filium
827 4169 925 4225 Dei
947 4173 1034 4224 est
1060 4171 1349 4226 confessus
1379 4176 1435 4227 et
1459 4172 1766 4243 Christum,
1786 4174 1918 4246 quia
1938 4190 2118 4230 unum
2136 4175 2233 4231 ho-

598 4279 726 4317 rum
770 4262 892 4317 sine
925 4262 1037 4317 alio
1086 4267 1381 4335 receptum
1412 4281 1530 4321 non
1570 4267 1840 4337 proderat
1865 4267 1940 4323 ad
1971 4269 2226 4325 salutem.

596 4355 701 4412 Sed
726 4356 955 4428 aequalis
984 4359 1108 4412 erat
1133 4357 1372 4429 periculi
1400 4359 1706 4415 Dominum
1726 4362 1918 4417 Jesum
1942 4362 2229 4419 Christum

595 4455 693 4506 aut
717 4450 896 4506 Deum
936 4451 1331 4507 tantummodo
1359 4452 1481 4509 sine
1514 4452 1772 4523 homine,
1813 4460 1912 4510 aut
1947 4457 2069 4513 sine
2116 4459 2231 4514 Deo

2338 1914 2681 1969 dentissimis
2707 1930 2978 1969 evacuare
3006 1914 3296 1985 ﬁgmentis
3312 1912 3339 1967 ?
3373 1911 3617 1982 Caligans
3639 1926 3745 1964 vero
3766 1910 3861 1961 circa

2340 2010 2603 2063 naturam
2656 2007 2906 2080 corporis
2946 2006 3172 2077 Christi,
3216 2023 3445 2062 necesse
3485 2010 3565 2060 est
3589 2008 3645 2058 ut
3669 2004 3798 2057 etiam
3827 2000 3860 2053 in

2335 2103 2596 2174 passione
2639 2103 2761 2174 ejus
2807 2103 3006 2157 eadem
3046 2101 3428 2156 obcaecatione
3468 2098 3699 2169 desipiat.
3725 2095 3861 2150 Νεωςὶ

2337 2212 2564 2252 crucem
2588 2196 2818 2252 Domini
2844 2213 2958 2251 non
2987 2198 3148 2268 putat
3184 2196 3392 2250 falsam
3419 2198 3474 2249 et
3505 2194 3773 2263 susceptum
3801 2202 3863 2258 pro

2335 2291 2537 2346 mundi
2569 2292 2750 2346 salute
2776 2290 3123 2363 supplicium
3160 2306 3364 2344 verum
3388 2288 3550 2343 fuisse
3576 2302 3676 2341 non
3699 2283 3864 2343 dubitat,

2335 2386 2494 2457 cujus
2539 2385 2735 2453 credit,
2782 2390 3052 2456 agnoscat
3106 2387 3164 2439 et
3210 2399 3463 2438 carnem.
3515 2382 3613 2436 Nec
3646 2377 3864 2433 diﬂiteatur

2332 2480 2513 2535 nostri
2540 2478 2793 2551 corporis
2818 2478 3118 2534 hominem
3143 2493 3321 2549 quem
3348 2474 3618 2548 cognoscit
3630 2472 3768 2527 fuisse
3788 2484 3866 2539 pas

2334 2573 2577 2629 sibilem.
2619 2573 2900 2638 Quoniam
2937 2572 3162 2643 negatio
3192 2587 3345 2626 verae
3388 2569 3587 2637 carnis,
3614 2563 3795 2636 negatio
3814 2564 3864 2613 est

2334 2668 2509 2722 etiam
2528 2684 2815 2738 corporeae
2833 2666 3129 2739 passionis.
3146 2665 3202 2721 Si
3218 2665 3378 2720 enim
3393 2663 3729 2721 Christianam
3745 2672 3867 2711 θυεερ-

2333 2761 2416 2833 pit
2440 2761 2637 2831 ﬁdem,
2667 2765 2727 2816 et
2761 2779 2794 2815 a
2830 2760 3234 2832 praedicatione
3289 2756 3569 2829 Evangelii
3616 2768 3751 2808 suum
3792 2763 3867 2801 non
3954 2768 3955 2841 ἐ

2330 2855 2532 2911 avertit
2559 2855 2840 2924 auditum,
2871 2855 3058 2909 videat
3088 2870 3213 2925 quas
3250 2858 3454 2909 natura
3499 2849 3731 2905 transﬁxa
3756 2842 3869 2897 clavis

2332 2949 2675 3021 pependerit
2712 2950 2770 3003 in
2819 2949 3002 3003 crucis
3044 2948 3224 3020 ligno,
3278 2952 3356 3017 et,
3400 2947 3589 3018 aperto
3632 2956 3714 3014 per
3735 2934 3868 2993 militis

2332 3044 2590 3099 lanceam
2618 3044 2793 3099 latere
2823 3042 3094 3110 cruciﬁxi,
3138 3042 3433 3113 intelligat
3462 3039 3600 3095 unde
3632 3031 3811 3104 sanguis
3834 3033 3869 3081 et
3954 3026 3955 3059 λ

2331 3154 2480 3209 aqua
2506 3137 2854 3207 effluxerint,
2882 3142 2948 3192 ut
2971 3136 3216 3192 Ecclesia
3236 3135 3339 3191 Dei
3367 3137 3581 3189 lavacro
3600 3128 3822 3202 rigarelnr
3832 3121 3869 3175 et

2332 3233 2555 3304 poculo.
2578 3232 2784 3286 Audiat
2807 3232 3038 3287 beatum
3058 3232 3293 3286 Petrum
3310 3228 3620 3301 apostolum
3636 3220 3865 3295 praedican-

2331 3329 2451 3381 tem
2477 3326 2630 3398 quod
2656 3325 3024 3380 sanctiﬁcatio
3051 3324 3287 3397 spiritus
3315 3340 3420 3395 per
3455 3318 3784 3393 aspersionem
3807 3309 3867 3363 ﬁat

2333 3420 2628 3491 sanguinis
2679 3419 2909 3475 Christi.
2966 3420 3075 3475 Nec
3123 3418 3452 3473 transitorie
3504 3416 3644 3485 legat
3688 3404 3867 3480 ejusdem

2333 3513 2575 3585 apostoli
2604 3513 2775 3567 verba
2806 3513 3043 3568 dicentis
3070 3529 3084 3567 :
3118 3532 3146 3565 ι(
3175 3512 3439 3568 Scientes
3456 3508 3601 3583 quod
3619 3520 3717 3561 non
3735 3511 3864 3556 corru-

2332 3608 2627 3680 ptibilihus
2671 3611 2912 3678 argento
2958 3610 3017 3662 et
3066 3623 3205 3661 auro
3247 3603 3535 3677 redempti
3567 3601 3682 3657 estis
3706 3596 3759 3652 de
3778 3603 3868 3643 vam

2334 3707 2513 3758 vestra
2536 3701 2965 3758 conversatione
2989 3700 3245 3772 pristinae
3270 3697 3603 3764 traditionis,
3627 3690 3712 3748 sed
3724 3684 3866 3783 preii'f‘

2333 3813 2394 3851 so
2425 3797 2719 3868 sanguine,
2747 3795 2910 3868 quasi
2933 3794 3065 3867 agni
3091 3792 3550 3859 incontaminati,
3573 3792 3688 3846 Jesu
3707 3779 3864 3873 Christi:

2334 3891 2383 3961 (Ι
2400 3893 2542 3945 Petr.
2570 3908 2610 3958 ι,
2636 3893 2720 3957 18,
2757 3889 2861 3961 19).
2902 3912 2929 3939 ››
2975 3888 3123 3944 Beati
3179 3905 3413 3960 quoque
3459 3882 3669 3941 Joannis
3702 3868 3867 3948 apostoli

2331 3983 2660 4039 testimonio
2685 4000 2801 4039 non
2826 3982 3051 4039 resistat
3075 3982 3320 4047 dicentis
3353 4000 3367 4037 :
3403 4003 3432 4035 α
3457 3980 3562 4037 Sed
3580 3968 3868 4067 sanguis

2332 4078 2432 4133 ﬁlii
2453 4078 2553 4133 Dei
2576 4078 2855 4133 emundat
2871 4094 2972 4132 nos
2988 4078 3059 4132 ab
3073 4077 3229 4133 omni
3249 4079 3485 4149 peccato
3501 4075 3693 4145 (IJoan.
3712 4083 3743 4131 ι,
3761 4065 3834 4123 17θέ
3852 4080 3866 4095 "

2332 4178 2389 4227 et
2412 4172 2623 4228 iterum
2655 4190 2668 4227 :
2704 4174 2831 4227 Haec
2859 4177 2945 4227 est
2988 4172 3221 4227 victoria
3268 4188 3403 4244 quas
3451 4167 3615 4224 vincit
3645 4155 3867 4253 mundus]?

2332 4266 2469 4322 ﬁdes
2498 4272 2708 4323 nostra.
2747 4268 2815 4321 Et
2859 4266 2985 4338 quis
3028 4268 3114 4321 est
3157 4265 3257 4337 qui
3303 4264 3480 4320 vincit
3513 4257 3771 4317 mundum,
3801 4258 3869 4341 ηιεξ

2332 4361 2431 4433 (Illi
2463 4360 2643 4417 Credit
2665 4361 2934 4432 quoniam
2958 4361 3120 4415 Jesus
3149 4364 3236 4414 est
3260 4359 3435 4414 Filius
3468 4356 3602 4412 Dei?
3628 4352 3709 4407 llic
3730 4347 3869 4441 estqui

2329 4456 2485 4510 venit
2511 4472 2617 4526 per
2642 4471 2853 4526 aquam
2883 4457 2940 4509 et
2972 4454 3315 4525 sanguinem
3346 4455 3506 4508 Jesus
3533 4446 3765 4506 Christus.
3789 4436 3868 4489 Non

595 4546 780 4601 solum
797 4544 1099 4601 hominem
1115 4544 1438 4602 credidisse.
1456 4548 1589 4603 Post
1601 4552 2076 4607 resurrectionem
2094 4570 2228 4609 vero
2248 4561 2308 4634 D
2333 4548 2392 4603 in
2415 4565 2564 4621 aqua
2592 4549 2798 4619 solum,
2829 4547 2929 4604 sed
2954 4549 3014 4603 in
3040 4565 3191 4620 aqua
3213 4552 3272 4603 et
3302 4546 3600 4619 sanguine,
3630 4531 3869 4634 Είδρίιξξίυδ

597 4638 823 4696 Domini
854 4655 983 4711 quae
1011 4640 1206 4712 utique
1225 4640 1343 4696 veri
1363 4640 1614 4697 hominis
1640 4642 1765 4714 fuit,
1794 4644 1928 4717 quia
1952 4647 2093 4702 alter
2113 4664 2229 4702 non

598 4738 685 4789 est
710 4733 1091 4801 resuscitatus,
1114 4750 1290 4806 quam
1315 4736 1414 4807 qui
1440 4736 1623 4791 fuerat
1639 4738 1956 4809 cruciﬁxus,
1987 4745 2046 4795 et
2072 4758 2227 4795 mor-

596 4834 748 4896 tuus,
781 4827 919 4900 quid
944 4827 1093 4883 aliud
1122 4829 1499 4901 quadraginta
1539 4830 1763 4887 dierum
1802 4849 1967 4889 mora
2003 4838 2227 4906 gestum

597 4928 702 4991 est,
735 4938 909 4994 quam
939 4926 1001 4978 ut
1029 4922 1161 4978 ﬁdei
1202 4928 1409 4979 nostra:
1452 4923 1751 4997 integritas
1795 4927 1867 4983 ab
1908 4928 2066 4983 omni
2095 4928 2224 4983 cali-

595 5017 727 5088 gine
754 5016 1128 5073 mandaretur
1155 5016 1183 5072 ?
1225 5018 1563 5090 Colloquens
1592 5020 1749 5075 enim
1781 5037 1912 5077 cum
1941 5022 2228 5094 discipulis

596 5111 731 5183 suis,
768 5113 827 5166 et
852 5110 1185 5167 cohabitans
1214 5116 1386 5185 atque
1416 5130 1779 5186 convescens,
1813 5120 1870 5172 et
1896 5120 2225 5189 pertractari

596 5225 656 5262 se
686 5204 948 5278 diligenti
968 5205 1303 5280 curiosoque
1315 5214 1578 5265 contactu
1604 5209 1674 5265 ab
1698 5211 1778 5266 eis
1802 5228 1947 5284 quos
1972 5213 2228 5269 dubietas

595 5299 1015 5376 perstringebat
1049 5300 1374 5358 admittens.
1413 5304 1542 5359 Ideo
1578 5304 1781 5359 clausis
1818 5306 1889 5361 ad
1920 5306 2229 5379 discipulos

585 5397 776 5469 januis
832 5393 1109 5450 introibat
1156 5395 1368 5451 etﬁatu
1416 5415 1517 5452 suo
1569 5398 1746 5454 dabat
1795 5399 2067 5472 Spiritum
2095 5418 2224 5456 san-

593 5495 770 5559 ctum,
816 5494 873 5545 et
914 5488 1125 5544 donato
1183 5489 1579 5562 intelligentiae
1628 5492 1846 5549 lumine
1902 5499 2225 5550 sanctarum

590 5585 1009 5656 Scripturarum
1062 5583 1285 5639 occulta
1335 5584 1639 5655 pandebat.
1694 5588 1760 5641 Et
1815 5604 2030 5655 rursus,
2074 5588 2223 5644 idem

591 5679 797 5734 vulnus
821 5677 1035 5745 lateris,
1064 5676 1277 5732 ﬁxurus
1303 5677 1614 5747 clavorum,
1646 5682 1703 5734 et
1737 5681 1929 5735 omnia
1951 5683 2223 5738 recentis-

592 5773 753 5827 simas
790 5769 1065 5843 passionis
1098 5769 1262 5843 signa
1287 5773 1663 5842 monstrabat,
1697 5774 1894 5830 dicens
1923 5792 1934 5830 :
1968 5794 1996 5827 ε(
2027 5776 2225 5834 Videte

598 5880 803 5919 manus
830 5880 991 5918 meas
1019 5869 1074 5920 et
1112 5865 1303 5938 pedes,
1337 5866 1468 5938 quia
1495 5882 1603 5936 ego
1634 5884 1781 5937 sum,
1806 5870 2031 5943 palpate
2067 5875 2124 5927 et
2151 5873 2225 5927 vi-

2329 4646 2414 4697 est
2467 4643 2565 4714 qui
2621 4642 2953 4698 testiﬁcatur
3000 4642 3273 4715 quoniam
3310 4642 3563 4698 Christus
3604 4638 3678 4691 est
3703 4626 3867 4686 Veritas-

2327 4737 2467 4801 Quia
2518 4743 2693 4793 «tres
2731 4741 2866 4792 sunt
2906 4737 3005 4809 qui
3050 4736 3447 4793 testimonium
3489 4735 3653 4789 dant:
3681 4721 3867 4796 ερίήιιιετ

2327 4847 2498 4902 aqua,
2534 4834 2591 4885 et
2620 4831 2871 4904 sanguis,
2899 4835 2956 4888 et
2984 4831 3044 4886 hi
3084 4834 3203 4886 tres
3232 4847 3421 4886 unum
3461 4830 3590 4884 sunt
3623 4826 3663 4895 (Ι
3695 4821 3813 4876 Ιοωισ

2327 4926 2380 4995 4,
2410 4925 2482 4997 8).
2520 4948 2547 4977 ››
2590 4925 2833 4998 Spiritus
2873 4926 3073 4997 utique
3109 4923 3587 4991 sanctiﬁcationis,
3626 4923 3675 4972 et
3709 4914 3870 4977 sanS‘us

2326 5020 2757 5092 redemptionis,
2803 5025 2859 5076 et
2893 5036 3043 5093 aqua
3080 5020 3462 5093 baptismatis,
3490 5030 3614 5090 qum
3635 5010 3724 5068 tria
3746 5009 3870 5059 unum

2326 5119 2476 5184 sunt,
2507 5118 2566 5169 et
2582 5114 2876 5169 individua
2895 5120 3151 5186 manent,
3174 5114 3435 5186 nihilque
3451 5124 3640 5169 eorum
3656 5122 3685 5159 a
3700 5098 3768 5157 sui
3783 5106 3870 5186 COF‘

2325 5209 2570 5264 nexione
2596 5209 2935 5281 sejungitur.
2961 5209 3108 5275 Quia
3138 5184 3421 5265 catholica
3446 5202 3671 5263 Ecclesia
3696 5197 3781 5252 hac

2325 5303 2460 5359 vivit
2486 5321 2551 5359 ac
2578 5303 2816 5376 proﬁcit,
2837 5308 2904 5359 ut
2921 5304 2981 5360 in
2998 5304 3221 5360 Christo
3245 5305 3379 5360 Iesu
3408 5317 3513 5357 nec
3530 5299 3643 5354 sine
3662 5303 3769 5346 vera
3782 5283 3871 5337 di"

2324 5398 2505 5453 nitate
2522 5399 2870 5469 humanitas,
2898 5415 3003 5455 nec
3022 5399 3143 5455 sine
3165 5415 3296 5454 vera
3316 5396 3577 5454 credatur
3598 5377 3871 5446 human“ille

2325 5491 2611 5549 divinitas.
3860 5555 3866 5564 ,

2397 5587 2481 5642 Vl.
2502 5587 2644 5642 Cum
2663 5592 2854 5643 autem
2873 5587 2948 5643 ad
2963 5588 3465 5645 interlocutionem
3484 5574 3736 5639 examinis
3750 5567 3871 5622 mm

2328 5682 2605 5753 Eutyches
2645 5683 3022 5756 responderit,
3063 5684 3294 5739 dicens:
3326 5678 3607 5738 Conﬁteor
3630 5688 3685 5725 ex
3712 5658 3871 5720 duabus

2323 5776 2545 5833 naturis
2568 5776 2741 5834 fuisse
2765 5778 3076 5835 Dominum
3096 5781 3355 5835 nostrum
3373 5779 3503 5832 ante
3521 5761 3872 5827 adunationem.

2325 5878 2450 5946 post
2495 5874 2901 5930 adunationem
2944 5891 3077 5930 vero
3127 5890 3294 5930 unam
3339 5873 3595 5926 naturam
3624 5853 3869 5916 conﬁteor:
