4026 6182
174 341 245 393 ῖ73
1362 328 1835 388 DECRETAIJUM
1874 332 2259 387 CULLECTIO.

3369 343 3469 397 774

169 448 303 502 miror
324 449 424 498 tam
451 441 745 497 absurdam
768 445 999 513 tamque
1023 456 1347 512 perversam
1375 442 1497 512 ejus
1522 441 1731 513 profes-
1752 456 1809 529 Α
1829 443 2152 498 membrum
2182 444 2437 513 corporis
2464 443 2693 512 Christi,
2712 461 2817 500 nec
2843 450 3031 517 potest
3060 464 3125 501 eo
3149 449 3332 519 capite
3356 451 3471 521 glo-

167 541 337 595 sionem
355 536 489 591 nulla
496 535 876 606 judicautium
895 535 1283 606 increpatione
1300 535 1725 607 reprehensam,

168 641 206 687 et
230 646 510 686 sermonem
538 630 706 684 nimis
737 630 1117 701 insipientem,
1149 628 1434 700 nimisque
1470 630 1730 702 blasphe-

166 742 287 780 mum
310 724 378 778 ita
404 723 857 795 omissum,quasi
886 724 1026 777 nihil
1058 722 1211 794 quod
1239 722 1728 792 oﬂ‘enderet,esset

166 820 391 883 auditum,
422 834 543 872 cum
556 820 673 872 tam
688 818 865 889 impie
886 817 1130 871 duarum
1146 820 1481 871 naturarum
1496 823 1625 872 ante
1640 817 1727 872 in-

163 911 484 966 carnationem
503 911 831 983 unigenitus
850 911 945 965 Dei
960 910 1127 965 Filius
1144 910 1317 964 fuisse
1332 911 1729 983 dicaturquam

164 1005 348 1073 nefarie,
366 1009 658 1077 postquam
684 1006 929 1060 Verbum
954 1022 1081 1059 caro
1100 1005 1317 1059 factum
1338 1009 1654 1071 est,natura
1671 1005 1728 1059 in

162 1115 213 1152 eo
224 1099 482 1168 singularis
502 1100 775 1153 asseritur
795 1117 807 1165 ;
834 1099 985 1170 quod
1004 1116 1076 1153 ne
1095 1098 1378 1169 Eutyches
1394 1099 1524 1153 ideo
1544 1101 1631 1152 vel
1650 1116 1729 1153 re-

160 1197 225 1245 cte
245 1193 313 1246 vel
324 1191 683 1246 tolerabiliter
698 1193 942 1246 aestimet
957 1192 1191 1262 dictum,
1211 1192 1348 1263 quia
1368 1193 1523 1246 nulla
1539 1196 1733 1247 nostra

159 1291 220 1339 est
251 1285 497 1339 sententia
533 1286 874 1352 confutatus,
909 1285 1304 1340 sollicitudinis
1345 1291 1457 1340 tua:
1483 1286 1728 1357 diligen-

160 1378 261 1431 tiam
278 1395 708 1448 commonemus,
753 1381 927 1434 frater
954 1380 1304 1448 charissime,
1351 1385 1411 1435 ut
1442 1380 1490 1433 si
1516 1396 1617 1451 per
1643 1381 1729 1435 in-

158 1472 467 1542 spirationem
480 1473 889 1529 misericordias
904 1475 1003 1528 Dei
1018 1474 1089 1528 ad
1106 1473 1547 1528 satisfactionem
1567 1490 1733 1528 causa

159 1566 447 1635 perducitur,
479 1567 872 1638 imprudentia
912 1568 1159 1623 hominis
1186 1567 1437 1639 imperiti
1468 1568 1636 1622 etiam
1663 1568 1733 1622 ab

158 1659 236 1711 hac
260 1676 431 1714 sensus
450 1661 537 1715 sui
554 1662 772 1716 macula
792 1678 895 1733 per
910 1666 964 1717 te
990 1665 1287 1733 purgetur.
1316 1662 1458 1725 Quia
1478 1662 1729 1732 quidem,

157 1752 264 1805 sicut
276 1760 549 1823 gestorum
568 1756 708 1810 ordo
727 1756 1160 1826 patefecit,beue
1175 1759 1422 1827 casperat
1437 1773 1470 1809 a
1488 1772 1585 1810 sua
1601 1773 1731 1827 per-

1830 537 1967 591 riari
1994 535 2053 589 in
2083 554 2195 608 quo
2224 539 2491 591 naturam
2524 555 2682 592 suam
2704 538 2905 593 asserit
2928 557 3042 594 non
3073 542 3288 597 haberi.
3322 543 3468 607 Quid

1828 634 2020 683 autem
2065 630 2301 701 prodest
2354 631 2882 702 imprudentissimo
2946 634 3062 688 seni
3124 635 3467 692 Nestoriante

1830 724 2114 778 hmreseos
2130 724 2359 778 nomine
2381 740 2580 779 eorum
2599 726 2847 781 lacerare
2867 728 3196 798 Opinionem
3218 746 3468 800 quorum

1828 816 2143 888 piissimam
2170 817 2485 871 convellere
2510 835 2625 872 non
2638 822 2819 889 potest
2839 820 3032 891 fidem,
3048 838 3177 876 cum
3191 829 3468 893 quantum

1831 911 2121 965 Nestorius
2169 928 2202 963 a
2248 911 2484 965 veritate
2534 912 2787 967 discessit
2845 913 3110 969 deitatem
3180 917 3343 971 Verbi
3395 917 3466 971 ab

1832 1005 2107 1075 assumpti
2150 1004 2405 1059 hominis
2446 1005 2759 1059 substantia
2806 1009 3117 1077 separando
3166 1013 3388 1065 tantum
3435 1029 3467 1065 a

1831 1103 1984 1152 recto
2012 1098 2239 1152 tramite
2261 1098 2434 1152 etiam
2461 1098 2565 1153 iste
2595 1099 2840 1154 deciscat
2868 1101 2967 1171 qui
2986 1101 3347 1172 unigenitum
3368 1105 3466 1159 Dei

1836 1187 2037 1241 Filium
2067 1188 2142 1241 sic
2170 1187 2240 1241 de
2269 1191 2430 1241 utero
2460 1188 2645 1242 beatae
2685 1188 2931 1258 Virginis
2964 1191 3239 1260 praedicat
3272 1200 3472 1248 natum

1834 1286 1893 1333 ut
1920 1280 2161 1334 humani
2180 1280 2414 1351 quidem
2430 1282 2687 1352 corporis
2716 1282 3070 1352 spiritualem
3103 1286 3359 1356 gesserit,
3374 1288 3470 1342 sed

1832 1375 2099 1428 humanas
2130 1374 2316 1429 carnis
2341 1374 2554 1429 Veritas
2594 1375 2776 1429 Verbo
2817 1376 2970 1430 unita
2999 1394 3114 1432 non
3154 1380 3367 1434 fuerit?
3397 1382 3471 1434 De

1832 1485 1945 1539 quo
1974 1468 2234 1539 prodigio
2267 1469 2549 1538 falsitatis,
2581 1470 2711 1540 quis
2740 1486 2854 1524 non
2887 1470 3071 1525 videat
3096 1490 3225 1544 quae
3253 1474 3473 1543 opinio-

1832 1578 1972 1615 num
1998 1566 2253 1617 monstra
2280 1564 2625 1617 nascantur?
2667 1564 2914 1633 Negator
2943 1565 3096 1620 enim
3139 1568 3471 1623 mediatoris

1833 1655 1929 1709 Dei
1957 1655 2329 1710 ethominum
2357 1655 2606 1711 hominis
2629 1658 2760 1712 Jesu
2789 1659 3014 1729 Christi,
3045 1677 3270 1716 necesse
3301 1666 3386 1716 est
3413 1669 3473 1719 ut

1834 1749 2028 1804 multis
2053 1750 2442 1820 impietatibus
2480 1750 2804 1822 impleatur,
2840 1758 3089 1824 eumque
3127 1756 3471 1826 Apollinaris

159 1846 366 1901 suasione
391 1848 677 1903 discedere
704 1867 832 1903 cum
861 1867 927 1904 ex
956 1855 1143 1903 vestra
1171 1850 1451 1904 sententia
1483 1854 1727 1904 coarcta-
1753 1834 1809 1905 B
1833 1843 1939 1898 Sibi
1968 1843 2234 1913 Vindicet,
2264 1849 2362 1898 aut
2399 1844 2823 1899 Valentinianus
2865 1853 3113 1918 usurpet,
3150 1856 3248 1904 θυι
3294 1852 3464 1905 Mani-

157 1943 228 1991 tus
250 1941 586 2009 proﬁteretur
620 1960 676 1998 se
707 1943 895 1997 dicere
927 1943 1081 2016 quod
1107 1949 1236 1998 ante
1273 1960 1389 1998 non
1416 1944 1656 2009 dixerat,
1681 1949 1737 1999 et

156 2031 259 2086 fidei
297 2037 639 2106 acquiescere
679 2037 838 2109 cujus
885 2037 1042 2109 prius
1092 2038 1286 2092 fuisset
1326 2038 1567 2092 alienus.
1627 2038 1735 2093 Sed

152 2141 249 2180 cum
274 2130 789 2185 anathematizando
818 2132 993 2202 impio
1014 2132 1269 2203 dogmati
1301 2132 1566 2187 voluisset
1590 2150 1733 2204 pree-

152 2218 255 2274 bere
281 2238 631 2294 consensum,
650 2225 1019 2280 intellexisset
1050 2243 1179 2279 cum
1210 2226 1529 2281 fraternitas
1554 2232 1737 2282 vestra

147 2312 191 2365 in
207 2330 289 2369 sua
304 2319 808 2390 manere'perfidia,
829 2319 1183 2391 dignumque
1205 2337 1324 2375 esse
1347 2321 1441 2391 qui
1456 2321 1736 2392 judicium

149 2408 584 2466 condemnationis
612 2412 914 2484 exciperet.
950 2415 1025 2467 De
1064 2431 1178 2484 quo
1208 2414 1252 2468 si
1288 2414 1536 2469 ﬁdeliter
1571 2421 1737 2486 atque

154 2500 324 2556 utiliter
341 2505 507 2574 dolet,
540 2511 597 2561 et
622 2524 794 2578 quam
824 2512 970 2562 recte
1001 2512 1154 2562 mota
1187 2508 1259 2561 sit
1287 2508 1621 2579 episcopalis
1647 2526 1739 2563 au-

148 2595 348 2667 ctoritas,
385 2601 467 2654 vel
518 2616 580 2655 se
612 2618 773 2655 reum
822 2606 1127 2673 cognoscat
1149 2621 1163 2670 ;
1212 2604 1296 2657 vel
1339 2603 1385 2656 si
1416 2603 1487 2657 ad
1521 2603 1735 2657 satisfa-

148 2688 309 2744 ctionis
342 2694 755 2763 plenitudinem
800 2696 988 2749 omnia
1031 2713 1156 2768 qua:
1202 2698 1273 2751 ab
1318 2713 1384 2751 eo
1412 2699 1564 2751 male
1609 2702 1740 2751 sunt

147 2796 293 2851 sensa,
322 2786 437 2841 viva
454 2805 612 2856 voce,
636 2794 691 2843 et
709 2788 766 2843 in
788 2791 1055 2861 praesenti
1069 2791 1479 2863 subscriptione
1502 2792 1736 2846 damna-

146 2877 271 2945 verit,
296 2895 403 2935 non
430 2883 542 2937 erit
575 2883 1041 2954 reprehensibilis
1066 2902 1199 2955 erga
1213 2890 1541 2958 correptum
1558 2903 1736 2957 quan-

146 2973 383 3043 tacunque
414 2976 729 3032 miseratio.
762 2978 1040 3033 Dominus
1068 2983 1260 3035 noster
1288 2997 1453 3035 verus
1479 2984 1535 3035 et
1560 2980 1739 3035 bonus

146 3070 300 3131 pastor
342 3069 435 3139 qui
483 3070 747 3125 animam
799 3088 961 3126 suam
1010 3073 1199 3144 posuit
1242 3091 1345 3145 pro
1401 3073 1599 3128 ovibus
1625 3074 1739 3128 suis

146 3157 281 3219 (Joan.
334 3178 382 3231 x,
418 3168 526 3236 l5),
578 3168 636 3218 et
685 3165 783 3236 qui
815 3167 971 3222 venit
1014 3167 1236 3222 animas
1286 3168 1587 3222 hominum
1621 3168 1734 3222 sal-

149 3214 153 3219 ‘
334 3214 382 3231 ‘—7
424 3214 526 3236 "]1
584 3214 633 3218 “
690 3214 783 3236 1"’
828 3214 970 3222 """
1015 3214 1235 3222 -“⁴“⁴““⁴’“’¹’“·’
1288 3214 1587 3222 ’⁴“ν¹’““·’““⁴“““’
1621 3214 1703 3222 “¹“““

141 3263 262 3321 Vare,
309 3270 416 3310 non
465 3258 712 3329 perdere
764 3259 907 3328 (Luc.
961 3277 1032 3329 Ix,
1095 3262 1204 3332 56),
1265 3261 1584 3316 imitatores
1636 3214 1811 3315 nosC

144 3343 237 3398 \nlt
268 3363 376 3405 esse
405 3367 521 3407 suae
548 3352 799 3425 pietatis,
833 3357 896 3407 ut
928 3358 1226 3425 peccantes
1253 3355 1487 3427 quidem
1517 3355 1738 3427 justitia

140 3447 366 3511 coerceat,
420 3463 731 3502 conversos
785 3452 979 3503 autem
1030 3448 1419 3504 misericordia
1471 3466 1589 3505 non
1645 3466 1733 3504 re-

138 3532 294 3600 pellat.
318 3539 464 3594 Tunc
491 3540 654 3596 enim
688 3540 922 3597 demum
960 3543 1404 3598 fructuosissime
1443 3543 1583 3598 fides
1611 3560 1739 3599 vera

139 3623 424 3687 defenditur
464 3635 703 3706 quando
730 3636 901 3690 etiam
946 3654 978 3691 a
1003 3637 1372 3693 sectatoribus
1408 3638 1522 3693 suis
1547 3638 1738 3709 opinio

138 3716 251 3775 falsa
276 3724 595 3783 damnatur.
634 3729 719 3783 Ad
746 3746 983 3785 omnem
1013 3747 1147 3786 vero
1189 3748 1416 3786 causam
1443 3732 1534 3805 pie
1573 3749 1637 3787 ac
1666 3734 1735 3787 ﬁ-

136 3811 301 3872 deliter
325 3823 759 3895 exsequendam
796 3824 1000 3880 fratres
1038 3829 1266 3881 nostros
1294 3827 1581 3882 lulianum
1611 3828 1735 3898 epi-

135 3920 326 3980 scopum
356 3918 411 3969 et
452 3917 741 3972 Renatum
781 3919 1182 3991 presbyterum
1213 3920 1360 3975 tituli
1405 3922 1584 3976 sancti
1610 3921 1735 3976 Cle-

136 4005 327 4075 mentis,
377 4010 479 4065 sed
539 4015 598 4065 et
652 4010 833 4066 ﬁlium
862 4029 1057 4067 meum
1108 4014 1386 4069 Hilarium
1437 4015 1737 4070 diaconum

136 4091 225 4149 tice
248 4105 433 4156 nostra
479 4103 816 4160 direximus.
865 4106 1083 4170 Quibus
1112 4107 1418 4163 Dulcitium
1445 4110 1736 4165 notarium

136 4196 375 4266 nostrum,
408 4198 581 4269 cujus
604 4198 747 4253 ﬁdes
764 4200 927 4255 nobis
952 4204 1035 4256 est
1062 4217 1211 4272 saepe
1241 4202 1497 4273 probata,
1514 4203 1740 4258 sociavi-

133 4293 249 4353 mus,
273 4289 632 4348 conﬁdentes
666 4293 977 4349 affuturum
1014 4294 1321 4350 divinitatis
1351 4297 1647 4367 auxilium,
1676 4301 1740 4351 ut

131 4372 168 4425 is
187 4379 269 4447 qui
288 4389 596 4453 erraverat,
629 4386 900 4443 damnata
918 4404 1115 4444 sensus
1137 4389 1224 4444 sui
1241 4391 1540 4461 pravitate,
1566 4391 1741 4446 salve-

132 4469 219 4524 tur.
248 4473 375 4530 Data
400 4478 533 4534 ldus
555 4480 731 4547 Junii,
759 4482 979 4537 Asterie
997 4485 1053 4538 et
1076 4484 1392 4555 Protogene
1420 4484 1739 4540 consulibus

130 4575 222 4617 aera
244 4568 674 4629 CCCCLXXXVI.

132 4674 196 4733 Vl.
224 4713 283 4724 —-
316 4688 450 4744 Item
482 4690 732 4760 ejusdem
759 4694 995 4768 epistolas
1032 4694 1107 4749 ad
1130 4696 1414 4751 Iulianum
1443 4700 1744 4768 episcopum

793 4766 1060 4822 Coensem.

182 4844 549 4912 Dilectissimo
576 4854 742 4911 fratri
770 4858 1000 4915 JULuno
1028 4860 1315 4932 episcOpo,
1352 4863 1483 4930 Leo,
1527 4868 1635 4919 etc.

185 4941 326 5000 Licet
368 4965 478 5020 per
530 4956 755 5006 nostros
783 4969 924 5024 quos
966 4955 1035 5008 ab
1083 4955 1219 5010 urbe
1264 4972 1367 5026 pro
1411 4956 1543 5010 fidei
1577 4973 1746 5012 causa

126 5030 411 5097 direximus
438 5044 807 5115 plenissimas
825 5047 898 5101 ad
923 5048 1160 5104 fratrem
1188 5050 1515 5104 Flavianum
1536 5051 1747 5105 litteras

126 5128 423 5191 miserimus
454 5143 656 5194 contra
684 5128 878 5195 nimias
916 5142 1221 5213 impietatis
1250 5159 1529 5214 errorem,
1555 5147 1745 5199 tamen

127 5222 241 5292 quia
265 5244 369 5299 per
406 5231 595 5287 filium
641 5240 897 5290 nostrum
922 5236 1189 5291 Basilium
1218 5237 1513 5293 diaconem
1538 5238 1747 5310 scripta

125 5318 219 5370 tute
244 5320 571 5380 dilectionis
596 5328 915 5399 accepimus
933 5347 1062 5402 qua:
1090 5332 1335 5387 multum
1362 5330 1528 5387 nobis
1554 5334 1743 5388 catho—

127 5405 200 5464 liCi
227 5429 425 5473 sensus
453 5420 678 5476 fervore
717 5423 1070 5494 placuerunt,
1101 5425 1272 5481 etiam
1303 5427 1451 5482 hanc
1478 5428 1747 5499 paginam

125 5517 232 5571 quia
270 5508 380 5564 illis
410 5512 669 5584 epistolis
717 5522 1058 5572 consonaret
1092 5519 1427 5590 adjecimus,
1454 5526 1519 5575 ut
1542 5521 1745 5575 unani-

125 5597 278 5656 miter
301 5607 482 5677 atque
526 5613 853 5666 constanter
882 5612 969 5666 his
1001 5612 1098 5684 qui
1127 5615 1503 5685 Evangelium
1541 5615 1747 5671 Christi

121 5704 476 5770 corrumpere
508 5702 746 5774 cupiunt
774 5705 1048 5761 resistatis
1073 5724 1085 5773 ;
1115 5708 1386 5779 quoniam
1424 5710 1607 5765 sancti
1633 5709 1751 5781 Spi-

123 5782 247 5843 ritus
270 5788 332 5847 in
380 5792 556 5849 nobis
578 5803 750 5870 atque
796 5799 953 5855 vobis
977 5817 1089 5856 una
1118 5806 1204 5857 est
1248 5802 1496 5858 eruditio
1525 5804 1751 5860 eadem-

121 5892 217 5950 que
248 5883 523 5943 doctrina
546 5907 715 5965 quam
746 5894 1070 5969 quicunque
1108 5913 1223 5952 non
1253 5897 1476 5970 recipit,
1521 5914 1637 5953 non
1668 5903 1753 5955 est

1836 1938 2024 1992 chaau's
2055 1937 2331 2007 obtineat,
2361 1954 2610 2009 quorum
2644 1939 2830 1993 nullus
2857 1940 2912 1994 in
2950 1942 3173 1996 Christo
3199 1943 3467 1999 humanas

1836 2031 2019 2085 carnis
2033 2031 2275 2086 credidit
2284 2032 2755 2097 veritatem.Quia
2770 2034 2962 2106 utique
2977 2052 3095 2090 non
3109 2042 3339 2109 recepta
3353 2055 3470 2093 non

1836 2126 2019 2179 solum
2037 2125 2188 2196 quod
2204 2126 2518 2180 secundum
2536 2142 2766 2180 carnem
2781 2131 2952 2199 atque
2965 2129 3219 2185 animam
3231 2131 3471 2187 rationa-

1837 2220 1947 2273 lem
1962 2219 2057 2290 qui
2076 2219 2266 2273 eratin
2285 2220 2473 2274 forma
2499 2220 2596 2274 Dei
2612 2237 2869 2289 manens,
2884 2222 3104 2278 idemiu
3123 2224 3308 2280 forma
3324 2228 3471 2282 servi

1839 2313 2009 2368 homo
2035 2319 2200 2368 natus
2229 2314 2600 2385 denegat,sed
2623 2315 2795 2370 etiam
2810 2317 2965 2388 quod
2986 2319 3285 2374 cruciﬁxus
3304 2324 3473 2390 est,et

1839 2412 2116 2474 mortuus,
2138 2425 2202 2462 ac
2233 2408 2506 2479 sepultus,
2531 2410 2797 2481 quodque
2826 2411 2914 2465 die
2943 2413 3110 2467 tertia
3136 2415 3401 2483 surrexit,
3417 2420 3473 2471 et

1839 2501 1990 2571 quod
2018 2502 2088 2556 ad
2117 2502 2408 2556 dexteram
2431 2503 2606 2557 Patris
2630 2504 2702 2557 ad
2719 2504 3063 2575 judicandos
3088 2508 3239 2562 vivos
3251 2514 3307 2563 et
3326 2525 3472 2564 mor-

1840 2598 1968 2650 tuos
1990 2596 2049 2649 in
2074 2612 2137 2649 eo
2164 2612 2401 2667 corpore
2430 2598 2504 2650 sit
2530 2603 2820 2668 venturus,
2844 2599 2902 2653 in
2922 2617 3034 2671 quo
3059 2607 3145 2657 est
3158 2603 3469 2675 judicatus,

1837 2689 2275 2753 abnuitur.Quia
2300 2690 2423 2744 base
2456 2690 2866 2763 redemptionis
2884 2699 3094 2749 nostrae
3121 2705 3473 2753 sacramenta

1839 2788 2169 2850 vacuantur,
2204 2784 2249 2837 si
2274 2784 2528 2840 Christus
2550 2802 2741 2839 veram
2771 2786 2887 2840 veri
2904 2788 3153 2844 hominis
3177 2795 3470 2864 totamque

1838 2883 2106 2931 naturam
2157 2879 2467 2950 suscepisse
2505 2896 2621 2933 non
2666 2881 2933 2936 creditur.
2980 2887 3064 2938 An
3114 2885 3245 2954 quia
3284 2887 3469 2941 mani-

1836 2972 1982 3026 festa
2029 2978 2195 3026 erant.
2226 2972 2389 3044 signa
2428 2973 2637 3041 divina,
2670 2974 2807 3029 falsa
2846 2976 3108 3032 dicentur
3131 2979 3472 3036 documenta

1840 3082 2113 3136 corporea
2141 3071 2197 3121 et
2234 3067 2559 3122 testimonia
2604 3069 2900 3141 utriusque
2924 3077 3145 3128 natura:
3180 3075 3468 3145 valebunt,

1842 3165 1902 3214 ut
1942 3166 2199 3214 creatura
2226 3162 2472 3216 salvetur
2498 3163 2525 3216 ?
2580 3162 2723 3226 Quid
2775 3164 3001 3220 deitatis
3053 3172 3156 3236 est,
3185 3186 3320 3225 caro
3353 3187 3471 3226 non

1838 3253 2044 3309 minuit
2075 3272 2087 3321 ;
2117 3256 2271 3326 quod
2304 3256 2490 3309 carnis
2521 3261 2624 3323 est,
2653 3257 2837 3312 deitas
2871 3275 2990 3314 non
3020 3263 3283 3333 peremit.
3318 3264 3472 3319 Idem

1837 3346 1990 3402 enim
2045 3351 2101 3401 et
2150 3349 2531 3419 sempiternus
2574 3366 2643 3405 ex
2691 3353 2881 3419 Patre,
2935 3357 2993 3409 et
3022 3358 3352 3426 temporalis
3402 3375 3472 3413 ex

1837 3446 2025 3495 matre
2046 3441 2103 3495 in
2130 3459 2232 3496 sua
2274 3443 2479 3498 virtute
2517 3444 2877 3514 inviolabilis,
2922 3447 2982 3501 in
3020 3452 3212 3504 nostra
3237 3451 3472 3506 inﬁmi-

1840 3537 1949 3589 tate
1997 3535 2295 3605 passibilis.
2356 3537 2417 3590 In
2447 3537 2658 3592 deitate
2710 3538 2997 3594 Trinitatis
3034 3558 3164 3596 cum
3218 3545 3384 3600 Patre
3414 3548 3473 3601 et

1837 3643 1968 3682 cum
2016 3628 2234 3699 Spiritu
2272 3634 2469 3684 sancto
2508 3631 2678 3686 unius
2719 3633 3091 3706 ejusdemque
3141 3641 3381 3694 naturas.
3409 3641 3470 3695 In

1838 3723 2191 3794 susceptione
2235 3729 2427 3782 autem
2459 3726 2704 3780 hominis
2751 3744 2867 3782 non
2906 3729 3077 3784 unius
3121 3732 3467 3806 substantias,

1837 3816 1939 3871 sed
1967 3817 2136 3871 unius
2155 3816 2526 3891 ejusdemque
2559 3835 2836 3891 personae,
2865 3826 2931 3877 ut
2958 3823 3110 3879 idem
3138 3831 3286 3883 esset
3314 3829 3470 3884 dives

1836 3910 1897 3965 in
1926 3913 2656 3984 paupertate,omnipotens
2681 3916 2741 3969 in
2766 3917 3471 3993 abjectione,impassibilis

1837 4004 1894 4060 in
1910 4006 2212 4077 supplicio,
2240 4006 2300 4062 in
2318 4014 2502 4063 morte
2522 4009 2880 4066 immortalis.
2913 4014 3022 4068 Nec
3045 4015 3197 4070 enim
3226 4018 3472 4073 Verbum

1838 4103 1938 4153 aut
1962 4099 2021 4154 in
2043 4117 2286 4171 carnsm,
2319 4105 2420 4156 aut
2445 4102 2504 4156 in
2535 4104 2784 4159 animam
2811 4106 3004 4178 aliqua
3027 4109 3111 4164 sui
3143 4114 3301 4181 parte
3328 4129 3465 4168 con-

1838 4209 2064 4248 versum
2094 4201 2197 4265 est,
2229 4210 2359 4250 cum
2386 4196 2622 4268 simplex
2665 4203 2724 4253 et
2749 4200 3232 4259 incommutabilis
3271 4211 3474 4263 natura

1839 4286 2061 4343 deitatis
2088 4292 2201 4344 tota
2226 4289 2298 4345 sit
2323 4307 2555 4362 semper
2578 4292 2637 4346 in
2665 4309 2766 4347 sua
2786 4296 3050 4366 essentia,
3063 4314 3169 4353 nec
3198 4299 3473 4357 damnum

1839 4381 1924 4435 sui
1956 4383 2256 4455 recipiens,
2317 4402 2421 4439 nec
2469 4393 2866 4459 augmentum,
2916 4396 2973 4445 et
2995 4392 3075 4447 sic
3121 4401 3474 4468 assumptam

1838 4481 2108 4531 naturam
2138 4478 2473 4534 beatiﬁcans
2487 4486 2551 4536 ut
2576 4482 2960 4551 gloriﬁcatain
2982 4486 3330 4555 gloriﬁcante
3352 4506 3477 4562 per-

1760 4593 1819 4666 D
1844 4574 2095 4624 maneat.
2146 4572 2257 4625 Cur
2284 4578 2475 4628 autem
2531 4574 2937 4632 inconveniens
2979 4586 3079 4634 aut
3123 4581 3473 4652 impossibile

1845 4664 2101 4719 videatur
2142 4671 2207 4720 ut
2234 4666 2494 4721 videlicet
2546 4674 2604 4723 et
2628 4685 2759 4724 caro
2807 4676 2865 4726 et
2891 4672 3084 4728 anima
3135 4692 3281 4731 unus
3322 4679 3478 4734 Jesus

1843 4758 2115 4826 Christus,
2162 4764 2219 4814 et
2244 4776 2393 4815 unus
2420 4762 2515 4816 Dei
2540 4763 2901 4837 hominisque
2926 4767 2999 4822 sit
3036 4769 3223 4839 Filius,
3259 4772 3304 4826 si
3345 4790 3478 4829 caro

1845 4857 1901 4907 et
1947 4853 2137 4908 anima
2185 4870 2313 4925 quas
2345 4855 2706 4912 dissimilium
2736 4864 3068 4917 naturarum
3121 4871 3271 4934 sunt,
3304 4885 3477 4924 unam

1844 4947 2060 5001 faciunt
2096 4948 2266 5003 etiam
2310 4950 2430 5005 sine
2476 4952 2644 5006 Verbi
2694 4952 3085 5013 incarnatione
3113 4977 3421 5031 personam
3451 4967 3479 5020 ?

1846 5056 1975 5094 cum
2000 5043 2182 5097 multo
2210 5043 2431 5099 facilius
2459 5045 2550 5115 sit,
2591 5053 2656 5102 ut
2685 5047 2829 5103 hanc
2859 5051 3137 5109 unitatem
3176 5057 3265 5111 sui
3306 5064 3478 5130 atque

1849 5135 2101 5190 nominis
2132 5137 2333 5192 deitati
2383 5145 2610 5210 praestet
2656 5146 2925 5215 potestas,
2964 5163 3137 5218 quam
3166 5155 3230 5205 ut
3266 5167 3389 5206 eam
3421 5153 3478 5206 in

1847 5229 2174 5285 substantiis
2224 5233 2341 5286 suis
2384 5234 2636 5291 obtineat
2686 5238 2858 5293 solius
2908 5239 3280 5299 humanitatis
3327 5246 3482 5299 inﬁr-

1849 5322 2035 5379 mitas.
2064 5326 2176 5380 Nec
2205 5327 2443 5382 verbum
2471 5328 2649 5400 igitur
2673 5332 2733 5386 in
2752 5350 3001 5404 carnem,
3024 5354 3129 5392 nec
3149 5338 3206 5391 in
3236 5339 3481 5395 Verbum

1848 5437 1979 5478 caro
2007 5426 2226 5477 mutata
2251 5426 2356 5493 est,
2390 5423 2490 5478 sed
2516 5430 2754 5497 utraque
2781 5427 2840 5482 in
2868 5446 2981 5484 uno
3010 5438 3221 5499 manet,
3254 5439 3311 5489 et
3338 5451 3483 5489 unus

1849 5516 1908 5571 in
1935 5521 2179 5589 utroque
2209 5522 2313 5586 est,
2343 5535 2458 5573 non
2484 5520 2813 5577 diversitate
2849 5523 3079 5594 divisus,
3110 5542 3223 5581 non
3261 5529 3478 5598 permi-

1849 5610 2031 5666 stione
2057 5612 2341 5680 confusus,
2374 5630 2477 5668 nec
2511 5616 2658 5670 alter
2682 5632 2751 5670 ex
2781 5617 2969 5687 Patre,
2997 5617 3143 5673 alter
3180 5636 3249 5674 ex
3277 5628 3481 5693 matre,

1850 5705 1953 5760 sed
1972 5705 2128 5761 idem
2149 5708 2316 5762 aliter
2327 5724 2397 5763 ex
2416 5710 2580 5764 Patre
2602 5715 2732 5765 ante
2753 5726 2924 5765 omne
2939 5712 3304 5787 principium,
3321 5719 3486 5776 aliter

1851 5799 1923 5855 de
1953 5806 2137 5856 matre
2178 5802 2238 5856 in
2269 5803 2381 5858 {ine
2411 5805 2771 5871 saeculorum,
2819 5808 2881 5860 ut
2906 5813 3052 5864 esset
3077 5810 3363 5870 mediator
3386 5814 3485 5872 Dei

1841 5898 1912 5950 et
1929 5895 2255 5968 hominum,
2286 5897 2457 5952 homo
2485 5899 2644 5955 lesus
2668 5899 2945 5959 Christus.
2975 5906 3037 5961 in
3058 5921 3173 5980 quo
3203 5909 3488 5971 habitaret
