  <div class='ocr_page' id='page_1' title='image "/cluster/home/n/w/nwhite01/storage/ocr_20150623/130/hvd.32044054759915/417.png"; bbox 0 0 4026 6182; ppageno 0'>
   <div class='ocr_carea' id='block_1_1' title="bbox 582 330 680 396">
    <p class='ocr_par' dir='ltr' id='par_1_1' title="bbox 582 330 680 396">
     <span class='ocr_line' id='line_1_1' title="bbox 582 330 680 396; baseline -0.01 -38"><span class='ocrx_word' id='word_1_1' title='bbox 582 330 680 396; x_wconf 67' lang='lat' dir='ltr'><strong>x7-..</strong></span> 
     </span>
     <span class='ocr_line' id='line_1_2' title="bbox 627 365 680 395; baseline -0.057 0"><span class='ocrx_word' id='word_1_2' title='bbox 627 365 680 395; x_wconf 69' lang='grc' dir='ltr'><strong>ιέΙ</strong></span> 
     </span>
    </p>
   </div>
   <div class='ocr_carea' id='block_1_2' title="bbox 627 365 684 395">
    <p class='ocr_par' dir='ltr' id='par_1_2' title="bbox 627 365 684 395">
     <span class='ocr_line' id='line_1_3' title="bbox 627 365 684 395; baseline -0.053 0"><span class='ocrx_word' id='word_1_3' title='bbox 627 365 684 395; x_wconf 70' lang='grc' dir='ltr'><strong>ιέι</strong></span> 
     </span>
    </p>
   </div>
   <div class='ocr_carea' id='block_1_3' title="bbox 1475 324 2230 389">
    <p class='ocr_par' dir='ltr' id='par_1_3' title="bbox 1475 324 2218 389">
     <span class='ocr_line' id='line_1_4' title="bbox 1475 324 2218 389; baseline -0.007 -1"><span class='ocrx_word' id='word_1_4' title='bbox 1475 324 1761 389; x_wconf 80' lang='lat' dir='ltr'><strong>APPEND.</strong></span> <span class='ocrx_word' id='word_1_5' title='bbox 1804 333 1890 388; x_wconf 83' lang='lat' dir='ltr'><strong>AD</strong></span> <span class='ocrx_word' id='word_1_6' title='bbox 1927 332 2087 388; x_wconf 59' lang='lat' dir='ltr'><strong>sazc.</strong></span> <span class='ocrx_word' id='word_1_7' title='bbox 2131 330 2218 384; x_wconf 85' lang='lat' dir='ltr'><strong>IX.</strong></span> 
     </span>
    </p>
   </div>
   <div class='ocr_carea' id='block_1_4' title="bbox 2330 324 3830 389">
    <p class='ocr_par' dir='ltr' id='par_1_4' title="bbox 2357 324 3830 385">
     <span class='ocr_line' id='line_1_5' title="bbox 2357 324 3830 385; baseline -0.002 -1"><span class='ocrx_word' id='word_1_8' title='bbox 2357 329 2601 385; x_wconf 85' lang='lat' dir='ltr'><strong>lSlDORl</strong></span> <span class='ocrx_word' id='word_1_9' title='bbox 2640 324 3063 383; x_wconf 73' lang='lat' dir='ltr'><strong>MERCATORIS</strong></span> <span class='ocrx_word' id='word_1_10' title='bbox 3752 332 3830 381; x_wconf 71' lang='lat'><strong>776</strong></span> 
     </span>
    </p>
   </div>
   <div class='ocr_carea' id='block_1_5' title="bbox 579 430 3836 523">
    <p class='ocr_par' dir='ltr' id='par_1_5' title="bbox 579 430 3836 523">
     <span class='ocr_line' id='line_1_6' title="bbox 579 430 3836 523; baseline -0.005 -21"><span class='ocrx_word' id='word_1_11' title='bbox 579 447 876 520; x_wconf 75' lang='lat' dir='ltr'><strong>plenitudo</strong></span> <span class='ocrx_word' id='word_1_12' title='bbox 893 444 1198 500; x_wconf 69' lang='lat' dir='ltr'><strong>divinitatis</strong></span> <span class='ocrx_word' id='word_1_13' title='bbox 1224 442 1617 514; x_wconf 81' lang='lat' dir='ltr'><strong>corporaliter,</strong></span> <span class='ocrx_word' id='word_1_14' title='bbox 1641 442 1776 513; x_wconf 83' lang='lat' dir='ltr'><strong>quia</strong></span> <span class='ocrx_word' id='word_1_15' title='bbox 1796 439 2071 511; x_wconf 85' lang='lat' dir='ltr'><strong>assumpti</strong></span> <span class='ocrx_word' id='word_1_16' title='bbox 2098 455 2212 492; x_wconf 85' lang='lat' dir='ltr'><strong>non</strong></span> <span class='ocrx_word' id='word_1_17' title='bbox 2236 452 2293 523; x_wconf 79' lang='grc' dir='ltr'><strong>Α</strong></span> <span class='ocrx_word' id='word_1_18' title='bbox 2315 437 2520 492; x_wconf 89' lang='lat' dir='ltr'><strong>curari.</strong></span> <span class='ocrx_word' id='word_1_19' title='bbox 2549 438 2687 490; x_wconf 89' lang='lat' dir='ltr'><strong>Data</strong></span> <span class='ocrx_word' id='word_1_20' title='bbox 2722 436 2847 490; x_wconf 90' lang='lat' dir='ltr'><strong>ldus</strong></span> <span class='ocrx_word' id='word_1_21' title='bbox 2871 433 3042 502; x_wconf 87' lang='lat' dir='ltr'><strong>Junii,</strong></span> <span class='ocrx_word' id='word_1_22' title='bbox 3073 430 3292 485; x_wconf 81' lang='lat' dir='ltr'><strong>Asterie</strong></span> <span class='ocrx_word' id='word_1_23' title='bbox 3319 433 3371 483; x_wconf 89' lang='lat' dir='ltr'><strong>et</strong></span> <span class='ocrx_word' id='word_1_24' title='bbox 3397 430 3668 500; x_wconf 82' lang='lat' dir='ltr'><strong>Protogene</strong></span> <span class='ocrx_word' id='word_1_25' title='bbox 3693 448 3836 485; x_wconf 65' lang='lat' dir='ltr'><strong>conm-</strong></span> 
     </span>
    </p>
   </div>
   <div class='ocr_carea' id='block_1_6' title="bbox 578 533 2216 609">
    <p class='ocr_par' dir='ltr' id='par_1_6' title="bbox 578 533 2216 609">
     <span class='ocr_line' id='line_1_7' title="bbox 578 533 2216 609; baseline -0.005 -14"><span class='ocrx_word' id='word_1_26' title='bbox 578 539 914 595; x_wconf 87' lang='lat' dir='ltr'><strong>assumentis</strong></span> <span class='ocrx_word' id='word_1_27' title='bbox 941 538 1230 609; x_wconf 88' lang='lat' dir='ltr'><strong>provectio</strong></span> <span class='ocrx_word' id='word_1_28' title='bbox 1259 540 1364 605; x_wconf 91' lang='lat' dir='ltr'><strong>est,</strong></span> <span class='ocrx_word' id='word_1_29' title='bbox 1386 558 1412 586; x_wconf 84' lang='lat'><strong>«</strong></span> <span class='ocrx_word' id='word_1_30' title='bbox 1443 536 1596 607; x_wconf 91' lang='lat' dir='ltr'><strong>quod</strong></span> <span class='ocrx_word' id='word_1_31' title='bbox 1616 536 1756 590; x_wconf 92' lang='lat' dir='ltr'><strong>Deus</strong></span> <span class='ocrx_word' id='word_1_32' title='bbox 1770 535 1933 591; x_wconf 90' lang='lat' dir='ltr'><strong>illum</strong></span> <span class='ocrx_word' id='word_1_33' title='bbox 1951 533 2216 589; x_wconf 86' lang='lat' dir='ltr'><strong>exaltavit</strong></span> 
     </span>
    </p>
   </div>
   <div class='ocr_carea' id='block_1_7' title="bbox 579 630 2216 703">
    <p class='ocr_par' dir='ltr' id='par_1_7' title="bbox 579 630 2216 703">
     <span class='ocr_line' id='line_1_8' title="bbox 579 630 2216 703; baseline -0.004 -14"><span class='ocrx_word' id='word_1_34' title='bbox 579 638 634 689; x_wconf 92' lang='lat' dir='ltr'><strong>et</strong></span> <span class='ocrx_word' id='word_1_35' title='bbox 661 632 887 688; x_wconf 90' lang='lat' dir='ltr'><strong>donavit</strong></span> <span class='ocrx_word' id='word_1_36' title='bbox 911 632 995 687; x_wconf 85' lang='lat' dir='ltr'>illi</span> <span class='ocrx_word' id='word_1_37' title='bbox 1012 647 1227 687; x_wconf 89' lang='lat' dir='ltr'><strong>nomen</strong></span> <span class='ocrx_word' id='word_1_38' title='bbox 1247 630 1398 703; x_wconf 91' lang='lat' dir='ltr'><strong>quod</strong></span> <span class='ocrx_word' id='word_1_39' title='bbox 1423 636 1507 684; x_wconf 91' lang='lat' dir='ltr'><strong>est</strong></span> <span class='ocrx_word' id='word_1_40' title='bbox 1534 646 1706 702; x_wconf 87' lang='lat' dir='ltr'><strong>super</strong></span> <span class='ocrx_word' id='word_1_41' title='bbox 1723 645 1892 684; x_wconf 90' lang='lat' dir='ltr'><strong>omne</strong></span> <span class='ocrx_word' id='word_1_42' title='bbox 1914 632 2216 697; x_wconf 90' lang='lat' dir='ltr'><strong>nomen,ut</strong></span> 
     </span>
    </p>
   </div>
   <div class='ocr_carea' id='block_1_8' title="bbox 540 722 2212 795">
    <p class='ocr_par' dir='ltr' id='par_1_8' title="bbox 540 722 2212 795">
     <span class='ocr_line' id='line_1_9' title="bbox 540 722 2212 795; baseline -0.005 -12"><span class='ocrx_word' id='word_1_43' title='bbox 540 730 543 731; x_wconf 61' lang='grc'><strong><em>⁷</em></strong></span> <span class='ocrx_word' id='word_1_44' title='bbox 579 729 638 783; x_wconf 92' lang='lat' dir='ltr'><strong>in</strong></span> <span class='ocrx_word' id='word_1_45' title='bbox 664 728 893 783; x_wconf 89' lang='lat' dir='ltr'><strong>nomine</strong></span> <span class='ocrx_word' id='word_1_46' title='bbox 919 727 1048 781; x_wconf 84' lang='lat' dir='ltr'><strong>Jesu</strong></span> <span class='ocrx_word' id='word_1_47' title='bbox 1075 742 1243 780; x_wconf 91' lang='lat' dir='ltr'><strong>omne</strong></span> <span class='ocrx_word' id='word_1_48' title='bbox 1271 724 1706 795; x_wconf 85' lang='lat' dir='ltr'><strong>genuflectatur,</strong></span> <span class='ocrx_word' id='word_1_49' title='bbox 1733 722 2067 791; x_wconf 75' lang='lat' dir='ltr'><strong>caelestium,</strong></span> <span class='ocrx_word' id='word_1_50' title='bbox 2096 727 2212 776; x_wconf 88' lang='lat' dir='ltr'><strong>ter-</strong></span> 
     </span>
    </p>
   </div>
   <div class='ocr_carea' id='block_1_9' title="bbox 579 816 2216 889">
    <p class='ocr_par' dir='ltr' id='par_1_9' title="bbox 579 816 2216 889">
     <span class='ocr_line' id='line_1_10' title="bbox 579 816 2216 889; baseline -0.005 -12"><span class='ocrx_word' id='word_1_51' title='bbox 579 822 866 889; x_wconf 88' lang='lat' dir='ltr'><strong>restrium,</strong></span> <span class='ocrx_word' id='word_1_52' title='bbox 890 823 947 876; x_wconf 91' lang='lat' dir='ltr'><strong>et</strong></span> <span class='ocrx_word' id='word_1_53' title='bbox 968 820 1350 885; x_wconf 87' lang='lat' dir='ltr'><strong>infernorum,</strong></span> <span class='ocrx_word' id='word_1_54' title='bbox 1382 823 1439 873; x_wconf 88' lang='lat' dir='ltr'><strong>et</strong></span> <span class='ocrx_word' id='word_1_55' title='bbox 1458 818 1647 873; x_wconf 90' lang='lat' dir='ltr'><strong>omnis</strong></span> <span class='ocrx_word' id='word_1_56' title='bbox 1667 818 1867 889; x_wconf 83' lang='lat' dir='ltr'>lingua</span> <span class='ocrx_word' id='word_1_57' title='bbox 1883 816 2216 871; x_wconf 87' lang='lat' dir='ltr'><strong>conﬁteatur</strong></span> 
     </span>
    </p>
   </div>
   <div class='ocr_carea' id='block_1_10' title="bbox 578 908 2213 988">
    <p class='ocr_par' dir='ltr' id='par_1_10' title="bbox 578 908 2213 988">
     <span class='ocr_line' id='line_1_11' title="bbox 578 908 2213 988; baseline -0.006 -17"><span class='ocrx_word' id='word_1_58' title='bbox 578 916 852 988; x_wconf 87' lang='lat' dir='ltr'><strong>quoniam</strong></span> <span class='ocrx_word' id='word_1_59' title='bbox 900 914 1167 969; x_wconf 87' lang='lat' dir='ltr'><strong>Dominus</strong></span> <span class='ocrx_word' id='word_1_60' title='bbox 1215 915 1375 968; x_wconf 88' lang='lat' dir='ltr'><strong>Jesus</strong></span> <span class='ocrx_word' id='word_1_61' title='bbox 1402 911 1657 968; x_wconf 82' lang='lat' dir='ltr'><strong>Christus</strong></span> <span class='ocrx_word' id='word_1_62' title='bbox 1700 911 1759 965; x_wconf 92' lang='lat' dir='ltr'><strong>in</strong></span> <span class='ocrx_word' id='word_1_63' title='bbox 1806 910 1983 982; x_wconf 81' lang='lat' dir='ltr'><strong>gloria</strong></span> <span class='ocrx_word' id='word_1_64' title='bbox 2006 914 2090 964; x_wconf 90' lang='lat' dir='ltr'><strong>est</strong></span> <span class='ocrx_word' id='word_1_65' title='bbox 2120 908 2213 963; x_wconf 87' lang='lat' dir='ltr'><strong>Dei</strong></span> 
     </span>
    </p>
   </div>
   <div class='ocr_carea' id='block_1_11' title="bbox 576 1003 2214 1079">
    <p class='ocr_par' dir='ltr' id='par_1_11' title="bbox 576 1003 2214 1079">
     <span class='ocr_line' id='line_1_12' title="bbox 576 1003 2214 1079; baseline -0.005 -14"><span class='ocrx_word' id='word_1_66' title='bbox 576 1009 756 1065; x_wconf 81' lang='lat' dir='ltr'><strong>Patris</strong></span> <span class='ocrx_word' id='word_1_67' title='bbox 785 1010 944 1079; x_wconf 79' lang='lat' dir='ltr'><strong>(Phil.</strong></span> <span class='ocrx_word' id='word_1_68' title='bbox 972 1025 1029 1075; x_wconf 90' lang='lat' dir='ltr'><strong>ll,</strong></span> <span class='ocrx_word' id='word_1_69' title='bbox 1065 1010 1117 1077; x_wconf 90' lang='lat'>9,</span> <span class='ocrx_word' id='word_1_70' title='bbox 1153 1010 1303 1072; x_wconf 75' lang='grc'><strong>11).»</strong></span> <span class='ocrx_word' id='word_1_71' title='bbox 1338 1008 1395 1062; x_wconf 90' lang='lat' dir='ltr'><strong>In</strong></span> <span class='ocrx_word' id='word_1_72' title='bbox 1427 1023 1494 1062; x_wconf 92' lang='lat' dir='ltr'><strong>eo</strong></span> <span class='ocrx_word' id='word_1_73' title='bbox 1520 1006 1675 1077; x_wconf 92' lang='lat' dir='ltr'><strong>quod</strong></span> <span class='ocrx_word' id='word_1_74' title='bbox 1710 1005 1987 1076; x_wconf 87' lang='lat' dir='ltr'><strong>Eutyches</strong></span> <span class='ocrx_word' id='word_1_75' title='bbox 2017 1004 2073 1058; x_wconf 91' lang='lat' dir='ltr'><strong>in</strong></span> <span class='ocrx_word' id='word_1_76' title='bbox 2102 1003 2214 1074; x_wconf 91' lang='lat' dir='ltr'><strong>epi-</strong></span> 
     </span>
    </p>
   </div>
   <div class='ocr_carea' id='block_1_12' title="bbox 578 1098 2212 1175">
    <p class='ocr_par' dir='ltr' id='par_1_12' title="bbox 578 1098 2212 1175">
     <span class='ocr_line' id='line_1_13' title="bbox 578 1098 2212 1175; baseline -0.004 -17"><span class='ocrx_word' id='word_1_77' title='bbox 578 1104 792 1175; x_wconf 89' lang='lat' dir='ltr'><strong>scopali</strong></span> <span class='ocrx_word' id='word_1_78' title='bbox 813 1101 1034 1173; x_wconf 88' lang='lat' dir='ltr'><strong>judicio</strong></span> <span class='ocrx_word' id='word_1_79' title='bbox 1062 1117 1233 1155; x_wconf 88' lang='lat' dir='ltr'><strong>ausus</strong></span> <span class='ocrx_word' id='word_1_80' title='bbox 1254 1105 1341 1155; x_wconf 91' lang='lat' dir='ltr'><strong>est</strong></span> <span class='ocrx_word' id='word_1_81' title='bbox 1368 1100 1576 1166; x_wconf 88' lang='lat' dir='ltr'><strong>dicere,</strong></span> <span class='ocrx_word' id='word_1_82' title='bbox 1610 1102 1739 1154; x_wconf 83' lang='lat' dir='ltr'><strong>ante</strong></span> <span class='ocrx_word' id='word_1_83' title='bbox 1764 1098 2212 1153; x_wconf 87' lang='lat' dir='ltr'><strong>incarnationem</strong></span> 
     </span>
    </p>
   </div>
   <div class='ocr_carea' id='block_1_13' title="bbox 579 1191 2215 1264">
    <p class='ocr_par' dir='ltr' id='par_1_13' title="bbox 579 1191 2215 1264">
     <span class='ocr_line' id='line_1_14' title="bbox 579 1191 2215 1264; baseline -0.005 -12"><span class='ocrx_word' id='word_1_84' title='bbox 579 1199 718 1252; x_wconf 91' lang='lat' dir='ltr'><strong>duas</strong></span> <span class='ocrx_word' id='word_1_85' title='bbox 744 1197 801 1250; x_wconf 90' lang='lat' dir='ltr'><strong>in</strong></span> <span class='ocrx_word' id='word_1_86' title='bbox 834 1195 1056 1252; x_wconf 81' lang='lat' dir='ltr'><strong>Christo</strong></span> <span class='ocrx_word' id='word_1_87' title='bbox 1096 1194 1273 1249; x_wconf 89' lang='lat' dir='ltr'><strong>fuisse</strong></span> <span class='ocrx_word' id='word_1_88' title='bbox 1319 1197 1570 1260; x_wconf 90' lang='lat' dir='ltr'><strong>naturas,</strong></span> <span class='ocrx_word' id='word_1_89' title='bbox 1610 1196 1737 1264; x_wconf 90' lang='lat' dir='ltr'><strong>post</strong></span> <span class='ocrx_word' id='word_1_90' title='bbox 1766 1191 2215 1247; x_wconf 86' lang='lat' dir='ltr'><strong>incarnationem</strong></span> 
     </span>
    </p>
   </div>
   <div class='ocr_carea' id='block_1_14' title="bbox 574 1285 2213 1356">
    <p class='ocr_par' dir='ltr' id='par_1_14' title="bbox 574 1285 2213 1356">
     <span class='ocr_line' id='line_1_15' title="bbox 574 1285 2213 1356; baseline -0.005 -11"><span class='ocrx_word' id='word_1_91' title='bbox 574 1293 774 1345; x_wconf 77' lang='lat' dir='ltr'><strong>autem</strong></span> <span class='ocrx_word' id='word_1_92' title='bbox 801 1305 977 1345; x_wconf 90' lang='lat' dir='ltr'><strong>unam</strong></span> <span class='ocrx_word' id='word_1_93' title='bbox 1006 1287 1394 1343; x_wconf 89' lang='lat' dir='ltr'><strong>necessarium</strong></span> <span class='ocrx_word' id='word_1_94' title='bbox 1431 1288 1638 1356; x_wconf 86' lang='lat' dir='ltr'><strong>fuerat,</strong></span> <span class='ocrx_word' id='word_1_95' title='bbox 1661 1290 1727 1341; x_wconf 93' lang='lat' dir='ltr'><strong>ut</strong></span> <span class='ocrx_word' id='word_1_96' title='bbox 1754 1286 1824 1340; x_wconf 90' lang='lat' dir='ltr'><strong>ad</strong></span> <span class='ocrx_word' id='word_1_97' title='bbox 1850 1285 2213 1340; x_wconf 91' lang='lat' dir='ltr'><strong>reddendum</strong></span> 
     </span>
    </p>
   </div>
   <div class='ocr_carea' id='block_1_15' title="bbox 582 1379 2218 1455">
    <p class='ocr_par' dir='ltr' id='par_1_15' title="bbox 582 1379 2218 1455">
     <span class='ocr_line' id='line_1_16' title="bbox 582 1379 2218 1455; baseline -0.005 -16"><span class='ocrx_word' id='word_1_98' title='bbox 582 1385 866 1439; x_wconf 86' lang='lat' dir='ltr'><strong>rationem</strong></span> <span class='ocrx_word' id='word_1_99' title='bbox 914 1382 1274 1455; x_wconf 85' lang='lat' dir='ltr'><strong>professionis</strong></span> <span class='ocrx_word' id='word_1_100' title='bbox 1328 1398 1445 1435; x_wconf 66' lang='lat' dir='ltr'><strong>sure</strong></span> <span class='ocrx_word' id='word_1_101' title='bbox 1497 1380 1709 1435; x_wconf 89' lang='lat' dir='ltr'><strong>crebris</strong></span> <span class='ocrx_word' id='word_1_102' title='bbox 1763 1383 1931 1451; x_wconf 90' lang='lat' dir='ltr'><strong>atque</strong></span> <span class='ocrx_word' id='word_1_103' title='bbox 1967 1379 2218 1433; x_wconf 89' lang='lat' dir='ltr'><strong>sollicitis</strong></span> 
     </span>
    </p>
   </div>
   <div class='ocr_carea' id='block_1_16' title="bbox 576 1475 2217 1550">
    <p class='ocr_par' dir='ltr' id='par_1_16' title="bbox 576 1475 2217 1550">
     <span class='ocr_line' id='line_1_17' title="bbox 576 1475 2217 1550; baseline -0.005 -17"><span class='ocrx_word' id='word_1_104' title='bbox 576 1477 838 1550; x_wconf 90' lang='lat' dir='ltr'><strong>judicum</strong></span> <span class='ocrx_word' id='word_1_105' title='bbox 886 1475 1429 1547; x_wconf 83' lang='lat' dir='ltr'><strong>interrogationibus</strong></span> <span class='ocrx_word' id='word_1_106' title='bbox 1471 1478 1795 1545; x_wconf 81' lang='lat' dir='ltr'><strong>urgeretur,</strong></span> <span class='ocrx_word' id='word_1_107' title='bbox 1840 1490 1913 1527; x_wconf 92' lang='lat' dir='ltr'><strong>ne</strong></span> <span class='ocrx_word' id='word_1_108' title='bbox 1940 1478 2217 1543; x_wconf 87' lang='lat' dir='ltr'><strong>tanquam</strong></span> 
     </span>
    </p>
   </div>
   <div class='ocr_carea' id='block_1_17' title="bbox 581 1566 2217 1642">
    <p class='ocr_par' dir='ltr' id='par_1_17' title="bbox 581 1566 2217 1642">
     <span class='ocr_line' id='line_1_18' title="bbox 581 1566 2217 1642; baseline -0.006 -15"><span class='ocrx_word' id='word_1_109' title='bbox 581 1573 750 1627; x_wconf 88' lang='lat' dir='ltr'><strong>inane</strong></span> <span class='ocrx_word' id='word_1_110' title='bbox 774 1571 987 1642; x_wconf 86' lang='lat' dir='ltr'><strong>aliquid</strong></span> <span class='ocrx_word' id='word_1_111' title='bbox 1012 1568 1448 1642; x_wconf 62' lang='lat' dir='ltr'><strong>praeterﬂueret,</strong></span> <span class='ocrx_word' id='word_1_112' title='bbox 1483 1568 1634 1639; x_wconf 91' lang='lat' dir='ltr'><strong>quod</strong></span> <span class='ocrx_word' id='word_1_113' title='bbox 1660 1566 1886 1622; x_wconf 88' lang='lat' dir='ltr'><strong>nonnisi</strong></span> <span class='ocrx_word' id='word_1_114' title='bbox 1916 1566 1985 1620; x_wconf 90' lang='lat' dir='ltr'><strong>de</strong></span> <span class='ocrx_word' id='word_1_115' title='bbox 2015 1566 2217 1620; x_wconf 89' lang='lat' dir='ltr'><strong>haustu</strong></span> 
     </span>
    </p>
   </div>
   <div class='ocr_carea' id='block_1_18' title="bbox 582 1659 2219 1735">
    <p class='ocr_par' dir='ltr' id='par_1_18' title="bbox 582 1659 2219 1735">
     <span class='ocr_line' id='line_1_19' title="bbox 582 1659 2219 1735; baseline -0.005 -14"><span class='ocrx_word' id='word_1_116' title='bbox 582 1670 981 1721; x_wconf 89' lang='lat' dir='ltr'><strong>veneratorum</strong></span> <span class='ocrx_word' id='word_1_117' title='bbox 1001 1664 1337 1735; x_wconf 90' lang='lat' dir='ltr'><strong>dogmatum</strong></span> <span class='ocrx_word' id='word_1_118' title='bbox 1351 1661 1663 1734; x_wconf 86' lang='lat' dir='ltr'><strong>apparebat</strong></span> <span class='ocrx_word' id='word_1_119' title='bbox 1679 1661 1922 1715; x_wconf 80' lang='lat' dir='ltr'><strong>effusum</strong></span> <span class='ocrx_word' id='word_1_120' title='bbox 1934 1702 1946 1714; x_wconf 94' lang='lat'><strong>.</strong></span> <span class='ocrx_word' id='word_1_121' title='bbox 1964 1659 2219 1715; x_wconf 87' lang='lat' dir='ltr'><strong>Arbitror</strong></span> 
     </span>
    </p>
   </div>
   <div class='ocr_carea' id='block_1_19' title="bbox 585 1753 2217 1829">
    <p class='ocr_par' dir='ltr' id='par_1_19' title="bbox 585 1753 2217 1829">
     <span class='ocr_line' id='line_1_20' title="bbox 585 1753 2217 1829; baseline -0.005 -15"><span class='ocrx_word' id='word_1_122' title='bbox 585 1760 741 1815; x_wconf 90' lang='lat' dir='ltr'><strong>enim</strong></span> <span class='ocrx_word' id='word_1_123' title='bbox 773 1758 908 1814; x_wconf 89' lang='lat' dir='ltr'><strong>talia</strong></span> <span class='ocrx_word' id='word_1_124' title='bbox 933 1758 1261 1829; x_wconf 83' lang='lat' dir='ltr'><strong>loquentem</strong></span> <span class='ocrx_word' id='word_1_125' title='bbox 1293 1756 1400 1810; x_wconf 93' lang='lat' dir='ltr'><strong>hoc</strong></span> <span class='ocrx_word' id='word_1_126' title='bbox 1428 1756 1637 1810; x_wconf 89' lang='lat' dir='ltr'><strong>habere</strong></span> <span class='ocrx_word' id='word_1_127' title='bbox 1674 1770 2036 1826; x_wconf 85' lang='lat' dir='ltr'><strong>persuasum,</strong></span> <span class='ocrx_word' id='word_1_128' title='bbox 2063 1753 2217 1824; x_wconf 89' lang='lat' dir='ltr'><strong>quod</strong></span> 
     </span>
    </p>
   </div>
   <div class='ocr_carea' id='block_1_20' title="bbox 2322 531 3633 676">
    <p class='ocr_par' dir='ltr' id='par_1_20' title="bbox 2322 531 3633 676">
     <span class='ocr_line' id='line_1_21' title="bbox 2322 531 3633 676; baseline -0.005 -11"><span class='ocrx_word' id='word_1_129' title='bbox 2322 531 2488 585; x_wconf 45' lang='lat' dir='ltr'><strong>“bus.</strong></span> <span class='ocrx_word' id='word_1_130' title='bbox 2597 612 2702 665; x_wconf 80' lang='grc' dir='ltr'><strong>νη.</strong></span> <span class='ocrx_word' id='word_1_131' title='bbox 2732 638 2801 653; x_wconf 76' lang='grc' dir='ltr'><strong>-ο-</strong></span> <span class='ocrx_word' id='word_1_132' title='bbox 2832 610 2926 664; x_wconf 86' lang='lat' dir='ltr'><strong>Ad</strong></span> <span class='ocrx_word' id='word_1_133' title='bbox 2961 608 3308 662; x_wconf 84' lang='lat' dir='ltr'><strong>Theodosium</strong></span> <span class='ocrx_word' id='word_1_134' title='bbox 3339 608 3633 676; x_wconf 83' lang='lat' dir='ltr'><strong>Augustum.</strong></span> 
     </span>
    </p>
   </div>
   <div class='ocr_carea' id='block_1_21' title="bbox 2388 700 3839 772">
    <p class='ocr_par' dir='ltr' id='par_1_21' title="bbox 2388 700 3839 772">
     <span class='ocr_line' id='line_1_22' title="bbox 2388 700 3839 772; baseline -0.006 -11"><span class='ocrx_word' id='word_1_135' title='bbox 2388 705 2589 762; x_wconf 62' lang='lat' dir='ltr'><strong>Cmsari</strong></span> <span class='ocrx_word' id='word_1_136' title='bbox 2630 706 2938 758; x_wconf 74' lang='lat' dir='ltr'><strong>Tnaonosm</strong></span> <span class='ocrx_word' id='word_1_137' title='bbox 2982 700 3404 772; x_wconf 88' lang='lat' dir='ltr'><strong>religiosissimo</strong></span> <span class='ocrx_word' id='word_1_138' title='bbox 3442 704 3496 753; x_wconf 89' lang='lat' dir='ltr'><strong>et</strong></span> <span class='ocrx_word' id='word_1_139' title='bbox 3526 700 3734 770; x_wconf 83' lang='lat' dir='ltr'><strong>piissimo</strong></span> <span class='ocrx_word' id='word_1_140' title='bbox 3762 706 3839 754; x_wconf 77' lang='lat' dir='ltr'><strong>An-</strong></span> 
     </span>
    </p>
   </div>
   <div class='ocr_carea' id='block_1_22' title="bbox 2316 792 3772 871">
    <p class='ocr_par' dir='ltr' id='par_1_22' title="bbox 2316 792 3772 871">
     <span class='ocr_line' id='line_1_23' title="bbox 2316 792 3772 871; baseline -0.007 -16"><span class='ocrx_word' id='word_1_141' title='bbox 2316 807 2480 871; x_wconf 85' lang='lat' dir='ltr'><strong>gusto</strong></span> <span class='ocrx_word' id='word_1_142' title='bbox 2513 801 2625 853; x_wconf 60' lang='grc' dir='ltr'><strong>ι,Εο</strong></span> <span class='ocrx_word' id='word_1_143' title='bbox 2654 815 2805 870; x_wconf 89' lang='lat' dir='ltr'><strong>papa</strong></span> <span class='ocrx_word' id='word_1_144' title='bbox 2836 795 3095 851; x_wconf 68' lang='lat' dir='ltr'><strong>Ecclesiae</strong></span> <span class='ocrx_word' id='word_1_145' title='bbox 3122 794 3413 848; x_wconf 65' lang='lat' dir='ltr'><strong>catholica:</strong></span> <span class='ocrx_word' id='word_1_146' title='bbox 3437 792 3579 846; x_wconf 88' lang='lat' dir='ltr'><strong>urbis</strong></span> <span class='ocrx_word' id='word_1_147' title='bbox 3604 794 3772 846; x_wconf 63' lang='lat' dir='ltr'><strong>Romae.</strong></span> 
     </span>
    </p>
   </div>
   <div class='ocr_carea' id='block_1_23' title="bbox 2384 886 3845 959">
    <p class='ocr_par' dir='ltr' id='par_1_23' title="bbox 2384 886 3845 959">
     <span class='ocr_line' id='line_1_24' title="bbox 2384 886 3845 959; baseline -0.006 -11"><span class='ocrx_word' id='word_1_148' title='bbox 2384 895 2670 959; x_wconf 87' lang='lat' dir='ltr'><strong>Quantum</strong></span> <span class='ocrx_word' id='word_1_149' title='bbox 2725 891 2896 946; x_wconf 87' lang='lat' dir='ltr'><strong>rebus</strong></span> <span class='ocrx_word' id='word_1_150' title='bbox 2936 888 3201 943; x_wconf 88' lang='lat' dir='ltr'><strong>humanis</strong></span> <span class='ocrx_word' id='word_1_151' title='bbox 3255 886 3529 942; x_wconf 90' lang='lat' dir='ltr'><strong>consulere</strong></span> <span class='ocrx_word' id='word_1_152' title='bbox 3573 886 3845 956; x_wconf 80' lang='lat' dir='ltr'><strong>providentia</strong></span> 
     </span>
    </p>
   </div>
   <div class='ocr_carea' id='block_1_24' title="bbox 2316 980 3845 1056">
    <p class='ocr_par' dir='ltr' id='par_1_24' title="bbox 2316 980 3845 1056">
     <span class='ocr_line' id='line_1_25' title="bbox 2316 980 3845 1056; baseline -0.007 -14"><span class='ocrx_word' id='word_1_153' title='bbox 2316 988 2504 1042; x_wconf 91' lang='lat' dir='ltr'><strong>divina</strong></span> <span class='ocrx_word' id='word_1_154' title='bbox 2549 987 2841 1056; x_wconf 81' lang='lat' dir='ltr'><strong>dignetur,</strong></span> <span class='ocrx_word' id='word_1_155' title='bbox 2885 981 3205 1039; x_wconf 89' lang='lat' dir='ltr'><strong>sollicitudo</strong></span> <span class='ocrx_word' id='word_1_156' title='bbox 3236 981 3534 1035; x_wconf 76' lang='lat' dir='ltr'><strong>clementiae</strong></span> <span class='ocrx_word' id='word_1_157' title='bbox 3567 985 3734 1034; x_wconf 68' lang='lat' dir='ltr'><strong>vestra:</strong></span> <span class='ocrx_word' id='word_1_158' title='bbox 3766 980 3845 1050; x_wconf 86' lang='lat' dir='ltr'><strong>spi-</strong></span> 
     </span>
    </p>
   </div>
   <div class='ocr_carea' id='block_1_25' title="bbox 2316 1073 3845 1146">
    <p class='ocr_par' dir='ltr' id='par_1_25' title="bbox 2316 1073 3845 1146">
     <span class='ocr_line' id='line_1_26' title="bbox 2316 1073 3845 1146; baseline -0.006 -10"><span class='ocrx_word' id='word_1_159' title='bbox 2316 1082 2430 1136; x_wconf 88' lang='lat' dir='ltr'><strong>ritu</strong></span> <span class='ocrx_word' id='word_1_160' title='bbox 2460 1081 2562 1134; x_wconf 89' lang='lat' dir='ltr'><strong>Dei</strong></span> <span class='ocrx_word' id='word_1_161' title='bbox 2592 1079 2823 1133; x_wconf 88' lang='lat' dir='ltr'><strong>incitata</strong></span> <span class='ocrx_word' id='word_1_162' title='bbox 2867 1078 3238 1144; x_wconf 88' lang='lat' dir='ltr'><strong>demonstrat,</strong></span> <span class='ocrx_word' id='word_1_163' title='bbox 3278 1090 3399 1146; x_wconf 77' lang='lat' dir='ltr'><strong>quae</strong></span> <span class='ocrx_word' id='word_1_164' title='bbox 3435 1073 3487 1126; x_wconf 92' lang='lat' dir='ltr'><strong>in</strong></span> <span class='ocrx_word' id='word_1_165' title='bbox 3527 1073 3757 1126; x_wconf 85' lang='lat' dir='ltr'><strong>catholica</strong></span> <span class='ocrx_word' id='word_1_166' title='bbox 3780 1075 3845 1127; x_wconf 77' lang='lat' dir='ltr'><strong>Ec-</strong></span> 
     </span>
    </p>
   </div>
   <div class='ocr_carea' id='block_1_26' title="bbox 2317 1166 3845 1243">
    <p class='ocr_par' dir='ltr' id='par_1_26' title="bbox 2317 1166 3845 1243">
     <span class='ocr_line' id='line_1_27' title="bbox 2317 1166 3845 1243; baseline -0.007 -14"><span class='ocrx_word' id='word_1_167' title='bbox 2317 1175 2486 1229; x_wconf 90' lang='lat' dir='ltr'><strong>clesia</strong></span> <span class='ocrx_word' id='word_1_168' title='bbox 2533 1174 2678 1228; x_wconf 91' lang='lat' dir='ltr'><strong>nihil</strong></span> <span class='ocrx_word' id='word_1_169' title='bbox 2721 1173 3088 1243; x_wconf 88' lang='lat' dir='ltr'><strong>impacatum,</strong></span> <span class='ocrx_word' id='word_1_170' title='bbox 3139 1168 3282 1223; x_wconf 90' lang='lat' dir='ltr'><strong>nihil</strong></span> <span class='ocrx_word' id='word_1_171' title='bbox 3328 1169 3441 1222; x_wconf 82' lang='lat' dir='ltr'><strong>vult</strong></span> <span class='ocrx_word' id='word_1_172' title='bbox 3478 1182 3584 1220; x_wconf 90' lang='lat' dir='ltr'><strong>esse</strong></span> <span class='ocrx_word' id='word_1_173' title='bbox 3622 1166 3845 1229; x_wconf 86' lang='lat' dir='ltr'><strong>diversum,</strong></span> 
     </span>
    </p>
   </div>
   <div class='ocr_carea' id='block_1_27' title="bbox 2318 1259 3846 1341">
    <p class='ocr_par' dir='ltr' id='par_1_27' title="bbox 2318 1259 3846 1341">
     <span class='ocr_line' id='line_1_28' title="bbox 2318 1259 3846 1341; baseline -0.009 -17"><span class='ocrx_word' id='word_1_174' title='bbox 2318 1269 2587 1341; x_wconf 89' lang='lat' dir='ltr'><strong>quoniam</strong></span> <span class='ocrx_word' id='word_1_175' title='bbox 2618 1267 2780 1332; x_wconf 85' lang='lat' dir='ltr'><strong>ﬁdes,</strong></span> <span class='ocrx_word' id='word_1_176' title='bbox 2811 1282 2940 1336; x_wconf 65' lang='lat' dir='ltr'><strong>quae</strong></span> <span class='ocrx_word' id='word_1_177' title='bbox 2966 1280 3083 1319; x_wconf 90' lang='lat' dir='ltr'><strong>non</strong></span> <span class='ocrx_word' id='word_1_178' title='bbox 3112 1262 3222 1317; x_wconf 89' lang='lat' dir='ltr'><strong>nisi</strong></span> <span class='ocrx_word' id='word_1_179' title='bbox 3240 1279 3349 1316; x_wconf 91' lang='lat' dir='ltr'><strong>una</strong></span> <span class='ocrx_word' id='word_1_180' title='bbox 3373 1265 3472 1330; x_wconf 89' lang='lat' dir='ltr'><strong>est,</strong></span> <span class='ocrx_word' id='word_1_181' title='bbox 3498 1260 3554 1314; x_wconf 89' lang='lat' dir='ltr'><strong>in</strong></span> <span class='ocrx_word' id='word_1_182' title='bbox 3570 1259 3701 1315; x_wconf 88' lang='lat' dir='ltr'><strong>nullo</strong></span> <span class='ocrx_word' id='word_1_183' title='bbox 3721 1263 3846 1329; x_wconf 79' lang='lat' dir='ltr'><strong>potest</strong></span> 
     </span>
    </p>
   </div>
   <div class='ocr_carea' id='block_1_28' title="bbox 2319 1360 2899 1418">
    <p class='ocr_par' dir='ltr' id='par_1_28' title="bbox 2319 1360 2899 1418">
     <span class='ocr_line' id='line_1_29' title="bbox 2319 1360 2899 1418; baseline -0.007 0"><span class='ocrx_word' id='word_1_184' title='bbox 2319 1380 2441 1418; x_wconf 87' lang='lat' dir='ltr'><strong>esse</strong></span> <span class='ocrx_word' id='word_1_185' title='bbox 2472 1362 2559 1417; x_wconf 92' lang='lat' dir='ltr'><strong>sui</strong></span> <span class='ocrx_word' id='word_1_186' title='bbox 2589 1360 2899 1416; x_wconf 85' lang='lat' dir='ltr'><strong>dissimilis.</strong></span> 
     </span>
    </p>
   </div>
   <div class='ocr_carea' id='block_1_29' title="bbox 2390 1447 3846 1525">
    <p class='ocr_par' dir='ltr' id='par_1_29' title="bbox 2390 1447 3846 1525">
     <span class='ocr_line' id='line_1_30' title="bbox 2390 1447 3846 1525; baseline -0.009 -13"><span class='ocrx_word' id='word_1_187' title='bbox 2390 1458 2549 1513; x_wconf 84' lang='lat' dir='ltr'><strong>Unde</strong></span> <span class='ocrx_word' id='word_1_188' title='bbox 2589 1455 2721 1510; x_wconf 90' lang='lat' dir='ltr'><strong>licet</strong></span> <span class='ocrx_word' id='word_1_189' title='bbox 2757 1454 3038 1525; x_wconf 82' lang='lat' dir='ltr'><strong>Eutyches</strong></span> <span class='ocrx_word' id='word_1_190' title='bbox 3079 1454 3361 1523; x_wconf 88' lang='lat' dir='ltr'><strong>quantum</strong></span> <span class='ocrx_word' id='word_1_191' title='bbox 3405 1452 3666 1520; x_wconf 88' lang='lat' dir='ltr'><strong>gestorum</strong></span> <span class='ocrx_word' id='word_1_192' title='bbox 3698 1447 3846 1518; x_wconf 75' lang='lat' dir='ltr'><strong>episco-</strong></span> 
     </span>
    </p>
   </div>
   <div class='ocr_carea' id='block_1_30' title="bbox 2317 1540 3851 1624">
    <p class='ocr_par' dir='ltr' id='par_1_30' title="bbox 2317 1540 3851 1624">
     <span class='ocr_line' id='line_1_31' title="bbox 2317 1540 3851 1624; baseline -0.008 -19"><span class='ocrx_word' id='word_1_193' title='bbox 2317 1551 2535 1624; x_wconf 92' lang='lat' dir='ltr'><strong>palium</strong></span> <span class='ocrx_word' id='word_1_194' title='bbox 2548 1550 2686 1604; x_wconf 90' lang='lat' dir='ltr'><strong>ordo</strong></span> <span class='ocrx_word' id='word_1_195' title='bbox 2702 1545 3265 1620; x_wconf 88' lang='lat' dir='ltr'><strong>patefecit,imperite</strong></span> <span class='ocrx_word' id='word_1_196' title='bbox 3281 1548 3448 1614; x_wconf 89' lang='lat' dir='ltr'><strong>atque</strong></span> <span class='ocrx_word' id='word_1_197' title='bbox 3460 1540 3851 1612; x_wconf 80' lang='lat' dir='ltr'><strong>imprudenterer-</strong></span> 
     </span>
    </p>
   </div>
   <div class='ocr_carea' id='block_1_31' title="bbox 2319 1634 3849 1709">
    <p class='ocr_par' dir='ltr' id='par_1_31' title="bbox 2319 1634 3849 1709">
     <span class='ocr_line' id='line_1_32' title="bbox 2319 1634 3849 1709; baseline -0.008 -10"><span class='ocrx_word' id='word_1_198' title='bbox 2319 1661 2441 1699; x_wconf 91' lang='lat' dir='ltr'><strong>rare</strong></span> <span class='ocrx_word' id='word_1_199' title='bbox 2476 1644 2732 1699; x_wconf 91' lang='lat' dir='ltr'><strong>detectus</strong></span> <span class='ocrx_word' id='word_1_200' title='bbox 2760 1641 2850 1709; x_wconf 92' lang='lat' dir='ltr'><strong>sit,</strong></span> <span class='ocrx_word' id='word_1_201' title='bbox 2896 1639 3277 1709; x_wconf 89' lang='lat' dir='ltr'><strong>debueritque</strong></span> <span class='ocrx_word' id='word_1_202' title='bbox 3307 1655 3339 1692; x_wconf 91' lang='lat' dir='ltr'><strong>a</strong></span> <span class='ocrx_word' id='word_1_203' title='bbox 3378 1653 3473 1690; x_wconf 91' lang='lat' dir='ltr'><strong>sua</strong></span> <span class='ocrx_word' id='word_1_204' title='bbox 3504 1634 3684 1689; x_wconf 88' lang='lat' dir='ltr'><strong>merito</strong></span> <span class='ocrx_word' id='word_1_205' title='bbox 3713 1649 3849 1703; x_wconf 84' lang='lat' dir='ltr'><strong>repro-</strong></span> 
     </span>
    </p>
   </div>
   <div class='ocr_carea' id='block_1_32' title="bbox 2317 1727 3851 1808">
    <p class='ocr_par' dir='ltr' id='par_1_32' title="bbox 2317 1727 3851 1808">
     <span class='ocr_line' id='line_1_33' title="bbox 2317 1727 3851 1808; baseline -0.009 -15"><span class='ocrx_word' id='word_1_206' title='bbox 2317 1738 2488 1793; x_wconf 91' lang='lat' dir='ltr'><strong>babili</strong></span> <span class='ocrx_word' id='word_1_207' title='bbox 2507 1735 2873 1808; x_wconf 88' lang='lat' dir='ltr'><strong>persuasione</strong></span> <span class='ocrx_word' id='word_1_208' title='bbox 2907 1732 3221 1799; x_wconf 90' lang='lat' dir='ltr'><strong>discedere,</strong></span> <span class='ocrx_word' id='word_1_209' title='bbox 3254 1736 3527 1803; x_wconf 90' lang='lat' dir='ltr'><strong>quantum</strong></span> <span class='ocrx_word' id='word_1_210' title='bbox 3549 1734 3712 1783; x_wconf 85' lang='lat' dir='ltr'><strong>tamen</strong></span> <span class='ocrx_word' id='word_1_211' title='bbox 3731 1727 3851 1797; x_wconf 83' lang='lat' dir='ltr'><strong>pietas</strong></span> 
     </span>
    </p>
   </div>
   <div class='ocr_carea' id='block_1_33' title="bbox 586 1815 2230 1924">
    <p class='ocr_par' dir='ltr' id='par_1_33' title="bbox 586 1847 2220 1924">
     <span class='ocr_line' id='line_1_34' title="bbox 586 1847 2220 1924; baseline -0.006 -15"><span class='ocrx_word' id='word_1_212' title='bbox 586 1854 798 1922; x_wconf 87' lang='lat' dir='ltr'><strong>anima,</strong></span> <span class='ocrx_word' id='word_1_213' title='bbox 832 1868 1003 1924; x_wconf 88' lang='lat' dir='ltr'><strong>quam</strong></span> <span class='ocrx_word' id='word_1_214' title='bbox 1041 1851 1297 1906; x_wconf 85' lang='lat' dir='ltr'><strong>Salvator</strong></span> <span class='ocrx_word' id='word_1_215' title='bbox 1323 1849 1632 1920; x_wconf 86' lang='lat' dir='ltr'><strong>assumpsit</strong></span> <span class='ocrx_word' id='word_1_216' title='bbox 1674 1848 1829 1919; x_wconf 90' lang='lat' dir='ltr'><strong>prius</strong></span> <span class='ocrx_word' id='word_1_217' title='bbox 1868 1847 1926 1901; x_wconf 89' lang='lat' dir='ltr'><strong>in</strong></span> <span class='ocrx_word' id='word_1_218' title='bbox 1967 1847 2119 1901; x_wconf 64' lang='lat' dir='ltr'><strong>caelis</strong></span> <span class='ocrx_word' id='word_1_219' title='bbox 2149 1847 2220 1900; x_wconf 90' lang='lat' dir='ltr'><strong>sit</strong></span> 
     </span>
    </p>
   </div>
   <div class='ocr_carea' id='block_1_34' title="bbox 2330 1815 3848 1924">
    <p class='ocr_par' dir='ltr' id='par_1_34' title="bbox 2330 1815 3848 1898">
     <span class='ocr_line' id='line_1_35' title="bbox 2330 1815 3848 1898; baseline -0.01 -15"><span class='ocrx_word' id='word_1_220' title='bbox 2330 1831 2659 1898; x_wconf 72' lang='lat' dir='ltr'><strong>vestra,quae</strong></span> <span class='ocrx_word' id='word_1_221' title='bbox 2686 1827 2745 1880; x_wconf 91' lang='lat' dir='ltr'><strong>in</strong></span> <span class='ocrx_word' id='word_1_222' title='bbox 2774 1825 3055 1879; x_wconf 89' lang='lat' dir='ltr'><strong>honorem</strong></span> <span class='ocrx_word' id='word_1_223' title='bbox 3072 1822 3171 1876; x_wconf 89' lang='lat' dir='ltr'><strong>Dei</strong></span> <span class='ocrx_word' id='word_1_224' title='bbox 3190 1818 3593 1892; x_wconf 85' lang='lat' dir='ltr'><strong>religiosissime</strong></span> <span class='ocrx_word' id='word_1_225' title='bbox 3608 1815 3848 1871; x_wconf 77' lang='lat' dir='ltr'><strong>catholicam</strong></span> 
     </span>
    </p>
   </div>
   <div class='ocr_carea' id='block_1_35' title="bbox 584 1943 2220 2017">
    <p class='ocr_par' dir='ltr' id='par_1_35' title="bbox 584 1943 2220 2017">
     <span class='ocr_line' id='line_1_36' title="bbox 584 1943 2220 2017; baseline -0.006 -14"><span class='ocrx_word' id='word_1_226' title='bbox 584 1951 946 2003; x_wconf 89' lang='lat' dir='ltr'><strong>commorata</strong></span> <span class='ocrx_word' id='word_1_227' title='bbox 988 1961 1161 2017; x_wconf 90' lang='lat' dir='ltr'><strong>quam</strong></span> <span class='ocrx_word' id='word_1_228' title='bbox 1210 1944 1281 1998; x_wconf 91' lang='lat' dir='ltr'><strong>de</strong></span> <span class='ocrx_word' id='word_1_229' title='bbox 1321 1943 1552 2014; x_wconf 83' lang='lat' dir='ltr'><strong>Virgine</strong></span> <span class='ocrx_word' id='word_1_230' title='bbox 1581 1947 1930 2008; x_wconf 89' lang='lat' dir='ltr'><strong>nasceretur,</strong></span> <span class='ocrx_word' id='word_1_231' title='bbox 1982 1957 2220 2012; x_wconf 89' lang='lat' dir='ltr'><strong>eamque</strong></span> 
     </span>
    </p>
   </div>
   <div class='ocr_carea' id='block_1_36' title="bbox 583 2034 2220 2108">
    <p class='ocr_par' dir='ltr' id='par_1_36' title="bbox 583 2034 2220 2108">
     <span class='ocr_line' id='line_1_37' title="bbox 583 2034 2220 2108; baseline -0.005 -12"><span class='ocrx_word' id='word_1_232' title='bbox 583 2041 689 2096; x_wconf 89' lang='lat' dir='ltr'><strong>sibi</strong></span> <span class='ocrx_word' id='word_1_233' title='bbox 716 2040 963 2095; x_wconf 85' lang='lat' dir='ltr'><strong>Verbum</strong></span> <span class='ocrx_word' id='word_1_234' title='bbox 1006 2039 1065 2092; x_wconf 89' lang='lat' dir='ltr'><strong>in</strong></span> <span class='ocrx_word' id='word_1_235' title='bbox 1091 2043 1255 2093; x_wconf 89' lang='lat' dir='ltr'><strong>utero</strong></span> <span class='ocrx_word' id='word_1_236' title='bbox 1299 2036 1616 2108; x_wconf 88' lang='lat' dir='ltr'><strong>copularet.</strong></span> <span class='ocrx_word' id='word_1_237' title='bbox 1649 2036 1758 2091; x_wconf 91' lang='lat' dir='ltr'><strong>Sed</strong></span> <span class='ocrx_word' id='word_1_238' title='bbox 1798 2036 1906 2090; x_wconf 88' lang='lat' dir='ltr'><strong>hoc</strong></span> <span class='ocrx_word' id='word_1_239' title='bbox 1934 2034 2220 2089; x_wconf 61' lang='lat' dir='ltr'><strong>catholicae</strong></span> 
     </span>
    </p>
   </div>
   <div class='ocr_carea' id='block_1_37' title="bbox 586 2129 2223 2204">
    <p class='ocr_par' dir='ltr' id='par_1_37' title="bbox 586 2129 2223 2204">
     <span class='ocr_line' id='line_1_38' title="bbox 586 2129 2223 2204; baseline -0.005 -14"><span class='ocrx_word' id='word_1_240' title='bbox 586 2139 811 2190; x_wconf 88' lang='lat' dir='ltr'><strong>mentes</strong></span> <span class='ocrx_word' id='word_1_241' title='bbox 842 2149 1124 2204; x_wconf 90' lang='lat' dir='ltr'><strong>auresque</strong></span> <span class='ocrx_word' id='word_1_242' title='bbox 1140 2148 1255 2187; x_wconf 90' lang='lat' dir='ltr'><strong>non</strong></span> <span class='ocrx_word' id='word_1_243' title='bbox 1286 2132 1549 2199; x_wconf 87' lang='lat' dir='ltr'><strong>tolerant,</strong></span> <span class='ocrx_word' id='word_1_244' title='bbox 1572 2130 1707 2201; x_wconf 89' lang='lat' dir='ltr'><strong>quia</strong></span> <span class='ocrx_word' id='word_1_245' title='bbox 1731 2129 1871 2183; x_wconf 91' lang='lat' dir='ltr'><strong>nihil</strong></span> <span class='ocrx_word' id='word_1_246' title='bbox 1902 2145 2095 2184; x_wconf 89' lang='lat' dir='ltr'><strong>secum</strong></span> <span class='ocrx_word' id='word_1_247' title='bbox 2118 2130 2223 2182; x_wconf 92' lang='lat' dir='ltr'><strong>Do-</strong></span> 
     </span>
    </p>
   </div>
   <div class='ocr_carea' id='block_1_38' title="bbox 585 2221 2218 2284">
    <p class='ocr_par' dir='ltr' id='par_1_38' title="bbox 585 2221 2218 2284">
     <span class='ocr_line' id='line_1_39' title="bbox 585 2221 2218 2284; baseline -0.005 -1"><span class='ocrx_word' id='word_1_248' title='bbox 585 2229 779 2284; x_wconf 88' lang='lat' dir='ltr'><strong>minus</strong></span> <span class='ocrx_word' id='word_1_249' title='bbox 806 2228 875 2282; x_wconf 92' lang='lat' dir='ltr'><strong>de</strong></span> <span class='ocrx_word' id='word_1_250' title='bbox 905 2228 1041 2281; x_wconf 75' lang='lat' dir='ltr'><strong>ccelo</strong></span> <span class='ocrx_word' id='word_1_251' title='bbox 1066 2225 1303 2280; x_wconf 89' lang='lat' dir='ltr'><strong>veniens</strong></span> <span class='ocrx_word' id='word_1_252' title='bbox 1336 2227 1546 2279; x_wconf 57' lang='lat' dir='ltr'><strong>nostra</strong></span> <span class='ocrx_word' id='word_1_253' title='bbox 1579 2222 1920 2278; x_wconf 89' lang='lat' dir='ltr'><strong>conditionis</strong></span> <span class='ocrx_word' id='word_1_254' title='bbox 1945 2221 2218 2277; x_wconf 79' lang='lat' dir='ltr'><strong>exhibuit.</strong></span> 
     </span>
    </p>
   </div>
   <div class='ocr_carea' id='block_1_39' title="bbox 587 2316 2224 2390">
    <p class='ocr_par' dir='ltr' id='par_1_39' title="bbox 587 2316 2224 2390">
     <span class='ocr_line' id='line_1_40' title="bbox 587 2316 2224 2390; baseline -0.005 -13"><span class='ocrx_word' id='word_1_255' title='bbox 587 2325 696 2377; x_wconf 90' lang='lat' dir='ltr'><strong>Nec</strong></span> <span class='ocrx_word' id='word_1_256' title='bbox 723 2321 976 2376; x_wconf 87' lang='lat' dir='ltr'><strong>animam</strong></span> <span class='ocrx_word' id='word_1_257' title='bbox 1004 2320 1159 2375; x_wconf 92' lang='lat' dir='ltr'><strong>enim</strong></span> <span class='ocrx_word' id='word_1_258' title='bbox 1186 2336 1314 2390; x_wconf 70' lang='lat' dir='ltr'><strong>quae</strong></span> <span class='ocrx_word' id='word_1_259' title='bbox 1346 2316 1600 2372; x_wconf 87' lang='lat' dir='ltr'><strong>anterior</strong></span> <span class='ocrx_word' id='word_1_260' title='bbox 1626 2316 1946 2385; x_wconf 80' lang='lat' dir='ltr'><strong>exstitisset,</strong></span> <span class='ocrx_word' id='word_1_261' title='bbox 1978 2332 2081 2370; x_wconf 90' lang='lat' dir='ltr'><strong>nec</strong></span> <span class='ocrx_word' id='word_1_262' title='bbox 2110 2331 2224 2369; x_wconf 86' lang='lat' dir='ltr'><strong>car-</strong></span> 
     </span>
    </p>
   </div>
   <div class='ocr_carea' id='block_1_40' title="bbox 586 2400 2224 2488">
    <p class='ocr_par' dir='ltr' id='par_1_40' title="bbox 586 2400 2224 2488">
     <span class='ocr_line' id='line_1_41' title="bbox 586 2400 2224 2488; baseline -0.005 -16"><span class='ocrx_word' id='word_1_263' title='bbox 586 2400 722 2472; x_wconf 84' lang='lat' dir='ltr'><strong>nem</strong></span> <span class='ocrx_word' id='word_1_264' title='bbox 749 2431 878 2488; x_wconf 64' lang='lat' dir='ltr'><strong>quae</strong></span> <span class='ocrx_word' id='word_1_265' title='bbox 899 2431 1019 2469; x_wconf 89' lang='lat' dir='ltr'><strong>non</strong></span> <span class='ocrx_word' id='word_1_266' title='bbox 1045 2412 1287 2468; x_wconf 88' lang='lat' dir='ltr'><strong>materni</strong></span> <span class='ocrx_word' id='word_1_267' title='bbox 1312 2411 1560 2483; x_wconf 88' lang='lat' dir='ltr'><strong>corporis</strong></span> <span class='ocrx_word' id='word_1_268' title='bbox 1577 2413 1741 2479; x_wconf 89' lang='lat' dir='ltr'><strong>esset,</strong></span> <span class='ocrx_word' id='word_1_269' title='bbox 1764 2409 2000 2480; x_wconf 91' lang='lat' dir='ltr'><strong>accepit.</strong></span> <span class='ocrx_word' id='word_1_270' title='bbox 2015 2410 2224 2463; x_wconf 89' lang='lat' dir='ltr'><strong>Natura</strong></span> 
     </span>
    </p>
   </div>
   <div class='ocr_carea' id='block_1_41' title="bbox 588 2480 3065 2583">
    <p class='ocr_par' dir='ltr' id='par_1_41' title="bbox 588 2480 3065 2583">
     <span class='ocr_line' id='line_1_42' title="bbox 588 2480 3065 2583; baseline -0.006 -18"><span class='ocrx_word' id='word_1_271' title='bbox 588 2480 800 2583; x_wconf 75' lang='lat' dir='ltr'><strong>quippe</strong></span> <span class='ocrx_word' id='word_1_272' title='bbox 834 2512 1025 2564; x_wconf 90' lang='lat' dir='ltr'><strong>nostra</strong></span> <span class='ocrx_word' id='word_1_273' title='bbox 1047 2524 1165 2563; x_wconf 89' lang='lat' dir='ltr'><strong>non</strong></span> <span class='ocrx_word' id='word_1_274' title='bbox 1199 2506 1276 2562; x_wconf 90' lang='lat' dir='ltr'><strong>sic</strong></span> <span class='ocrx_word' id='word_1_275' title='bbox 1304 2480 1592 2576; x_wconf 79' lang='lat' dir='ltr'><strong>assumpta</strong></span> <span class='ocrx_word' id='word_1_276' title='bbox 1618 2509 1721 2573; x_wconf 91' lang='lat' dir='ltr'><strong>est,</strong></span> <span class='ocrx_word' id='word_1_277' title='bbox 1755 2509 1817 2558; x_wconf 91' lang='lat' dir='ltr'><strong>ut</strong></span> <span class='ocrx_word' id='word_1_278' title='bbox 1843 2504 2003 2575; x_wconf 89' lang='lat' dir='ltr'><strong>prius</strong></span> <span class='ocrx_word' id='word_1_279' title='bbox 2033 2507 2224 2557; x_wconf 90' lang='lat' dir='ltr'><strong>creata</strong></span> <span class='ocrx_word' id='word_1_280' title='bbox 2318 2484 2556 2557; x_wconf 68' lang='grc' dir='ltr'><strong>,ἱιιδῖίῑίεε</strong></span> <span class='ocrx_word' id='word_1_281' title='bbox 2608 2488 2664 2583; x_wconf 51' lang='lat' dir='ltr'><strong>ei</strong></span> <span class='ocrx_word' id='word_1_282' title='bbox 2693 2480 3065 2583; x_wconf 52' lang='grc' dir='ltr'><strong>δθηίξῐιξξεῗξε</strong></span> 
     </span>
    </p>
   </div>
   <div class='ocr_carea' id='block_1_42' title="bbox 585 2598 2220 2678">
    <p class='ocr_par' dir='ltr' id='par_1_42' title="bbox 585 2598 2220 2678">
     <span class='ocr_line' id='line_1_43' title="bbox 585 2598 2220 2678; baseline -0.007 -17"><span class='ocrx_word' id='word_1_283' title='bbox 585 2608 716 2678; x_wconf 89' lang='lat' dir='ltr'><strong>post</strong></span> <span class='ocrx_word' id='word_1_284' title='bbox 740 2601 1251 2670; x_wconf 89' lang='lat' dir='ltr'><strong>assumeretur,sed</strong></span> <span class='ocrx_word' id='word_1_285' title='bbox 1273 2606 1334 2655; x_wconf 90' lang='lat' dir='ltr'><strong>ut</strong></span> <span class='ocrx_word' id='word_1_286' title='bbox 1348 2601 1471 2672; x_wconf 90' lang='lat' dir='ltr'><strong>ipsa</strong></span> <span class='ocrx_word' id='word_1_287' title='bbox 1490 2598 1879 2670; x_wconf 88' lang='lat' dir='ltr'><strong>assumptione</strong></span> <span class='ocrx_word' id='word_1_288' title='bbox 1917 2602 2220 2652; x_wconf 89' lang='lat' dir='ltr'><strong>crearetur.</strong></span> 
     </span>
    </p>
   </div>
   <div class='ocr_carea' id='block_1_43' title="bbox 587 2690 2225 2770">
    <p class='ocr_par' dir='ltr' id='par_1_43' title="bbox 587 2690 2225 2770">
     <span class='ocr_line' id='line_1_44' title="bbox 587 2690 2225 2770; baseline -0.007 -15"><span class='ocrx_word' id='word_1_289' title='bbox 587 2699 743 2755; x_wconf 89' lang='lat' dir='ltr'><strong>Unde</strong></span> <span class='ocrx_word' id='word_1_290' title='bbox 788 2697 944 2770; x_wconf 91' lang='lat' dir='ltr'><strong>quod</strong></span> <span class='ocrx_word' id='word_1_291' title='bbox 989 2696 1047 2751; x_wconf 91' lang='lat' dir='ltr'><strong>in</strong></span> <span class='ocrx_word' id='word_1_292' title='bbox 1078 2695 1321 2766; x_wconf 89' lang='lat' dir='ltr'><strong>Origene</strong></span> <span class='ocrx_word' id='word_1_293' title='bbox 1365 2693 1570 2748; x_wconf 87' lang='lat' dir='ltr'><strong>merito</strong></span> <span class='ocrx_word' id='word_1_294' title='bbox 1620 2692 1951 2746; x_wconf 88' lang='lat' dir='ltr'><strong>damnatum</strong></span> <span class='ocrx_word' id='word_1_295' title='bbox 1997 2695 2098 2757; x_wconf 86' lang='lat' dir='ltr'><strong>est,</strong></span> <span class='ocrx_word' id='word_1_296' title='bbox 2128 2690 2225 2761; x_wconf 91' lang='lat' dir='ltr'><strong>qui</strong></span> 
     </span>
    </p>
   </div>
   <div class='ocr_carea' id='block_1_44' title="bbox 588 2785 2223 2861">
    <p class='ocr_par' dir='ltr' id='par_1_44' title="bbox 588 2785 2223 2861">
     <span class='ocr_line' id='line_1_45' title="bbox 588 2785 2223 2861; baseline -0.007 -13"><span class='ocrx_word' id='word_1_297' title='bbox 588 2793 914 2847; x_wconf 89' lang='lat' dir='ltr'><strong>animarum</strong></span> <span class='ocrx_word' id='word_1_298' title='bbox 957 2794 1268 2861; x_wconf 89' lang='lat' dir='ltr'><strong>antequam</strong></span> <span class='ocrx_word' id='word_1_299' title='bbox 1307 2787 1640 2859; x_wconf 86' lang='lat' dir='ltr'><strong>corporibus</strong></span> <span class='ocrx_word' id='word_1_300' title='bbox 1668 2785 2076 2851; x_wconf 89' lang='lat' dir='ltr'><strong>insererentur,</strong></span> <span class='ocrx_word' id='word_1_301' title='bbox 2108 2800 2223 2838; x_wconf 92' lang='lat' dir='ltr'><strong>non</strong></span> 
     </span>
    </p>
   </div>
   <div class='ocr_carea' id='block_1_45' title="bbox 589 2878 2223 2953">
    <p class='ocr_par' dir='ltr' id='par_1_45' title="bbox 589 2878 2223 2953">
     <span class='ocr_line' id='line_1_46' title="bbox 589 2878 2223 2953; baseline -0.006 -12"><span class='ocrx_word' id='word_1_302' title='bbox 589 2886 774 2941; x_wconf 90' lang='lat' dir='ltr'><strong>solum</strong></span> <span class='ocrx_word' id='word_1_303' title='bbox 810 2885 970 2953; x_wconf 89' lang='lat' dir='ltr'><strong>vitas,</strong></span> <span class='ocrx_word' id='word_1_304' title='bbox 1013 2883 1112 2937; x_wconf 90' lang='lat' dir='ltr'><strong>sed</strong></span> <span class='ocrx_word' id='word_1_305' title='bbox 1153 2888 1209 2937; x_wconf 90' lang='lat' dir='ltr'><strong>et</strong></span> <span class='ocrx_word' id='word_1_306' title='bbox 1236 2882 1487 2936; x_wconf 88' lang='lat' dir='ltr'><strong>diversas</strong></span> <span class='ocrx_word' id='word_1_307' title='bbox 1525 2879 1699 2934; x_wconf 88' lang='lat' dir='ltr'><strong>fuisse</strong></span> <span class='ocrx_word' id='word_1_308' title='bbox 1729 2878 1926 2933; x_wconf 88' lang='lat' dir='ltr'><strong>asserit</strong></span> <span class='ocrx_word' id='word_1_309' title='bbox 1956 2878 2223 2945; x_wconf 90' lang='lat' dir='ltr'><strong>actiones,</strong></span> 
     </span>
    </p>
   </div>
   <div class='ocr_carea' id='block_1_46' title="bbox 2320 1908 3949 1993">
    <p class='ocr_par' dir='ltr' id='par_1_46' title="bbox 2320 1908 3949 1993">
     <span class='ocr_line' id='line_1_47' title="bbox 2320 1908 3949 1993; baseline -0.01 -16"><span class='ocrx_word' id='word_1_310' title='bbox 2320 1922 2506 1993; x_wconf 87' lang='lat' dir='ltr'><strong>diligit</strong></span> <span class='ocrx_word' id='word_1_311' title='bbox 2533 1921 2854 1986; x_wconf 87' lang='lat' dir='ltr'><strong>veritatem,</strong></span> <span class='ocrx_word' id='word_1_312' title='bbox 2884 1917 3038 1989; x_wconf 88' lang='lat' dir='ltr'><strong>apud</strong></span> <span class='ocrx_word' id='word_1_313' title='bbox 3067 1916 3352 1987; x_wconf 87' lang='lat' dir='ltr'><strong>Ephesum</strong></span> <span class='ocrx_word' id='word_1_314' title='bbox 3378 1911 3645 1967; x_wconf 86' lang='lat' dir='ltr'><strong>constituit</strong></span> <span class='ocrx_word' id='word_1_315' title='bbox 3666 1908 3851 1981; x_wconf 85' lang='lat' dir='ltr'><strong>synodale</strong></span> <span class='ocrx_word' id='word_1_316' title='bbox 3948 1922 3949 1993; x_wconf 56' lang='grc' dir='ltr'><strong>ξ</strong></span> 
     </span>
    </p>
   </div>
   <div class='ocr_carea' id='block_1_47' title="bbox 2320 2001 3852 2085">
    <p class='ocr_par' dir='ltr' id='par_1_47' title="bbox 2320 2001 3852 2085">
     <span class='ocr_line' id='line_1_48' title="bbox 2320 2001 3852 2085; baseline -0.01 -14"><span class='ocrx_word' id='word_1_317' title='bbox 2320 2015 2627 2071; x_wconf 87' lang='lat' dir='ltr'><strong>concilium</strong></span> <span class='ocrx_word' id='word_1_318' title='bbox 2647 2013 2695 2085; x_wconf 76' lang='grc'><strong>1</strong></span> <span class='ocrx_word' id='word_1_319' title='bbox 2712 2011 2828 2085; x_wconf 78' lang='grc'><strong>91</strong></span> <span class='ocrx_word' id='word_1_320' title='bbox 2856 2015 2919 2066; x_wconf 89' lang='lat' dir='ltr'><strong>ut</strong></span> <span class='ocrx_word' id='word_1_321' title='bbox 2936 2011 3240 2082; x_wconf 90' lang='lat' dir='ltr'><strong>imperitus</strong></span> <span class='ocrx_word' id='word_1_322' title='bbox 3257 2008 3315 2062; x_wconf 89' lang='lat' dir='ltr'><strong>in</strong></span> <span class='ocrx_word' id='word_1_323' title='bbox 3333 2023 3442 2079; x_wconf 89' lang='lat' dir='ltr'><strong>quo</strong></span> <span class='ocrx_word' id='word_1_324' title='bbox 3455 2005 3611 2059; x_wconf 91' lang='lat' dir='ltr'><strong>nimis</strong></span> <span class='ocrx_word' id='word_1_325' title='bbox 3624 2001 3852 2073; x_wconf 82' lang='lat' dir='ltr'><strong>caligat,in-</strong></span> 
     </span>
    </p>
   </div>
   <div class='ocr_carea' id='block_1_48' title="bbox 2321 2098 3852 2177">
    <p class='ocr_par' dir='ltr' id='par_1_48' title="bbox 2321 2098 3852 2177">
     <span class='ocr_line' id='line_1_49' title="bbox 2321 2098 3852 2177; baseline -0.012 -11"><span class='ocrx_word' id='word_1_326' title='bbox 2321 2111 2592 2177; x_wconf 89' lang='lat' dir='ltr'><strong>calescat;</strong></span> <span class='ocrx_word' id='word_1_327' title='bbox 2620 2109 2821 2163; x_wconf 73' lang='lat' dir='ltr'><strong>fratres</strong></span> <span class='ocrx_word' id='word_1_328' title='bbox 2848 2122 3005 2160; x_wconf 90' lang='lat' dir='ltr'><strong>meos</strong></span> <span class='ocrx_word' id='word_1_329' title='bbox 3023 2103 3317 2159; x_wconf 71' lang='lat' dir='ltr'><strong>Iulianum</strong></span> <span class='ocrx_word' id='word_1_330' title='bbox 3338 2098 3852 2172; x_wconf 75' lang='lat' dir='ltr'><strong>episcopum,etliena-</strong></span> 
     </span>
    </p>
   </div>
   <div class='ocr_carea' id='block_1_49' title="bbox 2321 2189 3855 2275">
    <p class='ocr_par' dir='ltr' id='par_1_49' title="bbox 2321 2189 3855 2275">
     <span class='ocr_line' id='line_1_50' title="bbox 2321 2189 3855 2275; baseline -0.012 -16"><span class='ocrx_word' id='word_1_331' title='bbox 2321 2209 2444 2260; x_wconf 91' lang='lat' dir='ltr'><strong>tum</strong></span> <span class='ocrx_word' id='word_1_332' title='bbox 2472 2202 2892 2275; x_wconf 87' lang='lat' dir='ltr'><strong>presbyterum,</strong></span> <span class='ocrx_word' id='word_1_333' title='bbox 2926 2202 2984 2253; x_wconf 91' lang='lat' dir='ltr'><strong>et</strong></span> <span class='ocrx_word' id='word_1_334' title='bbox 3008 2197 3190 2252; x_wconf 84' lang='lat' dir='ltr'><strong>tilium</strong></span> <span class='ocrx_word' id='word_1_335' title='bbox 3228 2212 3428 2250; x_wconf 89' lang='lat' dir='ltr'><strong>meum</strong></span> <span class='ocrx_word' id='word_1_336' title='bbox 3459 2193 3701 2248; x_wconf 89' lang='lat' dir='ltr'><strong>Hilarium</strong></span> <span class='ocrx_word' id='word_1_337' title='bbox 3728 2189 3855 2243; x_wconf 86' lang='lat' dir='ltr'><strong>diaco-</strong></span> 
     </span>
    </p>
   </div>
   <div class='ocr_carea' id='block_1_50' title="bbox 2325 2282 3858 2367">
    <p class='ocr_par' dir='ltr' id='par_1_50' title="bbox 2325 2282 3858 2367">
     <span class='ocr_line' id='line_1_51' title="bbox 2325 2282 3858 2367; baseline -0.012 -14"><span class='ocrx_word' id='word_1_338' title='bbox 2325 2314 2464 2353; x_wconf 89' lang='lat' dir='ltr'><strong>num</strong></span> <span class='ocrx_word' id='word_1_339' title='bbox 2489 2296 2637 2366; x_wconf 90' lang='lat' dir='ltr'><strong>misi,</strong></span> <span class='ocrx_word' id='word_1_340' title='bbox 2671 2296 2770 2367; x_wconf 91' lang='lat' dir='ltr'><strong>qui</strong></span> <span class='ocrx_word' id='word_1_341' title='bbox 2796 2294 2866 2348; x_wconf 91' lang='lat' dir='ltr'><strong>ad</strong></span> <span class='ocrx_word' id='word_1_342' title='bbox 2896 2293 3079 2347; x_wconf 86' lang='lat' dir='ltr'><strong>vicem</strong></span> <span class='ocrx_word' id='word_1_343' title='bbox 3105 2290 3426 2363; x_wconf 66' lang='lat' dir='ltr'><strong>praesentiae</strong></span> <span class='ocrx_word' id='word_1_344' title='bbox 3445 2303 3581 2342; x_wconf 65' lang='lat' dir='ltr'><strong>mea:</strong></span> <span class='ocrx_word' id='word_1_345' title='bbox 3599 2302 3687 2356; x_wconf 89' lang='lat' dir='ltr'><strong>pro</strong></span> <span class='ocrx_word' id='word_1_346' title='bbox 3712 2282 3858 2352; x_wconf 84' lang='lat' dir='ltr'><strong>negotii</strong></span> 
     </span>
    </p>
   </div>
   <div class='ocr_carea' id='block_1_51' title="bbox 2325 2377 3859 2463">
    <p class='ocr_par' dir='ltr' id='par_1_51' title="bbox 2325 2377 3859 2463">
     <span class='ocr_line' id='line_1_52' title="bbox 2325 2377 3859 2463; baseline -0.012 -16"><span class='ocrx_word' id='word_1_347' title='bbox 2325 2392 2595 2463; x_wconf 89' lang='lat' dir='ltr'><strong>qualitate</strong></span> <span class='ocrx_word' id='word_1_348' title='bbox 2639 2378 2986 2453; x_wconf 67' lang='lat' dir='ltr'><strong>sufficerent,</strong></span> <span class='ocrx_word' id='word_1_349' title='bbox 3040 2389 3097 2440; x_wconf 91' lang='lat' dir='ltr'><strong>et</strong></span> <span class='ocrx_word' id='word_1_350' title='bbox 3135 2384 3233 2456; x_wconf 88' lang='lat' dir='ltr'><strong>qui</strong></span> <span class='ocrx_word' id='word_1_351' title='bbox 3287 2400 3419 2439; x_wconf 89' lang='lat' dir='ltr'><strong>eum</strong></span> <span class='ocrx_word' id='word_1_352' title='bbox 3450 2396 3625 2436; x_wconf 89' lang='lat' dir='ltr'><strong>secum</strong></span> <span class='ocrx_word' id='word_1_353' title='bbox 3657 2377 3859 2433; x_wconf 75' lang='lat' dir='ltr'><strong>deferrent</strong></span> 
     </span>
    </p>
   </div>
   <div class='ocr_carea' id='block_1_52' title="bbox 3114 2468 3860 2546">
    <p class='ocr_par' dir='ltr' id='par_1_52' title="bbox 3114 2468 3860 2546">
     <span class='ocr_line' id='line_1_53' title="bbox 3114 2468 3860 2546; baseline -0.016 -13"><span class='ocrx_word' id='word_1_354' title='bbox 3114 2479 3403 2545; x_wconf 80' lang='lat' dir='ltr'><strong>atl&#39;ectum,</strong></span> <span class='ocrx_word' id='word_1_355' title='bbox 3436 2480 3494 2530; x_wconf 91' lang='lat' dir='ltr'><strong>ut</strong></span> <span class='ocrx_word' id='word_1_356' title='bbox 3534 2475 3651 2546; x_wconf 88' lang='lat' dir='ltr'><strong>quia</strong></span> <span class='ocrx_word' id='word_1_357' title='bbox 3688 2468 3860 2526; x_wconf 79' lang='lat' dir='ltr'><strong>dubitari</strong></span> 
     </span>
    </p>
   </div>
   <div class='ocr_carea' id='block_1_53' title="bbox 2328 2561 3859 2652">
    <p class='ocr_par' dir='ltr' id='par_1_53' title="bbox 2328 2561 3859 2652">
     <span class='ocr_line' id='line_1_54' title="bbox 2328 2561 3859 2652; baseline -0.01 -17"><span class='ocrx_word' id='word_1_358' title='bbox 2328 2596 2443 2635; x_wconf 89' lang='lat' dir='ltr'><strong>non</strong></span> <span class='ocrx_word' id='word_1_359' title='bbox 2460 2582 2648 2652; x_wconf 88' lang='lat' dir='ltr'><strong>potest</strong></span> <span class='ocrx_word' id='word_1_360' title='bbox 2664 2593 2791 2649; x_wconf 62' lang='lat' dir='ltr'><strong>quae</strong></span> <span class='ocrx_word' id='word_1_361' title='bbox 2807 2576 2879 2630; x_wconf 90' lang='lat' dir='ltr'><strong>sit</strong></span> <span class='ocrx_word' id='word_1_362' title='bbox 2900 2573 3238 2629; x_wconf 67' lang='lat' dir='ltr'><strong>Christiana:</strong></span> <span class='ocrx_word' id='word_1_363' title='bbox 3260 2568 3612 2626; x_wconf 87' lang='lat' dir='ltr'><strong>confessionis</strong></span> <span class='ocrx_word' id='word_1_364' title='bbox 3630 2561 3859 2635; x_wconf 63' lang='lat' dir='ltr'><strong>integritas</strong></span> 
     </span>
    </p>
   </div>
   <div class='ocr_carea' id='block_1_54' title="bbox 2326 2658 3862 2741">
    <p class='ocr_par' dir='ltr' id='par_1_54' title="bbox 2326 2658 3862 2741">
     <span class='ocr_line' id='line_1_55' title="bbox 2326 2658 3862 2741; baseline -0.012 -12"><span class='ocrx_word' id='word_1_365' title='bbox 2326 2679 2382 2729; x_wconf 90' lang='lat' dir='ltr'><strong>et</strong></span> <span class='ocrx_word' id='word_1_366' title='bbox 2410 2673 2585 2729; x_wconf 88' lang='lat' dir='ltr'><strong>totius</strong></span> <span class='ocrx_word' id='word_1_367' title='bbox 2615 2670 2821 2727; x_wconf 87' lang='lat' dir='ltr'><strong>erroris</strong></span> <span class='ocrx_word' id='word_1_368' title='bbox 2848 2668 3095 2741; x_wconf 87' lang='lat' dir='ltr'><strong>pravitas</strong></span> <span class='ocrx_word' id='word_1_369' title='bbox 3122 2668 3523 2729; x_wconf 88' lang='lat' dir='ltr'><strong>damnaretur;</strong></span> <span class='ocrx_word' id='word_1_370' title='bbox 3552 2665 3603 2716; x_wconf 90' lang='lat' dir='ltr'><strong>et</strong></span> <span class='ocrx_word' id='word_1_371' title='bbox 3619 2658 3862 2729; x_wconf 83' lang='lat' dir='ltr'><strong>resipiscens</strong></span> 
     </span>
    </p>
   </div>
   <div class='ocr_carea' id='block_1_55' title="bbox 2327 2746 3864 2839">
    <p class='ocr_par' dir='ltr' id='par_1_55' title="bbox 2327 2746 3864 2839">
     <span class='ocr_line' id='line_1_56' title="bbox 2327 2746 3864 2839; baseline -0.014 -16"><span class='ocrx_word' id='word_1_372' title='bbox 2327 2768 2427 2839; x_wconf 91' lang='lat' dir='ltr'><strong>qui</strong></span> <span class='ocrx_word' id='word_1_373' title='bbox 2451 2766 2792 2831; x_wconf 89' lang='lat' dir='ltr'><strong>deviaverat,</strong></span> <span class='ocrx_word' id='word_1_374' title='bbox 2811 2763 2858 2818; x_wconf 87' lang='lat' dir='ltr'><strong>si</strong></span> <span class='ocrx_word' id='word_1_375' title='bbox 2884 2779 2987 2834; x_wconf 92' lang='lat' dir='ltr'><strong>pro</strong></span> <span class='ocrx_word' id='word_1_376' title='bbox 3008 2761 3172 2816; x_wconf 90' lang='lat' dir='ltr'><strong>venia</strong></span> <span class='ocrx_word' id='word_1_377' title='bbox 3198 2758 3561 2831; x_wconf 89' lang='lat' dir='ltr'><strong>supplicaret,</strong></span> <span class='ocrx_word' id='word_1_378' title='bbox 3590 2746 3864 2808; x_wconf 77' lang='lat' dir='ltr'><strong>sacerdotalis</strong></span> 
     </span>
    </p>
   </div>
   <div class='ocr_carea' id='block_1_56' title="bbox 2326 2850 3865 2918">
    <p class='ocr_par' dir='ltr' id='par_1_56' title="bbox 2326 2850 3865 2918">
     <span class='ocr_line' id='line_1_57' title="bbox 2326 2850 3865 2918; baseline -0.016 -1"><span class='ocrx_word' id='word_1_379' title='bbox 2326 2866 2384 2918; x_wconf 89' lang='lat' dir='ltr'><strong>et</strong></span> <span class='ocrx_word' id='word_1_380' title='bbox 2410 2858 2804 2916; x_wconf 87' lang='lat' dir='ltr'><strong>benevolentia</strong></span> <span class='ocrx_word' id='word_1_381' title='bbox 2819 2855 3165 2911; x_wconf 87' lang='lat' dir='ltr'><strong>subveniret.</strong></span> <span class='ocrx_word' id='word_1_382' title='bbox 3194 2855 3342 2909; x_wconf 84' lang='lat' dir='ltr'><strong>Cum</strong></span> <span class='ocrx_word' id='word_1_383' title='bbox 3366 2853 3424 2907; x_wconf 92' lang='lat' dir='ltr'><strong>in</strong></span> <span class='ocrx_word' id='word_1_384' title='bbox 3453 2850 3627 2906; x_wconf 86' lang='lat' dir='ltr'><strong>libello</strong></span> <span class='ocrx_word' id='word_1_385' title='bbox 3648 2862 3729 2901; x_wconf 90' lang='lat' dir='ltr'><strong>suo</strong></span> <span class='ocrx_word' id='word_1_386' title='bbox 3749 2856 3865 2914; x_wconf 86' lang='lat' dir='ltr'><strong>quem</strong></span> 
     </span>
    </p>
   </div>
   <div class='ocr_carea' id='block_1_57' title="bbox 587 2936 3863 3044">
    <p class='ocr_par' dir='ltr' id='par_1_57' title="bbox 587 2936 3863 3044">
     <span class='ocr_line' id='line_1_58' title="bbox 587 2936 3863 3044; baseline -0.006 -9"><span class='ocrx_word' id='word_1_387' title='bbox 587 2993 815 3035; x_wconf 88' lang='lat' dir='ltr'><strong>necesse</strong></span> <span class='ocrx_word' id='word_1_388' title='bbox 835 2980 939 3044; x_wconf 89' lang='lat' dir='ltr'><strong>est,</strong></span> <span class='ocrx_word' id='word_1_389' title='bbox 969 2980 1031 3031; x_wconf 86' lang='lat' dir='ltr'><strong>ut</strong></span> <span class='ocrx_word' id='word_1_390' title='bbox 1056 2975 1232 3031; x_wconf 90' lang='lat' dir='ltr'><strong>etiam</strong></span> <span class='ocrx_word' id='word_1_391' title='bbox 1262 2975 1321 3029; x_wconf 90' lang='lat' dir='ltr'><strong>in</strong></span> <span class='ocrx_word' id='word_1_392' title='bbox 1348 2974 1454 3028; x_wconf 89' lang='lat' dir='ltr'><strong>isto</strong></span> <span class='ocrx_word' id='word_1_393' title='bbox 1472 2973 1582 3028; x_wconf 88' lang='lat' dir='ltr'><strong>nisi</strong></span> <span class='ocrx_word' id='word_1_394' title='bbox 1601 2972 1864 3027; x_wconf 88' lang='lat' dir='ltr'><strong>maluerit</strong></span> <span class='ocrx_word' id='word_1_395' title='bbox 1879 2972 2224 3027; x_wconf 88' lang='lat' dir='ltr'><strong>sententiam</strong></span> <span class='ocrx_word' id='word_1_396' title='bbox 2325 2957 2395 3011; x_wconf 72' lang='lat' dir='ltr'><strong>ad</strong></span> <span class='ocrx_word' id='word_1_397' title='bbox 2411 2971 2513 3010; x_wconf 78' lang='lat'><strong>1103</strong></span> <span class='ocrx_word' id='word_1_398' title='bbox 2529 2952 2819 3020; x_wconf 53' lang='lat' dir='ltr'><strong>miSitihOC</strong></span> <span class='ocrx_word' id='word_1_399' title='bbox 2845 2950 3049 3005; x_wconf 63' lang='lat' dir='ltr'><strong>saltem</strong></span> <span class='ocrx_word' id='word_1_400' title='bbox 3069 2947 3259 3003; x_wconf 69' lang='lat' dir='ltr'><strong>Sibiad</strong></span> <span class='ocrx_word' id='word_1_401' title='bbox 3278 2943 3689 3019; x_wconf 65' lang='lat' dir='ltr'><strong>Promerandam</strong></span> <span class='ocrx_word' id='word_1_402' title='bbox 3706 2936 3863 3044; x_wconf 29' lang='lat' dir='ltr'><strong>venit]?</strong></span> 
     </span>
    </p>
   </div>
   <div class='ocr_carea' id='block_1_58' title="bbox 589 3028 3949 3143">
    <p class='ocr_par' dir='ltr' id='par_1_58' title="bbox 589 3028 3949 3143">
     <span class='ocr_line' id='line_1_59' title="bbox 589 3028 3949 3143; baseline -0.006 -15"><span class='ocrx_word' id='word_1_403' title='bbox 589 3073 869 3141; x_wconf 85' lang='lat' dir='ltr'><strong>abdicare,</strong></span> <span class='ocrx_word' id='word_1_404' title='bbox 892 3071 1193 3143; x_wconf 87' lang='lat' dir='ltr'><strong>plectatur.</strong></span> <span class='ocrx_word' id='word_1_405' title='bbox 1216 3068 1485 3124; x_wconf 84' lang='lat' dir='ltr'><strong>Nativitas</strong></span> <span class='ocrx_word' id='word_1_406' title='bbox 1506 3067 1657 3122; x_wconf 90' lang='lat' dir='ltr'><strong>enim</strong></span> <span class='ocrx_word' id='word_1_407' title='bbox 1678 3066 1900 3121; x_wconf 90' lang='lat' dir='ltr'><strong>Domini</strong></span> <span class='ocrx_word' id='word_1_408' title='bbox 1915 3066 2227 3121; x_wconf 89' lang='lat' dir='ltr'><strong>secundum</strong></span> <span class='ocrx_word' id='word_1_409' title='bbox 2326 3049 2635 3104; x_wconf 67' lang='grc' dir='ltr'><strong>Γθεθτνᾶνίῖ</strong></span> <span class='ocrx_word' id='word_1_410' title='bbox 2659 3053 2721 3101; x_wconf 72' lang='grc' dir='ltr'><strong>ιη</strong></span> <span class='ocrx_word' id='word_1_411' title='bbox 2755 3062 2882 3100; x_wconf 67' lang='lat' dir='ltr'><strong>001T</strong></span> <span class='ocrx_word' id='word_1_412' title='bbox 2884 3047 3144 3099; x_wconf 64' lang='lat' dir='ltr'><strong>eoi-“mm</strong></span> <span class='ocrx_word' id='word_1_413' title='bbox 3175 3058 3235 3096; x_wconf 68' lang='lat' dir='ltr'><strong>se</strong></span> <span class='ocrx_word' id='word_1_414' title='bbox 3265 3058 3386 3096; x_wconf 73' lang='lat' dir='ltr'><strong>esse</strong></span> <span class='ocrx_word' id='word_1_415' title='bbox 3416 3036 3734 3111; x_wconf 59' lang='grc' dir='ltr'><strong>Ρνθιῐιίηθνθἱ</strong></span> <span class='ocrx_word' id='word_1_416' title='bbox 3755 3028 3863 3131; x_wconf 45' lang='grc' dir='ltr'><strong>Ψξίὼ</strong></span> 
     </span>
    </p>
   </div>
   <div class='ocr_carea' id='block_1_59' title="bbox 590 3131 3867 3237">
    <p class='ocr_par' dir='ltr' id='par_1_59' title="bbox 590 3131 3867 3237">
     <span class='ocr_line' id='line_1_60' title="bbox 590 3131 3867 3237; baseline -0.009 -13"><span class='ocrx_word' id='word_1_417' title='bbox 590 3183 845 3233; x_wconf 89' lang='lat' dir='ltr'><strong>carnem,</strong></span> <span class='ocrx_word' id='word_1_418' title='bbox 885 3164 1141 3237; x_wconf 84' lang='lat' dir='ltr'><strong>quamvis</strong></span> <span class='ocrx_word' id='word_1_419' title='bbox 1184 3162 1394 3218; x_wconf 90' lang='lat' dir='ltr'><strong>habeat</strong></span> <span class='ocrx_word' id='word_1_420' title='bbox 1437 3162 1700 3233; x_wconf 58' lang='lat' dir='ltr'><strong>quaedam</strong></span> <span class='ocrx_word' id='word_1_421' title='bbox 1749 3161 1981 3233; x_wconf 88' lang='lat' dir='ltr'><strong>propria</strong></span> <span class='ocrx_word' id='word_1_422' title='bbox 2023 3160 2227 3232; x_wconf 88' lang='lat' dir='ltr'><strong>quibus</strong></span> <span class='ocrx_word' id='word_1_423' title='bbox 2247 3195 2299 3237; x_wconf 70' lang='grc' dir='ltr'>ρ</span> <span class='ocrx_word' id='word_1_424' title='bbox 2326 3144 2463 3216; x_wconf 75' lang='grc' dir='ltr'><strong>(Ιηίά</strong></span> <span class='ocrx_word' id='word_1_425' title='bbox 2492 3146 2688 3197; x_wconf 61' lang='lat' dir='ltr'><strong>nostra</strong></span> <span class='ocrx_word' id='word_1_426' title='bbox 2711 3138 2991 3237; x_wconf 49' lang='grc' dir='ltr'><strong>δέηῐθηῖίθι</strong></span> <span class='ocrx_word' id='word_1_427' title='bbox 3019 3137 3087 3192; x_wconf 75' lang='lat' dir='ltr'><strong>de</strong></span> <span class='ocrx_word' id='word_1_428' title='bbox 3117 3135 3206 3237; x_wconf 47' lang='lat' dir='ltr'><strong>hi?</strong></span> <span class='ocrx_word' id='word_1_429' title='bbox 3236 3151 3373 3237; x_wconf 57' lang='grc' dir='ltr'><strong>(ζξιω</strong></span> <span class='ocrx_word' id='word_1_430' title='bbox 3398 3133 3539 3237; x_wconf 49' lang='lat' dir='ltr'><strong>Tale</strong></span> <span class='ocrx_word' id='word_1_431' title='bbox 3566 3131 3775 3235; x_wconf 50' lang='grc' dir='ltr'><strong>εςθηεθιίειί</strong></span> <span class='ocrx_word' id='word_1_432' title='bbox 3799 3134 3867 3174; x_wconf 60' lang='lat'><strong>“‘1’</strong></span> 
     </span>
    </p>
   </div>
   <div class='ocr_carea' id='block_1_60' title="bbox 589 3219 3949 3325">
    <p class='ocr_par' dir='ltr' id='par_1_60' title="bbox 589 3219 3949 3325">
     <span class='ocr_line' id='line_1_61' title="bbox 589 3219 3949 3325; baseline -0.006 -8"><span class='ocrx_word' id='word_1_433' title='bbox 589 3262 860 3319; x_wconf 66' lang='lat' dir='ltr'><strong>humanae</strong></span> <span class='ocrx_word' id='word_1_434' title='bbox 900 3257 1244 3315; x_wconf 85' lang='lat' dir='ltr'><strong>conditionis</strong></span> <span class='ocrx_word' id='word_1_435' title='bbox 1286 3256 1450 3312; x_wconf 81' lang='lat' dir='ltr'><strong>initia</strong></span> <span class='ocrx_word' id='word_1_436' title='bbox 1488 3255 1873 3325; x_wconf 89' lang='lat' dir='ltr'><strong>transcendat,</strong></span> <span class='ocrx_word' id='word_1_437' title='bbox 1919 3254 2034 3308; x_wconf 90' lang='lat' dir='ltr'><strong>sive</strong></span> <span class='ocrx_word' id='word_1_438' title='bbox 2074 3219 2302 3325; x_wconf 44' lang='lat' dir='ltr'><strong>quod“</strong></span> <span class='ocrx_word' id='word_1_439' title='bbox 2328 3237 2635 3309; x_wconf 66' lang='lat' dir='ltr'><strong>PPObaSSBt-</strong></span> <span class='ocrx_word' id='word_1_440' title='bbox 2671 3233 2819 3298; x_wconf 70' lang='grc' dir='ltr'><strong>Ωιιίά</strong></span> <span class='ocrx_word' id='word_1_441' title='bbox 2845 3236 3040 3287; x_wconf 59' lang='lat' dir='ltr'><strong>antem</strong></span> <span class='ocrx_word' id='word_1_442' title='bbox 3079 3229 3365 3325; x_wconf 37' lang='lat' dir='ltr'><strong>mitione?</strong></span> <span class='ocrx_word' id='word_1_443' title='bbox 3401 3225 3629 3325; x_wconf 60' lang='grc' dir='ltr'><strong>Εθοίθδίξι</strong></span> <span class='ocrx_word' id='word_1_444' title='bbox 3658 3219 3864 3325; x_wconf 54' lang='grc' dir='ltr'><strong>ίξοίνωξίξ</strong></span> <span class='ocrx_word' id='word_1_445' title='bbox 3948 3254 3949 3299; x_wconf 69' lang='lat' dir='ltr'><strong>i</strong></span> 
     </span>
    </p>
   </div>
   <div class='ocr_carea' id='block_1_61' title="bbox 591 3306 3949 3423">
    <p class='ocr_par' dir='ltr' id='par_1_61' title="bbox 591 3306 3949 3423">
     <span class='ocr_line' id='line_1_62' title="bbox 591 3306 3949 3423; baseline -0.01 -12"><span class='ocrx_word' id='word_1_446' title='bbox 591 3356 745 3411; x_wconf 89' lang='lat' dir='ltr'><strong>solus</strong></span> <span class='ocrx_word' id='word_1_447' title='bbox 791 3372 862 3409; x_wconf 86' lang='lat' dir='ltr'><strong>ex</strong></span> <span class='ocrx_word' id='word_1_448' title='bbox 910 3356 1106 3408; x_wconf 88' lang='lat' dir='ltr'><strong>sancto</strong></span> <span class='ocrx_word' id='word_1_449' title='bbox 1155 3350 1369 3423; x_wconf 87' lang='lat' dir='ltr'><strong>Spiritu</strong></span> <span class='ocrx_word' id='word_1_450' title='bbox 1413 3350 1484 3405; x_wconf 89' lang='lat' dir='ltr'><strong>ab</strong></span> <span class='ocrx_word' id='word_1_451' title='bbox 1524 3349 1793 3404; x_wconf 90' lang='lat' dir='ltr'><strong>inviolata</strong></span> <span class='ocrx_word' id='word_1_452' title='bbox 1830 3306 2060 3420; x_wconf 53' lang='lat' dir='ltr'><strong>Virgine</strong></span> <span class='ocrx_word' id='word_1_453' title='bbox 2082 3306 2228 3403; x_wconf 34' lang='lat' dir='ltr'><strong>isine</strong></span> <span class='ocrx_word' id='word_1_454' title='bbox 2330 3332 2457 3386; x_wconf 64' lang='lat' dir='ltr'><strong>lii-91‘</strong></span> <span class='ocrx_word' id='word_1_455' title='bbox 2488 3330 2559 3384; x_wconf 76' lang='lat' dir='ltr'><strong>de</strong></span> <span class='ocrx_word' id='word_1_456' title='bbox 2600 3329 2960 3383; x_wconf 60' lang='lat' dir='ltr'><strong>sacramento</strong></span> <span class='ocrx_word' id='word_1_457' title='bbox 3004 3323 3314 3378; x_wconf 62' lang='lat' dir='ltr'><strong>Dominicm</strong></span> <span class='ocrx_word' id='word_1_458' title='bbox 3345 3314 3717 3377; x_wconf 66' lang='lat' dir='ltr'><strong>incarnationis</strong></span> <span class='ocrx_word' id='word_1_459' title='bbox 3738 3306 3867 3366; x_wconf 61' lang='grc' dir='ltr'><strong>οῒθάθί</strong></span> <span class='ocrx_word' id='word_1_460' title='bbox 3948 3322 3949 3377; x_wconf 72' lang='grc' dir='ltr'>Ξ</span> 
     </span>
    </p>
   </div>
   <div class='ocr_carea' id='block_1_62' title="bbox 591 3409 3949 3520">
    <p class='ocr_par' dir='ltr' id='par_1_62' title="bbox 591 3409 3949 3520">
     <span class='ocr_line' id='line_1_63' title="bbox 591 3409 3949 3520; baseline -0.005 -15"><span class='ocrx_word' id='word_1_461' title='bbox 591 3447 1054 3520; x_wconf 87' lang='lat' dir='ltr'><strong>concupiscentia</strong></span> <span class='ocrx_word' id='word_1_462' title='bbox 1079 3450 1164 3502; x_wconf 91' lang='lat' dir='ltr'><strong>est</strong></span> <span class='ocrx_word' id='word_1_463' title='bbox 1188 3409 1493 3517; x_wconf 69' lang='lat' dir='ltr'><strong>conceptus</strong></span> <span class='ocrx_word' id='word_1_464' title='bbox 1523 3448 1580 3499; x_wconf 91' lang='lat' dir='ltr'><strong>et</strong></span> <span class='ocrx_word' id='word_1_465' title='bbox 1606 3449 1790 3511; x_wconf 88' lang='lat' dir='ltr'><strong>natus,</strong></span> <span class='ocrx_word' id='word_1_466' title='bbox 1822 3409 2116 3513; x_wconf 53' lang='lat' dir='ltr'><strong>sivevquod</strong></span> <span class='ocrx_word' id='word_1_467' title='bbox 2150 3442 2230 3495; x_wconf 89' lang='lat' dir='ltr'><strong>ita</strong></span> <span class='ocrx_word' id='word_1_468' title='bbox 2328 3429 2387 3480; x_wconf 62' lang='lat' dir='ltr'><strong>et</strong></span> <span class='ocrx_word' id='word_1_469' title='bbox 2432 3425 2652 3520; x_wconf 60' lang='lat' dir='ltr'><strong>doceat,</strong></span> <span class='ocrx_word' id='word_1_470' title='bbox 2705 3422 2777 3520; x_wconf 52' lang='lat' dir='ltr'><strong>ali</strong></span> <span class='ocrx_word' id='word_1_471' title='bbox 2830 3420 3089 3520; x_wconf 34' lang='lat' dir='ltr'><strong>imirent</strong></span> <span class='ocrx_word' id='word_1_472' title='bbox 3133 3420 3190 3472; x_wconf 58' lang='lat' dir='ltr'><strong>et</strong></span> <span class='ocrx_word' id='word_1_473' title='bbox 3247 3416 3634 3520; x_wconf 60' lang='grc' dir='ltr'><strong>οοθᾨίεξεοριιω</strong></span> <span class='ocrx_word' id='word_1_474' title='bbox 3689 3409 3865 3520; x_wconf 49' lang='grc' dir='ltr'><strong>Ρίξδίξξῗ</strong></span> <span class='ocrx_word' id='word_1_475' title='bbox 3948 3466 3949 3487; x_wconf 74' lang='grc' dir='ltr'><strong><em>ς</em></strong></span> 
     </span>
    </p>
   </div>
   <div class='ocr_carea' id='block_1_63' title="bbox 589 3536 2232 3607">
    <p class='ocr_par' dir='ltr' id='par_1_63' title="bbox 589 3536 2232 3607">
     <span class='ocr_line' id='line_1_64' title="bbox 589 3536 2232 3607; baseline -0.005 -9"><span class='ocrx_word' id='word_1_476' title='bbox 589 3543 898 3599; x_wconf 85' lang='lat' dir='ltr'><strong>visceribus</strong></span> <span class='ocrx_word' id='word_1_477' title='bbox 926 3540 1124 3597; x_wconf 85' lang='lat' dir='ltr'><strong>matris</strong></span> <span class='ocrx_word' id='word_1_478' title='bbox 1165 3543 1250 3595; x_wconf 87' lang='lat' dir='ltr'><strong>est</strong></span> <span class='ocrx_word' id='word_1_479' title='bbox 1275 3538 1477 3607; x_wconf 89' lang='lat' dir='ltr'><strong>editus,</strong></span> <span class='ocrx_word' id='word_1_480' title='bbox 1504 3540 1571 3593; x_wconf 91' lang='lat' dir='ltr'><strong>ut</strong></span> <span class='ocrx_word' id='word_1_481' title='bbox 1611 3541 1667 3593; x_wconf 88' lang='lat' dir='ltr'><strong>et</strong></span> <span class='ocrx_word' id='word_1_482' title='bbox 1702 3536 2025 3591; x_wconf 86' lang='lat' dir='ltr'><strong>fecunditas</strong></span> <span class='ocrx_word' id='word_1_483' title='bbox 2068 3551 2232 3607; x_wconf 90' lang='lat' dir='ltr'><strong>pare-</strong></span> 
     </span>
    </p>
   </div>
   <div class='ocr_carea' id='block_1_64' title="bbox 592 3629 2230 3707">
    <p class='ocr_par' dir='ltr' id='par_1_64' title="bbox 592 3629 2230 3707">
     <span class='ocr_line' id='line_1_65' title="bbox 592 3629 2230 3707; baseline -0.007 -13"><span class='ocrx_word' id='word_1_484' title='bbox 592 3642 700 3706; x_wconf 88' lang='lat' dir='ltr'><strong>ret,</strong></span> <span class='ocrx_word' id='word_1_485' title='bbox 747 3642 806 3692; x_wconf 87' lang='lat' dir='ltr'><strong>et</strong></span> <span class='ocrx_word' id='word_1_486' title='bbox 840 3634 1137 3707; x_wconf 84' lang='lat' dir='ltr'><strong>virginitas</strong></span> <span class='ocrx_word' id='word_1_487' title='bbox 1172 3636 1565 3705; x_wconf 81' lang='lat' dir='ltr'><strong>permaneret,</strong></span> <span class='ocrx_word' id='word_1_488' title='bbox 1611 3646 1729 3686; x_wconf 91' lang='lat' dir='ltr'><strong>non</strong></span> <span class='ocrx_word' id='word_1_489' title='bbox 1776 3629 2009 3684; x_wconf 88' lang='lat' dir='ltr'><strong>alterius</strong></span> <span class='ocrx_word' id='word_1_490' title='bbox 2038 3633 2230 3683; x_wconf 90' lang='lat' dir='ltr'><strong>tamen</strong></span> 
     </span>
    </p>
   </div>
   <div class='ocr_carea' id='block_1_65' title="bbox 597 3723 2231 3800">
    <p class='ocr_par' dir='ltr' id='par_1_65' title="bbox 597 3723 2231 3800">
     <span class='ocr_line' id='line_1_66' title="bbox 597 3723 2231 3800; baseline -0.007 -13"><span class='ocrx_word' id='word_1_491' title='bbox 597 3736 815 3787; x_wconf 78' lang='lat' dir='ltr'><strong>naturae</strong></span> <span class='ocrx_word' id='word_1_492' title='bbox 858 3734 983 3785; x_wconf 90' lang='lat' dir='ltr'><strong>erat</strong></span> <span class='ocrx_word' id='word_1_493' title='bbox 1012 3728 1137 3800; x_wconf 88' lang='lat' dir='ltr'><strong>ejus</strong></span> <span class='ocrx_word' id='word_1_494' title='bbox 1181 3742 1354 3799; x_wconf 88' lang='lat' dir='ltr'><strong>quam</strong></span> <span class='ocrx_word' id='word_1_495' title='bbox 1395 3730 1612 3792; x_wconf 89' lang='lat' dir='ltr'><strong>nostra,</strong></span> <span class='ocrx_word' id='word_1_496' title='bbox 1644 3740 1750 3779; x_wconf 90' lang='lat' dir='ltr'><strong>nec</strong></span> <span class='ocrx_word' id='word_1_497' title='bbox 1793 3723 1904 3781; x_wconf 86' lang='lat' dir='ltr'><strong>alia</strong></span> <span class='ocrx_word' id='word_1_498' title='bbox 1932 3723 2019 3777; x_wconf 91' lang='lat' dir='ltr'><strong>illi</strong></span> <span class='ocrx_word' id='word_1_499' title='bbox 2060 3738 2231 3794; x_wconf 88' lang='lat' dir='ltr'><strong>quam</strong></span> 
     </span>
    </p>
   </div>
   <div class='ocr_carea' id='block_1_66' title="bbox 596 3816 2230 3890">
    <p class='ocr_par' dir='ltr' id='par_1_66' title="bbox 596 3816 2230 3890">
     <span class='ocr_line' id='line_1_67' title="bbox 596 3816 2230 3890; baseline -0.007 -8"><span class='ocrx_word' id='word_1_500' title='bbox 596 3825 817 3882; x_wconf 80' lang='lat' dir='ltr'><strong>caeteris</strong></span> <span class='ocrx_word' id='word_1_501' title='bbox 860 3822 1191 3880; x_wconf 86' lang='lat' dir='ltr'><strong>hominibus</strong></span> <span class='ocrx_word' id='word_1_502' title='bbox 1233 3820 1427 3875; x_wconf 88' lang='lat' dir='ltr'><strong>anima</strong></span> <span class='ocrx_word' id='word_1_503' title='bbox 1473 3822 1558 3874; x_wconf 91' lang='lat' dir='ltr'><strong>est</strong></span> <span class='ocrx_word' id='word_1_504' title='bbox 1606 3818 1877 3890; x_wconf 89' lang='lat' dir='ltr'><strong>inspirata</strong></span> <span class='ocrx_word' id='word_1_505' title='bbox 1930 3816 2230 3888; x_wconf 88' lang='lat' dir='ltr'><strong>principio,</strong></span> 
     </span>
    </p>
   </div>
   <div class='ocr_carea' id='block_1_67' title="bbox 598 3909 2235 3994">
    <p class='ocr_par' dir='ltr' id='par_1_67' title="bbox 598 3909 2235 3994">
     <span class='ocr_line' id='line_1_68' title="bbox 598 3909 2235 3994; baseline -0.008 -18"><span class='ocrx_word' id='word_1_506' title='bbox 598 3937 726 3994; x_wconf 72' lang='lat' dir='ltr'><strong>quae</strong></span> <span class='ocrx_word' id='word_1_507' title='bbox 753 3919 1053 3975; x_wconf 83' lang='lat' dir='ltr'><strong>excelleret</strong></span> <span class='ocrx_word' id='word_1_508' title='bbox 1080 3933 1199 3972; x_wconf 90' lang='lat' dir='ltr'><strong>non</strong></span> <span class='ocrx_word' id='word_1_509' title='bbox 1224 3912 1547 3971; x_wconf 85' lang='lat' dir='ltr'><strong>diversitate</strong></span> <span class='ocrx_word' id='word_1_510' title='bbox 1580 3912 1823 3984; x_wconf 88' lang='lat' dir='ltr'><strong>generis,</strong></span> <span class='ocrx_word' id='word_1_511' title='bbox 1857 3910 1959 3966; x_wconf 90' lang='lat' dir='ltr'><strong>sed</strong></span> <span class='ocrx_word' id='word_1_512' title='bbox 1984 3909 2235 3965; x_wconf 89' lang='lat' dir='ltr'><strong>sublimi-</strong></span> 
     </span>
    </p>
   </div>
   <div class='ocr_carea' id='block_1_68' title="bbox 596 4004 2230 4071">
    <p class='ocr_par' dir='ltr' id='par_1_68' title="bbox 596 4004 2230 4071">
     <span class='ocr_line' id='line_1_69' title="bbox 596 4004 2230 4071; baseline -0.009 0"><span class='ocrx_word' id='word_1_513' title='bbox 596 4019 711 4071; x_wconf 82' lang='lat' dir='ltr'><strong>tate</strong></span> <span class='ocrx_word' id='word_1_514' title='bbox 736 4011 1135 4069; x_wconf 89' lang='lat' dir='ltr'><strong>virtutis.Nihil</strong></span> <span class='ocrx_word' id='word_1_515' title='bbox 1150 4008 1304 4065; x_wconf 90' lang='lat' dir='ltr'><strong>enim</strong></span> <span class='ocrx_word' id='word_1_516' title='bbox 1320 4007 1507 4062; x_wconf 89' lang='lat' dir='ltr'><strong>carnis</strong></span> <span class='ocrx_word' id='word_1_517' title='bbox 1521 4022 1639 4061; x_wconf 79' lang='lat' dir='ltr'><strong>suae</strong></span> <span class='ocrx_word' id='word_1_518' title='bbox 1655 4005 1903 4061; x_wconf 91' lang='lat' dir='ltr'><strong>habebat</strong></span> <span class='ocrx_word' id='word_1_519' title='bbox 1913 4004 2230 4059; x_wconf 88' lang='lat' dir='ltr'><strong>adversum.</strong></span> 
     </span>
    </p>
   </div>
   <div class='ocr_carea' id='block_1_69' title="bbox 595 4097 2232 4172">
    <p class='ocr_par' dir='ltr' id='par_1_69' title="bbox 595 4097 2232 4172">
     <span class='ocr_line' id='line_1_70' title="bbox 595 4097 2232 4172; baseline -0.009 -7"><span class='ocrx_word' id='word_1_520' title='bbox 595 4111 706 4165; x_wconf 88' lang='lat' dir='ltr'><strong>Nec</strong></span> <span class='ocrx_word' id='word_1_521' title='bbox 720 4106 1001 4163; x_wconf 86' lang='lat' dir='ltr'><strong>discordia</strong></span> <span class='ocrx_word' id='word_1_522' title='bbox 1009 4102 1417 4160; x_wconf 89' lang='lat' dir='ltr'><strong>desideriorum</strong></span> <span class='ocrx_word' id='word_1_523' title='bbox 1436 4097 2232 4172; x_wconf 85' lang='lat' dir='ltr'><strong>gignebatcompugnantiam</strong></span> 
     </span>
    </p>
   </div>
   <div class='ocr_carea' id='block_1_70' title="bbox 597 4191 2232 4266">
    <p class='ocr_par' dir='ltr' id='par_1_70' title="bbox 597 4191 2232 4266">
     <span class='ocr_line' id='line_1_71' title="bbox 597 4191 2232 4266; baseline -0.008 -9"><span class='ocrx_word' id='word_1_524' title='bbox 597 4202 975 4257; x_wconf 89' lang='lat' dir='ltr'><strong>voluntatum.</strong></span> <span class='ocrx_word' id='word_1_525' title='bbox 1003 4198 1209 4252; x_wconf 89' lang='lat' dir='ltr'><strong>Sensus</strong></span> <span class='ocrx_word' id='word_1_526' title='bbox 1235 4194 1491 4266; x_wconf 89' lang='lat' dir='ltr'><strong>corporei</strong></span> <span class='ocrx_word' id='word_1_527' title='bbox 1517 4192 1783 4264; x_wconf 89' lang='lat' dir='ltr'><strong>vigebant</strong></span> <span class='ocrx_word' id='word_1_528' title='bbox 1804 4192 1925 4245; x_wconf 88' lang='lat' dir='ltr'><strong>sine</strong></span> <span class='ocrx_word' id='word_1_529' title='bbox 1948 4191 2077 4262; x_wconf 89' lang='lat' dir='ltr'><strong>lege</strong></span> <span class='ocrx_word' id='word_1_530' title='bbox 2100 4207 2232 4262; x_wconf 88' lang='lat' dir='ltr'><strong>pec-</strong></span> 
     </span>
    </p>
   </div>
   <div class='ocr_carea' id='block_1_71' title="bbox 2331 3497 3866 3588">
    <p class='ocr_par' dir='ltr' id='par_1_71' title="bbox 2331 3497 3866 3588">
     <span class='ocr_line' id='line_1_72' title="bbox 2331 3497 3866 3588; baseline -0.016 -14"><span class='ocrx_word' id='word_1_531' title='bbox 2331 3519 2660 3573; x_wconf 79' lang='lat' dir='ltr'><strong>Flavianum</strong></span> <span class='ocrx_word' id='word_1_532' title='bbox 2689 3514 2913 3588; x_wconf 89' lang='lat' dir='ltr'><strong>plenius</strong></span> <span class='ocrx_word' id='word_1_533' title='bbox 2942 3512 3243 3569; x_wconf 86' lang='lat' dir='ltr'><strong>continent</strong></span> <span class='ocrx_word' id='word_1_534' title='bbox 3269 3511 3477 3582; x_wconf 84' lang='lat' dir='ltr'><strong>scripta</strong></span> <span class='ocrx_word' id='word_1_535' title='bbox 3496 3522 3614 3580; x_wconf 64' lang='lat' dir='ltr'><strong>quae</strong></span> <span class='ocrx_word' id='word_1_536' title='bbox 3640 3500 3759 3557; x_wconf 87' lang='lat' dir='ltr'><strong>misi.</strong></span> <span class='ocrx_word' id='word_1_537' title='bbox 3779 3497 3866 3550; x_wconf 65' lang='lat' dir='ltr'><strong>Dalii</strong></span> 
     </span>
    </p>
   </div>
   <div class='ocr_carea' id='block_1_72' title="bbox 2334 3600 3694 3679">
    <p class='ocr_par' dir='ltr' id='par_1_72' title="bbox 2334 3600 3694 3679">
     <span class='ocr_line' id='line_1_73' title="bbox 2334 3600 3694 3679; baseline -0.013 -11"><span class='ocrx_word' id='word_1_538' title='bbox 2334 3614 2462 3669; x_wconf 87' lang='lat' dir='ltr'><strong>ldus</strong></span> <span class='ocrx_word' id='word_1_539' title='bbox 2482 3611 2652 3679; x_wconf 86' lang='lat' dir='ltr'><strong>Junii,</strong></span> <span class='ocrx_word' id='word_1_540' title='bbox 2686 3608 2904 3665; x_wconf 88' lang='lat' dir='ltr'><strong>Asterio</strong></span> <span class='ocrx_word' id='word_1_541' title='bbox 2931 3613 2988 3663; x_wconf 92' lang='lat' dir='ltr'><strong>et</strong></span> <span class='ocrx_word' id='word_1_542' title='bbox 3015 3608 3339 3677; x_wconf 86' lang='lat' dir='ltr'><strong>Protogene</strong></span> <span class='ocrx_word' id='word_1_543' title='bbox 3375 3600 3694 3659; x_wconf 87' lang='lat' dir='ltr'><strong>consulibus.</strong></span> 
     </span>
    </p>
   </div>
   <div class='ocr_carea' id='block_1_73' title="bbox 2616 3708 3665 3774">
    <p class='ocr_par' dir='ltr' id='par_1_73' title="bbox 2616 3708 3665 3774">
     <span class='ocr_line' id='line_1_74' title="bbox 2616 3708 3665 3774; baseline -0.012 -6"><span class='ocrx_word' id='word_1_544' title='bbox 2616 3714 2748 3769; x_wconf 86' lang='lat' dir='ltr'><strong>VIII.</strong></span> <span class='ocrx_word' id='word_1_545' title='bbox 2776 3742 2845 3753; x_wconf 93' lang='lat'><strong><em>—</em></strong></span> <span class='ocrx_word' id='word_1_546' title='bbox 2871 3711 2962 3768; x_wconf 85' lang='lat' dir='ltr'><strong>Ad</strong></span> <span class='ocrx_word' id='word_1_547' title='bbox 2985 3709 3334 3765; x_wconf 78' lang='lat' dir='ltr'><strong>Pulchen&#39;am</strong></span> <span class='ocrx_word' id='word_1_548' title='bbox 3360 3708 3665 3774; x_wconf 77' lang='lat' dir='ltr'><strong>Augustam.</strong></span> 
     </span>
    </p>
   </div>
   <div class='ocr_carea' id='block_1_74' title="bbox 2408 3802 3296 3874">
    <p class='ocr_par' dir='ltr' id='par_1_74' title="bbox 2408 3802 3296 3874">
     <span class='ocr_line' id='line_1_75' title="bbox 2408 3802 3296 3874; baseline -0.009 -10"><span class='ocrx_word' id='word_1_549' title='bbox 2408 3811 2514 3864; x_wconf 74' lang='lat' dir='ltr'><strong>Leo</strong></span> <span class='ocrx_word' id='word_1_550' title='bbox 2544 3810 2862 3862; x_wconf 73' lang='lat' dir='ltr'><strong>Pomm:an</strong></span> <span class='ocrx_word' id='word_1_551' title='bbox 2888 3806 3161 3874; x_wconf 64' lang='lat' dir='ltr'><strong>Augusta:</strong></span> <span class='ocrx_word' id='word_1_552' title='bbox 3201 3802 3296 3873; x_wconf 86' lang='lat'><strong>(2).</strong></span> 
     </span>
    </p>
   </div>
   <div class='ocr_carea' id='block_1_75' title="bbox 2404 3883 3868 3972">
    <p class='ocr_par' dir='ltr' id='par_1_75' title="bbox 2404 3883 3868 3972">
     <span class='ocr_line' id='line_1_76' title="bbox 2404 3883 3868 3972; baseline -0.017 -13"><span class='ocrx_word' id='word_1_553' title='bbox 2404 3906 2694 3968; x_wconf 84' lang='lat' dir='ltr'><strong>Quantum</strong></span> <span class='ocrx_word' id='word_1_554' title='bbox 2738 3898 2990 3972; x_wconf 60' lang='lat' dir='ltr'><strong>praesidii</strong></span> <span class='ocrx_word' id='word_1_555' title='bbox 3018 3897 3299 3953; x_wconf 91' lang='lat' dir='ltr'><strong>Dominus</strong></span> <span class='ocrx_word' id='word_1_556' title='bbox 3347 3892 3599 3951; x_wconf 71' lang='lat' dir='ltr'><strong>Ecclesiae</strong></span> <span class='ocrx_word' id='word_1_557' title='bbox 3633 3901 3729 3942; x_wconf 67' lang='lat' dir='ltr'><strong>suae</strong></span> <span class='ocrx_word' id='word_1_558' title='bbox 3751 3883 3792 3936; x_wconf 87' lang='lat' dir='ltr'><strong>in</strong></span> <span class='ocrx_word' id='word_1_559' title='bbox 3809 3892 3868 3929; x_wconf 70' lang='lat' dir='ltr'><strong>re-</strong></span> 
     </span>
    </p>
   </div>
   <div class='ocr_carea' id='block_1_76' title="bbox 2335 3975 3871 4064">
    <p class='ocr_par' dir='ltr' id='par_1_76' title="bbox 2335 3975 3871 4064">
     <span class='ocr_line' id='line_1_77' title="bbox 2335 3975 3871 4064; baseline -0.017 -11"><span class='ocrx_word' id='word_1_560' title='bbox 2335 4003 2451 4054; x_wconf 90' lang='lat' dir='ltr'><strong>stra</strong></span> <span class='ocrx_word' id='word_1_561' title='bbox 2477 3996 2784 4052; x_wconf 89' lang='lat' dir='ltr'><strong>clementia</strong></span> <span class='ocrx_word' id='word_1_562' title='bbox 2822 3991 3163 4064; x_wconf 68' lang='lat' dir='ltr'><strong>praepararit</strong></span> <span class='ocrx_word' id='word_1_563' title='bbox 3201 3990 3402 4045; x_wconf 89' lang='lat' dir='ltr'><strong>multis</strong></span> <span class='ocrx_word' id='word_1_564' title='bbox 3435 4003 3577 4058; x_wconf 66' lang='lat' dir='ltr'><strong>saepe</strong></span> <span class='ocrx_word' id='word_1_565' title='bbox 3602 3975 3871 4055; x_wconf 73' lang='lat' dir='ltr'><strong>probavimus</strong></span> 
     </span>
    </p>
   </div>
   <div class='ocr_carea' id='block_1_77' title="bbox 2335 4068 3871 4159">
    <p class='ocr_par' dir='ltr' id='par_1_77' title="bbox 2335 4068 3871 4159">
     <span class='ocr_line' id='line_1_78' title="bbox 2335 4068 3871 4159; baseline -0.016 -11"><span class='ocrx_word' id='word_1_566' title='bbox 2335 4089 2708 4159; x_wconf 88' lang='lat' dir='ltr'><strong>documentis,</strong></span> <span class='ocrx_word' id='word_1_567' title='bbox 2744 4091 2801 4142; x_wconf 90' lang='lat' dir='ltr'><strong>et</strong></span> <span class='ocrx_word' id='word_1_568' title='bbox 2845 4085 3125 4158; x_wconf 89' lang='lat' dir='ltr'><strong>quidquid</strong></span> <span class='ocrx_word' id='word_1_569' title='bbox 3157 4085 3370 4139; x_wconf 86' lang='lat' dir='ltr'><strong>nostris</strong></span> <span class='ocrx_word' id='word_1_570' title='bbox 3402 4076 3725 4153; x_wconf 87' lang='lat' dir='ltr'><strong>temporibus</strong></span> <span class='ocrx_word' id='word_1_571' title='bbox 3742 4068 3871 4124; x_wconf 68' lang='lat' dir='ltr'><strong>contra</strong></span> 
     </span>
    </p>
   </div>
   <div class='ocr_carea' id='block_1_78' title="bbox 2334 4160 3871 4258">
    <p class='ocr_par' dir='ltr' id='par_1_78' title="bbox 2334 4160 3871 4258">
     <span class='ocr_line' id='line_1_79' title="bbox 2334 4160 3871 4258; baseline -0.015 -17"><span class='ocrx_word' id='word_1_572' title='bbox 2334 4187 2766 4258; x_wconf 89' lang='lat' dir='ltr'><strong>impugnatores</strong></span> <span class='ocrx_word' id='word_1_573' title='bbox 2795 4182 3093 4237; x_wconf 69' lang='lat' dir='ltr'><strong>catholicas</strong></span> <span class='ocrx_word' id='word_1_574' title='bbox 3120 4179 3375 4233; x_wconf 84' lang='lat' dir='ltr'><strong>veritatis</strong></span> <span class='ocrx_word' id='word_1_575' title='bbox 3411 4172 3667 4231; x_wconf 88' lang='lat' dir='ltr'><strong>industria</strong></span> <span class='ocrx_word' id='word_1_576' title='bbox 3687 4160 3871 4258; x_wconf 65' lang='lat' dir='ltr'><strong>sacerdo-</strong></span> 
     </span>
    </p>
   </div>
   <div class='ocr_carea' id='block_1_79' title="bbox 600 4252 3870 4351">
    <p class='ocr_par' dir='ltr' id='par_1_79' title="bbox 600 4252 3870 4351">
     <span class='ocr_line' id='line_1_80' title="bbox 600 4252 3870 4351; baseline -0.012 -1"><span class='ocrx_word' id='word_1_577' title='bbox 600 4295 709 4351; x_wconf 87' lang='lat' dir='ltr'><strong>cati</strong></span> <span class='ocrx_word' id='word_1_578' title='bbox 737 4297 794 4348; x_wconf 90' lang='lat' dir='ltr'><strong>et</strong></span> <span class='ocrx_word' id='word_1_579' title='bbox 820 4292 1028 4347; x_wconf 88' lang='lat' dir='ltr'><strong>veritas</strong></span> <span class='ocrx_word' id='word_1_580' title='bbox 1062 4252 1423 4346; x_wconf 74' lang='lat' dir='ltr'><strong>affectionum</strong></span> <span class='ocrx_word' id='word_1_581' title='bbox 1455 4287 1559 4343; x_wconf 89' lang='lat' dir='ltr'><strong>sub</strong></span> <span class='ocrx_word' id='word_1_582' title='bbox 1575 4252 1979 4342; x_wconf 56' lang='lat' dir='ltr'><strong>inoderamine</strong></span> <span class='ocrx_word' id='word_1_583' title='bbox 2007 4252 2237 4340; x_wconf 77' lang='lat' dir='ltr'><strong>deitatis</strong></span> <span class='ocrx_word' id='word_1_584' title='bbox 2336 4252 2466 4335; x_wconf 82' lang='lat' dir='ltr'><strong>talis</strong></span> <span class='ocrx_word' id='word_1_585' title='bbox 2492 4252 2713 4334; x_wconf 64' lang='lat' dir='ltr'><strong>obtinet</strong></span> <span class='ocrx_word' id='word_1_586' title='bbox 2753 4275 2826 4331; x_wconf 90' lang='lat' dir='ltr'><strong>ad</strong></span> <span class='ocrx_word' id='word_1_587' title='bbox 2853 4278 3100 4330; x_wconf 89' lang='lat' dir='ltr'><strong>vestram</strong></span> <span class='ocrx_word' id='word_1_588' title='bbox 3129 4273 3381 4327; x_wconf 84' lang='lat' dir='ltr'><strong>maxime</strong></span> <span class='ocrx_word' id='word_1_589' title='bbox 3425 4267 3647 4341; x_wconf 83' lang='lat' dir='ltr'><strong>gloriam</strong></span> <span class='ocrx_word' id='word_1_590' title='bbox 3672 4252 3870 4315; x_wconf 76' lang='lat' dir='ltr'><strong>redunda-</strong></span> 
     </span>
    </p>
   </div>
   <div class='ocr_carea' id='block_1_80' title="bbox 604 4350 3875 4448">
    <p class='ocr_par' dir='ltr' id='par_1_80' title="bbox 604 4350 3875 4448">
     <span class='ocr_line' id='line_1_81' title="bbox 604 4350 3875 4448; baseline -0.009 -3"><span class='ocrx_word' id='word_1_591' title='bbox 604 4395 662 4446; x_wconf 85' lang='lat' dir='ltr'><strong>et</strong></span> <span class='ocrx_word' id='word_1_592' title='bbox 707 4387 936 4444; x_wconf 89' lang='lat' dir='ltr'><strong>mentis.</strong></span> <span class='ocrx_word' id='word_1_593' title='bbox 976 4386 1088 4441; x_wconf 87' lang='lat' dir='ltr'><strong>Nec</strong></span> <span class='ocrx_word' id='word_1_594' title='bbox 1137 4384 1468 4440; x_wconf 87' lang='lat' dir='ltr'><strong>tentabatur</strong></span> <span class='ocrx_word' id='word_1_595' title='bbox 1511 4381 1806 4448; x_wconf 84' lang='lat' dir='ltr'><strong>illecebris,</strong></span> <span class='ocrx_word' id='word_1_596' title='bbox 1854 4397 1959 4436; x_wconf 91' lang='lat' dir='ltr'><strong>nec</strong></span> <span class='ocrx_word' id='word_1_597' title='bbox 2003 4380 2238 4436; x_wconf 88' lang='lat' dir='ltr'><strong>cedebat</strong></span> <span class='ocrx_word' id='word_1_598' title='bbox 2338 4375 2441 4445; x_wconf 86' lang='lat' dir='ltr'><strong>bit,</strong></span> <span class='ocrx_word' id='word_1_599' title='bbox 2468 4374 2625 4441; x_wconf 90' lang='lat' dir='ltr'><strong>dum,</strong></span> <span class='ocrx_word' id='word_1_600' title='bbox 2654 4371 2800 4426; x_wconf 91' lang='lat' dir='ltr'><strong>sicut</strong></span> <span class='ocrx_word' id='word_1_601' title='bbox 2842 4387 2876 4425; x_wconf 90' lang='lat' dir='ltr'><strong>a</strong></span> <span class='ocrx_word' id='word_1_602' title='bbox 2910 4368 3124 4440; x_wconf 89' lang='lat' dir='ltr'><strong>Spiritu</strong></span> <span class='ocrx_word' id='word_1_603' title='bbox 3173 4372 3373 4421; x_wconf 88' lang='lat' dir='ltr'><strong>sancto</strong></span> <span class='ocrx_word' id='word_1_604' title='bbox 3420 4358 3691 4423; x_wconf 87' lang='lat' dir='ltr'><strong>didicistis,</strong></span> <span class='ocrx_word' id='word_1_605' title='bbox 3725 4350 3786 4405; x_wconf 86' lang='lat' dir='ltr'><strong>illi</strong></span> <span class='ocrx_word' id='word_1_606' title='bbox 3811 4358 3875 4416; x_wconf 56' lang='lat' dir='ltr'><strong>Pe’</strong></span> 
     </span>
    </p>
   </div>
   <div class='ocr_carea' id='block_1_81' title="bbox 601 4450 3873 4557">
    <p class='ocr_par' dir='ltr' id='par_1_81' title="bbox 601 4450 3873 4557">
     <span class='ocr_line' id='line_1_82' title="bbox 601 4450 3873 4557; baseline -0.013 -18"><span class='ocrx_word' id='word_1_607' title='bbox 601 4482 845 4557; x_wconf 86' lang='lat' dir='ltr'><strong>injuriis.</strong></span> <span class='ocrx_word' id='word_1_608' title='bbox 875 4482 1049 4536; x_wconf 86' lang='lat' dir='ltr'><strong>Verus</strong></span> <span class='ocrx_word' id='word_1_609' title='bbox 1074 4480 1251 4535; x_wconf 91' lang='lat' dir='ltr'><strong>homo</strong></span> <span class='ocrx_word' id='word_1_610' title='bbox 1273 4493 1408 4532; x_wconf 89' lang='lat' dir='ltr'><strong>vero</strong></span> <span class='ocrx_word' id='word_1_611' title='bbox 1434 4476 1628 4531; x_wconf 91' lang='lat' dir='ltr'><strong>unitus</strong></span> <span class='ocrx_word' id='word_1_612' title='bbox 1653 4479 1741 4531; x_wconf 89' lang='lat' dir='ltr'><strong>est</strong></span> <span class='ocrx_word' id='word_1_613' title='bbox 1765 4476 1896 4543; x_wconf 88' lang='lat' dir='ltr'><strong>Deo,</strong></span> <span class='ocrx_word' id='word_1_614' title='bbox 1918 4491 2023 4530; x_wconf 90' lang='lat' dir='ltr'><strong>nec</strong></span> <span class='ocrx_word' id='word_1_615' title='bbox 2041 4491 2239 4529; x_wconf 87' lang='lat' dir='ltr'><strong>secun-</strong></span> <span class='ocrx_word' id='word_1_616' title='bbox 2339 4468 2534 4523; x_wconf 88' lang='lat' dir='ltr'><strong>omnia</strong></span> <span class='ocrx_word' id='word_1_617' title='bbox 2555 4467 2890 4537; x_wconf 87' lang='lat' dir='ltr'><strong>potestatem</strong></span> <span class='ocrx_word' id='word_1_618' title='bbox 2932 4467 3176 4517; x_wconf 88' lang='lat' dir='ltr'><strong>vestram</strong></span> <span class='ocrx_word' id='word_1_619' title='bbox 3206 4458 3505 4531; x_wconf 89' lang='lat' dir='ltr'><strong>subjicitis,</strong></span> <span class='ocrx_word' id='word_1_620' title='bbox 3552 4452 3693 4523; x_wconf 81' lang='lat' dir='ltr'><strong>cujus</strong></span> <span class='ocrx_word' id='word_1_621' title='bbox 3712 4450 3873 4557; x_wconf 52' lang='grc' dir='ltr'>ωιωξνε</span> 
     </span>
    </p>
   </div>
   <div class='ocr_carea' id='block_1_82' title="bbox 603 4536 3876 4645">
    <p class='ocr_par' dir='ltr' id='par_1_82' title="bbox 603 4536 3876 4645">
     <span class='ocr_line' id='line_1_83' title="bbox 603 4536 3876 4645; baseline -0.012 -11"><span class='ocrx_word' id='word_1_622' title='bbox 603 4536 743 4634; x_wconf 70' lang='lat' dir='ltr'><strong>dtim</strong></span> <span class='ocrx_word' id='word_1_623' title='bbox 788 4575 1125 4633; x_wconf 84' lang='lat' dir='ltr'><strong>existentem</strong></span> <span class='ocrx_word' id='word_1_624' title='bbox 1165 4573 1325 4645; x_wconf 88' lang='lat' dir='ltr'><strong>prius</strong></span> <span class='ocrx_word' id='word_1_625' title='bbox 1363 4571 1610 4626; x_wconf 89' lang='lat' dir='ltr'><strong>animam</strong></span> <span class='ocrx_word' id='word_1_626' title='bbox 1652 4536 1930 4624; x_wconf 79' lang='lat' dir='ltr'><strong>deductus</strong></span> <span class='ocrx_word' id='word_1_627' title='bbox 1967 4572 2051 4624; x_wconf 84' lang='lat' dir='ltr'><strong>est</strong></span> <span class='ocrx_word' id='word_1_628' title='bbox 2080 4569 2236 4635; x_wconf 87' lang='lat' dir='ltr'><strong>coelo,</strong></span> <span class='ocrx_word' id='word_1_629' title='bbox 2258 4570 2318 4642; x_wconf 86' lang='lat' dir='ltr'><strong>D</strong></span> <span class='ocrx_word' id='word_1_630' title='bbox 2340 4566 2397 4617; x_wconf 90' lang='lat' dir='ltr'><strong>et</strong></span> <span class='ocrx_word' id='word_1_631' title='bbox 2421 4559 2770 4633; x_wconf 89' lang='lat' dir='ltr'><strong>protectione</strong></span> <span class='ocrx_word' id='word_1_632' title='bbox 2804 4556 3073 4628; x_wconf 88' lang='lat' dir='ltr'><strong>regnatis.</strong></span> <span class='ocrx_word' id='word_1_633' title='bbox 3100 4555 3258 4610; x_wconf 89' lang='lat' dir='ltr'><strong>Unde</strong></span> <span class='ocrx_word' id='word_1_634' title='bbox 3292 4553 3432 4624; x_wconf 91' lang='lat' dir='ltr'><strong>quia</strong></span> <span class='ocrx_word' id='word_1_635' title='bbox 3462 4551 3644 4605; x_wconf 87' lang='lat' dir='ltr'><strong>contra</strong></span> <span class='ocrx_word' id='word_1_636' title='bbox 3668 4536 3876 4645; x_wconf 36' lang='lat' dir='ltr'><strong>integr“:</strong></span> 
     </span>
    </p>
   </div>
   <div class='ocr_carea' id='block_1_83' title="bbox 601 4633 3873 4730">
    <p class='ocr_par' dir='ltr' id='par_1_83' title="bbox 601 4633 3873 4730">
     <span class='ocr_line' id='line_1_84' title="bbox 601 4633 3873 4730; baseline -0.012 -1"><span class='ocrx_word' id='word_1_637' title='bbox 601 4690 707 4730; x_wconf 91' lang='lat' dir='ltr'><strong>nec</strong></span> <span class='ocrx_word' id='word_1_638' title='bbox 744 4669 1062 4728; x_wconf 90' lang='lat' dir='ltr'><strong>secundum</strong></span> <span class='ocrx_word' id='word_1_639' title='bbox 1087 4683 1318 4723; x_wconf 89' lang='lat' dir='ltr'><strong>carnem</strong></span> <span class='ocrx_word' id='word_1_640' title='bbox 1345 4668 1571 4721; x_wconf 89' lang='lat' dir='ltr'><strong>creatus</strong></span> <span class='ocrx_word' id='word_1_641' title='bbox 1614 4680 1685 4719; x_wconf 81' lang='lat' dir='ltr'><strong>ex</strong></span> <span class='ocrx_word' id='word_1_642' title='bbox 1721 4663 1925 4718; x_wconf 90' lang='lat' dir='ltr'><strong>nihilo.</strong></span> <span class='ocrx_word' id='word_1_643' title='bbox 1968 4663 2236 4718; x_wconf 87' lang='lat' dir='ltr'><strong>Eamdem</strong></span> <span class='ocrx_word' id='word_1_644' title='bbox 2337 4660 2453 4709; x_wconf 90' lang='lat' dir='ltr'><strong>tem</strong></span> <span class='ocrx_word' id='word_1_645' title='bbox 2497 4653 2632 4708; x_wconf 85' lang='lat' dir='ltr'><strong>ﬁdei</strong></span> <span class='ocrx_word' id='word_1_646' title='bbox 2679 4652 3010 4708; x_wconf 68' lang='lat' dir='ltr'><strong>Christianae</strong></span> <span class='ocrx_word' id='word_1_647' title='bbox 3073 4648 3489 4703; x_wconf 88' lang='lat' dir='ltr'><strong>dissensionem</strong></span> <span class='ocrx_word' id='word_1_648' title='bbox 3554 4633 3803 4713; x_wconf 81' lang='lat' dir='ltr'><strong>quamdam</strong></span> <span class='ocrx_word' id='word_1_649' title='bbox 3841 4636 3873 4675; x_wconf 72' lang='grc' dir='ltr'><strong>ιη</strong></span> 
     </span>
    </p>
   </div>
   <div class='ocr_carea' id='block_1_84' title="bbox 605 4760 2236 4840">
    <p class='ocr_par' dir='ltr' id='par_1_84' title="bbox 605 4760 2236 4840">
     <span class='ocr_line' id='line_1_85' title="bbox 605 4760 2236 4840; baseline -0.007 -19"><span class='ocrx_word' id='word_1_650' title='bbox 605 4783 812 4840; x_wconf 88' lang='lat' dir='ltr'><strong>gerens</strong></span> <span class='ocrx_word' id='word_1_651' title='bbox 843 4766 900 4820; x_wconf 90' lang='lat' dir='ltr'><strong>in</strong></span> <span class='ocrx_word' id='word_1_652' title='bbox 930 4765 1045 4819; x_wconf 87' lang='lat' dir='ltr'><strong>Deo</strong></span> <span class='ocrx_word' id='word_1_653' title='bbox 1075 4762 1240 4818; x_wconf 91' lang='lat' dir='ltr'><strong>Verbi</strong></span> <span class='ocrx_word' id='word_1_654' title='bbox 1280 4760 1376 4816; x_wconf 90' lang='lat' dir='ltr'><strong>Dei</strong></span> <span class='ocrx_word' id='word_1_655' title='bbox 1403 4774 1726 4831; x_wconf 89' lang='lat' dir='ltr'><strong>personam,</strong></span> <span class='ocrx_word' id='word_1_656' title='bbox 1757 4761 1813 4812; x_wconf 86' lang='lat' dir='ltr'><strong>et</strong></span> <span class='ocrx_word' id='word_1_657' title='bbox 1843 4760 2045 4811; x_wconf 91' lang='lat' dir='ltr'><strong>tenens</strong></span> <span class='ocrx_word' id='word_1_658' title='bbox 2074 4772 2236 4812; x_wconf 93' lang='lat' dir='ltr'><strong>com-</strong></span> 
     </span>
    </p>
   </div>
   <div class='ocr_carea' id='block_1_85' title="bbox 603 4853 2237 4926">
    <p class='ocr_par' dir='ltr' id='par_1_85' title="bbox 603 4853 2237 4926">
     <span class='ocr_line' id='line_1_86' title="bbox 603 4853 2237 4926; baseline -0.007 -9"><span class='ocrx_word' id='word_1_659' title='bbox 603 4876 841 4917; x_wconf 88' lang='lat' dir='ltr'><strong>munem</strong></span> <span class='ocrx_word' id='word_1_660' title='bbox 887 4857 1183 4914; x_wconf 87' lang='lat' dir='ltr'><strong>nobiscum</strong></span> <span class='ocrx_word' id='word_1_661' title='bbox 1226 4856 1286 4911; x_wconf 91' lang='lat' dir='ltr'><strong>in</strong></span> <span class='ocrx_word' id='word_1_662' title='bbox 1325 4870 1563 4926; x_wconf 88' lang='lat' dir='ltr'><strong>corpore</strong></span> <span class='ocrx_word' id='word_1_663' title='bbox 1601 4853 1909 4923; x_wconf 90' lang='lat' dir='ltr'><strong>animaque</strong></span> <span class='ocrx_word' id='word_1_664' title='bbox 1950 4855 2237 4906; x_wconf 90' lang='lat' dir='ltr'><strong>naturam.</strong></span> 
     </span>
    </p>
   </div>
   <div class='ocr_carea' id='block_1_86' title="bbox 606 4944 2240 5019">
    <p class='ocr_par' dir='ltr' id='par_1_86' title="bbox 606 4944 2240 5019">
     <span class='ocr_line' id='line_1_87' title="bbox 606 4944 2240 5019; baseline -0.008 -9"><span class='ocrx_word' id='word_1_665' title='bbox 606 4956 727 5011; x_wconf 89' lang='lat' dir='ltr'><strong>Non</strong></span> <span class='ocrx_word' id='word_1_666' title='bbox 758 4952 912 5009; x_wconf 90' lang='lat' dir='ltr'><strong>enim</strong></span> <span class='ocrx_word' id='word_1_667' title='bbox 931 4955 1079 5007; x_wconf 89' lang='lat' dir='ltr'><strong>esset</strong></span> <span class='ocrx_word' id='word_1_668' title='bbox 1096 4950 1193 5005; x_wconf 90' lang='lat' dir='ltr'><strong>Dei</strong></span> <span class='ocrx_word' id='word_1_669' title='bbox 1208 4949 1621 5019; x_wconf 89' lang='lat' dir='ltr'><strong>hominumque</strong></span> <span class='ocrx_word' id='word_1_670' title='bbox 1647 4945 1943 5012; x_wconf 89' lang='lat' dir='ltr'><strong>mediator,</strong></span> <span class='ocrx_word' id='word_1_671' title='bbox 1966 4944 2073 4999; x_wconf 90' lang='lat' dir='ltr'><strong>nisi</strong></span> <span class='ocrx_word' id='word_1_672' title='bbox 2094 4945 2240 4999; x_wconf 87' lang='lat' dir='ltr'><strong>Deus</strong></span> 
     </span>
    </p>
   </div>
   <div class='ocr_carea' id='block_1_87' title="bbox 602 5039 2241 5119">
    <p class='ocr_par' dir='ltr' id='par_1_87' title="bbox 602 5039 2241 5119">
     <span class='ocr_line' id='line_1_88' title="bbox 602 5039 2241 5119; baseline -0.007 -15"><span class='ocrx_word' id='word_1_673' title='bbox 602 5048 878 5119; x_wconf 88' lang='lat' dir='ltr'><strong>idemque</strong></span> <span class='ocrx_word' id='word_1_674' title='bbox 907 5047 1081 5101; x_wconf 90' lang='lat' dir='ltr'><strong>homo</strong></span> <span class='ocrx_word' id='word_1_675' title='bbox 1095 5044 1155 5099; x_wconf 94' lang='lat' dir='ltr'><strong>in</strong></span> <span class='ocrx_word' id='word_1_676' title='bbox 1178 5048 1421 5115; x_wconf 92' lang='lat' dir='ltr'><strong>utroque</strong></span> <span class='ocrx_word' id='word_1_677' title='bbox 1450 5059 1600 5098; x_wconf 90' lang='lat' dir='ltr'><strong>unus</strong></span> <span class='ocrx_word' id='word_1_678' title='bbox 1625 5043 1772 5095; x_wconf 89' lang='lat' dir='ltr'><strong>esset</strong></span> <span class='ocrx_word' id='word_1_679' title='bbox 1785 5042 1842 5095; x_wconf 92' lang='lat' dir='ltr'><strong>et</strong></span> <span class='ocrx_word' id='word_1_680' title='bbox 1858 5039 2241 5094; x_wconf 79' lang='lat' dir='ltr'><strong>veruancitat</strong></span> 
     </span>
    </p>
   </div>
   <div class='ocr_carea' id='block_1_88' title="bbox 605 5133 2237 5215">
    <p class='ocr_par' dir='ltr' id='par_1_88' title="bbox 605 5133 2237 5215">
     <span class='ocr_line' id='line_1_89' title="bbox 605 5133 2237 5215; baseline -0.007 -16"><span class='ocrx_word' id='word_1_681' title='bbox 605 5141 877 5215; x_wconf 87' lang='lat' dir='ltr'><strong>equidem</strong></span> <span class='ocrx_word' id='word_1_682' title='bbox 897 5156 1003 5195; x_wconf 89' lang='lat' dir='ltr'><strong>nos</strong></span> <span class='ocrx_word' id='word_1_683' title='bbox 1030 5139 1101 5194; x_wconf 89' lang='lat' dir='ltr'><strong>ad</strong></span> <span class='ocrx_word' id='word_1_684' title='bbox 1120 5136 1483 5194; x_wconf 88' lang='lat' dir='ltr'><strong>latitudinem</strong></span> <span class='ocrx_word' id='word_1_685' title='bbox 1509 5134 1818 5191; x_wconf 88' lang='lat' dir='ltr'><strong>disserendi</strong></span> <span class='ocrx_word' id='word_1_686' title='bbox 1835 5133 2091 5188; x_wconf 66' lang='lat' dir='ltr'><strong>materia:</strong></span> <span class='ocrx_word' id='word_1_687' title='bbox 2117 5149 2237 5188; x_wconf 87' lang='lat' dir='ltr'><strong>ma-</strong></span> 
     </span>
    </p>
   </div>
   <div class='ocr_carea' id='block_1_89' title="bbox 609 5226 2244 5310">
    <p class='ocr_par' dir='ltr' id='par_1_89' title="bbox 609 5226 2244 5310">
     <span class='ocr_line' id='line_1_90' title="bbox 609 5226 2244 5310; baseline -0.008 -17"><span class='ocrx_word' id='word_1_688' title='bbox 609 5236 869 5310; x_wconf 86' lang='lat' dir='ltr'><strong>gnitudo,</strong></span> <span class='ocrx_word' id='word_1_689' title='bbox 904 5234 1001 5290; x_wconf 89' lang='lat' dir='ltr'><strong>sed</strong></span> <span class='ocrx_word' id='word_1_690' title='bbox 1028 5233 1178 5305; x_wconf 91' lang='lat' dir='ltr'><strong>apud</strong></span> <span class='ocrx_word' id='word_1_691' title='bbox 1211 5230 1586 5287; x_wconf 92' lang='lat' dir='ltr'><strong>eruditionem</strong></span> <span class='ocrx_word' id='word_1_692' title='bbox 1631 5233 1790 5284; x_wconf 88' lang='lat' dir='ltr'><strong>tuam</strong></span> <span class='ocrx_word' id='word_1_693' title='bbox 1817 5245 1932 5284; x_wconf 89' lang='lat' dir='ltr'><strong>non</strong></span> <span class='ocrx_word' id='word_1_694' title='bbox 1972 5230 2057 5282; x_wconf 90' lang='lat' dir='ltr'><strong>est</strong></span> <span class='ocrx_word' id='word_1_695' title='bbox 2084 5226 2244 5298; x_wconf 91' lang='lat' dir='ltr'><strong>copia</strong></span> 
     </span>
    </p>
   </div>
   <div class='ocr_carea' id='block_1_90' title="bbox 604 5320 2244 5397">
    <p class='ocr_par' dir='ltr' id='par_1_90' title="bbox 604 5320 2244 5397">
     <span class='ocr_line' id='line_1_91' title="bbox 604 5320 2244 5397; baseline -0.01 -7"><span class='ocrx_word' id='word_1_696' title='bbox 604 5330 1006 5390; x_wconf 86' lang='lat' dir='ltr'><strong>laborandum.</strong></span> <span class='ocrx_word' id='word_1_697' title='bbox 1047 5326 1369 5383; x_wconf 57' lang='lat' dir='ltr'><strong>Praesertim</strong></span> <span class='ocrx_word' id='word_1_698' title='bbox 1403 5325 1531 5397; x_wconf 87' lang='lat' dir='ltr'><strong>jam</strong></span> <span class='ocrx_word' id='word_1_699' title='bbox 1574 5340 1702 5379; x_wconf 90' lang='lat' dir='ltr'><strong>cum</strong></span> <span class='ocrx_word' id='word_1_700' title='bbox 1746 5339 1852 5396; x_wconf 92' lang='lat' dir='ltr'><strong>per</strong></span> <span class='ocrx_word' id='word_1_701' title='bbox 1903 5325 2128 5377; x_wconf 88' lang='lat' dir='ltr'><strong>nostros</strong></span> <span class='ocrx_word' id='word_1_702' title='bbox 2172 5320 2244 5375; x_wconf 89' lang='lat' dir='ltr'><strong>ad</strong></span> 
     </span>
    </p>
   </div>
   <div class='ocr_carea' id='block_1_91' title="bbox 607 5414 2243 5483">
    <p class='ocr_par' dir='ltr' id='par_1_91' title="bbox 607 5414 2243 5483">
     <span class='ocr_line' id='line_1_92' title="bbox 607 5414 2243 5483; baseline -0.009 0"><span class='ocrx_word' id='word_1_703' title='bbox 607 5428 847 5483; x_wconf 84' lang='lat' dir='ltr'><strong>fratrem</strong></span> <span class='ocrx_word' id='word_1_704' title='bbox 862 5423 1197 5480; x_wconf 82' lang='lat' dir='ltr'><strong>Flavianum</strong></span> <span class='ocrx_word' id='word_1_705' title='bbox 1223 5419 1571 5476; x_wconf 83' lang='lat' dir='ltr'><strong>sufficientes</strong></span> <span class='ocrx_word' id='word_1_706' title='bbox 1590 5418 1805 5473; x_wconf 85' lang='lat' dir='ltr'><strong>litteras</strong></span> <span class='ocrx_word' id='word_1_707' title='bbox 1829 5415 2154 5470; x_wconf 89' lang='lat' dir='ltr'><strong>miserimus</strong></span> <span class='ocrx_word' id='word_1_708' title='bbox 2171 5414 2243 5469; x_wconf 91' lang='lat' dir='ltr'><strong>ad</strong></span> 
     </span>
    </p>
   </div>
   <div class='ocr_carea' id='block_1_92' title="bbox 608 5508 2245 5578">
    <p class='ocr_par' dir='ltr' id='par_1_92' title="bbox 608 5508 2245 5578">
     <span class='ocr_line' id='line_1_93' title="bbox 608 5508 2245 5578; baseline -0.009 0"><span class='ocrx_word' id='word_1_709' title='bbox 608 5517 1030 5578; x_wconf 85' lang='lat' dir='ltr'><strong>conﬁrmandos</strong></span> <span class='ocrx_word' id='word_1_710' title='bbox 1072 5516 1295 5571; x_wconf 88' lang='lat' dir='ltr'><strong>animos</strong></span> <span class='ocrx_word' id='word_1_711' title='bbox 1324 5530 1442 5569; x_wconf 91' lang='lat' dir='ltr'><strong>non</strong></span> <span class='ocrx_word' id='word_1_712' title='bbox 1491 5513 1672 5566; x_wconf 91' lang='lat' dir='ltr'><strong>solum</strong></span> <span class='ocrx_word' id='word_1_713' title='bbox 1717 5509 2099 5577; x_wconf 89' lang='lat' dir='ltr'><strong>sacerdotum,</strong></span> <span class='ocrx_word' id='word_1_714' title='bbox 2148 5508 2245 5564; x_wconf 90' lang='lat' dir='ltr'><strong>sed</strong></span> 
     </span>
    </p>
   </div>
   <div class='ocr_carea' id='block_1_93' title="bbox 610 5602 2248 5676">
    <p class='ocr_par' dir='ltr' id='par_1_93' title="bbox 610 5602 2248 5676">
     <span class='ocr_line' id='line_1_94' title="bbox 610 5602 2248 5676; baseline -0.007 -5"><span class='ocrx_word' id='word_1_715' title='bbox 610 5616 790 5670; x_wconf 90' lang='lat' dir='ltr'><strong>etiam</strong></span> <span class='ocrx_word' id='word_1_716' title='bbox 820 5606 1442 5676; x_wconf 71' lang='lat' dir='ltr'><strong>laicorum.Praestabit,</strong></span> <span class='ocrx_word' id='word_1_717' title='bbox 1461 5610 1523 5661; x_wconf 91' lang='lat' dir='ltr'><strong>ut</strong></span> <span class='ocrx_word' id='word_1_718' title='bbox 1549 5602 2248 5668; x_wconf 83' lang='lat' dir='ltr'><strong>credimus,misericordia</strong></span> 
     </span>
    </p>
   </div>
   <div class='ocr_carea' id='block_1_94' title="bbox 610 5697 2250 5778">
    <p class='ocr_par' dir='ltr' id='par_1_94' title="bbox 610 5697 2250 5778">
     <span class='ocr_line' id='line_1_95' title="bbox 610 5697 2250 5778; baseline -0.007 -13"><span class='ocrx_word' id='word_1_719' title='bbox 610 5708 731 5777; x_wconf 89' lang='lat' dir='ltr'><strong>Dei,</strong></span> <span class='ocrx_word' id='word_1_720' title='bbox 757 5713 823 5764; x_wconf 91' lang='lat' dir='ltr'><strong>ut</strong></span> <span class='ocrx_word' id='word_1_721' title='bbox 862 5707 1074 5778; x_wconf 89' lang='lat' dir='ltr'><strong>absque</strong></span> <span class='ocrx_word' id='word_1_722' title='bbox 1105 5704 1380 5776; x_wconf 86' lang='lat' dir='ltr'><strong>cujusque</strong></span> <span class='ocrx_word' id='word_1_723' title='bbox 1428 5699 1636 5756; x_wconf 69' lang='lat' dir='ltr'><strong>animae</strong></span> <span class='ocrx_word' id='word_1_724' title='bbox 1662 5699 2008 5756; x_wconf 85' lang='lat' dir='ltr'><strong>detrimento</strong></span> <span class='ocrx_word' id='word_1_725' title='bbox 2034 5697 2250 5770; x_wconf 89' lang='lat' dir='ltr'><strong>possint</strong></span> 
     </span>
    </p>
   </div>
   <div class='ocr_carea' id='block_1_95' title="bbox 613 5793 2249 5857">
    <p class='ocr_par' dir='ltr' id='par_1_95' title="bbox 613 5793 2249 5857">
     <span class='ocr_line' id='line_1_96' title="bbox 613 5793 2249 5857; baseline -0.007 1"><span class='ocrx_word' id='word_1_726' title='bbox 613 5802 916 5857; x_wconf 83' lang='lat' dir='ltr'><strong>adversum</strong></span> <span class='ocrx_word' id='word_1_727' title='bbox 942 5798 1152 5855; x_wconf 89' lang='lat' dir='ltr'><strong>diaboli</strong></span> <span class='ocrx_word' id='word_1_728' title='bbox 1179 5797 1336 5853; x_wconf 86' lang='lat' dir='ltr'><strong>dolos</strong></span> <span class='ocrx_word' id='word_1_729' title='bbox 1362 5798 1421 5851; x_wconf 89' lang='lat' dir='ltr'><strong>et</strong></span> <span class='ocrx_word' id='word_1_730' title='bbox 1447 5810 1589 5851; x_wconf 88' lang='lat' dir='ltr'><strong>sana</strong></span> <span class='ocrx_word' id='word_1_731' title='bbox 1614 5793 1841 5851; x_wconf 89' lang='lat' dir='ltr'><strong>defendi</strong></span> <span class='ocrx_word' id='word_1_732' title='bbox 1873 5798 1932 5849; x_wconf 90' lang='lat' dir='ltr'><strong>et</strong></span> <span class='ocrx_word' id='word_1_733' title='bbox 1957 5793 2249 5850; x_wconf 85' lang='lat' dir='ltr'><strong>vulnerata</strong></span> 
     </span>
    </p>
   </div>
   <div class='ocr_carea' id='block_1_96' title="bbox 2339 4732 3873 4817">
    <p class='ocr_par' dir='ltr' id='par_1_96' title="bbox 2339 4732 3873 4817">
     <span class='ocr_line' id='line_1_97' title="bbox 2339 4732 3873 4817; baseline -0.022 -14"><span class='ocrx_word' id='word_1_734' title='bbox 2339 4745 2963 4817; x_wconf 87' lang='lat' dir='ltr'><strong>Constantinopolitana</strong></span> <span class='ocrx_word' id='word_1_735' title='bbox 2987 4743 3224 4798; x_wconf 89' lang='lat' dir='ltr'><strong>ecclesia</strong></span> <span class='ocrx_word' id='word_1_736' title='bbox 3260 4740 3510 4812; x_wconf 84' lang='lat' dir='ltr'><strong>Eutyche</strong></span> <span class='ocrx_word' id='word_1_737' title='bbox 3544 4735 3741 4789; x_wconf 88' lang='lat' dir='ltr'><strong>auctore</strong></span> <span class='ocrx_word' id='word_1_738' title='bbox 3764 4732 3873 4817; x_wconf 66' lang='lat' dir='ltr'><strong>gelic-</strong></span> 
     </span>
    </p>
   </div>
   <div class='ocr_carea' id='block_1_97' title="bbox 2338 4812 3877 4908">
    <p class='ocr_par' dir='ltr' id='par_1_97' title="bbox 2338 4812 3877 4908">
     <span class='ocr_line' id='line_1_98' title="bbox 2338 4812 3877 4908; baseline -0.014 -12"><span class='ocrx_word' id='word_1_739' title='bbox 2338 4844 2527 4896; x_wconf 89' lang='lat' dir='ltr'><strong>ratam</strong></span> <span class='ocrx_word' id='word_1_740' title='bbox 2564 4812 2756 4895; x_wconf 78' lang='lat' dir='ltr'><strong>fratris</strong></span> <span class='ocrx_word' id='word_1_741' title='bbox 2795 4842 2852 4894; x_wconf 89' lang='lat' dir='ltr'><strong>et</strong></span> <span class='ocrx_word' id='word_1_742' title='bbox 2881 4836 3196 4908; x_wconf 89' lang='lat' dir='ltr'><strong>coepiscopi</strong></span> <span class='ocrx_word' id='word_1_743' title='bbox 3224 4833 3405 4889; x_wconf 91' lang='lat' dir='ltr'><strong>nostri</strong></span> <span class='ocrx_word' id='word_1_744' title='bbox 3442 4824 3667 4887; x_wconf 84' lang='lat' dir='ltr'><strong>Flaviani</strong></span> <span class='ocrx_word' id='word_1_745' title='bbox 3689 4812 3877 4877; x_wconf 63' lang='grc' dir='ltr'><strong>Γθὶεῧοηθ</strong></span> 
     </span>
    </p>
   </div>
   <div class='ocr_carea' id='block_1_98' title="bbox 2341 4916 3877 5007">
    <p class='ocr_par' dir='ltr' id='par_1_98' title="bbox 2341 4916 3877 5007">
     <span class='ocr_line' id='line_1_99' title="bbox 2341 4916 3877 5007; baseline -0.018 -16"><span class='ocrx_word' id='word_1_746' title='bbox 2341 4934 2600 5007; x_wconf 88' lang='lat' dir='ltr'><strong>cognovi,</strong></span> <span class='ocrx_word' id='word_1_747' title='bbox 2629 4934 2707 4988; x_wconf 89' lang='lat' dir='ltr'><strong>ita</strong></span> <span class='ocrx_word' id='word_1_748' title='bbox 2733 4937 2793 4987; x_wconf 90' lang='lat' dir='ltr'><strong>ut</strong></span> <span class='ocrx_word' id='word_1_749' title='bbox 2826 4931 2994 4986; x_wconf 88' lang='lat' dir='ltr'><strong>totius</strong></span> <span class='ocrx_word' id='word_1_750' title='bbox 3019 4946 3201 4985; x_wconf 61' lang='lat' dir='ltr'><strong>causa:</strong></span> <span class='ocrx_word' id='word_1_751' title='bbox 3242 4928 3457 5000; x_wconf 87' lang='lat' dir='ltr'><strong>species</strong></span> <span class='ocrx_word' id='word_1_752' title='bbox 3494 4916 3877 5007; x_wconf 84' lang='lat' dir='ltr'><strong>synodalium</strong></span> 
     </span>
    </p>
   </div>
   <div class='ocr_carea' id='block_1_99' title="bbox 2342 4996 3878 5094">
    <p class='ocr_par' dir='ltr' id='par_1_99' title="bbox 2342 4996 3878 5094">
     <span class='ocr_line' id='line_1_100' title="bbox 2342 4996 3878 5094; baseline -0.018 -8"><span class='ocrx_word' id='word_1_753' title='bbox 2342 4996 2561 5085; x_wconf 66' lang='lat' dir='ltr'><strong>stdrum</strong></span> <span class='ocrx_word' id='word_1_754' title='bbox 2589 4996 2775 5083; x_wconf 81' lang='lat' dir='ltr'><strong>textus</strong></span> <span class='ocrx_word' id='word_1_755' title='bbox 2797 5024 3128 5093; x_wconf 91' lang='lat' dir='ltr'><strong>ostenderit,</strong></span> <span class='ocrx_word' id='word_1_756' title='bbox 3155 4996 3401 5094; x_wconf 81' lang='lat' dir='ltr'><strong>dignum</strong></span> <span class='ocrx_word' id='word_1_757' title='bbox 3428 5017 3613 5091; x_wconf 69' lang='lat' dir='ltr'><strong>gloria:</strong></span> <span class='ocrx_word' id='word_1_758' title='bbox 3635 5012 3793 5065; x_wconf 67' lang='lat' dir='ltr'><strong>vestra!</strong></span> <span class='ocrx_word' id='word_1_759' title='bbox 3812 4996 3878 5051; x_wconf 59' lang='grc' dir='ltr'>θξίς</span> 
     </span>
    </p>
   </div>
   <div class='ocr_carea' id='block_1_100' title="bbox 2341 5100 3880 5193">
    <p class='ocr_par' dir='ltr' id='par_1_100' title="bbox 2341 5100 3880 5193">
     <span class='ocr_line' id='line_1_101' title="bbox 2341 5100 3880 5193; baseline -0.002 -14"><span class='ocrx_word' id='word_1_760' title='bbox 2341 5128 2407 5180; x_wconf 90' lang='lat' dir='ltr'><strong>ut</strong></span> <span class='ocrx_word' id='word_1_761' title='bbox 2432 5140 2593 5179; x_wconf 90' lang='lat' dir='ltr'><strong>error</strong></span> <span class='ocrx_word' id='word_1_762' title='bbox 2634 5122 2733 5193; x_wconf 89' lang='lat' dir='ltr'><strong>qui</strong></span> <span class='ocrx_word' id='word_1_763' title='bbox 2765 5124 2844 5191; x_wconf 88' lang='lat' dir='ltr'><strong>(ut</strong></span> <span class='ocrx_word' id='word_1_764' title='bbox 2868 5119 3134 5189; x_wconf 87' lang='lat' dir='ltr'><strong>arbitror)</strong></span> <span class='ocrx_word' id='word_1_765' title='bbox 3180 5118 3250 5173; x_wconf 93' lang='lat' dir='ltr'><strong>de</strong></span> <span class='ocrx_word' id='word_1_766' title='bbox 3282 5112 3562 5187; x_wconf 85' lang='lat' dir='ltr'><strong>imperitia</strong></span> <span class='ocrx_word' id='word_1_767' title='bbox 3584 5102 3742 5174; x_wconf 66' lang='lat' dir='ltr'><strong>magis</strong></span> <span class='ocrx_word' id='word_1_768' title='bbox 3763 5100 3880 5193; x_wconf 42' lang='grc' dir='ltr'><strong>(ιη-ξω</strong></span> 
     </span>
    </p>
   </div>
   <div class='ocr_carea' id='block_1_101' title="bbox 2344 5184 3882 5281">
    <p class='ocr_par' dir='ltr' id='par_1_101' title="bbox 2344 5184 3882 5281">
     <span class='ocr_line' id='line_1_102' title="bbox 2344 5184 3882 5281; baseline -0.023 -7"><span class='ocrx_word' id='word_1_769' title='bbox 2344 5220 2415 5274; x_wconf 89' lang='lat' dir='ltr'><strong>de</strong></span> <span class='ocrx_word' id='word_1_770' title='bbox 2458 5217 2709 5273; x_wconf 88' lang='lat' dir='ltr'><strong>versutia</strong></span> <span class='ocrx_word' id='word_1_771' title='bbox 2753 5218 2921 5271; x_wconf 84' lang='lat' dir='ltr'><strong>natus</strong></span> <span class='ocrx_word' id='word_1_772' title='bbox 2968 5217 3057 5269; x_wconf 89' lang='lat' dir='ltr'><strong>est</strong></span> <span class='ocrx_word' id='word_1_773' title='bbox 3112 5213 3405 5267; x_wconf 85' lang='lat' dir='ltr'><strong>auferatur</strong></span> <span class='ocrx_word' id='word_1_774' title='bbox 3456 5205 3749 5280; x_wconf 82' lang='lat' dir='ltr'><strong>priusquam</strong></span> <span class='ocrx_word' id='word_1_775' title='bbox 3788 5184 3882 5281; x_wconf 49' lang='lat' dir='ltr'><strong>ullas</strong></span> 
     </span>
    </p>
   </div>
   <div class='ocr_carea' id='block_1_102' title="bbox 2344 5285 3882 5379">
    <p class='ocr_par' dir='ltr' id='par_1_102' title="bbox 2344 5285 3882 5379">
     <span class='ocr_line' id='line_1_103' title="bbox 2344 5285 3882 5379; baseline -0.01 -12"><span class='ocrx_word' id='word_1_776' title='bbox 2344 5312 2449 5368; x_wconf 91' lang='lat' dir='ltr'><strong>sibi</strong></span> <span class='ocrx_word' id='word_1_777' title='bbox 2477 5312 2623 5367; x_wconf 87' lang='lat' dir='ltr'><strong>vires</strong></span> <span class='ocrx_word' id='word_1_778' title='bbox 2654 5310 2726 5365; x_wconf 91' lang='lat' dir='ltr'><strong>de</strong></span> <span class='ocrx_word' id='word_1_779' title='bbox 2757 5325 3044 5365; x_wconf 88' lang='lat' dir='ltr'><strong>consensu</strong></span> <span class='ocrx_word' id='word_1_780' title='bbox 3079 5304 3549 5379; x_wconf 88' lang='lat' dir='ltr'><strong>imprudentium,</strong></span> <span class='ocrx_word' id='word_1_781' title='bbox 3579 5302 3631 5351; x_wconf 79' lang='lat' dir='ltr'><strong>et</strong></span> <span class='ocrx_word' id='word_1_782' title='bbox 3658 5285 3882 5363; x_wconf 59' lang='lat' dir='ltr'><strong>perimam</strong></span> 
     </span>
    </p>
   </div>
   <div class='ocr_carea' id='block_1_103' title="bbox 2344 5378 3884 5481">
    <p class='ocr_par' dir='ltr' id='par_1_103' title="bbox 2344 5378 3884 5481">
     <span class='ocr_line' id='line_1_104' title="bbox 2344 5378 3884 5481; baseline -0.029 1"><span class='ocrx_word' id='word_1_783' title='bbox 2344 5406 2638 5481; x_wconf 63' lang='lat' dir='ltr'><strong>PraVitﬁtiS</strong></span> <span class='ocrx_word' id='word_1_784' title='bbox 2675 5404 2953 5478; x_wconf 84' lang='lat' dir='ltr'><strong>acquirat,</strong></span> <span class='ocrx_word' id='word_1_785' title='bbox 3010 5400 3375 5476; x_wconf 87' lang='lat' dir='ltr'><strong>quiaetiam</strong></span> <span class='ocrx_word' id='word_1_786' title='bbox 3421 5386 3719 5468; x_wconf 73' lang='lat' dir='ltr'><strong>ignorantia</strong></span> <span class='ocrx_word' id='word_1_787' title='bbox 3738 5378 3884 5481; x_wconf 28' lang='lat' dir='ltr'><strong>leniit”</strong></span> 
     </span>
    </p>
   </div>
   <div class='ocr_carea' id='block_1_104' title="bbox 2344 5465 3883 5575">
    <p class='ocr_par' dir='ltr' id='par_1_104' title="bbox 2344 5465 3883 5575">
     <span class='ocr_line' id='line_1_105' title="bbox 2344 5465 3883 5575; baseline -0.001 -16"><span class='ocrx_word' id='word_1_788' title='bbox 2344 5465 2781 5575; x_wconf 47' lang='lat' dir='ltr'><strong>nonnunquam.</strong></span> <span class='ocrx_word' id='word_1_789' title='bbox 2806 5465 3009 5555; x_wconf 86' lang='lat' dir='ltr'><strong>incidit</strong></span> <span class='ocrx_word' id='word_1_790' title='bbox 3025 5465 3243 5569; x_wconf 75' lang='lat' dir='ltr'><strong>lapsus,</strong></span> <span class='ocrx_word' id='word_1_791' title='bbox 3302 5500 3360 5549; x_wconf 92' lang='lat' dir='ltr'><strong>et</strong></span> <span class='ocrx_word' id='word_1_792' title='bbox 3384 5465 3696 5565; x_wconf 71' lang='lat' dir='ltr'><strong>plerumqne</strong></span> <span class='ocrx_word' id='word_1_793' title='bbox 3735 5476 3779 5528; x_wconf 62' lang='lat' dir='ltr'><strong>in</strong></span> <span class='ocrx_word' id='word_1_794' title='bbox 3804 5465 3883 5575; x_wconf 29' lang='lat' dir='ltr'><strong>dira:</strong></span> 
     </span>
    </p>
   </div>
   <div class='ocr_carea' id='block_1_105' title="bbox 2346 5569 3883 5666">
    <p class='ocr_par' dir='ltr' id='par_1_105' title="bbox 2346 5569 3883 5666">
     <span class='ocr_line' id='line_1_106' title="bbox 2346 5569 3883 5666; baseline 0.002 -14"><span class='ocrx_word' id='word_1_795' title='bbox 2346 5597 2461 5653; x_wconf 92' lang='lat' dir='ltr'><strong>boli</strong></span> <span class='ocrx_word' id='word_1_796' title='bbox 2509 5597 2626 5652; x_wconf 91' lang='lat' dir='ltr'><strong>ruit</strong></span> <span class='ocrx_word' id='word_1_797' title='bbox 2664 5597 2854 5652; x_wconf 87' lang='lat' dir='ltr'><strong>foveas</strong></span> <span class='ocrx_word' id='word_1_798' title='bbox 2898 5595 3123 5650; x_wconf 88' lang='lat' dir='ltr'><strong>incauta</strong></span> <span class='ocrx_word' id='word_1_799' title='bbox 3166 5586 3514 5661; x_wconf 61' lang='lat' dir='ltr'><strong>simplicitas.</strong></span> <span class='ocrx_word' id='word_1_800' title='bbox 3563 5593 3656 5651; x_wconf 60' lang='lat' dir='ltr'><strong>Per</strong></span> 
     </span>
    </p>
   </div>
   <div class='ocr_carea' id='block_1_106' title="bbox 2347 5654 3884 5765">
    <p class='ocr_par' dir='ltr' id='par_1_106' title="bbox 2347 5654 3884 5765">
     <span class='ocr_line' id='line_1_107' title="bbox 2347 5654 3884 5765; baseline -0.003 -17"><span class='ocrx_word' id='word_1_801' title='bbox 2347 5691 2673 5765; x_wconf 89' lang='lat' dir='ltr'><strong>supradicto</strong></span> <span class='ocrx_word' id='word_1_802' title='bbox 2715 5688 3065 5761; x_wconf 88' lang='lat' dir='ltr'><strong>subrepsisse</strong></span> <span class='ocrx_word' id='word_1_803' title='bbox 3110 5654 3366 5753; x_wconf 75' lang='lat' dir='ltr'><strong>intelligo</strong></span> <span class='ocrx_word' id='word_1_804' title='bbox 3395 5676 3644 5765; x_wconf 41' lang='lat' dir='ltr'><strong>spiritu”?</strong></span> 
     </span>
    </p>
   </div>
   <div class='ocr_carea' id='block_1_107' title="bbox 2345 5745 3887 5853">
    <p class='ocr_par' dir='ltr' id='par_1_107' title="bbox 2345 5745 3887 5853">
     <span class='ocr_line' id='line_1_108' title="bbox 2345 5745 3887 5853; baseline -0.02 -9"><span class='ocrx_word' id='word_1_805' title='bbox 2598 5745 2859 5840; x_wconf 59' lang='lat' dir='ltr'><strong>aestimat</strong></span> <span class='ocrx_word' id='word_1_806' title='bbox 2887 5745 2947 5838; x_wconf 66' lang='lat' dir='ltr'><strong>se</strong></span> <span class='ocrx_word' id='word_1_807' title='bbox 2973 5780 3267 5853; x_wconf 90' lang='lat' dir='ltr'><strong>religiosus</strong></span> <span class='ocrx_word' id='word_1_808' title='bbox 3292 5745 3376 5831; x_wconf 71' lang='lat' dir='ltr'><strong>de</strong></span> <span class='ocrx_word' id='word_1_809' title='bbox 3409 5745 3525 5827; x_wconf 46' lang='lat' dir='ltr'><strong>li-‘ilii</strong></span> <span class='ocrx_word' id='word_1_810' title='bbox 3553 5762 3641 5822; x_wconf 87' lang='lat' dir='ltr'><strong>Dei</strong></span> <span class='ocrx_word' id='word_1_811' title='bbox 3668 5745 3887 5827; x_wconf 50' lang='lat'><strong>11181053“</strong></span> 
     </span>
    </p>
   </div>
   <div class='ocr_carea' id='block_1_108' title="bbox 692 5912 2340 5987">
    <p class='ocr_par' dir='ltr' id='par_1_108' title="bbox 692 5912 2340 5987">
     <span class='ocr_line' id='line_1_109' title="bbox 692 5912 2340 5987; baseline -0.002 -16"><span class='ocrx_word' id='word_1_812' title='bbox 692 5921 757 5985; x_wconf 77' lang='lat'><strong>(2)</strong></span> <span class='ocrx_word' id='word_1_813' title='bbox 792 5918 979 5972; x_wconf 84' lang='lat' dir='ltr'><strong>Editio</strong></span> <span class='ocrx_word' id='word_1_814' title='bbox 1010 5922 1190 5987; x_wconf 79' lang='lat' dir='ltr'><strong>vetus,</strong></span> <span class='ocrx_word' id='word_1_815' title='bbox 1219 5917 1599 5973; x_wconf 59' lang='lat' dir='ltr'><strong>Pulcherrima?</strong></span> <span class='ocrx_word' id='word_1_816' title='bbox 1628 5917 1906 5986; x_wconf 70' lang='lat' dir='ltr'><strong>Augustae,</strong></span> <span class='ocrx_word' id='word_1_817' title='bbox 1951 5913 2041 5969; x_wconf 91' lang='lat' dir='ltr'><strong>hic</strong></span> <span class='ocrx_word' id='word_1_818' title='bbox 2087 5923 2142 5969; x_wconf 84' lang='lat' dir='ltr'><strong>et</strong></span> <span class='ocrx_word' id='word_1_819' title='bbox 2172 5912 2340 5968; x_wconf 82' lang='lat' dir='ltr'><strong>infra.</strong></span> 
     </span>
    </p>
   </div>
  </div>
