4026 6182
205 235 304 286 777

1438 235 1906 294 DECRETALIUM
1946 234 2333 294 COLLECTIO.
3466 247 3567 302 778

192 341 425 411 sentire,
462 343 506 397 si
554 341 605 397 ei
639 346 859 399 naturas
902 349 1111 401 nostrae
1146 347 1441 402 veritatem
1487 348 1672 402 inesse
1715 364 1830 403 non
1851 356 1911 430 Α
1931 346 2222 418 proposito
2254 347 2546 404 laudabilis
2569 348 2886 420 videbatur,
2915 353 3114 407 contra
3141 349 3368 408 unicam
3398 369 3561 426 spem

192 433 346 490 dicat
391 440 579 493 totum
627 438 785 504 illud,
812 439 966 510 quod
1012 440 1261 495 Verbum
1306 457 1435 496 caro
1482 442 1696 496 factum
1746 445 1832 497 est
1930 442 2183 494 nostram
2215 443 2556 513 patrumque
2591 445 2919 499 nostrorum
2957 456 3103 499 vana
3136 444 3311 501 nimis
3348 449 3407 501 et
3445 451 3560 502 sto-

192 532 365 587 unius
413 535 585 604 atque
639 533 895 603 ejusdem
948 539 1108 605 putet
1153 551 1273 591 esse
1320 536 1668 591 substantiae.
1718 536 1830 592 Sed
1927 534 2045 589 lida
2094 534 2271 590 audet
2315 539 2590 591 astruere.
2644 537 2750 602 Qui
2799 538 2938 593 dum
2987 538 3193 594 viderit
3224 539 3564 612 insipientia;

187 631 475 697 quantum
520 627 805 682 Nestorius
847 645 880 683 a
930 629 1163 684 veritate
1210 630 1434 700 excidit,
1481 630 1618 684 dum
1663 630 1825 687 Chri-
1928 644 2044 682 suae
2075 645 2306 683 sensum
2350 629 2646 686 catholicis
2682 630 2913 686 auribus
2952 631 3269 703 displicere,
3296 650 3563 691 revocare

186 726 341 775 stum
373 721 476 792 qui
501 721 570 776 de
598 725 778 776 matre
822 723 1003 777 solum
1047 723 1341 778 hominem
1377 724 1576 779 asserit
1602 728 1825 792 natum,
1928 738 1986 776 se
2016 738 2050 777 a
2074 739 2177 777 sua
2219 722 2486 794 opinione
2531 724 2827 792 debuerat,
2863 741 2966 781 nec
3008 725 3089 780 ita
3128 727 3389 783 Ecclesia:
3422 745 3564 800 prae-

184 818 418 869 tantum
468 816 638 869 etiam
685 816 777 871 hic
816 833 847 870 a
894 816 1171 871 catholico
1220 819 1447 873 tramite
1491 818 1694 887 deviat,
1730 818 1827 889 qui
1927 816 2077 871 sules
2107 833 2488 887 commovere,
2517 822 2579 872 ut
2600 816 2987 874 damnationis
3015 820 3357 876 sententiam
3386 838 3562 879 mere-

186 908 258 962 de
304 908 509 963 eadem
548 909 780 980 Virgine
822 926 941 965 non
970 916 1227 965 nostram
1257 912 1436 967 credit
1463 912 1674 967 editam
1701 929 1824 968 esse
1927 914 2086 965 retur
2138 911 2418 983 accipere,
2468 928 2644 984 quam
2697 912 2898 984 utique
2944 912 2991 967 si
3038 914 3099 968 in
3147 931 3251 970 sua
3284 917 3564 972 sententia

184 1002 599 1072 substantiam;
641 1004 847 1059 nolens
881 1004 1077 1076 utique
1109 1021 1240 1059 eam
1270 1006 1445 1060 solius
1474 1006 1699 1061 deitatis
1732 1006 1823 1061 in-
1926 1004 2166 1059 voluerit
2210 1021 2547 1076 permanere
2591 1005 2784 1060 nullus
2831 1005 3041 1077 poterit
3084 1008 3355 1065 relaxare.
3400 1010 3562 1067 Sedis

184 1096 394 1165 telligi,
428 1103 492 1152 ut
517 1097 669 1168 quod
699 1097 759 1152 in
783 1099 969 1153 forma
997 1099 1145 1153 servi
1175 1099 1364 1169 gessit,
1390 1104 1447 1153 et
1465 1099 1618 1171 quod
1644 1101 1825 1155 nostri
1926 1099 2081 1153 enim
2112 1098 2436 1171 apostolicae
2461 1098 2780 1154 moderatio
2821 1100 2971 1155 hanc
2998 1103 3440 1173 temperantiam
3466 1104 3565 1159 ob-

181 1190 390 1244 similis
410 1190 517 1245 fuit
540 1196 708 1262 atque
736 1193 1059 1261 conformis,
1084 1194 1350 1265 quaedam
1369 1197 1577 1247 nostrae
1601 1198 1823 1249 naturm
1926 1196 2129 1262 servat,
2169 1198 2235 1248 ut
2276 1193 2524 1249 severius
2560 1198 2696 1265 agat
2732 1209 2864 1248 cum
2904 1193 3222 1263 obduratis,
3253 1198 3311 1250 et
3335 1196 3557 1252 veniam

178 1283 362 1337 fuerit
406 1284 633 1355 imago,
681 1302 793 1340 non
852 1286 1081 1341 veritas.
1140 1286 1290 1341 Nihil
1337 1292 1532 1342 autem
1590 1286 1823 1358 prodest
1924 1286 2114 1357 cupiat
2159 1291 2433 1358 praestare
2482 1286 2769 1342 correctis.
2815 1286 2960 1351 Quia
3001 1303 3140 1359 ergo
3182 1289 3361 1344 multa
3417 1290 3561 1345 mihi

183 1377 496 1432 Dominum
520 1381 783 1433 nostrum
808 1380 988 1434 beata:
1014 1381 1200 1436 Mariae
1235 1380 1472 1452 virginis
1507 1380 1690 1435 lilium
1725 1397 1820 1436 ve-
1923 1379 2131 1435 ﬁducia
2161 1384 2247 1435 est
2280 1380 2350 1435 de
2386 1380 2612 1452 pietatis
2638 1385 2751 1435 tua:
2772 1380 3151 1437 sincerissima
3170 1382 3301 1453 ﬁde,
3330 1383 3561 1439 obsecro

181 1487 320 1524 rum
368 1472 802 1544 perfectumque
850 1474 1141 1529 hominem
1191 1475 1399 1543 dicere,
1429 1475 1474 1528 si
1514 1474 1824 1555 non.illius
1924 1474 2166 1544 gloriam
2204 1474 2527 1530 clementiae
2554 1476 2689 1542 tua),
2724 1477 2787 1529 ut
2813 1474 2958 1530 sicut
2992 1480 3185 1531 sancto
3224 1476 3410 1533 studio
3457 1480 3559 1533 tuo

181 1565 419 1635 generis
464 1566 639 1621 homo
676 1567 949 1636 creditur,
977 1569 1137 1640 cujus
1180 1569 1240 1623 in
1281 1568 1586 1640 Evangelio
1616 1569 1820 1639 praedi-
1923 1568 2198 1622 catholica
2236 1568 2563 1639 praedicatio
2606 1585 2838 1640 semper
2883 1568 3077 1640 adjuta
3127 1575 3241 1638 est,
3288 1571 3367 1625 ita
3405 1588 3562 1627 nunc

179 1661 362 1713 catur.
409 1660 551 1713 Dicit
586 1660 741 1715 enim
782 1662 1119 1717 Matthaeus:
1156 1682 1183 1714 «
1225 1662 1393 1717 Liber
1438 1662 1890 1737 generationis_
1924 1677 2151 1733 quoque
2189 1661 2312 1733 ejus
2360 1662 2544 1717 faveat
2584 1661 2854 1729 libertati,
2884 1678 3060 1734 quam
3095 1663 3239 1719 forte
3266 1663 3394 1720 ideo
3423 1682 3558 1737 per-

176 1754 312 1807 .lesu
336 1754 559 1823 Christi,
585 1754 687 1809 ﬁlii
721 1755 912 1822 David,
941 1756 1043 1810 filii
1078 1756 1365 1811 Abraham
1387 1729 1602 1825 (Matth.
1623 1774 1662 1824 1,
1694 1757 1758 1827 l).
1791 1778 1818 1807 »
1841 1729 1898 1802 B
1922 1729 2079 1810 misit
2124 1729 2406 1810 Dominus
2449 1756 2557 1811 hac
2598 1729 2920 1811 tentatione
2968 1755 3206 1828 pulsari,
3254 1763 3317 1814 ut
3362 1729 3559 1830 quales

176 1846 293 1901 Sed
321 1846 401 1901 ita
427 1847 693 1902 humana:
718 1848 957 1918 originis
973 1848 1234 1904 ordinem
1254 1850 1532 1920 sequitur,
1558 1853 1622 1904 ut
1642 1866 1819 1920 gene-

176 1940 470 1995 rationum
488 1941 664 1996 lineas
695 1958 873 2014 usque
904 1943 974 1997 ad
1000 1943 1231 2014 Ioseph,
1256 1942 1347 1998 cui
1376 1948 1566 1998 mater
1592 1943 1821 1999 Domini

173 2038 305 2089 erat
333 2034 970 2105 desponsata,deducat.
985 2037 1159 2091 Lucas
1184 2053 1319 2091 vero
1344 2039 1661 2092 retrorsum
1690 2054 1817 2092 suc-

173 2129 503 2183 cessionum
548 2129 757 2200 gradus
805 2129 1087 2201 relegens,
1115 2130 1188 2185 ad
1220 2131 1408 2202 ipsum
1448 2131 1690 2186 humani
1718 2148 1814 2203 ge-

170 2222 331 2276 neris
371 2222 689 2294 principem
728 2223 919 2293 rediit,
951 2227 1012 2277 ut
1037 2224 1223 2279 Adam
1250 2225 1527 2296 primum,
1550 2230 1606 2280 et
1634 2225 1817 2281 Adam

170 2315 555 2371 novissimum
584 2316 843 2387 ejusdem
871 2318 1137 2373 ostendat
1181 2334 1303 2373 esse
1343 2323 1579 2373 naturae.
1608 2320 1813 2374 Potue-

166 2413 261 2463 rat
285 2409 497 2481 quippe
526 2410 954 2481 omnipotentis:
982 2411 1104 2466 Filii
1143 2412 1244 2467 Dei
1286 2413 1366 2467 sic
1410 2412 1481 2467 ad
1531 2412 1814 2469 docendos

166 2502 443 2557 homines
468 2520 764 2576 apparere,
795 2505 1086 2577 quomodo
1124 2509 1182 2560 et
1214 2505 1565 2578 patriarchis,
1598 2511 1654 2562 et
1676 2524 1810 2579 pro-

163 2595 365 2666 phetis
406 2598 465 2650 in
513 2597 698 2668 specie
741 2599 928 2653 carnis
953 2600 1219 2670 apparuit
1246 2617 1377 2654 cum
1405 2605 1502 2655 aut
1524 2601 1811 2657 luctamen

166 2690 324 2755 iniit,
354 2694 454 2745 aut
482 2708 807 2747 sermonem
834 2693 1141 2763 conseruit,
1172 2711 1303 2749 cum
1342 2695 1428 2749 vel
1469 2694 1656 2750 ofﬁcia
1688 2695 1811 2751 hos-

1918 1848 2073 1903 intra
2128 1849 2433 1905 Ecclesiam
2476 1849 2708 1917 lateant,
2758 1849 2935 1921 possit
2987 1851 3242 1921 agnosci.
3300 1851 3558 1916 Quorum

1918 1942 2087 2014 plane
2127 1958 2242 1998 non
2289 1947 2376 1998 est
2410 1942 2753 2015 negligenda
2777 1943 3014 2014 curatio,
3037 1946 3100 1997 ut
3127 1960 3234 1999 nec
3258 1944 3552 2017 episcopo-

1918 2052 2047 2091 rum
2071 2053 2187 2091 non
2216 2036 2515 2092 contristet
2552 2036 2803 2093 amissio.
2840 2036 3290 2109 Augustissimus
3330 2054 3464 2095 vero
3500 2043 3556 2094 et

1916 2129 2430 2186 Christianissimus
2456 2129 2767 2201 imperator
2796 2130 3033 2202 cupiens
3059 2148 3231 2203 quam
3256 2132 3554 2188 celerrime

1915 2223 2143 2279 turbata
2195 2223 2459 2296 componi
2512 2223 2826 2296 episcopali
2872 2224 3110 2280 concilio
3157 2225 3310 2297 quod
3348 2226 3553 2299 Ephesi

1915 2318 2034 2372 vult
2057 2317 2292 2385 habere,
2317 2317 2561 2373 nimium
2585 2318 2758 2373 breve
2787 2322 2845 2373 et
2870 2323 3182 2391 angustum
3214 2323 3442 2393 tempus
3470 2321 3555 2389 ins

1914 2411 2059 2466 dixit
2111 2410 2264 2467 diem
2309 2411 2694 2467 Kalendarum
2738 2412 3159 2483 .praastituendo
3221 2414 3548 2484 conventui,

1913 2522 2044 2560 cum
2082 2521 2115 2559 a
2153 2504 2325 2560 tertio
2374 2504 2468 2560 die
2517 2505 2718 2560 Iduum
2769 2506 3066 2574 Maiarum,
3094 2524 3208 2579 quo
3236 2508 3551 2564 serenitatis

1914 2599 2039 2670 ejus
2091 2598 2300 2670 scripta
2344 2599 2697 2671 suscepimus
2721 2642 2735 2670 ,
2794 2600 2982 2671 major
3034 2618 3163 2672 pars
3218 2601 3427 2673 reliqui
3475 2602 3551 2658 sit

1911 2693 2185 2764 temporis
2224 2692 2602 2760 absumenda,
2632 2696 2696 2747 ut
2738 2694 3017 2765 profectio
3060 2694 3414 2751 sacerdotum
3449 2696 3546 2768 qui

162 2784 469 2853 pitalitatis
494 2784 709 2855 habuit,
744 2785 829 2840 vel
860 2785 1031 2840 etiam
1061 2786 1386 2858 appositum
1408 2787 1600 2843 cibum
1622 2806 1811 2860 sump-
1911 2786 2143 2858 negotio
2188 2786 2494 2854 sufficiant,
2523 2788 2709 2842 valeat
2739 2788 3015 2843 ordinari.
3047 2789 3190 2843 Nam
3219 2788 3363 2844 illud
3392 2790 3547 2862 quod

163 2878 261 2932 sit.
296 2878 408 2933 Sed
450 2879 560 2933 illas
606 2879 884 2951 imagines
927 2881 1098 2952 hujus
1135 2881 1385 2937 hominis
1411 2883 1810 2955 erantjudicia
1908 2880 2137 2952 pietatis
2191 2881 2312 2952 ejus
2358 2880 2533 2936 etiam
2585 2897 2679 2936 me
2726 2881 2963 2937 credidit
3016 2881 3227 2938 debere
3276 2882 3547 2939 interesse

160 2972 334 3041 cujus
382 2972 677 3028 veritatem
727 2990 795 3028 ex
843 2974 1294 3045 praecedentium
1342 2978 1576 3032 Patrum
1631 2978 1807 3050 stirpe
1907 2974 2167 3044 concilio,
2227 2974 2448 3029 etiamsi
2530 2976 2845 3031 secundum
2921 2975 3153 3048 aliquod
3218 2977 3545 3049 praecedens

159 3065 510 3120 sumendam
541 3066 986 3138 signiﬁcationes
1028 3069 1264 3139 mystice
1308 3070 1665 3126 nuntiabant.
1697 3072 1805 3127 Sed

159 3159 292 3214 ideo
325 3166 748 3216 sacramentum
773 3162 1248 3217 reconciliationis
1272 3167 1481 3219 nostrae
1504 3168 1635 3220 ante
1656 3168 1803 3220 tem-

156 3270 305 3324 pora
356 3256 573 3308 aeterna
621 3254 958 3327 dispositum
1012 3257 1165 3311 mille
1211 3257 1535 3329 implebant
1582 3260 1801 3330 figura),

154 3347 298 3418 quia
325 3347 588 3403 nondum
619 3355 853 3405 venerat
877 3350 1119 3421 Spiritus
1145 3356 1368 3406 sanctus
1402 3352 1463 3407 in
1492 3352 1799 3423 Virginem,

158 3457 267 3496 nec
306 3441 491 3495 virtus
538 3442 812 3498 Altissimi
855 3444 1294 3500 obumbraverat
1332 3446 1406 3514 ei,
1438 3449 1502 3500 ut
1529 3446 1683 3501 intra
1713 3447 1800 3500 in-

157 3537 447 3589 temerata
473 3536 681 3590 viscera
712 3537 1028 3592 aediﬁcante
1067 3538 1173 3592 sibi
1212 3539 1507 3610 Sapientia
1545 3539 1797 3606 domum,

157 3628 415 3682 Verbum
441 3644 574 3683 caro
602 3629 785 3698 ﬁeret,
818 3634 875 3686 et
909 3631 1100 3686 forma
1133 3632 1234 3687 Dei
1262 3649 1325 3687 ac
1354 3632 1542 3687 forma
1569 3634 1714 3688 servi
1741 3635 1799 3689 in

159 3738 341 3775 unam
395 3723 773 3778 conveniente
826 3740 1136 3795 personam
1188 3726 1419 3781 Creator
1470 3729 1799 3798 temporum

158 3818 494 3870 nasceretur
522 3817 581 3871 in
606 3820 883 3889 tempore,
909 3822 965 3873 et
990 3836 1096 3890 per
1122 3835 1294 3889 quam
1321 3820 1469 3874 facta
1507 3825 1639 3876 sunt
1673 3838 1796 3875 om-

155 3909 271 3975 nia,
300 3910 426 3981 ipse
464 3908 618 3965 inter
650 3911 843 3967 omnia
887 3912 1240 3983 gigneretur.
1273 3913 1390 3967 Nisi
1431 3913 1584 3968 enim
1620 3932 1798 3970 novus

158 4006 337 4057 homo
382 4003 564 4059 factus
607 4006 669 4058 in
710 4004 1143 4061 similitudinem
1192 4007 1378 4062 carnis
1403 4009 1624 4079 peccati
1663 4025 1795 4063 nos-

156 4102 302 4152 tram
361 4097 680 4169 susciperet
742 4103 1121 4165 vetustatem,
1178 4104 1237 4155 et
1301 4101 1796 4157 consubstantialis

153 4192 345 4256 Patri,
401 4192 893 4247 consubstantialis
941 4209 1062 4248 esse
1114 4193 1454 4265 dignaretur
1498 4200 1554 4250 et
1601 4197 1791 4263 matri,

154 4290 423 4339 naturam
448 4285 553 4340 sibi
583 4289 839 4341 nostram
883 4288 1036 4343 solus
1081 4304 1114 4341 a
1152 4293 1383 4360 peccato
1412 4289 1556 4344 liber
1582 4290 1790 4357 uniret,

150 4378 256 4432 sub
276 4379 426 4449 jugo
454 4378 666 4434 diaboli
696 4382 1039 4450 generaliter
1062 4385 1361 4437 teneretur
1394 4383 1645 4437 humana
1670 4400 1794 4456 cap-

1906 3068 2157 3140 exigitur
2188 3068 2535 3140 exemplum,
2567 3085 2719 3124 nunc
2750 3075 2943 3124 tamen
2979 3086 3344 3141 nequaquam
3369 3072 3546 3143 possit

1906 3161 2151 3233 impleri,
2184 3162 2317 3233 quia
2341 3178 2533 3217 rerum
2563 3163 2934 3233 praesentium
2965 3163 3136 3218 nimis
3160 3163 3378 3219 incerta
3402 3181 3539 3220 con-

1904 3255 2043 3311 ditio
2076 3260 2247 3311 tantae
2282 3255 2441 3310 urbis
2478 3257 2704 3327 populis
2736 3273 2830 3312 me
2854 3258 3050 3311 abesse
3081 3274 3197 3312 non
3219 3258 3453 3326 sineret,
3486 3262 3541 3314 et

1903 3350 1962 3404 in
1991 3349 2453 3420 desperationem
2490 3350 2802 3420 quamdam
2848 3351 3025 3405 animi
3065 3349 3537 3406 tumultuantium

1903 3444 2286 3509 mitterentur,
2317 3441 2364 3495 si
2408 3458 2511 3513 per
2549 3443 2901 3498 occasionem
2932 3459 3117 3497 causae
3146 3443 3536 3499 ecclesiasticae

1903 3536 2126 3591 viderer
2160 3535 2409 3607 patriam
2461 3539 2519 3590 et
2560 3537 2926 3607 apostolicam
2966 3536 3170 3592 Sedem
3204 3537 3346 3592 velle
3375 3538 3532 3593 dese-

1900 3646 2047 3685 rere.
2075 3629 2216 3695 Quia
2252 3629 2429 3700 igitur
2455 3629 2529 3684 ad
2555 3630 2843 3701 publicam
2884 3631 3030 3685 hanc
3071 3630 3375 3686 utilitatem
3413 3648 3536 3704 per-

1901 3724 2135 3778 tinuisse
2195 3723 2562 3794 cognoscitis,
2610 3727 2674 3778 ut
2732 3724 2883 3778 salva
2958 3724 3275 3780 clementiae
3331 3729 3532 3780 vestra:

1899 3817 2064 3872 venia
2088 3817 2352 3872 charitati
2380 3834 2546 3885 meae,
2580 3820 2636 3872 et
2664 3816 2927 3889 precibus
2961 3817 3168 3872 civium
3202 3835 3317 3873 non
3356 3836 3531 3890 nega-

1899 3928 2021 3967 rem
2066 3911 2125 3966 in
2167 3912 2255 3966 his
2306 3910 2579 3966 fratribus
2612 3911 2755 3966 meis
2778 3928 2920 3983 quos
2948 3911 3069 3966 vice
3100 3927 3227 3967 mea
3256 3911 3410 3979 misi,
3437 3928 3530 3967 me

1899 4022 2125 4077 quoque
2154 4005 2350 4060 adesse
2374 4021 2505 4059 cum
2530 4004 2753 4059 caateris
2784 4004 3082 4071 aestimate,
3100 4004 3198 4076 qui
3219 4005 3527 4060 secundum

1897 4116 2123 4154 causam
2167 4098 2299 4154 satis
2341 4098 2484 4153 mihi
2530 4115 2597 4153 ex
2644 4101 2933 4170 gestorum
2965 4098 3130 4168 serie,
3167 4101 3226 4153 et
3258 4098 3431 4170 ipsius
3458 4098 3529 4153 de

1896 4210 2008 4264 quo
2066 4193 2257 4265 agitur
2304 4191 2657 4264 professione
2709 4193 3054 4264 patefactam
3109 4192 3425 4260 evidenter,
3475 4199 3532 4248 et

1894 4288 2066 4359 plene
2110 4287 2246 4359 quid
2290 4287 2631 4343 servandum
2659 4290 2825 4354 esset,
2854 4286 3096 4343 ostendi.
3120 4287 3244 4342 Non
3280 4286 3433 4342 enim
3460 4287 3532 4342 de

1894 4381 2257 4452 portiuncula
2294 4380 2428 4436 ﬁdei
2460 4385 2673 4436 nostra:
2699 4397 2828 4452 quae
2854 4381 3027 4436 nimis
3051 4380 3237 4438 lucide
3264 4381 3531 4436 clarescat

154 4472 358 4539 tivitas,
396 4489 500 4530 nec
538 4473 707 4528 aliter
743 4475 1161 4546 possideremus
1184 4476 1592 4548 triumphantis
1617 4477 1788 4532 victo-
1813 4474 1871 4545 1)
1894 4475 2188 4546 quaeritur,
2221 4475 2318 4529 sed
2362 4475 2472 4530 hoc
2511 4474 2842 4529 stultissima
2890 4475 3184 4529 resultatio
3227 4474 3400 4529 audet
3436 4473 3526 4530 iu-

154 4566 328 4636 riam,
357 4566 407 4620 si
439 4572 597 4622 extra
640 4572 893 4624 nostram
933 4574 1080 4625 esset
1120 4571 1375 4626 confecta
1401 4575 1687 4626 naturam.
1716 4573 1791 4626 De

156 4661 262 4713 hac
313 4664 509 4715 autem
564 4661 998 4733 participatione
1051 4664 1317 4719 mirabile
1374 4668 1791 4723 sacramentum

153 4753 320 4808 nobis
357 4755 810 4826 regenerationis
854 4757 1110 4824 indulsit,
1140 4761 1202 4812 ut
1244 4774 1347 4828 per
1386 4758 1575 4829 ipsum
1612 4759 1790 4830 Spiri-

150 4854 275 4902 tum
327 4864 434 4919 per
480 4865 656 4920 quem
702 4850 959 4905 Christus
1013 4854 1317 4923 conceptus
1368 4855 1451 4907 est
1502 4856 1559 4906 et
1608 4856 1790 4921 natus,

152 4942 330 4997 etiam
371 4958 477 4997 nos
518 4943 615 5014 qui
661 4961 769 5015 per
817 4944 1342 5016 concupiscentiam
1382 4945 1570 4999 carnis
1599 4962 1794 4999 sumus

150 5036 353 5103 geniti,
397 5035 677 5106 spirituali
714 5037 926 5093 iterum
957 5038 1178 5110 origine
1211 5054 1593 5094 nasceremur.
1624 5041 1795 5110 Prop-

154 5133 237 5184 ter
288 5129 445 5201 quod
494 5129 565 5185 ab
607 5131 950 5202 evangelista
999 5132 1069 5187 de
1125 5132 1488 5188 credentibus
1543 5132 1791 5187 dicitur:

156 5246 179 5267 ιι
235 5224 348 5287 Qui
403 5240 520 5278 non
565 5240 633 5279 ex
684 5225 1091 5295 sanguinibus,
1139 5243 1327 5298 neque
1382 5243 1452 5281 ex
1507 5226 1794 5297 voluptate

152 5316 367 5383 carnis,
394 5332 583 5389 neque
630 5334 695 5372 ex
749 5318 1043 5374 voluntate
1086 5319 1210 5388 viri,
1258 5320 1360 5375 sed
1404 5337 1469 5375 ex
1513 5321 1631 5375 Deo
1673 5319 1795 5375 nati

150 5413 287 5465 sunt
328 5410 510 5482 (Ioan.
556 5427 596 5479 ι,
642 5412 748 5483 13).
784 5432 812 5464 ι)
845 5412 1018 5483 Cujus
1053 5412 1357 5468 ineﬂ‘abilis
1391 5413 1590 5486 gratia:
1624 5412 1798 5485 parti-

151 5521 283 5576 ceps
322 5519 447 5559 non
496 5508 601 5571 est,
640 5522 747 5561 nec
795 5511 981 5578 potest
1026 5506 1276 5563 ﬁliorum
1305 5507 1406 5562 Dei
1432 5506 1796 5579 adoptionem

153 5598 454 5671 consequi,
486 5598 742 5672 quisquis
782 5618 815 5655 a
857 5600 968 5656 ﬁde
999 5618 1101 5656 sua
1131 5602 1237 5656 hoc
1264 5601 1414 5671 quod
1446 5618 1551 5656 nos
1577 5600 1793 5673 princi-

155 5693 361 5759 p-sliter
402 5694 578 5748 salvat
617 5694 888 5751 excludit.
935 5696 1092 5750 Unde
1136 5695 1383 5750 multum
1436 5694 1599 5750 doleo
1648 5696 1794 5749 mul-

159 5791 401 5862 tumque
431 5788 755 5858 contristor,
786 5789 939 5863 quod
963 5789 1054 5846 hic
1081 5789 1179 5864 qui
1201 5793 1333 5846 ante
1364 5789 1434 5846 de
1466 5788 1799 5849 humilitatis

1893 4585 2131 4635 cessere,
2166 4568 2323 4639 quod
2354 4567 2629 4622 Dominus
2653 4572 2847 4622 noster
2873 4566 2932 4621 in
2961 4567 3206 4622 Ecclesia
3231 4566 3528 4622 neminem

1894 4679 2058 4717 sexus
2102 4661 2402 4732 utriusque
2452 4660 2633 4714 voluit
2679 4660 2966 4731 ignorare.
3016 4660 3310 4732 Siquidem
3351 4659 3529 4733 ipsius

1894 4755 2159 4811 catholici
2208 4754 2451 4826 symboli
2494 4753 2681 4808 brevis
2709 4758 2764 4808 et
2797 4754 3046 4824 perfecta
3071 4753 3367 4823 confessio,
3398 4771 3527 4826 quas

1894 4849 2193 4905 duodecim
2240 4848 2628 4919 apostolorum
2671 4846 2908 4902 totidem
2938 4853 3023 4903 est
3049 4847 3272 4919 signata
3309 4853 3532 4904 senten-

1893 4944 2006 5009 tiis,
2038 4946 2156 4997 tam
2183 4942 2463 4996 instructa
2500 4940 2573 4995 sit
2617 4940 2937 4996 munitione
2968 4940 3198 5008 cmlesti,
3222 4944 3285 4996 ut
3309 4958 3526 5009 omnes,

1894 5036 2295 5091 hazreticorum
2340 5034 2638 5105 opiniones
2684 5034 2802 5089 solo
2861 5033 3036 5106 ipsius
3080 5035 3299 5106 possint
3343 5035 3529 5107 gladio

1896 5129 2239 5185 detruncari.
2267 5128 2440 5199 Cujus
2460 5127 2703 5199 symboli
2726 5128 3159 5200 plenitudinem,
3184 5128 3230 5183 si
3250 5129 3530 5200 Eutyches

1895 5240 2040 5295 puro
2066 5228 2121 5277 et
2140 5222 2385 5294 simplici
2412 5221 2682 5277 voluisset
2717 5222 2884 5278 corde
2913 5223 3229 5295 concipere,
3271 5222 3331 5276 in
3369 5220 3527 5275 nullo

1896 5334 1929 5372 a
1953 5316 2193 5371 decretis
2221 5316 2436 5371 Nicasni
2471 5315 2697 5371 concilii
2734 5316 3009 5386 deviaret,
3046 5319 3105 5371 et
3134 5315 3240 5370 hoc
3269 5331 3302 5369 a
3325 5313 3529 5368 sanctis

1896 5411 2153 5466 Patribus
2172 5410 2519 5482 intelligeret
2548 5409 2937 5477 constitutum,
2958 5412 3022 5464 ut
3042 5413 3238 5463 contra
3263 5405 3530 5478 apostoli-

1897 5521 2025 5560 cam
2053 5504 2245 5572 fidem,
2269 5520 2399 5576 quae
2430 5521 2546 5559 non
2584 5503 2690 5559 nisi
2734 5520 2847 5558 una
2887 5505 2990 5569 est,
3023 5500 3245 5556 nullum
3280 5516 3342 5555 se
3372 5499 3531 5572 inge-

1897 5598 2087 5666 nium,
2141 5599 2361 5653 nullum
2424 5599 2676 5653 elevaret
2735 5595 3045 5667 eloquium.
3085 5594 3195 5649 Sed
3249 5593 3376 5648 ideo
3421 5611 3527 5665 pro

1897 5695 2100 5748 vestra:
2132 5692 2356 5763 pietatis
2376 5690 2787 5748 consuetudine
2819 5688 3074 5744 laborare
3099 5686 3433 5758 dignemini,
3468 5692 3531 5742 ut

1899 5787 2052 5865 quod
2079 5787 2272 5845 contra
2296 5786 2584 5859 singulare
2606 5786 3030 5841 sacramentum
3050 5780 3245 5838 salutis
3262 5781 3531 5841 humanas
