  <div class='ocr_page' id='page_1' title='image "/cluster/home/n/w/nwhite01/storage/ocr_20150623/130/hvd.32044054759915/419.png"; bbox 0 0 4026 6182; ppageno 0'>
   <div class='ocr_carea' id='block_1_1' title="bbox 540 205 641 255">
    <p class='ocr_par' dir='ltr' id='par_1_1' title="bbox 540 205 641 255">
     <span class='ocr_line' id='line_1_1' title="bbox 540 205 641 255; baseline -0.069 0"><span class='ocrx_word' id='word_1_1' title='bbox 540 205 641 255; x_wconf 73' lang='lat'>77!)</span> 
     </span>
    </p>
   </div>
   <div class='ocr_carea' id='block_1_2' title="bbox 1432 193 3005 250">
    <p class='ocr_par' dir='ltr' id='par_1_2' title="bbox 1432 193 3005 250">
     <span class='ocr_line' id='line_1_2' title="bbox 1432 193 3005 250; baseline 0.001 -2"><span class='ocrx_word' id='word_1_2' title='bbox 1432 196 1710 249; x_wconf 69' lang='lat' dir='ltr'>AI‘I’END.</span> <span class='ocrx_word' id='word_1_3' title='bbox 1755 194 1842 248; x_wconf 77' lang='lat' dir='ltr'>AD</span> <span class='ocrx_word' id='word_1_4' title='bbox 1883 195 2042 248; x_wconf 52' lang='grc' dir='ltr'>δίκα.</span> <span class='ocrx_word' id='word_1_5' title='bbox 2086 193 2171 247; x_wconf 77' lang='grc' dir='ltr'>ΙΧ.</span> <span class='ocrx_word' id='word_1_6' title='bbox 2205 222 2273 233; x_wconf 95' lang='grc'><strong><em>-</em></strong></span> <span class='ocrx_word' id='word_1_7' title='bbox 2306 194 2547 250; x_wconf 79' lang='lat' dir='ltr'>lSIDORl</span> <span class='ocrx_word' id='word_1_8' title='bbox 2585 195 3005 250; x_wconf 80' lang='lat' dir='ltr'>MERCATORIS</span> 
     </span>
    </p>
   </div>
   <div class='ocr_carea' id='block_1_3' title="bbox 3732 206 3811 259">
    <p class='ocr_par' dir='ltr' id='par_1_3' title="bbox 3732 206 3811 259">
     <span class='ocr_line' id='line_1_3' title="bbox 3732 206 3811 259; baseline 0.038 -4"><span class='ocrx_word' id='word_1_9' title='bbox 3732 206 3811 259; x_wconf 75' lang='lat'>780</span> 
     </span>
    </p>
   </div>
   <div class='ocr_carea' id='block_1_4' title="bbox 535 302 3816 385">
    <p class='ocr_par' dir='ltr' id='par_1_4' title="bbox 535 302 3816 385">
     <span class='ocr_line' id='line_1_4' title="bbox 535 302 3816 385; baseline 0.001 -22"><span class='ocrx_word' id='word_1_10' title='bbox 535 307 869 379; x_wconf 77' lang='lat' dir='ltr'>blaspheme</span> <span class='ocrx_word' id='word_1_11' title='bbox 909 304 1228 376; x_wconf 79' lang='lat' dir='ltr'>insipientia</span> <span class='ocrx_word' id='word_1_12' title='bbox 1265 305 1520 375; x_wconf 81' lang='lat' dir='ltr'>protulit,</span> <span class='ocrx_word' id='word_1_13' title='bbox 1551 304 1621 357; x_wconf 88' lang='lat' dir='ltr'>ab</span> <span class='ocrx_word' id='word_1_14' title='bbox 1666 302 1924 357; x_wconf 83' lang='lat' dir='ltr'>omnium</span> <span class='ocrx_word' id='word_1_15' title='bbox 1959 303 2162 357; x_wconf 87' lang='lat' dir='ltr'>animis</span> <span class='ocrx_word' id='word_1_16' title='bbox 2185 308 2684 385; x_wconf 71' lang='lat' dir='ltr'>Aconsecratum,</span> <span class='ocrx_word' id='word_1_17' title='bbox 2736 308 2802 358; x_wconf 92' lang='lat' dir='ltr'>ut</span> <span class='ocrx_word' id='word_1_18' title='bbox 2838 303 3119 376; x_wconf 87' lang='lat' dir='ltr'>quidquid</span> <span class='ocrx_word' id='word_1_19' title='bbox 3144 308 3224 360; x_wconf 88' lang='lat' dir='ltr'>est</span> <span class='ocrx_word' id='word_1_20' title='bbox 3265 321 3299 359; x_wconf 87' lang='lat' dir='ltr'>a</span> <span class='ocrx_word' id='word_1_21' title='bbox 3339 303 3561 360; x_wconf 87' lang='lat' dir='ltr'>Domino</span> <span class='ocrx_word' id='word_1_22' title='bbox 3595 306 3816 380; x_wconf 79' lang='lat' dir='ltr'>insignius</span> 
     </span>
    </p>
   </div>
   <div class='ocr_carea' id='block_1_5' title="bbox 540 396 2167 473">
    <p class='ocr_par' dir='ltr' id='par_1_5' title="bbox 540 396 2167 473">
     <span class='ocr_line' id='line_1_5' title="bbox 540 396 2167 473; baseline -0.005 -15"><span class='ocrx_word' id='word_1_23' title='bbox 540 401 866 473; x_wconf 83' lang='lat' dir='ltr'>repellatur.</span> <span class='ocrx_word' id='word_1_24' title='bbox 899 402 975 453; x_wconf 84' lang='lat' dir='ltr'>Ac</span> <span class='ocrx_word' id='word_1_25' title='bbox 1003 398 1046 452; x_wconf 90' lang='lat' dir='ltr'>si</span> <span class='ocrx_word' id='word_1_26' title='bbox 1074 399 1192 469; x_wconf 89' lang='lat' dir='ltr'>ipse</span> <span class='ocrx_word' id='word_1_27' title='bbox 1226 397 1320 469; x_wconf 90' lang='lat' dir='ltr'>qui</span> <span class='ocrx_word' id='word_1_28' title='bbox 1349 397 1408 452; x_wconf 88' lang='lat' dir='ltr'>in</span> <span class='ocrx_word' id='word_1_29' title='bbox 1436 397 1587 451; x_wconf 89' lang='lat' dir='ltr'>hanc</span> <span class='ocrx_word' id='word_1_30' title='bbox 1613 397 1992 452; x_wconf 89' lang='lat' dir='ltr'>tentationem</span> <span class='ocrx_word' id='word_1_31' title='bbox 2031 396 2167 451; x_wconf 90' lang='lat' dir='ltr'>inci-</span> 
     </span>
    </p>
   </div>
   <div class='ocr_carea' id='block_1_6' title="bbox 535 490 2168 564">
    <p class='ocr_par' dir='ltr' id='par_1_6' title="bbox 535 490 2168 564">
     <span class='ocr_line' id='line_1_6' title="bbox 535 490 2168 564; baseline -0.003 -14"><span class='ocrx_word' id='word_1_32' title='bbox 535 495 636 563; x_wconf 87' lang='lat' dir='ltr'>dit,</span> <span class='ocrx_word' id='word_1_33' title='bbox 664 492 980 564; x_wconf 78' lang='lat' dir='ltr'>resipiscat,</span> <span class='ocrx_word' id='word_1_34' title='bbox 1019 492 1097 546; x_wconf 90' lang='lat' dir='ltr'>ita</span> <span class='ocrx_word' id='word_1_35' title='bbox 1150 496 1211 545; x_wconf 90' lang='lat' dir='ltr'>ut</span> <span class='ocrx_word' id='word_1_36' title='bbox 1251 508 1353 563; x_wconf 92' lang='lat' dir='ltr'>per</span> <span class='ocrx_word' id='word_1_37' title='bbox 1387 491 1685 545; x_wconf 81' lang='lat' dir='ltr'>liberalem</span> <span class='ocrx_word' id='word_1_38' title='bbox 1721 490 2168 545; x_wconf 78' lang='lat' dir='ltr'>satisfactionem</span> 
     </span>
    </p>
   </div>
   <div class='ocr_carea' id='block_1_7' title="bbox 532 583 2169 659">
    <p class='ocr_par' dir='ltr' id='par_1_7' title="bbox 532 583 2169 659">
     <span class='ocr_line' id='line_1_7' title="bbox 532 583 2169 659; baseline -0.002 -17"><span class='ocrx_word' id='word_1_39' title='bbox 532 587 826 659; x_wconf 86' lang='lat' dir='ltr'>proprium</span> <span class='ocrx_word' id='word_1_40' title='bbox 859 586 1092 641; x_wconf 80' lang='lat' dir='ltr'>damnet</span> <span class='ocrx_word' id='word_1_41' title='bbox 1113 602 1390 652; x_wconf 89' lang='lat' dir='ltr'>errorem,</span> <span class='ocrx_word' id='word_1_42' title='bbox 1417 584 1744 639; x_wconf 90' lang='lat' dir='ltr'>communio</span> <span class='ocrx_word' id='word_1_43' title='bbox 1767 583 1819 638; x_wconf 91' lang='lat' dir='ltr'>ei</span> <span class='ocrx_word' id='word_1_44' title='bbox 1838 583 1923 638; x_wconf 89' lang='lat' dir='ltr'>sui</span> <span class='ocrx_word' id='word_1_45' title='bbox 1953 583 2169 639; x_wconf 89' lang='lat' dir='ltr'>ordinis</span> 
     </span>
    </p>
   </div>
   <div class='ocr_carea' id='block_1_8' title="bbox 533 677 2168 750">
    <p class='ocr_par' dir='ltr' id='par_1_8' title="bbox 533 677 2168 750">
     <span class='ocr_line' id='line_1_8' title="bbox 533 677 2168 750; baseline -0.002 -14"><span class='ocrx_word' id='word_1_46' title='bbox 533 682 895 736; x_wconf 88' lang='lat' dir='ltr'>reformctur.</span> <span class='ocrx_word' id='word_1_47' title='bbox 943 680 1101 746; x_wconf 89' lang='lat' dir='ltr'>Quod</span> <span class='ocrx_word' id='word_1_48' title='bbox 1144 680 1315 734; x_wconf 90' lang='lat' dir='ltr'>etiam</span> <span class='ocrx_word' id='word_1_49' title='bbox 1359 682 1556 733; x_wconf 91' lang='lat' dir='ltr'>sancto</span> <span class='ocrx_word' id='word_1_50' title='bbox 1609 677 1875 733; x_wconf 84' lang='lat' dir='ltr'>Flaviano</span> <span class='ocrx_word' id='word_1_51' title='bbox 1906 678 2168 750; x_wconf 90' lang='lat' dir='ltr'>episc0po</span> 
     </span>
    </p>
   </div>
   <div class='ocr_carea' id='block_1_9' title="bbox 532 772 2169 845">
    <p class='ocr_par' dir='ltr' id='par_1_9' title="bbox 532 772 2169 845">
     <span class='ocr_line' id='line_1_9' title="bbox 532 772 2169 845; baseline -0.002 -15"><span class='ocrx_word' id='word_1_52' title='bbox 532 792 626 830; x_wconf 90' lang='lat' dir='ltr'>me</span> <span class='ocrx_word' id='word_1_53' title='bbox 655 774 955 830; x_wconf 89' lang='lat' dir='ltr'>clementia</span> <span class='ocrx_word' id='word_1_54' title='bbox 995 776 1093 829; x_wconf 88' lang='lat' dir='ltr'>tua</span> <span class='ocrx_word' id='word_1_55' title='bbox 1135 772 1424 845; x_wconf 86' lang='lat' dir='ltr'>scripsisse</span> <span class='ocrx_word' id='word_1_56' title='bbox 1475 776 1799 843; x_wconf 78' lang='lat' dir='ltr'>cognoscat,</span> <span class='ocrx_word' id='word_1_57' title='bbox 1832 777 1896 827; x_wconf 90' lang='lat' dir='ltr'>ut</span> <span class='ocrx_word' id='word_1_58' title='bbox 1922 772 2169 826; x_wconf 88' lang='lat' dir='ltr'>cbaritas</span> 
     </span>
    </p>
   </div>
   <div class='ocr_carea' id='block_1_10' title="bbox 532 866 1966 939">
    <p class='ocr_par' dir='ltr' id='par_1_10' title="bbox 532 866 1966 939">
     <span class='ocr_line' id='line_1_10' title="bbox 532 866 1966 939; baseline -0.004 -15"><span class='ocrx_word' id='word_1_59' title='bbox 532 885 647 924; x_wconf 92' lang='lat' dir='ltr'>non</span> <span class='ocrx_word' id='word_1_60' title='bbox 674 872 941 939; x_wconf 83' lang='lat' dir='ltr'>negetur,</span> <span class='ocrx_word' id='word_1_61' title='bbox 971 867 1019 922; x_wconf 96' lang='lat' dir='ltr'>si</span> <span class='ocrx_word' id='word_1_62' title='bbox 1059 883 1218 922; x_wconf 91' lang='lat' dir='ltr'>error</span> <span class='ocrx_word' id='word_1_63' title='bbox 1246 866 1526 921; x_wconf 83' lang='lat' dir='ltr'>aboletur.</span> <span class='ocrx_word' id='word_1_64' title='bbox 1962 872 1966 876; x_wconf 70' lang='lat'>‘</span> 
     </span>
    </p>
   </div>
   <div class='ocr_carea' id='block_1_11' title="bbox 704 961 1997 1031">
    <p class='ocr_par' dir='ltr' id='par_1_11' title="bbox 704 961 1997 1031">
     <span class='ocr_line' id='line_1_11' title="bbox 704 961 1997 1031; baseline -0.002 -15"><span class='ocrx_word' id='word_1_65' title='bbox 704 964 784 1016; x_wconf 88' lang='lat' dir='ltr'>IX.</span> <span class='ocrx_word' id='word_1_66' title='bbox 820 994 884 1001; x_wconf 88' lang='lat'>——</span> <span class='ocrx_word' id='word_1_67' title='bbox 911 963 1005 1017; x_wconf 85' lang='lat' dir='ltr'>Ad</span> <span class='ocrx_word' id='word_1_68' title='bbox 1029 964 1340 1017; x_wconf 74' lang='lat' dir='ltr'>Dioscorum</span> <span class='ocrx_word' id='word_1_69' title='bbox 1365 961 1809 1016; x_wconf 69' lang='lat' dir='ltr'>Alexandrinum</span> <span class='ocrx_word' id='word_1_70' title='bbox 1836 963 1997 1031; x_wconf 77' lang='lat' dir='ltr'>episc.</span> 
     </span>
    </p>
   </div>
   <div class='ocr_carea' id='block_1_12' title="bbox 608 1054 2022 1125">
    <p class='ocr_par' dir='ltr' id='par_1_12' title="bbox 608 1054 2022 1125">
     <span class='ocr_line' id='line_1_12' title="bbox 608 1054 2022 1125; baseline -0.003 -14"><span class='ocrx_word' id='word_1_71' title='bbox 608 1058 715 1112; x_wconf 66' lang='grc' dir='ltr'>Ι,εο</span> <span class='ocrx_word' id='word_1_72' title='bbox 742 1058 1013 1113; x_wconf 79' lang='lat' dir='ltr'>DlOSCORO</span> <span class='ocrx_word' id='word_1_73' title='bbox 1042 1054 1301 1111; x_wconf 75' lang='lat' dir='ltr'>Ecclesiae:</span> <span class='ocrx_word' id='word_1_74' title='bbox 1329 1054 1718 1109; x_wconf 73' lang='lat' dir='ltr'>Alexandrinas</span> <span class='ocrx_word' id='word_1_75' title='bbox 1741 1054 2022 1125; x_wconf 78' lang='lat' dir='ltr'>epiSCOpo.</span> 
     </span>
    </p>
   </div>
   <div class='ocr_carea' id='block_1_13' title="bbox 605 1147 2167 1216">
    <p class='ocr_par' dir='ltr' id='par_1_13' title="bbox 605 1147 2167 1216">
     <span class='ocr_line' id='line_1_13' title="bbox 605 1147 2167 1216; baseline -0.004 -10"><span class='ocrx_word' id='word_1_76' title='bbox 605 1154 892 1216; x_wconf 87' lang='lat' dir='ltr'>Quantum</span> <span class='ocrx_word' id='word_1_77' title='bbox 922 1148 1210 1204; x_wconf 89' lang='lat' dir='ltr'>dilectioni</span> <span class='ocrx_word' id='word_1_78' title='bbox 1253 1152 1362 1203; x_wconf 86' lang='lat' dir='ltr'>tuae</span> <span class='ocrx_word' id='word_1_79' title='bbox 1402 1147 1705 1203; x_wconf 75' lang='lat' dir='ltr'>Dominicae</span> <span class='ocrx_word' id='word_1_80' title='bbox 1741 1147 2031 1202; x_wconf 87' lang='lat' dir='ltr'>charitatis</span> <span class='ocrx_word' id='word_1_81' title='bbox 2062 1147 2167 1202; x_wconf 91' lang='lat' dir='ltr'>im-</span> 
     </span>
    </p>
   </div>
   <div class='ocr_carea' id='block_1_14' title="bbox 536 1241 2173 1318">
    <p class='ocr_par' dir='ltr' id='par_1_14' title="bbox 536 1241 2173 1318">
     <span class='ocr_line' id='line_1_14' title="bbox 536 1241 2173 1318; baseline -0.003 -18"><span class='ocrx_word' id='word_1_82' title='bbox 536 1245 853 1318; x_wconf 85' lang='lat' dir='ltr'>pendamus</span> <span class='ocrx_word' id='word_1_83' title='bbox 883 1243 1173 1311; x_wconf 83' lang='lat' dir='ltr'>aﬁ&#39;ectum,</span> <span class='ocrx_word' id='word_1_84' title='bbox 1202 1259 1272 1297; x_wconf 84' lang='lat' dir='ltr'>ex</span> <span class='ocrx_word' id='word_1_85' title='bbox 1288 1242 1393 1297; x_wconf 89' lang='lat' dir='ltr'>hoc</span> <span class='ocrx_word' id='word_1_86' title='bbox 1424 1242 1636 1314; x_wconf 90' lang='lat' dir='ltr'>poteris</span> <span class='ocrx_word' id='word_1_87' title='bbox 1661 1242 2000 1313; x_wconf 82' lang='lat' dir='ltr'>approbare,</span> <span class='ocrx_word' id='word_1_88' title='bbox 2021 1241 2173 1311; x_wconf 89' lang='lat' dir='ltr'>quod</span> 
     </span>
    </p>
   </div>
   <div class='ocr_carea' id='block_1_15' title="bbox 535 1334 2172 1406">
    <p class='ocr_par' dir='ltr' id='par_1_15' title="bbox 535 1334 2172 1406">
     <span class='ocr_line' id='line_1_15' title="bbox 535 1334 2172 1406; baseline -0.004 -11"><span class='ocrx_word' id='word_1_89' title='bbox 535 1346 631 1397; x_wconf 81' lang='lat' dir='ltr'>tua</span> <span class='ocrx_word' id='word_1_90' title='bbox 682 1338 900 1393; x_wconf 89' lang='lat' dir='ltr'>ﬁrmius</span> <span class='ocrx_word' id='word_1_91' title='bbox 947 1336 1333 1392; x_wconf 85' lang='lat' dir='ltr'>desideramus</span> <span class='ocrx_word' id='word_1_92' title='bbox 1381 1336 1626 1390; x_wconf 86' lang='lat' dir='ltr'>fundare</span> <span class='ocrx_word' id='word_1_93' title='bbox 1668 1335 1867 1402; x_wconf 88' lang='lat' dir='ltr'>initia,</span> <span class='ocrx_word' id='word_1_94' title='bbox 1914 1351 1985 1389; x_wconf 91' lang='lat' dir='ltr'>ne</span> <span class='ocrx_word' id='word_1_95' title='bbox 2032 1334 2172 1406; x_wconf 89' lang='lat' dir='ltr'>quid</span> 
     </span>
    </p>
   </div>
   <div class='ocr_carea' id='block_1_16' title="bbox 539 1429 2174 1502">
    <p class='ocr_par' dir='ltr' id='par_1_16' title="bbox 539 1429 2174 1502">
     <span class='ocr_line' id='line_1_16' title="bbox 539 1429 2174 1502; baseline -0.005 -12"><span class='ocrx_word' id='word_1_96' title='bbox 539 1432 799 1490; x_wconf 87' lang='lat' dir='ltr'>charitati</span> <span class='ocrx_word' id='word_1_97' title='bbox 837 1436 947 1486; x_wconf 66' lang='lat' dir='ltr'>tum</span> <span class='ocrx_word' id='word_1_98' title='bbox 979 1432 1047 1486; x_wconf 90' lang='lat' dir='ltr'>ad</span> <span class='ocrx_word' id='word_1_99' title='bbox 1073 1430 1488 1502; x_wconf 86' lang='lat' dir='ltr'>perfectionem</span> <span class='ocrx_word' id='word_1_100' title='bbox 1523 1429 1720 1484; x_wconf 88' lang='lat' dir='ltr'>deesse</span> <span class='ocrx_word' id='word_1_101' title='bbox 1745 1429 2023 1495; x_wconf 88' lang='lat' dir='ltr'>videatur,</span> <span class='ocrx_word' id='word_1_102' title='bbox 2044 1445 2174 1483; x_wconf 90' lang='lat' dir='ltr'>cum</span> 
     </span>
    </p>
   </div>
   <div class='ocr_carea' id='block_1_17' title="bbox 541 1522 2175 1598">
    <p class='ocr_par' dir='ltr' id='par_1_17' title="bbox 541 1522 2175 1598">
     <span class='ocr_line' id='line_1_17' title="bbox 541 1522 2175 1598; baseline -0.004 -15"><span class='ocrx_word' id='word_1_103' title='bbox 541 1527 644 1583; x_wconf 87' lang='lat' dir='ltr'>tibi</span> <span class='ocrx_word' id='word_1_104' title='bbox 688 1525 940 1598; x_wconf 88' lang='lat' dir='ltr'>specialis</span> <span class='ocrx_word' id='word_1_105' title='bbox 986 1525 1181 1596; x_wconf 62' lang='lat' dir='ltr'>gratia:</span> <span class='ocrx_word' id='word_1_106' title='bbox 1219 1523 1442 1591; x_wconf 90' lang='lat' dir='ltr'>merita,</span> <span class='ocrx_word' id='word_1_107' title='bbox 1473 1526 1534 1577; x_wconf 87' lang='lat' dir='ltr'>ut</span> <span class='ocrx_word' id='word_1_108' title='bbox 1565 1522 1946 1594; x_wconf 86' lang='lat' dir='ltr'>probavimus,</span> <span class='ocrx_word' id='word_1_109' title='bbox 1978 1522 2175 1577; x_wconf 79' lang='lat' dir='ltr'>suffra-</span> 
     </span>
    </p>
   </div>
   <div class='ocr_carea' id='block_1_18' title="bbox 2268 397 3816 471">
    <p class='ocr_par' dir='ltr' id='par_1_18' title="bbox 2268 397 3816 471">
     <span class='ocr_line' id='line_1_18' title="bbox 2268 397 3816 471; baseline 0.005 -19"><span class='ocrx_word' id='word_1_110' title='bbox 2268 397 2636 452; x_wconf 88' lang='lat' dir='ltr'>constitutum</span> <span class='ocrx_word' id='word_1_111' title='bbox 2681 398 2740 453; x_wconf 91' lang='lat' dir='ltr'>in</span> <span class='ocrx_word' id='word_1_112' title='bbox 2777 398 2949 468; x_wconf 88' lang='lat' dir='ltr'>hujus</span> <span class='ocrx_word' id='word_1_113' title='bbox 2999 397 3113 453; x_wconf 92' lang='lat' dir='ltr'>diei</span> <span class='ocrx_word' id='word_1_114' title='bbox 3144 397 3415 471; x_wconf 78' lang='lat' dir='ltr'>dignitate</span> <span class='ocrx_word' id='word_1_115' title='bbox 3450 398 3517 454; x_wconf 87' lang='lat' dir='ltr'>sit</span> <span class='ocrx_word' id='word_1_116' title='bbox 3540 402 3748 469; x_wconf 86' lang='lat' dir='ltr'>gestum.</span> <span class='ocrx_word' id='word_1_117' title='bbox 3773 405 3816 460; x_wconf 85' lang='lat' dir='ltr'>lu</span> 
     </span>
    </p>
   </div>
   <div class='ocr_carea' id='block_1_19' title="bbox 2266 491 3817 564">
    <p class='ocr_par' dir='ltr' id='par_1_19' title="bbox 2266 491 3817 564">
     <span class='ocr_line' id='line_1_19' title="bbox 2266 491 3817 564; baseline 0.004 -19"><span class='ocrx_word' id='word_1_118' title='bbox 2266 491 2373 546; x_wconf 89' lang='lat' dir='ltr'>hac</span> <span class='ocrx_word' id='word_1_119' title='bbox 2418 491 2669 546; x_wconf 90' lang='lat' dir='ltr'>mundus</span> <span class='ocrx_word' id='word_1_120' title='bbox 2707 492 2955 563; x_wconf 89' lang='lat' dir='ltr'>sumpsit</span> <span class='ocrx_word' id='word_1_121' title='bbox 2998 491 3315 547; x_wconf 80' lang='lat' dir='ltr'>exordium.</span> <span class='ocrx_word' id='word_1_122' title='bbox 3347 493 3405 546; x_wconf 87' lang='lat' dir='ltr'>In</span> <span class='ocrx_word' id='word_1_123' title='bbox 3446 492 3545 547; x_wconf 89' lang='lat' dir='ltr'>hac</span> <span class='ocrx_word' id='word_1_124' title='bbox 3569 510 3659 564; x_wconf 87' lang='lat' dir='ltr'>per</span> <span class='ocrx_word' id='word_1_125' title='bbox 3680 512 3817 552; x_wconf 66' lang='lat' dir='ltr'>resur»</span> 
     </span>
    </p>
   </div>
   <div class='ocr_carea' id='block_1_20' title="bbox 2267 584 3821 656">
    <p class='ocr_par' dir='ltr' id='par_1_20' title="bbox 2267 584 3821 656">
     <span class='ocr_line' id='line_1_20' title="bbox 2267 584 3821 656; baseline 0.003 -16"><span class='ocrx_word' id='word_1_126' title='bbox 2267 584 2579 641; x_wconf 88' lang='lat' dir='ltr'>rectionem</span> <span class='ocrx_word' id='word_1_127' title='bbox 2608 585 2837 655; x_wconf 88' lang='lat' dir='ltr'>Christi,</span> <span class='ocrx_word' id='word_1_128' title='bbox 2885 589 2943 640; x_wconf 90' lang='lat' dir='ltr'>et</span> <span class='ocrx_word' id='word_1_129' title='bbox 2968 602 3121 641; x_wconf 91' lang='lat' dir='ltr'>mors</span> <span class='ocrx_word' id='word_1_130' title='bbox 3166 585 3474 656; x_wconf 87' lang='lat' dir='ltr'>interitum,</span> <span class='ocrx_word' id='word_1_131' title='bbox 3511 590 3562 641; x_wconf 92' lang='lat' dir='ltr'>et</span> <span class='ocrx_word' id='word_1_132' title='bbox 3582 587 3681 643; x_wconf 87' lang='lat' dir='ltr'>vita</span> <span class='ocrx_word' id='word_1_133' title='bbox 3709 605 3821 645; x_wconf 72' lang='lat' dir='ltr'>ecce</span> 
     </span>
    </p>
   </div>
   <div class='ocr_carea' id='block_1_21' title="bbox 2266 678 3822 752">
    <p class='ocr_par' dir='ltr' id='par_1_21' title="bbox 2266 678 3822 752">
     <span class='ocr_line' id='line_1_21' title="bbox 2266 678 3822 752; baseline 0.003 -19"><span class='ocrx_word' id='word_1_134' title='bbox 2266 680 2352 751; x_wconf 88' lang='lat' dir='ltr'>pit</span> <span class='ocrx_word' id='word_1_135' title='bbox 2406 678 2653 735; x_wconf 91' lang='lat' dir='ltr'>initium.</span> <span class='ocrx_word' id='word_1_136' title='bbox 2684 681 2745 735; x_wconf 88' lang='lat' dir='ltr'>In</span> <span class='ocrx_word' id='word_1_137' title='bbox 2785 680 2889 735; x_wconf 90' lang='lat' dir='ltr'>hac</span> <span class='ocrx_word' id='word_1_138' title='bbox 2938 681 3176 752; x_wconf 89' lang='lat' dir='ltr'>apostoli</span> <span class='ocrx_word' id='word_1_139' title='bbox 3199 698 3230 734; x_wconf 91' lang='lat' dir='ltr'>a</span> <span class='ocrx_word' id='word_1_140' title='bbox 3272 679 3509 736; x_wconf 91' lang='lat' dir='ltr'>Domino</span> <span class='ocrx_word' id='word_1_141' title='bbox 3545 681 3822 752; x_wconf 77' lang='lat' dir='ltr'>praedicandi</span> 
     </span>
    </p>
   </div>
   <div class='ocr_carea' id='block_1_22' title="bbox 2269 773 3822 846">
    <p class='ocr_par' dir='ltr' id='par_1_22' title="bbox 2269 773 3822 846">
     <span class='ocr_line' id='line_1_22' title="bbox 2269 773 3822 846; baseline -0.001 -14"><span class='ocrx_word' id='word_1_142' title='bbox 2269 773 2328 832; x_wconf 83' lang='lat' dir='ltr'>in</span> <span class='ocrx_word' id='word_1_143' title='bbox 2354 773 2621 828; x_wconf 90' lang='lat' dir='ltr'>omnibus</span> <span class='ocrx_word' id='word_1_144' title='bbox 2659 774 2925 843; x_wconf 86' lang='lat' dir='ltr'>gentibus</span> <span class='ocrx_word' id='word_1_145' title='bbox 2971 775 3260 846; x_wconf 84' lang='lat' dir='ltr'>Evangelii</span> <span class='ocrx_word' id='word_1_146' title='bbox 3306 774 3499 829; x_wconf 91' lang='lat' dir='ltr'>tubam</span> <span class='ocrx_word' id='word_1_147' title='bbox 3535 778 3749 843; x_wconf 86' lang='lat' dir='ltr'>sumunt,</span> <span class='ocrx_word' id='word_1_148' title='bbox 3783 782 3822 831; x_wconf 87' lang='lat' dir='ltr'>et</span> 
     </span>
    </p>
   </div>
   <div class='ocr_carea' id='block_1_23' title="bbox 2270 867 3820 940">
    <p class='ocr_par' dir='ltr' id='par_1_23' title="bbox 2270 867 3820 940">
     <span class='ocr_line' id='line_1_23' title="bbox 2270 867 3820 940; baseline 0.001 -18"><span class='ocrx_word' id='word_1_149' title='bbox 2270 867 2571 923; x_wconf 85' lang='lat' dir='ltr'>ferendum</span> <span class='ocrx_word' id='word_1_150' title='bbox 2601 867 2859 924; x_wconf 85' lang='lat' dir='ltr'>universo</span> <span class='ocrx_word' id='word_1_151' title='bbox 2885 869 3100 924; x_wconf 90' lang='lat' dir='ltr'>mundo</span> <span class='ocrx_word' id='word_1_152' title='bbox 3141 872 3551 924; x_wconf 85' lang='lat' dir='ltr'>sacramentum</span> <span class='ocrx_word' id='word_1_153' title='bbox 3583 885 3820 940; x_wconf 80' lang='lat' dir='ltr'>regenera~</span> 
     </span>
    </p>
   </div>
   <div class='ocr_carea' id='block_1_24' title="bbox 2271 961 3821 1032">
    <p class='ocr_par' dir='ltr' id='par_1_24' title="bbox 2271 961 3821 1032">
     <span class='ocr_line' id='line_1_24' title="bbox 2271 961 3821 1032; baseline 0.001 -16"><span class='ocrx_word' id='word_1_154' title='bbox 2271 961 2436 1016; x_wconf 90' lang='lat' dir='ltr'>tionis</span> <span class='ocrx_word' id='word_1_155' title='bbox 2474 961 2778 1032; x_wconf 90' lang='lat' dir='ltr'>accipiunt.</span> <span class='ocrx_word' id='word_1_156' title='bbox 2813 963 2873 1016; x_wconf 88' lang='lat' dir='ltr'>In</span> <span class='ocrx_word' id='word_1_157' title='bbox 2902 962 3026 1029; x_wconf 87' lang='lat' dir='ltr'>hac,</span> <span class='ocrx_word' id='word_1_158' title='bbox 3060 961 3205 1018; x_wconf 88' lang='lat' dir='ltr'>sicut</span> <span class='ocrx_word' id='word_1_159' title='bbox 3231 962 3430 1018; x_wconf 88' lang='lat' dir='ltr'>beatus</span> <span class='ocrx_word' id='word_1_160' title='bbox 3456 963 3676 1018; x_wconf 81' lang='lat' dir='ltr'>Joannes</span> <span class='ocrx_word' id='word_1_161' title='bbox 3696 979 3821 1017; x_wconf 79' lang='lat' dir='ltr'>evan-</span> 
     </span>
    </p>
   </div>
   <div class='ocr_carea' id='block_1_25' title="bbox 2272 1055 3821 1127">
    <p class='ocr_par' dir='ltr' id='par_1_25' title="bbox 2272 1055 3821 1127">
     <span class='ocr_line' id='line_1_25' title="bbox 2272 1055 3821 1127; baseline 0.001 -18"><span class='ocrx_word' id='word_1_162' title='bbox 2272 1056 2471 1126; x_wconf 85' lang='lat' dir='ltr'>gelista</span> <span class='ocrx_word' id='word_1_163' title='bbox 2498 1060 2753 1124; x_wconf 88' lang='lat' dir='ltr'>testatur,</span> <span class='ocrx_word' id='word_1_164' title='bbox 2786 1056 3148 1127; x_wconf 85' lang='lat' dir='ltr'>congregatis</span> <span class='ocrx_word' id='word_1_165' title='bbox 3175 1056 3234 1111; x_wconf 91' lang='lat' dir='ltr'>in</span> <span class='ocrx_word' id='word_1_166' title='bbox 3275 1072 3458 1111; x_wconf 89' lang='lat' dir='ltr'>unum</span> <span class='ocrx_word' id='word_1_167' title='bbox 3496 1055 3744 1127; x_wconf 79' lang='lat' dir='ltr'>discipulis</span> <span class='ocrx_word' id='word_1_168' title='bbox 3759 1056 3821 1126; x_wconf 66' lang='grc' dir='ltr'><strong>,ᾖδε</strong></span> 
     </span>
    </p>
   </div>
   <div class='ocr_carea' id='block_1_26' title="bbox 2270 1149 3824 1217">
    <p class='ocr_par' dir='ltr' id='par_1_26' title="bbox 2270 1149 3824 1217">
     <span class='ocr_line' id='line_1_26' title="bbox 2270 1149 3824 1217; baseline 0.001 -14"><span class='ocrx_word' id='word_1_169' title='bbox 2270 1150 2399 1204; x_wconf 89' lang='lat' dir='ltr'>nuis</span> <span class='ocrx_word' id='word_1_170' title='bbox 2472 1150 2695 1217; x_wconf 84' lang='lat' dir='ltr'>clausis,</span> <span class='ocrx_word' id='word_1_171' title='bbox 2753 1167 2884 1205; x_wconf 90' lang='lat' dir='ltr'>cum</span> <span class='ocrx_word' id='word_1_172' title='bbox 2959 1151 3029 1205; x_wconf 89' lang='lat' dir='ltr'>ad</span> <span class='ocrx_word' id='word_1_173' title='bbox 3080 1167 3174 1206; x_wconf 89' lang='lat' dir='ltr'>eos</span> <span class='ocrx_word' id='word_1_174' title='bbox 3248 1150 3518 1206; x_wconf 87' lang='lat' dir='ltr'>Dominus</span> <span class='ocrx_word' id='word_1_175' title='bbox 3585 1149 3824 1214; x_wconf 83' lang='lat' dir='ltr'>introisset,</span> 
     </span>
    </p>
   </div>
   <div class='ocr_carea' id='block_1_27' title="bbox 2277 1243 3822 1316">
    <p class='ocr_par' dir='ltr' id='par_1_27' title="bbox 2277 1243 3822 1316">
     <span class='ocr_line' id='line_1_27' title="bbox 2277 1243 3822 1316; baseline 0.004 -24"><span class='ocrx_word' id='word_1_176' title='bbox 2277 1265 2303 1292; x_wconf 88' lang='grc'>‹‹</span> <span class='ocrx_word' id='word_1_177' title='bbox 2332 1243 2640 1298; x_wconf 85' lang='lat' dir='ltr'>insufﬂavit</span> <span class='ocrx_word' id='word_1_178' title='bbox 2678 1247 2734 1298; x_wconf 92' lang='lat' dir='ltr'>et</span> <span class='ocrx_word' id='word_1_179' title='bbox 2777 1244 2951 1299; x_wconf 83' lang='lat' dir='ltr'>dixit:</span> <span class='ocrx_word' id='word_1_180' title='bbox 2999 1244 3247 1316; x_wconf 82' lang='lat' dir='ltr'>Accipite</span> <span class='ocrx_word' id='word_1_181' title='bbox 3299 1243 3565 1316; x_wconf 89' lang='lat' dir='ltr'>Spiritum</span> <span class='ocrx_word' id='word_1_182' title='bbox 3604 1247 3822 1309; x_wconf 87' lang='lat' dir='ltr'>sanctum,</span> 
     </span>
    </p>
   </div>
   <div class='ocr_carea' id='block_1_28' title="bbox 2273 1337 3827 1410">
    <p class='ocr_par' dir='ltr' id='par_1_28' title="bbox 2273 1337 3827 1410">
     <span class='ocr_line' id='line_1_28' title="bbox 2273 1337 3827 1410; baseline -0.001 -19"><span class='ocrx_word' id='word_1_183' title='bbox 2273 1354 2513 1410; x_wconf 90' lang='lat' dir='ltr'>quorum</span> <span class='ocrx_word' id='word_1_184' title='bbox 2572 1339 2902 1393; x_wconf 88' lang='lat' dir='ltr'>remiseritis</span> <span class='ocrx_word' id='word_1_185' title='bbox 2954 1343 3204 1410; x_wconf 90' lang='lat' dir='ltr'>peccata,</span> <span class='ocrx_word' id='word_1_186' title='bbox 3260 1338 3621 1394; x_wconf 88' lang='lat' dir='ltr'>remittuntur</span> <span class='ocrx_word' id='word_1_187' title='bbox 3670 1337 3749 1404; x_wconf 87' lang='lat' dir='ltr'>eis,</span> <span class='ocrx_word' id='word_1_188' title='bbox 3789 1340 3827 1390; x_wconf 81' lang='lat' dir='ltr'>et</span> 
     </span>
    </p>
   </div>
   <div class='ocr_carea' id='block_1_29' title="bbox 2274 1430 3825 1513">
    <p class='ocr_par' dir='ltr' id='par_1_29' title="bbox 2274 1430 3825 1513">
     <span class='ocr_line' id='line_1_29' title="bbox 2274 1430 3825 1513; baseline -0.001 -27"><span class='ocrx_word' id='word_1_189' title='bbox 2274 1448 2521 1513; x_wconf 81' lang='lat' dir='ltr'>quorum</span> <span class='ocrx_word' id='word_1_190' title='bbox 2566 1432 2941 1502; x_wconf 88' lang='lat' dir='ltr'>detinueritis,</span> <span class='ocrx_word' id='word_1_191' title='bbox 2987 1433 3220 1488; x_wconf 88' lang='lat' dir='ltr'>detenta</span> <span class='ocrx_word' id='word_1_192' title='bbox 3273 1434 3441 1488; x_wconf 89' lang='lat' dir='ltr'>erunt</span> <span class='ocrx_word' id='word_1_193' title='bbox 3472 1430 3632 1501; x_wconf 83' lang='lat' dir='ltr'>(Joan.</span> <span class='ocrx_word' id='word_1_194' title='bbox 3661 1448 3734 1497; x_wconf 87' lang='lat' dir='ltr'>xx,</span> <span class='ocrx_word' id='word_1_195' title='bbox 3764 1434 3825 1498; x_wconf 67' lang='grc' dir='ltr'>Ἡ,</span> 
     </span>
    </p>
   </div>
   <div class='ocr_carea' id='block_1_30' title="bbox 2275 1524 3828 1598">
    <p class='ocr_par' dir='ltr' id='par_1_30' title="bbox 2275 1524 3828 1598">
     <span class='ocr_line' id='line_1_30' title="bbox 2275 1524 3828 1598; baseline -0.001 -19"><span class='ocrx_word' id='word_1_196' title='bbox 2275 1526 2383 1597; x_wconf 84' lang='lat'>23).</span> <span class='ocrx_word' id='word_1_197' title='bbox 2419 1547 2446 1573; x_wconf 88' lang='grc'><strong>››</strong></span> <span class='ocrx_word' id='word_1_198' title='bbox 2476 1528 2538 1580; x_wconf 88' lang='lat' dir='ltr'>In</span> <span class='ocrx_word' id='word_1_199' title='bbox 2566 1526 2672 1580; x_wconf 89' lang='lat' dir='ltr'>hac</span> <span class='ocrx_word' id='word_1_200' title='bbox 2695 1525 2940 1598; x_wconf 90' lang='lat' dir='ltr'>denique</span> <span class='ocrx_word' id='word_1_201' title='bbox 2968 1525 3285 1598; x_wconf 89' lang='lat' dir='ltr'>promissus</span> <span class='ocrx_word' id='word_1_202' title='bbox 3311 1543 3345 1580; x_wconf 90' lang='lat' dir='ltr'>a</span> <span class='ocrx_word' id='word_1_203' title='bbox 3375 1525 3603 1579; x_wconf 91' lang='lat' dir='ltr'>Domino</span> <span class='ocrx_word' id='word_1_204' title='bbox 3624 1524 3828 1596; x_wconf 75' lang='lat' dir='ltr'>apostolis</span> 
     </span>
    </p>
   </div>
   <div class='ocr_carea' id='block_1_31' title="bbox 546 1616 3828 1693">
    <p class='ocr_par' dir='ltr' id='par_1_31' title="bbox 546 1616 3828 1693">
     <span class='ocr_line' id='line_1_31' title="bbox 546 1616 3828 1693; baseline -0.002 -17"><span class='ocrx_word' id='word_1_205' title='bbox 546 1625 770 1693; x_wconf 88' lang='lat' dir='ltr'>gentur.</span> <span class='ocrx_word' id='word_1_206' title='bbox 821 1621 1065 1673; x_wconf 90' lang='lat' dir='ltr'>Paterna</span> <span class='ocrx_word' id='word_1_207' title='bbox 1114 1619 1310 1690; x_wconf 90' lang='lat' dir='ltr'>igitur,</span> <span class='ocrx_word' id='word_1_208' title='bbox 1357 1620 1414 1671; x_wconf 92' lang='lat' dir='ltr'>et</span> <span class='ocrx_word' id='word_1_209' title='bbox 1456 1618 1710 1672; x_wconf 86' lang='lat' dir='ltr'>fraterna</span> <span class='ocrx_word' id='word_1_210' title='bbox 1748 1616 1975 1672; x_wconf 87' lang='lat' dir='ltr'>collatio</span> <span class='ocrx_word' id='word_1_211' title='bbox 2011 1616 2236 1693; x_wconf 80' lang='lat' dir='ltr'>debet_</span> <span class='ocrx_word' id='word_1_212' title='bbox 2280 1619 2517 1690; x_wconf 88' lang='lat' dir='ltr'>Spiritus</span> <span class='ocrx_word' id='word_1_213' title='bbox 2546 1624 2772 1674; x_wconf 89' lang='lat' dir='ltr'>sanctus</span> <span class='ocrx_word' id='word_1_214' title='bbox 2797 1619 3042 1687; x_wconf 80' lang='lat' dir='ltr'>advenit,</span> <span class='ocrx_word' id='word_1_215' title='bbox 3084 1623 3149 1674; x_wconf 89' lang='lat' dir='ltr'>ut</span> <span class='ocrx_word' id='word_1_216' title='bbox 3192 1619 3407 1675; x_wconf 76' lang='lat' dir='ltr'>ccelesti</span> <span class='ocrx_word' id='word_1_217' title='bbox 3436 1618 3664 1690; x_wconf 86' lang='lat' dir='ltr'>quadam</span> <span class='ocrx_word' id='word_1_218' title='bbox 3686 1618 3828 1688; x_wconf 77' lang='lat' dir='ltr'>regula</span> 
     </span>
    </p>
   </div>
   <div class='ocr_carea' id='block_1_32' title="bbox 547 1690 3827 1783">
    <p class='ocr_par' dir='ltr' id='par_1_32' title="bbox 547 1690 3827 1783">
     <span class='ocr_line' id='line_1_32' title="bbox 547 1690 3827 1783; baseline -0.002 -14"><span class='ocrx_word' id='word_1_219' title='bbox 547 1714 830 1769; x_wconf 86' lang='lat' dir='ltr'>sanctitati</span> <span class='ocrx_word' id='word_1_220' title='bbox 868 1717 982 1767; x_wconf 86' lang='lat' dir='ltr'>tuae</span> <span class='ocrx_word' id='word_1_221' title='bbox 1022 1728 1143 1767; x_wconf 91' lang='lat' dir='ltr'>esse</span> <span class='ocrx_word' id='word_1_222' title='bbox 1181 1711 1519 1783; x_wconf 89' lang='lat' dir='ltr'>gratissima,</span> <span class='ocrx_word' id='word_1_223' title='bbox 1548 1716 1605 1766; x_wconf 91' lang='lat' dir='ltr'>et</span> <span class='ocrx_word' id='word_1_224' title='bbox 1636 1728 1670 1765; x_wconf 92' lang='lat' dir='ltr'>a</span> <span class='ocrx_word' id='word_1_225' title='bbox 1710 1713 1762 1765; x_wconf 90' lang='lat' dir='ltr'>te</span> <span class='ocrx_word' id='word_1_226' title='bbox 1792 1709 1981 1765; x_wconf 89' lang='lat' dir='ltr'>taliter</span> <span class='ocrx_word' id='word_1_227' title='bbox 2013 1690 2255 1763; x_wconf 78' lang='lat' dir='ltr'>susci-B</span> <span class='ocrx_word' id='word_1_228' title='bbox 2279 1712 2654 1780; x_wconf 84' lang='lat' dir='ltr'>insinuatum,</span> <span class='ocrx_word' id='word_1_229' title='bbox 2683 1716 2739 1767; x_wconf 92' lang='lat' dir='ltr'>et</span> <span class='ocrx_word' id='word_1_230' title='bbox 2766 1713 3040 1768; x_wconf 88' lang='lat' dir='ltr'>traditum</span> <span class='ocrx_word' id='word_1_231' title='bbox 3072 1714 3397 1769; x_wconf 83' lang='lat' dir='ltr'>noverimus</span> <span class='ocrx_word' id='word_1_232' title='bbox 3425 1712 3482 1768; x_wconf 91' lang='lat' dir='ltr'>in</span> <span class='ocrx_word' id='word_1_233' title='bbox 3505 1713 3594 1766; x_wconf 90' lang='lat' dir='ltr'>illa</span> <span class='ocrx_word' id='word_1_234' title='bbox 3625 1711 3703 1766; x_wconf 90' lang='lat' dir='ltr'>die</span> <span class='ocrx_word' id='word_1_235' title='bbox 3734 1710 3827 1765; x_wconf 73' lang='lat' dir='ltr'>cete</span> 
     </span>
    </p>
   </div>
   <div class='ocr_carea' id='block_1_33' title="bbox 546 1803 2174 1881">
    <p class='ocr_par' dir='ltr' id='par_1_33' title="bbox 546 1803 2174 1881">
     <span class='ocr_line' id='line_1_33' title="bbox 546 1803 2174 1881; baseline -0.004 -18"><span class='ocrx_word' id='word_1_236' title='bbox 546 1809 624 1881; x_wconf 90' lang='lat' dir='ltr'>pi,</span> <span class='ocrx_word' id='word_1_237' title='bbox 652 1807 1136 1880; x_wconf 86' lang='lat' dir='ltr'>quemadmodum</span> <span class='ocrx_word' id='word_1_238' title='bbox 1164 1823 1198 1860; x_wconf 91' lang='lat' dir='ltr'>a</span> <span class='ocrx_word' id='word_1_239' title='bbox 1223 1806 1391 1860; x_wconf 89' lang='lat' dir='ltr'>nobis</span> <span class='ocrx_word' id='word_1_240' title='bbox 1410 1821 1537 1860; x_wconf 91' lang='lat' dir='ltr'>eam</span> <span class='ocrx_word' id='word_1_241' title='bbox 1572 1804 1857 1875; x_wconf 87' lang='lat' dir='ltr'>intelligas</span> <span class='ocrx_word' id='word_1_242' title='bbox 1876 1803 2174 1875; x_wconf 90' lang='lat' dir='ltr'>proﬁcisci.</span> 
     </span>
    </p>
   </div>
   <div class='ocr_carea' id='block_1_34' title="bbox 548 1896 2181 1970">
    <p class='ocr_par' dir='ltr' id='par_1_34' title="bbox 548 1896 2181 1970">
     <span class='ocr_line' id='line_1_34' title="bbox 548 1896 2181 1970; baseline -0.004 -13"><span class='ocrx_word' id='word_1_243' title='bbox 548 1904 735 1958; x_wconf 90' lang='lat' dir='ltr'>Unum</span> <span class='ocrx_word' id='word_1_244' title='bbox 777 1902 931 1957; x_wconf 90' lang='lat' dir='ltr'>enim</span> <span class='ocrx_word' id='word_1_245' title='bbox 978 1918 1079 1955; x_wconf 89' lang='lat' dir='ltr'>nos</span> <span class='ocrx_word' id='word_1_246' title='bbox 1121 1900 1332 1955; x_wconf 89' lang='lat' dir='ltr'>sentire</span> <span class='ocrx_word' id='word_1_247' title='bbox 1364 1902 1585 1970; x_wconf 91' lang='lat' dir='ltr'>oportet</span> <span class='ocrx_word' id='word_1_248' title='bbox 1621 1902 1679 1953; x_wconf 90' lang='lat' dir='ltr'>et</span> <span class='ocrx_word' id='word_1_249' title='bbox 1719 1914 1910 1970; x_wconf 90' lang='lat' dir='ltr'>agere,</span> <span class='ocrx_word' id='word_1_250' title='bbox 1948 1901 2004 1951; x_wconf 85' lang='lat' dir='ltr'>ut</span> <span class='ocrx_word' id='word_1_251' title='bbox 2036 1896 2181 1951; x_wconf 84' lang='lat' dir='ltr'>sicut</span> 
     </span>
    </p>
   </div>
   <div class='ocr_carea' id='block_1_35' title="bbox 549 1989 2181 2067">
    <p class='ocr_par' dir='ltr' id='par_1_35' title="bbox 549 1989 2181 2067">
     <span class='ocr_line' id='line_1_35' title="bbox 549 1989 2181 2067; baseline -0.004 -17"><span class='ocrx_word' id='word_1_252' title='bbox 549 1996 814 2067; x_wconf 84' lang='lat' dir='ltr'>legimus,</span> <span class='ocrx_word' id='word_1_253' title='bbox 848 1996 907 2050; x_wconf 90' lang='lat' dir='ltr'>in</span> <span class='ocrx_word' id='word_1_254' title='bbox 936 1994 1098 2051; x_wconf 85' lang='lat' dir='ltr'>nobis</span> <span class='ocrx_word' id='word_1_255' title='bbox 1126 2009 1358 2066; x_wconf 88' lang='lat' dir='ltr'>quoque</span> <span class='ocrx_word' id='word_1_256' title='bbox 1400 2014 1427 2041; x_wconf 87' lang='grc'>‹‹</span> <span class='ocrx_word' id='word_1_257' title='bbox 1468 2009 1651 2047; x_wconf 92' lang='lat' dir='ltr'>unum</span> <span class='ocrx_word' id='word_1_258' title='bbox 1691 2007 1812 2046; x_wconf 91' lang='lat' dir='ltr'>esse</span> <span class='ocrx_word' id='word_1_259' title='bbox 1839 2008 1956 2064; x_wconf 87' lang='lat' dir='ltr'>cor,</span> <span class='ocrx_word' id='word_1_260' title='bbox 1987 1993 2043 2046; x_wconf 92' lang='lat' dir='ltr'>et</span> <span class='ocrx_word' id='word_1_261' title='bbox 2066 1989 2181 2045; x_wconf 86' lang='lat' dir='ltr'>ani-</span> 
     </span>
    </p>
   </div>
   <div class='ocr_carea' id='block_1_36' title="bbox 549 2084 2183 2160">
    <p class='ocr_par' dir='ltr' id='par_1_36' title="bbox 549 2084 2183 2160">
     <span class='ocr_line' id='line_1_36' title="bbox 549 2084 2183 2160; baseline -0.004 -16"><span class='ocrx_word' id='word_1_262' title='bbox 549 2107 646 2144; x_wconf 90' lang='lat' dir='ltr'>ma</span> <span class='ocrx_word' id='word_1_263' title='bbox 666 2106 782 2144; x_wconf 90' lang='lat' dir='ltr'>una</span> <span class='ocrx_word' id='word_1_264' title='bbox 800 2090 945 2160; x_wconf 83' lang='lat' dir='ltr'>(Act.</span> <span class='ocrx_word' id='word_1_265' title='bbox 972 2105 1045 2155; x_wconf 82' lang='lat' dir='ltr'>iv,</span> <span class='ocrx_word' id='word_1_266' title='bbox 1066 2089 1150 2156; x_wconf 79' lang='lat'>32)</span> <span class='ocrx_word' id='word_1_267' title='bbox 1168 2107 1195 2136; x_wconf 84' lang='grc'><strong>››</strong></span> <span class='ocrx_word' id='word_1_268' title='bbox 1215 2087 1635 2158; x_wconf 88' lang='lat' dir='ltr'>comprobatur.</span> <span class='ocrx_word' id='word_1_269' title='bbox 1651 2088 1791 2142; x_wconf 85' lang='lat' dir='ltr'>Cum</span> <span class='ocrx_word' id='word_1_270' title='bbox 1814 2085 1967 2140; x_wconf 90' lang='lat' dir='ltr'>enim</span> <span class='ocrx_word' id='word_1_271' title='bbox 1984 2084 2183 2140; x_wconf 90' lang='lat' dir='ltr'>beatis-</span> 
     </span>
    </p>
   </div>
   <div class='ocr_carea' id='block_1_37' title="bbox 554 2178 2184 2253">
    <p class='ocr_par' dir='ltr' id='par_1_37' title="bbox 554 2178 2184 2253">
     <span class='ocr_line' id='line_1_37' title="bbox 554 2178 2184 2253; baseline -0.003 -16"><span class='ocrx_word' id='word_1_272' title='bbox 554 2184 733 2239; x_wconf 88' lang='lat' dir='ltr'>simus</span> <span class='ocrx_word' id='word_1_273' title='bbox 766 2184 964 2238; x_wconf 88' lang='lat' dir='ltr'>Petrus</span> <span class='ocrx_word' id='word_1_274' title='bbox 1000 2182 1377 2253; x_wconf 90' lang='lat' dir='ltr'>apostolicum</span> <span class='ocrx_word' id='word_1_275' title='bbox 1405 2198 1437 2234; x_wconf 91' lang='lat' dir='ltr'>a</span> <span class='ocrx_word' id='word_1_276' title='bbox 1463 2180 1700 2234; x_wconf 91' lang='lat' dir='ltr'>Domino</span> <span class='ocrx_word' id='word_1_277' title='bbox 1726 2179 2008 2250; x_wconf 87' lang='lat' dir='ltr'>acceperit</span> <span class='ocrx_word' id='word_1_278' title='bbox 2033 2178 2184 2250; x_wconf 89' lang='lat' dir='ltr'>prin-</span> 
     </span>
    </p>
   </div>
   <div class='ocr_carea' id='block_1_38' title="bbox 554 2273 2187 2349">
    <p class='ocr_par' dir='ltr' id='par_1_38' title="bbox 554 2273 2187 2349">
     <span class='ocr_line' id='line_1_38' title="bbox 554 2273 2187 2349; baseline -0.004 -17"><span class='ocrx_word' id='word_1_279' title='bbox 554 2278 826 2349; x_wconf 90' lang='lat' dir='ltr'>cipatum,</span> <span class='ocrx_word' id='word_1_280' title='bbox 872 2281 929 2331; x_wconf 88' lang='lat' dir='ltr'>et</span> <span class='ocrx_word' id='word_1_281' title='bbox 968 2277 1225 2331; x_wconf 79' lang='lat' dir='ltr'>Romana</span> <span class='ocrx_word' id='word_1_282' title='bbox 1273 2274 1518 2329; x_wconf 88' lang='lat' dir='ltr'>Ecclesia</span> <span class='ocrx_word' id='word_1_283' title='bbox 1570 2274 1630 2327; x_wconf 92' lang='lat' dir='ltr'>in</span> <span class='ocrx_word' id='word_1_284' title='bbox 1679 2273 1800 2344; x_wconf 90' lang='lat' dir='ltr'>ejus</span> <span class='ocrx_word' id='word_1_285' title='bbox 1848 2274 2187 2345; x_wconf 87' lang='lat' dir='ltr'>permaneat</span> 
     </span>
    </p>
   </div>
   <div class='ocr_carea' id='block_1_39' title="bbox 554 2365 2181 2440">
    <p class='ocr_par' dir='ltr' id='par_1_39' title="bbox 554 2365 2181 2440">
     <span class='ocr_line' id='line_1_39' title="bbox 554 2365 2181 2440; baseline -0.004 -14"><span class='ocrx_word' id='word_1_286' title='bbox 554 2370 847 2438; x_wconf 88' lang='lat' dir='ltr'>institutis,</span> <span class='ocrx_word' id='word_1_287' title='bbox 876 2370 1037 2425; x_wconf 88' lang='lat' dir='ltr'>nefas</span> <span class='ocrx_word' id='word_1_288' title='bbox 1083 2372 1167 2425; x_wconf 88' lang='lat' dir='ltr'>est</span> <span class='ocrx_word' id='word_1_289' title='bbox 1210 2369 1441 2424; x_wconf 89' lang='lat' dir='ltr'>credere</span> <span class='ocrx_word' id='word_1_290' title='bbox 1478 2368 1631 2440; x_wconf 89' lang='lat' dir='ltr'>quod</span> <span class='ocrx_word' id='word_1_291' title='bbox 1672 2371 1901 2421; x_wconf 90' lang='lat' dir='ltr'>sanctus</span> <span class='ocrx_word' id='word_1_292' title='bbox 1936 2365 2181 2437; x_wconf 87' lang='lat' dir='ltr'>discipu-</span> 
     </span>
    </p>
   </div>
   <div class='ocr_carea' id='block_1_40' title="bbox 554 2460 2188 2536">
    <p class='ocr_par' dir='ltr' id='par_1_40' title="bbox 554 2460 2188 2536">
     <span class='ocr_line' id='line_1_40' title="bbox 554 2460 2188 2536; baseline -0.004 -16"><span class='ocrx_word' id='word_1_293' title='bbox 554 2467 641 2520; x_wconf 89' lang='lat' dir='ltr'>lus</span> <span class='ocrx_word' id='word_1_294' title='bbox 685 2465 805 2536; x_wconf 90' lang='lat' dir='ltr'>ejus</span> <span class='ocrx_word' id='word_1_295' title='bbox 853 2465 1087 2530; x_wconf 81' lang='lat' dir='ltr'>Marcus,</span> <span class='ocrx_word' id='word_1_296' title='bbox 1130 2462 1227 2535; x_wconf 90' lang='lat' dir='ltr'>qui</span> <span class='ocrx_word' id='word_1_297' title='bbox 1274 2462 1714 2517; x_wconf 85' lang='lat' dir='ltr'>Alexandrinam</span> <span class='ocrx_word' id='word_1_298' title='bbox 1756 2460 1973 2532; x_wconf 90' lang='lat' dir='ltr'>primus</span> <span class='ocrx_word' id='word_1_299' title='bbox 2016 2461 2188 2514; x_wconf 87' lang='lat' dir='ltr'>eccle-</span> 
     </span>
    </p>
   </div>
   <div class='ocr_carea' id='block_1_41' title="bbox 558 2555 2187 2630">
    <p class='ocr_par' dir='ltr' id='par_1_41' title="bbox 558 2555 2187 2630">
     <span class='ocr_line' id='line_1_41' title="bbox 558 2555 2187 2630; baseline -0.005 -15"><span class='ocrx_word' id='word_1_300' title='bbox 558 2560 699 2615; x_wconf 86' lang='lat' dir='ltr'>siam</span> <span class='ocrx_word' id='word_1_301' title='bbox 732 2558 1097 2630; x_wconf 86' lang='lat' dir='ltr'>gubernavit,</span> <span class='ocrx_word' id='word_1_302' title='bbox 1128 2557 1253 2612; x_wconf 87' lang='lat' dir='ltr'>aliis</span> <span class='ocrx_word' id='word_1_303' title='bbox 1297 2557 1510 2628; x_wconf 87' lang='lat' dir='ltr'>regulis</span> <span class='ocrx_word' id='word_1_304' title='bbox 1548 2555 1925 2611; x_wconf 91' lang='lat' dir='ltr'>traditionum</span> <span class='ocrx_word' id='word_1_305' title='bbox 1958 2570 2187 2608; x_wconf 88' lang='lat' dir='ltr'>suarum</span> 
     </span>
    </p>
   </div>
   <div class='ocr_carea' id='block_1_42' title="bbox 559 2648 2189 2721">
    <p class='ocr_par' dir='ltr' id='par_1_42' title="bbox 559 2648 2189 2721">
     <span class='ocr_line' id='line_1_42' title="bbox 559 2648 2189 2721; baseline -0.006 -12"><span class='ocrx_word' id='word_1_306' title='bbox 559 2653 788 2709; x_wconf 87' lang='lat' dir='ltr'>decreta</span> <span class='ocrx_word' id='word_1_307' title='bbox 812 2652 1158 2721; x_wconf 83' lang='lat' dir='ltr'>formaverit,</span> <span class='ocrx_word' id='word_1_308' title='bbox 1176 2668 1306 2706; x_wconf 91' lang='lat' dir='ltr'>cum</span> <span class='ocrx_word' id='word_1_309' title='bbox 1324 2651 1393 2705; x_wconf 91' lang='lat' dir='ltr'>de</span> <span class='ocrx_word' id='word_1_310' title='bbox 1416 2651 1622 2706; x_wconf 89' lang='lat' dir='ltr'>eodem</span> <span class='ocrx_word' id='word_1_311' title='bbox 1650 2650 1806 2704; x_wconf 87' lang='lat' dir='ltr'>fonte</span> <span class='ocrx_word' id='word_1_312' title='bbox 1828 2648 2029 2719; x_wconf 81' lang='lat' dir='ltr'>gratiae</span> <span class='ocrx_word' id='word_1_313' title='bbox 2047 2664 2189 2701; x_wconf 91' lang='lat' dir='ltr'>unus</span> 
     </span>
    </p>
   </div>
   <div class='ocr_carea' id='block_1_43' title="bbox 560 2740 2189 2817">
    <p class='ocr_par' dir='ltr' id='par_1_43' title="bbox 560 2740 2189 2817">
     <span class='ocr_line' id='line_1_43' title="bbox 560 2740 2189 2817; baseline -0.004 -16"><span class='ocrx_word' id='word_1_314' title='bbox 560 2746 791 2817; x_wconf 83' lang='lat' dir='ltr'>spiritus</span> <span class='ocrx_word' id='word_1_315' title='bbox 834 2745 1026 2814; x_wconf 88' lang='lat' dir='ltr'>fuerit,</span> <span class='ocrx_word' id='word_1_316' title='bbox 1063 2749 1120 2800; x_wconf 91' lang='lat' dir='ltr'>et</span> <span class='ocrx_word' id='word_1_317' title='bbox 1164 2744 1443 2815; x_wconf 89' lang='lat' dir='ltr'>discipuli,</span> <span class='ocrx_word' id='word_1_318' title='bbox 1471 2749 1527 2798; x_wconf 93' lang='lat' dir='ltr'>et</span> <span class='ocrx_word' id='word_1_319' title='bbox 1553 2743 1834 2813; x_wconf 88' lang='lat' dir='ltr'>magistri,</span> <span class='ocrx_word' id='word_1_320' title='bbox 1886 2758 1990 2795; x_wconf 90' lang='lat' dir='ltr'>nec</span> <span class='ocrx_word' id='word_1_321' title='bbox 2035 2740 2189 2795; x_wconf 88' lang='lat' dir='ltr'>aliud</span> 
     </span>
    </p>
   </div>
   <div class='ocr_carea' id='block_1_44' title="bbox 563 2834 2192 2910">
    <p class='ocr_par' dir='ltr' id='par_1_44' title="bbox 563 2834 2192 2910">
     <span class='ocr_line' id='line_1_44' title="bbox 563 2834 2192 2910; baseline -0.005 -15"><span class='ocrx_word' id='word_1_322' title='bbox 563 2840 853 2895; x_wconf 89' lang='lat' dir='ltr'>ordinatus</span> <span class='ocrx_word' id='word_1_323' title='bbox 901 2838 1127 2894; x_wconf 89' lang='lat' dir='ltr'>tradere</span> <span class='ocrx_word' id='word_1_324' title='bbox 1170 2838 1440 2910; x_wconf 87' lang='lat' dir='ltr'>potuerit,</span> <span class='ocrx_word' id='word_1_325' title='bbox 1471 2853 1644 2908; x_wconf 89' lang='lat' dir='ltr'>quam</span> <span class='ocrx_word' id='word_1_326' title='bbox 1669 2836 1822 2908; x_wconf 89' lang='lat' dir='ltr'>quod</span> <span class='ocrx_word' id='word_1_327' title='bbox 1865 2836 1936 2890; x_wconf 88' lang='lat' dir='ltr'>ab</span> <span class='ocrx_word' id='word_1_328' title='bbox 1975 2834 2192 2890; x_wconf 87' lang='lat' dir='ltr'>ordina-</span> 
     </span>
    </p>
   </div>
   <div class='ocr_carea' id='block_1_45' title="bbox 563 2929 2193 3003">
    <p class='ocr_par' dir='ltr' id='par_1_45' title="bbox 563 2929 2193 3003">
     <span class='ocr_line' id='line_1_45' title="bbox 563 2929 2193 3003; baseline -0.004 -14"><span class='ocrx_word' id='word_1_329' title='bbox 563 2938 687 2989; x_wconf 88' lang='lat' dir='ltr'>tore</span> <span class='ocrx_word' id='word_1_330' title='bbox 721 2932 984 3003; x_wconf 88' lang='lat' dir='ltr'>suscepit.</span> <span class='ocrx_word' id='word_1_331' title='bbox 1018 2935 1143 2988; x_wconf 91' lang='lat' dir='ltr'>Non</span> <span class='ocrx_word' id='word_1_332' title='bbox 1176 2948 1315 3003; x_wconf 87' lang='lat' dir='ltr'>ergo</span> <span class='ocrx_word' id='word_1_333' title='bbox 1348 2931 1620 3002; x_wconf 89' lang='lat' dir='ltr'>patimur,</span> <span class='ocrx_word' id='word_1_334' title='bbox 1642 2932 1707 2984; x_wconf 89' lang='lat' dir='ltr'>ut</span> <span class='ocrx_word' id='word_1_335' title='bbox 1738 2946 1868 2984; x_wconf 91' lang='lat' dir='ltr'>cum</span> <span class='ocrx_word' id='word_1_336' title='bbox 1895 2929 2062 2984; x_wconf 89' lang='lat' dir='ltr'>unius</span> <span class='ocrx_word' id='word_1_337' title='bbox 2089 2945 2193 2982; x_wconf 89' lang='lat' dir='ltr'>nos</span> 
     </span>
    </p>
   </div>
   <div class='ocr_carea' id='block_1_46' title="bbox 565 3024 2194 3099">
    <p class='ocr_par' dir='ltr' id='par_1_46' title="bbox 565 3024 2194 3099">
     <span class='ocr_line' id='line_1_46' title="bbox 565 3024 2194 3099; baseline -0.002 -18"><span class='ocrx_word' id='word_1_338' title='bbox 565 3027 819 3099; x_wconf 87' lang='lat' dir='ltr'>corporis</span> <span class='ocrx_word' id='word_1_339' title='bbox 849 3028 907 3080; x_wconf 90' lang='lat' dir='ltr'>et</span> <span class='ocrx_word' id='word_1_340' title='bbox 935 3025 1071 3081; x_wconf 85' lang='lat' dir='ltr'>ﬁdei</span> <span class='ocrx_word' id='word_1_341' title='bbox 1101 3026 1385 3080; x_wconf 86' lang='lat' dir='ltr'>fateamur</span> <span class='ocrx_word' id='word_1_342' title='bbox 1407 3025 1466 3077; x_wconf 91' lang='lat' dir='ltr'>in</span> <span class='ocrx_word' id='word_1_343' title='bbox 1487 3024 1679 3095; x_wconf 89' lang='lat' dir='ltr'>aliquo</span> <span class='ocrx_word' id='word_1_344' title='bbox 1704 3024 2105 3094; x_wconf 88' lang='lat' dir='ltr'>discrepemus,</span> <span class='ocrx_word' id='word_1_345' title='bbox 2138 3028 2194 3078; x_wconf 88' lang='lat' dir='ltr'>et</span> 
     </span>
    </p>
   </div>
   <div class='ocr_carea' id='block_1_47' title="bbox 566 3117 2191 3190">
    <p class='ocr_par' dir='ltr' id='par_1_47' title="bbox 566 3117 2191 3190">
     <span class='ocr_line' id='line_1_47' title="bbox 566 3117 2191 3190; baseline -0.003 -14"><span class='ocrx_word' id='word_1_346' title='bbox 566 3122 677 3177; x_wconf 89' lang='lat' dir='ltr'>alia</span> <span class='ocrx_word' id='word_1_347' title='bbox 733 3120 1009 3190; x_wconf 89' lang='lat' dir='ltr'>doctoris,</span> <span class='ocrx_word' id='word_1_348' title='bbox 1061 3119 1172 3174; x_wconf 90' lang='lat' dir='ltr'>alia</span> <span class='ocrx_word' id='word_1_349' title='bbox 1224 3118 1485 3189; x_wconf 91' lang='lat' dir='ltr'>discipuli</span> <span class='ocrx_word' id='word_1_350' title='bbox 1554 3117 1816 3173; x_wconf 90' lang='lat' dir='ltr'>instituta</span> <span class='ocrx_word' id='word_1_351' title='bbox 1872 3117 2191 3172; x_wconf 88' lang='lat' dir='ltr'>videantur.</span> 
     </span>
    </p>
   </div>
   <div class='ocr_carea' id='block_1_48' title="bbox 567 3211 2200 3287">
    <p class='ocr_par' dir='ltr' id='par_1_48' title="bbox 567 3211 2200 3287">
     <span class='ocr_line' id='line_1_48' title="bbox 567 3211 2200 3287; baseline -0.004 -16"><span class='ocrx_word' id='word_1_352' title='bbox 567 3215 729 3280; x_wconf 90' lang='lat' dir='ltr'>Quod</span> <span class='ocrx_word' id='word_1_353' title='bbox 759 3230 899 3287; x_wconf 90' lang='lat' dir='ltr'>ergo</span> <span class='ocrx_word' id='word_1_354' title='bbox 930 3231 963 3269; x_wconf 90' lang='lat' dir='ltr'>a</span> <span class='ocrx_word' id='word_1_355' title='bbox 981 3213 1242 3286; x_wconf 91' lang='lat' dir='ltr'>patribus</span> <span class='ocrx_word' id='word_1_356' title='bbox 1268 3212 1478 3268; x_wconf 90' lang='lat' dir='ltr'>nostris</span> <span class='ocrx_word' id='word_1_357' title='bbox 1498 3211 1872 3284; x_wconf 88' lang='lat' dir='ltr'>propensiore</span> <span class='ocrx_word' id='word_1_358' title='bbox 1894 3228 2031 3265; x_wconf 88' lang='lat' dir='ltr'>cura</span> <span class='ocrx_word' id='word_1_359' title='bbox 2048 3211 2200 3265; x_wconf 80' lang='lat' dir='ltr'>novi-</span> 
     </span>
    </p>
   </div>
   <div class='ocr_carea' id='block_1_49' title="bbox 570 3304 2202 3376">
    <p class='ocr_par' dir='ltr' id='par_1_49' title="bbox 570 3304 2202 3376">
     <span class='ocr_line' id='line_1_49' title="bbox 570 3304 2202 3376; baseline -0.002 -13"><span class='ocrx_word' id='word_1_360' title='bbox 570 3326 700 3363; x_wconf 88' lang='lat' dir='ltr'>mus</span> <span class='ocrx_word' id='word_1_361' title='bbox 742 3323 863 3363; x_wconf 90' lang='lat' dir='ltr'>esse</span> <span class='ocrx_word' id='word_1_362' title='bbox 900 3310 1205 3376; x_wconf 91' lang='lat' dir='ltr'>servatum,</span> <span class='ocrx_word' id='word_1_363' title='bbox 1236 3323 1268 3361; x_wconf 90' lang='lat' dir='ltr'>a</span> <span class='ocrx_word' id='word_1_364' title='bbox 1306 3305 1463 3361; x_wconf 88' lang='lat' dir='ltr'>vobis</span> <span class='ocrx_word' id='word_1_365' title='bbox 1501 3306 1764 3361; x_wconf 92' lang='lat' dir='ltr'>volumus</span> <span class='ocrx_word' id='word_1_366' title='bbox 1805 3304 2097 3373; x_wconf 88' lang='lat' dir='ltr'>custodiri,</span> <span class='ocrx_word' id='word_1_367' title='bbox 2136 3309 2202 3359; x_wconf 89' lang='lat' dir='ltr'>ut</span> 
     </span>
    </p>
   </div>
   <div class='ocr_carea' id='block_1_50' title="bbox 571 3398 2201 3473">
    <p class='ocr_par' dir='ltr' id='par_1_50' title="bbox 571 3398 2201 3473">
     <span class='ocr_line' id='line_1_50' title="bbox 571 3398 2201 3473; baseline -0.003 -16"><span class='ocrx_word' id='word_1_368' title='bbox 571 3419 687 3457; x_wconf 89' lang='lat' dir='ltr'>non</span> <span class='ocrx_word' id='word_1_369' title='bbox 715 3401 929 3473; x_wconf 89' lang='lat' dir='ltr'>passim</span> <span class='ocrx_word' id='word_1_370' title='bbox 958 3400 1157 3456; x_wconf 91' lang='lat' dir='ltr'>diebus</span> <span class='ocrx_word' id='word_1_371' title='bbox 1178 3400 1442 3455; x_wconf 89' lang='lat' dir='ltr'>omnibus</span> <span class='ocrx_word' id='word_1_372' title='bbox 1472 3399 1838 3454; x_wconf 86' lang='lat' dir='ltr'>sacerdotalis</span> <span class='ocrx_word' id='word_1_373' title='bbox 1866 3399 1953 3454; x_wconf 87' lang='lat' dir='ltr'>vel</span> <span class='ocrx_word' id='word_1_374' title='bbox 1980 3398 2201 3453; x_wconf 89' lang='lat' dir='ltr'>levitica</span> 
     </span>
    </p>
   </div>
   <div class='ocr_carea' id='block_1_51' title="bbox 572 3493 2202 3565">
    <p class='ocr_par' dir='ltr' id='par_1_51' title="bbox 572 3493 2202 3565">
     <span class='ocr_line' id='line_1_51' title="bbox 572 3493 2202 3565; baseline -0.004 -14"><span class='ocrx_word' id='word_1_375' title='bbox 572 3496 856 3552; x_wconf 89' lang='lat' dir='ltr'>ordinatio</span> <span class='ocrx_word' id='word_1_376' title='bbox 894 3495 1231 3565; x_wconf 91' lang='lat' dir='ltr'>celebretur,</span> <span class='ocrx_word' id='word_1_377' title='bbox 1276 3494 1376 3549; x_wconf 91' lang='lat' dir='ltr'>sed</span> <span class='ocrx_word' id='word_1_378' title='bbox 1424 3499 1552 3565; x_wconf 89' lang='lat' dir='ltr'>post</span> <span class='ocrx_word' id='word_1_379' title='bbox 1600 3493 1754 3548; x_wconf 90' lang='lat' dir='ltr'>diem</span> <span class='ocrx_word' id='word_1_380' title='bbox 1810 3493 2026 3548; x_wconf 87' lang='lat' dir='ltr'>sabbati</span> <span class='ocrx_word' id='word_1_381' title='bbox 2080 3493 2202 3563; x_wconf 87' lang='lat' dir='ltr'>ejus</span> 
     </span>
    </p>
   </div>
   <div class='ocr_carea' id='block_1_52' title="bbox 570 3586 2196 3660">
    <p class='ocr_par' dir='ltr' id='par_1_52' title="bbox 570 3586 2196 3660">
     <span class='ocr_line' id='line_1_52' title="bbox 570 3586 2196 3660; baseline -0.002 -15"><span class='ocrx_word' id='word_1_382' title='bbox 570 3590 752 3646; x_wconf 90' lang='lat' dir='ltr'>noctis</span> <span class='ocrx_word' id='word_1_383' title='bbox 796 3590 855 3645; x_wconf 90' lang='lat' dir='ltr'>in</span> <span class='ocrx_word' id='word_1_384' title='bbox 897 3589 1088 3660; x_wconf 90' lang='lat' dir='ltr'>prima</span> <span class='ocrx_word' id='word_1_385' title='bbox 1126 3588 1344 3644; x_wconf 89' lang='lat' dir='ltr'>sabbati</span> <span class='ocrx_word' id='word_1_386' title='bbox 1371 3605 1497 3660; x_wconf 67' lang='lat' dir='ltr'>quae</span> <span class='ocrx_word' id='word_1_387' title='bbox 1535 3587 1768 3642; x_wconf 88' lang='lat' dir='ltr'>lucescit</span> <span class='ocrx_word' id='word_1_388' title='bbox 1793 3586 2027 3642; x_wconf 86' lang='lat' dir='ltr'>exordia</span> <span class='ocrx_word' id='word_1_389' title='bbox 2058 3586 2196 3641; x_wconf 86' lang='lat' dir='ltr'>dele-</span> 
     </span>
    </p>
   </div>
   <div class='ocr_carea' id='block_1_53' title="bbox 574 3680 2199 3756">
    <p class='ocr_par' dir='ltr' id='par_1_53' title="bbox 574 3680 2199 3756">
     <span class='ocr_line' id='line_1_53' title="bbox 574 3680 2199 3756; baseline -0.004 -16"><span class='ocrx_word' id='word_1_390' title='bbox 574 3688 801 3756; x_wconf 86' lang='lat' dir='ltr'>gantur,</span> <span class='ocrx_word' id='word_1_391' title='bbox 830 3683 892 3738; x_wconf 90' lang='lat' dir='ltr'>in</span> <span class='ocrx_word' id='word_1_392' title='bbox 916 3683 1125 3755; x_wconf 90' lang='lat' dir='ltr'>quibus</span> <span class='ocrx_word' id='word_1_393' title='bbox 1162 3682 1251 3738; x_wconf 92' lang='lat' dir='ltr'>his</span> <span class='ocrx_word' id='word_1_394' title='bbox 1290 3683 1389 3754; x_wconf 91' lang='lat' dir='ltr'>qui</span> <span class='ocrx_word' id='word_1_395' title='bbox 1424 3681 1794 3737; x_wconf 87' lang='lat' dir='ltr'>consecrandi</span> <span class='ocrx_word' id='word_1_396' title='bbox 1818 3684 1951 3736; x_wconf 90' lang='lat' dir='ltr'>sunt</span> <span class='ocrx_word' id='word_1_397' title='bbox 1968 3680 2199 3752; x_wconf 87' lang='lat' dir='ltr'>jejunis,</span> 
     </span>
    </p>
   </div>
   <div class='ocr_carea' id='block_1_54' title="bbox 574 3774 2202 3851">
    <p class='ocr_par' dir='ltr' id='par_1_54' title="bbox 574 3774 2202 3851">
     <span class='ocr_line' id='line_1_54' title="bbox 574 3774 2202 3851; baseline -0.003 -17"><span class='ocrx_word' id='word_1_398' title='bbox 574 3784 629 3835; x_wconf 89' lang='lat' dir='ltr'>et</span> <span class='ocrx_word' id='word_1_399' title='bbox 653 3797 687 3834; x_wconf 90' lang='lat' dir='ltr'>a</span> <span class='ocrx_word' id='word_1_400' title='bbox 710 3777 1104 3851; x_wconf 88' lang='lat' dir='ltr'>jejunantibus</span> <span class='ocrx_word' id='word_1_401' title='bbox 1129 3794 1284 3833; x_wconf 89' lang='lat' dir='ltr'>sacra</span> <span class='ocrx_word' id='word_1_402' title='bbox 1309 3776 1627 3832; x_wconf 89' lang='lat' dir='ltr'>benedictio</span> <span class='ocrx_word' id='word_1_403' title='bbox 1663 3777 2008 3831; x_wconf 89' lang='lat' dir='ltr'>conferatur.</span> <span class='ocrx_word' id='word_1_404' title='bbox 2043 3774 2202 3839; x_wconf 87' lang='lat' dir='ltr'>Quod</span> 
     </span>
    </p>
   </div>
   <div class='ocr_carea' id='block_1_55' title="bbox 576 3868 2203 3945">
    <p class='ocr_par' dir='ltr' id='par_1_55' title="bbox 576 3868 2203 3945">
     <span class='ocr_line' id='line_1_55' title="bbox 576 3868 2203 3945; baseline -0.005 -16"><span class='ocrx_word' id='word_1_405' title='bbox 576 3873 834 3945; x_wconf 89' lang='lat' dir='ltr'>ejusdem</span> <span class='ocrx_word' id='word_1_406' title='bbox 873 3872 1249 3928; x_wconf 84' lang='lat' dir='ltr'>observantiae</span> <span class='ocrx_word' id='word_1_407' title='bbox 1287 3871 1414 3939; x_wconf 90' lang='lat' dir='ltr'>erit,</span> <span class='ocrx_word' id='word_1_408' title='bbox 1450 3870 1497 3925; x_wconf 91' lang='lat' dir='ltr'>si</span> <span class='ocrx_word' id='word_1_409' title='bbox 1533 3886 1704 3925; x_wconf 90' lang='lat' dir='ltr'>mane</span> <span class='ocrx_word' id='word_1_410' title='bbox 1742 3870 1861 3941; x_wconf 90' lang='lat' dir='ltr'>ipse</span> <span class='ocrx_word' id='word_1_411' title='bbox 1907 3868 2203 3924; x_wconf 89' lang='lat' dir='ltr'>Dominico</span> 
     </span>
    </p>
   </div>
   <div class='ocr_carea' id='block_1_56' title="bbox 575 3964 2204 4036">
    <p class='ocr_par' dir='ltr' id='par_1_56' title="bbox 575 3964 2204 4036">
     <span class='ocr_line' id='line_1_56' title="bbox 575 3964 2204 4036; baseline -0.004 -13"><span class='ocrx_word' id='word_1_412' title='bbox 575 3968 665 4023; x_wconf 89' lang='lat' dir='ltr'>die</span> <span class='ocrx_word' id='word_1_413' title='bbox 709 3968 1038 4023; x_wconf 90' lang='lat' dir='ltr'>continuato</span> <span class='ocrx_word' id='word_1_414' title='bbox 1083 3966 1301 4022; x_wconf 88' lang='lat' dir='ltr'>sabbati</span> <span class='ocrx_word' id='word_1_415' title='bbox 1343 3965 1566 4036; x_wconf 90' lang='lat' dir='ltr'>jejunio</span> <span class='ocrx_word' id='word_1_416' title='bbox 1616 3964 1955 4019; x_wconf 87' lang='lat' dir='ltr'>celebretur.</span> <span class='ocrx_word' id='word_1_417' title='bbox 1999 3966 2045 4017; x_wconf 85' lang='lat' dir='ltr'><strong>A</strong></span> <span class='ocrx_word' id='word_1_418' title='bbox 2091 3980 2204 4033; x_wconf 86' lang='lat' dir='ltr'>quo</span> 
     </span>
    </p>
   </div>
   <div class='ocr_carea' id='block_1_57' title="bbox 580 4057 2209 4134">
    <p class='ocr_par' dir='ltr' id='par_1_57' title="bbox 580 4057 2209 4134">
     <span class='ocr_line' id='line_1_57' title="bbox 580 4057 2209 4134; baseline -0.005 -17"><span class='ocrx_word' id='word_1_419' title='bbox 580 4066 838 4134; x_wconf 87' lang='lat' dir='ltr'>tempore</span> <span class='ocrx_word' id='word_1_420' title='bbox 887 4060 1262 4132; x_wconf 81' lang='lat' dir='ltr'>praecedentis</span> <span class='ocrx_word' id='word_1_421' title='bbox 1317 4060 1495 4115; x_wconf 89' lang='lat' dir='ltr'>noctis</span> <span class='ocrx_word' id='word_1_422' title='bbox 1547 4059 1709 4114; x_wconf 90' lang='lat' dir='ltr'>initia</span> <span class='ocrx_word' id='word_1_423' title='bbox 1759 4075 1877 4113; x_wconf 91' lang='lat' dir='ltr'>non</span> <span class='ocrx_word' id='word_1_424' title='bbox 1934 4057 2209 4111; x_wconf 88' lang='lat' dir='ltr'>recedunt</span> 
     </span>
    </p>
   </div>
   <div class='ocr_carea' id='block_1_58' title="bbox 578 4150 2205 4227">
    <p class='ocr_par' dir='ltr' id='par_1_58' title="bbox 578 4150 2205 4227">
     <span class='ocr_line' id='line_1_58' title="bbox 578 4150 2205 4227; baseline -0.004 -17"><span class='ocrx_word' id='word_1_425' title='bbox 578 4172 750 4227; x_wconf 86' lang='lat' dir='ltr'>quam</span> <span class='ocrx_word' id='word_1_426' title='bbox 780 4154 853 4209; x_wconf 88' lang='lat' dir='ltr'>ad</span> <span class='ocrx_word' id='word_1_427' title='bbox 887 4153 1040 4209; x_wconf 91' lang='lat' dir='ltr'>diem</span> <span class='ocrx_word' id='word_1_428' title='bbox 1066 4153 1515 4222; x_wconf 88' lang='lat' dir='ltr'>resurrectionis,</span> <span class='ocrx_word' id='word_1_429' title='bbox 1539 4153 1683 4207; x_wconf 88' lang='lat' dir='ltr'>sicut</span> <span class='ocrx_word' id='word_1_430' title='bbox 1702 4152 1875 4206; x_wconf 90' lang='lat' dir='ltr'>etiam</span> <span class='ocrx_word' id='word_1_431' title='bbox 1906 4151 1965 4205; x_wconf 90' lang='lat' dir='ltr'>in</span> <span class='ocrx_word' id='word_1_432' title='bbox 1996 4150 2205 4205; x_wconf 88' lang='lat' dir='ltr'>Pascha</span> 
     </span>
    </p>
   </div>
   <div class='ocr_carea' id='block_1_59' title="bbox 582 4245 2207 4319">
    <p class='ocr_par' dir='ltr' id='par_1_59' title="bbox 582 4245 2207 4319">
     <span class='ocr_line' id='line_1_59' title="bbox 582 4245 2207 4319; baseline -0.003 -16"><span class='ocrx_word' id='word_1_433' title='bbox 582 4247 806 4303; x_wconf 88' lang='lat' dir='ltr'>Domini</span> <span class='ocrx_word' id='word_1_434' title='bbox 846 4248 1163 4302; x_wconf 88' lang='lat' dir='ltr'>declaratur</span> <span class='ocrx_word' id='word_1_435' title='bbox 1200 4247 1489 4319; x_wconf 87' lang='lat' dir='ltr'>pertinere</span> <span class='ocrx_word' id='word_1_436' title='bbox 1519 4263 1632 4301; x_wconf 91' lang='lat' dir='ltr'>non</span> <span class='ocrx_word' id='word_1_437' title='bbox 1660 4245 1897 4300; x_wconf 91' lang='lat' dir='ltr'>dubium</span> <span class='ocrx_word' id='word_1_438' title='bbox 1932 4250 2032 4299; x_wconf 90' lang='lat' dir='ltr'>est.</span> <span class='ocrx_word' id='word_1_439' title='bbox 2068 4245 2207 4298; x_wconf 68' lang='lat' dir='ltr'>Nam</span> 
     </span>
    </p>
   </div>
   <div class='ocr_carea' id='block_1_60' title="bbox 580 4340 2207 4415">
    <p class='ocr_par' dir='ltr' id='par_1_60' title="bbox 580 4340 2207 4415">
     <span class='ocr_line' id='line_1_60' title="bbox 580 4340 2207 4415; baseline -0.004 -17"><span class='ocrx_word' id='word_1_440' title='bbox 580 4344 790 4415; x_wconf 65' lang='lat' dir='ltr'>praeter</span> <span class='ocrx_word' id='word_1_441' title='bbox 812 4341 1206 4396; x_wconf 79' lang='lat' dir='ltr'>auctoritatem</span> <span class='ocrx_word' id='word_1_442' title='bbox 1230 4340 1654 4395; x_wconf 88' lang='lat' dir='ltr'>consuetudinis</span> <span class='ocrx_word' id='word_1_443' title='bbox 1679 4356 1854 4411; x_wconf 89' lang='lat' dir='ltr'>quam</span> <span class='ocrx_word' id='word_1_444' title='bbox 1882 4355 1946 4393; x_wconf 88' lang='lat' dir='ltr'>ex</span> <span class='ocrx_word' id='word_1_445' title='bbox 1978 4343 2207 4410; x_wconf 90' lang='lat' dir='ltr'>aposto-</span> 
     </span>
    </p>
   </div>
   <div class='ocr_carea' id='block_1_61' title="bbox 2277 1804 3829 1881">
    <p class='ocr_par' dir='ltr' id='par_1_61' title="bbox 2277 1804 3829 1881">
     <span class='ocr_line' id='line_1_61' title="bbox 2277 1804 3829 1881; baseline -0.004 -18"><span class='ocrx_word' id='word_1_446' title='bbox 2277 1806 2493 1863; x_wconf 87' lang='lat' dir='ltr'>branda</span> <span class='ocrx_word' id='word_1_447' title='bbox 2509 1806 2668 1861; x_wconf 91' lang='lat' dir='ltr'>nobis</span> <span class='ocrx_word' id='word_1_448' title='bbox 2681 1823 2800 1861; x_wconf 89' lang='lat' dir='ltr'>esse</span> <span class='ocrx_word' id='word_1_449' title='bbox 2817 1806 2865 1879; x_wconf 76' lang='grc'>1</span> <span class='ocrx_word' id='word_1_450' title='bbox 2883 1806 3008 1881; x_wconf 83' lang='grc'>92</span> <span class='ocrx_word' id='word_1_451' title='bbox 3020 1807 3296 1879; x_wconf 84' lang='lat' dir='ltr'>mysteria</span> <span class='ocrx_word' id='word_1_452' title='bbox 3308 1804 3706 1862; x_wconf 84' lang='lat' dir='ltr'>sacerdotalium</span> <span class='ocrx_word' id='word_1_453' title='bbox 3715 1804 3829 1859; x_wconf 79' lang='lat' dir='ltr'>bene-</span> 
     </span>
    </p>
   </div>
   <div class='ocr_carea' id='block_1_62' title="bbox 2281 1898 3827 1972">
    <p class='ocr_par' dir='ltr' id='par_1_62' title="bbox 2281 1898 3827 1972">
     <span class='ocr_line' id='line_1_62' title="bbox 2281 1898 3827 1972; baseline -0.003 -17"><span class='ocrx_word' id='word_1_454' title='bbox 2281 1900 2616 1970; x_wconf 89' lang='lat' dir='ltr'>dictionum,</span> <span class='ocrx_word' id='word_1_455' title='bbox 2632 1901 2689 1956; x_wconf 91' lang='lat' dir='ltr'>in</span> <span class='ocrx_word' id='word_1_456' title='bbox 2709 1912 2821 1972; x_wconf 89' lang='lat' dir='ltr'>quo</span> <span class='ocrx_word' id='word_1_457' title='bbox 2838 1902 3042 1956; x_wconf 90' lang='lat' dir='ltr'>collata</span> <span class='ocrx_word' id='word_1_458' title='bbox 3059 1906 3190 1957; x_wconf 88' lang='lat' dir='ltr'>sunt</span> <span class='ocrx_word' id='word_1_459' title='bbox 3206 1901 3407 1957; x_wconf 88' lang='lat' dir='ltr'>omnia</span> <span class='ocrx_word' id='word_1_460' title='bbox 3418 1901 3554 1956; x_wconf 89' lang='lat' dir='ltr'>dona</span> <span class='ocrx_word' id='word_1_461' title='bbox 3564 1898 3827 1971; x_wconf 82' lang='lat' dir='ltr'>gratiarum.</span> 
     </span>
    </p>
   </div>
   <div class='ocr_carea' id='block_1_63' title="bbox 2279 1992 3827 2057">
    <p class='ocr_par' dir='ltr' id='par_1_63' title="bbox 2279 1992 3827 2057">
     <span class='ocr_line' id='line_1_63' title="bbox 2279 1992 3827 2057; baseline -0.003 -7"><span class='ocrx_word' id='word_1_462' title='bbox 2279 1995 2347 2050; x_wconf 87' lang='lat' dir='ltr'>Ut</span> <span class='ocrx_word' id='word_1_463' title='bbox 2390 1997 2583 2049; x_wconf 89' lang='lat' dir='ltr'>autem</span> <span class='ocrx_word' id='word_1_464' title='bbox 2633 1995 2900 2050; x_wconf 86' lang='lat' dir='ltr'>omnibus</span> <span class='ocrx_word' id='word_1_465' title='bbox 2948 1996 3313 2051; x_wconf 85' lang='lat' dir='ltr'>observantia</span> <span class='ocrx_word' id='word_1_466' title='bbox 3368 1997 3554 2051; x_wconf 87' lang='lat' dir='ltr'>nostra</span> <span class='ocrx_word' id='word_1_467' title='bbox 3586 1992 3827 2057; x_wconf 82' lang='lat' dir='ltr'>concordet,</span> 
     </span>
    </p>
   </div>
   <div class='ocr_carea' id='block_1_64' title="bbox 2281 2084 3830 2160">
    <p class='ocr_par' dir='ltr' id='par_1_64' title="bbox 2281 2084 3830 2160">
     <span class='ocr_line' id='line_1_64' title="bbox 2281 2084 3830 2160; baseline -0.004 -17"><span class='ocrx_word' id='word_1_468' title='bbox 2281 2087 2424 2143; x_wconf 91' lang='lat' dir='ltr'>illud</span> <span class='ocrx_word' id='word_1_469' title='bbox 2470 2105 2697 2160; x_wconf 91' lang='lat' dir='ltr'>quoque</span> <span class='ocrx_word' id='word_1_470' title='bbox 2726 2090 2985 2144; x_wconf 89' lang='lat' dir='ltr'>volumus</span> <span class='ocrx_word' id='word_1_471' title='bbox 3030 2089 3306 2144; x_wconf 86' lang='lat' dir='ltr'>custodiri</span> <span class='ocrx_word' id='word_1_472' title='bbox 3337 2095 3400 2144; x_wconf 91' lang='lat' dir='ltr'>ut</span> <span class='ocrx_word' id='word_1_473' title='bbox 3439 2105 3563 2143; x_wconf 91' lang='lat' dir='ltr'>cum</span> <span class='ocrx_word' id='word_1_474' title='bbox 3596 2084 3830 2141; x_wconf 84' lang='lat' dir='ltr'>solemnior</span> 
     </span>
    </p>
   </div>
   <div class='ocr_carea' id='block_1_65' title="bbox 2281 2177 3830 2255">
    <p class='ocr_par' dir='ltr' id='par_1_65' title="bbox 2281 2177 3830 2255">
     <span class='ocr_line' id='line_1_65' title="bbox 2281 2177 3830 2255; baseline -0.005 -17"><span class='ocrx_word' id='word_1_475' title='bbox 2281 2181 2557 2238; x_wconf 87' lang='lat' dir='ltr'>festivitas</span> <span class='ocrx_word' id='word_1_476' title='bbox 2584 2186 2924 2239; x_wconf 90' lang='lat' dir='ltr'>conventum</span> <span class='ocrx_word' id='word_1_477' title='bbox 2952 2184 3150 2255; x_wconf 91' lang='lat' dir='ltr'>populi</span> <span class='ocrx_word' id='word_1_478' title='bbox 3180 2182 3601 2238; x_wconf 87' lang='lat' dir='ltr'>numerositatis</span> <span class='ocrx_word' id='word_1_479' title='bbox 3620 2177 3830 2239; x_wconf 80' lang='lat' dir='ltr'>indixerit,</span> 
     </span>
    </p>
   </div>
   <div class='ocr_carea' id='block_1_66' title="bbox 2285 2270 3832 2348">
    <p class='ocr_par' dir='ltr' id='par_1_66' title="bbox 2285 2270 3832 2348">
     <span class='ocr_line' id='line_1_66' title="bbox 2285 2270 3832 2348; baseline -0.006 -15"><span class='ocrx_word' id='word_1_480' title='bbox 2285 2280 2341 2333; x_wconf 89' lang='lat' dir='ltr'>et</span> <span class='ocrx_word' id='word_1_481' title='bbox 2376 2276 2447 2330; x_wconf 90' lang='lat' dir='ltr'>ad</span> <span class='ocrx_word' id='word_1_482' title='bbox 2494 2293 2619 2330; x_wconf 90' lang='lat' dir='ltr'>eam</span> <span class='ocrx_word' id='word_1_483' title='bbox 2660 2281 2818 2332; x_wconf 87' lang='lat' dir='ltr'>tanta</span> <span class='ocrx_word' id='word_1_484' title='bbox 2868 2277 3173 2333; x_wconf 88' lang='lat' dir='ltr'>multitudo</span> <span class='ocrx_word' id='word_1_485' title='bbox 3216 2277 3480 2333; x_wconf 90' lang='lat' dir='ltr'>convenit</span> <span class='ocrx_word' id='word_1_486' title='bbox 3525 2291 3679 2348; x_wconf 89' lang='lat' dir='ltr'>quam</span> <span class='ocrx_word' id='word_1_487' title='bbox 3712 2270 3832 2340; x_wconf 84' lang='lat' dir='ltr'>recipi</span> 
     </span>
    </p>
   </div>
   <div class='ocr_carea' id='block_1_67' title="bbox 2284 2364 3833 2442">
    <p class='ocr_par' dir='ltr' id='par_1_67' title="bbox 2284 2364 3833 2442">
     <span class='ocr_line' id='line_1_67' title="bbox 2284 2364 3833 2442; baseline -0.006 -16"><span class='ocrx_word' id='word_1_488' title='bbox 2284 2371 2516 2427; x_wconf 84' lang='lat' dir='ltr'>basilica</span> <span class='ocrx_word' id='word_1_489' title='bbox 2541 2370 2707 2424; x_wconf 89' lang='lat' dir='ltr'>simul</span> <span class='ocrx_word' id='word_1_490' title='bbox 2743 2387 2851 2425; x_wconf 91' lang='lat' dir='ltr'>una</span> <span class='ocrx_word' id='word_1_491' title='bbox 2877 2388 2991 2425; x_wconf 88' lang='lat' dir='ltr'>non</span> <span class='ocrx_word' id='word_1_492' title='bbox 3017 2371 3213 2442; x_wconf 89' lang='lat' dir='ltr'>possit,</span> <span class='ocrx_word' id='word_1_493' title='bbox 3246 2370 3500 2428; x_wconf 85' lang='lat' dir='ltr'>sacriﬁcii</span> <span class='ocrx_word' id='word_1_494' title='bbox 3529 2368 3706 2424; x_wconf 88' lang='lat' dir='ltr'>oblatio</span> <span class='ocrx_word' id='word_1_495' title='bbox 3724 2364 3833 2420; x_wconf 86' lang='lat' dir='ltr'>indu-</span> 
     </span>
    </p>
   </div>
   <div class='ocr_carea' id='block_1_68' title="bbox 2287 2459 3832 2534">
    <p class='ocr_par' dir='ltr' id='par_1_68' title="bbox 2287 2459 3832 2534">
     <span class='ocr_line' id='line_1_68' title="bbox 2287 2459 3832 2534; baseline -0.006 -15"><span class='ocrx_word' id='word_1_496' title='bbox 2287 2464 2536 2519; x_wconf 82' lang='lat' dir='ltr'>bitanter</span> <span class='ocrx_word' id='word_1_497' title='bbox 2567 2464 2821 2534; x_wconf 90' lang='lat' dir='ltr'>iteretur,</span> <span class='ocrx_word' id='word_1_498' title='bbox 2864 2482 2937 2519; x_wconf 90' lang='lat' dir='ltr'>ne</span> <span class='ocrx_word' id='word_1_499' title='bbox 2966 2465 3055 2520; x_wconf 88' lang='lat' dir='ltr'>his</span> <span class='ocrx_word' id='word_1_500' title='bbox 3102 2468 3326 2521; x_wconf 83' lang='lat' dir='ltr'>tantum</span> <span class='ocrx_word' id='word_1_501' title='bbox 3373 2463 3616 2520; x_wconf 88' lang='lat' dir='ltr'>admissis</span> <span class='ocrx_word' id='word_1_502' title='bbox 3651 2460 3709 2514; x_wconf 87' lang='lat' dir='ltr'>ad</span> <span class='ocrx_word' id='word_1_503' title='bbox 3737 2459 3832 2511; x_wconf 82' lang='lat' dir='ltr'>hanc</span> 
     </span>
    </p>
   </div>
   <div class='ocr_carea' id='block_1_69' title="bbox 2288 2549 3833 2629">
    <p class='ocr_par' dir='ltr' id='par_1_69' title="bbox 2288 2549 3833 2629">
     <span class='ocr_line' id='line_1_69' title="bbox 2288 2549 3833 2629; baseline -0.006 -15"><span class='ocrx_word' id='word_1_504' title='bbox 2288 2558 2647 2614; x_wconf 90' lang='lat' dir='ltr'>devotionem</span> <span class='ocrx_word' id='word_1_505' title='bbox 2692 2558 2788 2629; x_wconf 91' lang='lat' dir='ltr'>qui</span> <span class='ocrx_word' id='word_1_506' title='bbox 2836 2558 3006 2629; x_wconf 89' lang='lat' dir='ltr'>primi</span> <span class='ocrx_word' id='word_1_507' title='bbox 3037 2558 3400 2613; x_wconf 89' lang='lat' dir='ltr'>advenerunt</span> <span class='ocrx_word' id='word_1_508' title='bbox 3429 2558 3692 2613; x_wconf 86' lang='lat' dir='ltr'>videantur</span> <span class='ocrx_word' id='word_1_509' title='bbox 3722 2552 3750 2606; x_wconf 90' lang='lat' dir='ltr'>ii</span> <span class='ocrx_word' id='word_1_510' title='bbox 3770 2549 3833 2621; x_wconf 83' lang='lat' dir='ltr'>qui</span> 
     </span>
    </p>
   </div>
   <div class='ocr_carea' id='block_1_70' title="bbox 2290 2648 3933 2729">
    <p class='ocr_par' dir='ltr' id='par_1_70' title="bbox 2290 2648 3933 2729">
     <span class='ocr_line' id='line_1_70' title="bbox 2290 2648 3933 2729; baseline -0.007 -23"><span class='ocrx_word' id='word_1_511' title='bbox 2290 2657 2419 2723; x_wconf 91' lang='lat' dir='ltr'>post</span> <span class='ocrx_word' id='word_1_512' title='bbox 2444 2651 2679 2705; x_wconf 89' lang='lat' dir='ltr'>modum</span> <span class='ocrx_word' id='word_1_513' title='bbox 2710 2652 3094 2707; x_wconf 87' lang='lat' dir='ltr'>conﬂuxerint</span> <span class='ocrx_word' id='word_1_514' title='bbox 3126 2668 3247 2707; x_wconf 89' lang='lat' dir='ltr'>non</span> <span class='ocrx_word' id='word_1_515' title='bbox 3278 2652 3502 2723; x_wconf 88' lang='lat' dir='ltr'>recepti,</span> <span class='ocrx_word' id='word_1_516' title='bbox 3530 2665 3644 2705; x_wconf 90' lang='lat' dir='ltr'>cum</span> <span class='ocrx_word' id='word_1_517' title='bbox 3668 2648 3834 2717; x_wconf 88' lang='lat' dir='ltr'>plenum</span> <span class='ocrx_word' id='word_1_518' title='bbox 3932 2678 3933 2729; x_wconf 30' lang='grc' dir='ltr'>ξ</span> 
     </span>
    </p>
   </div>
   <div class='ocr_carea' id='block_1_71' title="bbox 2290 2736 3933 2819">
    <p class='ocr_par' dir='ltr' id='par_1_71' title="bbox 2290 2736 3933 2819">
     <span class='ocr_line' id='line_1_71' title="bbox 2290 2736 3933 2819; baseline -0.008 -18"><span class='ocrx_word' id='word_1_519' title='bbox 2290 2746 2514 2817; x_wconf 89' lang='lat' dir='ltr'>pietatis</span> <span class='ocrx_word' id='word_1_520' title='bbox 2557 2750 2725 2817; x_wconf 89' lang='lat' dir='ltr'>atque</span> <span class='ocrx_word' id='word_1_521' title='bbox 2756 2746 2994 2801; x_wconf 87' lang='lat' dir='ltr'>rationis</span> <span class='ocrx_word' id='word_1_522' title='bbox 3030 2747 3121 2811; x_wconf 89' lang='lat' dir='ltr'>sit,</span> <span class='ocrx_word' id='word_1_523' title='bbox 3175 2750 3241 2800; x_wconf 88' lang='lat' dir='ltr'>ut</span> <span class='ocrx_word' id='word_1_524' title='bbox 3269 2746 3485 2819; x_wconf 90' lang='lat' dir='ltr'>quoties</span> <span class='ocrx_word' id='word_1_525' title='bbox 3531 2741 3766 2798; x_wconf 84' lang='lat' dir='ltr'>basilicam</span> <span class='ocrx_word' id='word_1_526' title='bbox 3798 2736 3835 2789; x_wconf 90' lang='lat' dir='ltr'>in</span> <span class='ocrx_word' id='word_1_527' title='bbox 3932 2748 3933 2807; x_wconf 50' lang='grc' dir='ltr'>ι</span> 
     </span>
    </p>
   </div>
   <div class='ocr_carea' id='block_1_72' title="bbox 2294 2831 3933 2911">
    <p class='ocr_par' dir='ltr' id='par_1_72' title="bbox 2294 2831 3933 2911">
     <span class='ocr_line' id='line_1_72' title="bbox 2294 2831 3933 2911; baseline -0.009 -17"><span class='ocrx_word' id='word_1_528' title='bbox 2294 2856 2407 2911; x_wconf 88' lang='lat' dir='ltr'>qua</span> <span class='ocrx_word' id='word_1_529' title='bbox 2430 2838 2619 2910; x_wconf 88' lang='lat' dir='ltr'>agitur</span> <span class='ocrx_word' id='word_1_530' title='bbox 2652 2840 2960 2909; x_wconf 79' lang='lat' dir='ltr'>praesentia</span> <span class='ocrx_word' id='word_1_531' title='bbox 2986 2857 3149 2894; x_wconf 83' lang='lat' dir='ltr'>novae</span> <span class='ocrx_word' id='word_1_532' title='bbox 3186 2840 3371 2911; x_wconf 86' lang='lat' dir='ltr'>plebis</span> <span class='ocrx_word' id='word_1_533' title='bbox 3393 2835 3696 2910; x_wconf 85' lang='lat' dir='ltr'>impleverit,</span> <span class='ocrx_word' id='word_1_534' title='bbox 3724 2831 3836 2886; x_wconf 80' lang='lat' dir='ltr'>toties</span> <span class='ocrx_word' id='word_1_535' title='bbox 3932 2831 3933 2871; x_wconf 48' lang='grc' dir='ltr'><strong><em>Ὺ</em></strong></span> 
     </span>
    </p>
   </div>
   <div class='ocr_carea' id='block_1_73' title="bbox 2293 2914 3933 3009">
    <p class='ocr_par' dir='ltr' id='par_1_73' title="bbox 2293 2914 3933 3009">
     <span class='ocr_line' id='line_1_73' title="bbox 2293 2914 3933 3009; baseline -0.007 -21"><span class='ocrx_word' id='word_1_536' title='bbox 2293 2933 2629 2988; x_wconf 85' lang='lat' dir='ltr'>sacriﬁcium</span> <span class='ocrx_word' id='word_1_537' title='bbox 2658 2933 3009 3004; x_wconf 89' lang='lat' dir='ltr'>subsequens</span> <span class='ocrx_word' id='word_1_538' title='bbox 3037 2933 3331 2989; x_wconf 74' lang='lat' dir='ltr'>oﬁ‘eratur.</span> <span class='ocrx_word' id='word_1_539' title='bbox 3364 2935 3585 2987; x_wconf 87' lang='lat' dir='ltr'>Necesse</span> <span class='ocrx_word' id='word_1_540' title='bbox 3607 2933 3677 2984; x_wconf 89' lang='lat' dir='ltr'>est</span> <span class='ocrx_word' id='word_1_541' title='bbox 3701 2930 3834 2980; x_wconf 86' lang='lat' dir='ltr'>autem</span> 
     </span>
    </p>
   </div>
   <div class='ocr_carea' id='block_1_74' title="bbox 2293 3016 3836 3098">
    <p class='ocr_par' dir='ltr' id='par_1_74' title="bbox 2293 3016 3836 3098">
     <span class='ocr_line' id='line_1_74' title="bbox 2293 3016 3836 3098; baseline -0.004 -16"><span class='ocrx_word' id='word_1_542' title='bbox 2293 3031 2357 3082; x_wconf 90' lang='lat' dir='ltr'>ut</span> <span class='ocrx_word' id='word_1_543' title='bbox 2387 3027 2651 3098; x_wconf 65' lang='lat' dir='ltr'>quaedam</span> <span class='ocrx_word' id='word_1_544' title='bbox 2692 3044 2819 3098; x_wconf 87' lang='lat' dir='ltr'>pars</span> <span class='ocrx_word' id='word_1_545' title='bbox 2869 3027 3069 3098; x_wconf 90' lang='lat' dir='ltr'>populi</span> <span class='ocrx_word' id='word_1_546' title='bbox 3113 3044 3212 3082; x_wconf 89' lang='lat' dir='ltr'>sua</span> <span class='ocrx_word' id='word_1_547' title='bbox 3239 3026 3535 3082; x_wconf 84' lang='lat' dir='ltr'>devotione</span> <span class='ocrx_word' id='word_1_548' title='bbox 3577 3016 3836 3094; x_wconf 74' lang='lat' dir='ltr'>privetur.5i</span> 
     </span>
    </p>
   </div>
   <div class='ocr_carea' id='block_1_75' title="bbox 2301 3112 3835 3176">
    <p class='ocr_par' dir='ltr' id='par_1_75' title="bbox 2301 3112 3835 3176">
     <span class='ocr_line' id='line_1_75' title="bbox 2301 3112 3835 3176; baseline -0.009 0"><span class='ocrx_word' id='word_1_549' title='bbox 2301 3122 2467 3176; x_wconf 89' lang='lat' dir='ltr'>unius</span> <span class='ocrx_word' id='word_1_550' title='bbox 2494 3124 2721 3175; x_wconf 89' lang='lat' dir='ltr'>tantum</span> <span class='ocrx_word' id='word_1_551' title='bbox 2736 3122 2926 3176; x_wconf 75' lang='lat' dir='ltr'>missas</span> <span class='ocrx_word' id='word_1_552' title='bbox 2947 3137 3108 3176; x_wconf 91' lang='lat' dir='ltr'>more</span> <span class='ocrx_word' id='word_1_553' title='bbox 3129 3125 3352 3176; x_wconf 87' lang='lat' dir='ltr'>servato</span> <span class='ocrx_word' id='word_1_554' title='bbox 3377 3117 3680 3175; x_wconf 84' lang='lat' dir='ltr'>sacrificium</span> <span class='ocrx_word' id='word_1_555' title='bbox 3694 3112 3835 3167; x_wconf 72' lang='lat' dir='ltr'>offerre</span> 
     </span>
    </p>
   </div>
   <div class='ocr_carea' id='block_1_76' title="bbox 2297 3204 3834 3287">
    <p class='ocr_par' dir='ltr' id='par_1_76' title="bbox 2297 3204 3834 3287">
     <span class='ocr_line' id='line_1_76' title="bbox 2297 3204 3834 3287; baseline -0.011 -17"><span class='ocrx_word' id='word_1_556' title='bbox 2297 3232 2411 3270; x_wconf 89' lang='lat' dir='ltr'>non</span> <span class='ocrx_word' id='word_1_557' title='bbox 2439 3214 2676 3286; x_wconf 90' lang='lat' dir='ltr'>possint,</span> <span class='ocrx_word' id='word_1_558' title='bbox 2711 3215 2821 3269; x_wconf 88' lang='lat' dir='ltr'>nisi</span> <span class='ocrx_word' id='word_1_559' title='bbox 2850 3215 2947 3286; x_wconf 93' lang='lat' dir='ltr'>qui</span> <span class='ocrx_word' id='word_1_560' title='bbox 2990 3215 3171 3286; x_wconf 89' lang='lat' dir='ltr'>prima</span> <span class='ocrx_word' id='word_1_561' title='bbox 3202 3214 3320 3270; x_wconf 92' lang='lat' dir='ltr'>diei</span> <span class='ocrx_word' id='word_1_562' title='bbox 3348 3217 3506 3287; x_wconf 85' lang='lat' dir='ltr'>parte</span> <span class='ocrx_word' id='word_1_563' title='bbox 3538 3204 3834 3266; x_wconf 83' lang='lat' dir='ltr'>convenerint.</span> 
     </span>
    </p>
   </div>
   <div class='ocr_carea' id='block_1_77' title="bbox 2301 3298 3933 3379">
    <p class='ocr_par' dir='ltr' id='par_1_77' title="bbox 2301 3298 3933 3379">
     <span class='ocr_line' id='line_1_77' title="bbox 2301 3298 3933 3379; baseline -0.01 -15"><span class='ocrx_word' id='word_1_564' title='bbox 2301 3309 2560 3364; x_wconf 91' lang='lat' dir='ltr'>Studiose</span> <span class='ocrx_word' id='word_1_565' title='bbox 2573 3325 2710 3379; x_wconf 83' lang='lat' dir='ltr'>ergo</span> <span class='ocrx_word' id='word_1_566' title='bbox 2726 3308 3089 3363; x_wconf 89' lang='lat' dir='ltr'>dilectionem</span> <span class='ocrx_word' id='word_1_567' title='bbox 3110 3311 3272 3363; x_wconf 89' lang='lat' dir='ltr'>tuam</span> <span class='ocrx_word' id='word_1_568' title='bbox 3289 3314 3346 3365; x_wconf 91' lang='lat' dir='ltr'>et</span> <span class='ocrx_word' id='word_1_569' title='bbox 3362 3304 3686 3363; x_wconf 84' lang='lat' dir='ltr'>familiariter</span> <span class='ocrx_word' id='word_1_570' title='bbox 3699 3298 3834 3353; x_wconf 89' lang='lat' dir='ltr'>admo-</span> <span class='ocrx_word' id='word_1_571' title='bbox 3932 3340 3933 3349; x_wconf 29' lang='grc' dir='ltr'>χ</span> 
     </span>
    </p>
   </div>
   <div class='ocr_carea' id='block_1_78' title="bbox 2302 3394 3836 3474">
    <p class='ocr_par' dir='ltr' id='par_1_78' title="bbox 2302 3394 3836 3474">
     <span class='ocr_line' id='line_1_78' title="bbox 2302 3394 3836 3474; baseline -0.01 -17"><span class='ocrx_word' id='word_1_572' title='bbox 2302 3419 2526 3471; x_wconf 90' lang='lat' dir='ltr'>nemus,</span> <span class='ocrx_word' id='word_1_573' title='bbox 2550 3405 2611 3456; x_wconf 90' lang='lat' dir='ltr'>ut</span> <span class='ocrx_word' id='word_1_574' title='bbox 2636 3402 2791 3474; x_wconf 92' lang='lat' dir='ltr'>quod</span> <span class='ocrx_word' id='word_1_575' title='bbox 2809 3406 3016 3457; x_wconf 85' lang='lat' dir='ltr'>nostrae</span> <span class='ocrx_word' id='word_1_576' title='bbox 3034 3402 3433 3457; x_wconf 90' lang='lat' dir='ltr'>consuetudini</span> <span class='ocrx_word' id='word_1_577' title='bbox 3459 3418 3520 3455; x_wconf 81' lang='lat' dir='ltr'>ex</span> <span class='ocrx_word' id='word_1_578' title='bbox 3541 3399 3695 3453; x_wconf 88' lang='lat' dir='ltr'>forma</span> <span class='ocrx_word' id='word_1_579' title='bbox 3711 3394 3836 3464; x_wconf 84' lang='lat' dir='ltr'>pater-</span> 
     </span>
    </p>
   </div>
   <div class='ocr_carea' id='block_1_79' title="bbox 2303 3482 3834 3567">
    <p class='ocr_par' dir='ltr' id='par_1_79' title="bbox 2303 3482 3834 3567">
     <span class='ocr_line' id='line_1_79' title="bbox 2303 3482 3834 3567; baseline -0.008 -15"><span class='ocrx_word' id='word_1_580' title='bbox 2303 3513 2389 3552; x_wconf 80' lang='lat' dir='ltr'>nae</span> <span class='ocrx_word' id='word_1_581' title='bbox 2413 3496 2731 3551; x_wconf 88' lang='lat' dir='ltr'>traditionis</span> <span class='ocrx_word' id='word_1_582' title='bbox 2763 3496 2988 3563; x_wconf 90' lang='lat' dir='ltr'>insedit,</span> <span class='ocrx_word' id='word_1_583' title='bbox 3038 3501 3137 3551; x_wconf 91' lang='lat' dir='ltr'>tua</span> <span class='ocrx_word' id='word_1_584' title='bbox 3174 3512 3405 3567; x_wconf 89' lang='lat' dir='ltr'>quoque</span> <span class='ocrx_word' id='word_1_585' title='bbox 3442 3510 3569 3548; x_wconf 88' lang='lat' dir='ltr'>cura</span> <span class='ocrx_word' id='word_1_586' title='bbox 3595 3505 3690 3545; x_wconf 89' lang='lat' dir='ltr'>non</span> <span class='ocrx_word' id='word_1_587' title='bbox 3712 3482 3834 3552; x_wconf 73' lang='lat' dir='ltr'>negli-</span> 
     </span>
    </p>
   </div>
   <div class='ocr_carea' id='block_1_80' title="bbox 2304 3578 3834 3662">
    <p class='ocr_par' dir='ltr' id='par_1_80' title="bbox 2304 3578 3834 3662">
     <span class='ocr_line' id='line_1_80' title="bbox 2304 3578 3834 3662; baseline -0.014 -16"><span class='ocrx_word' id='word_1_588' title='bbox 2304 3594 2420 3662; x_wconf 88' lang='lat' dir='ltr'>gat,</span> <span class='ocrx_word' id='word_1_589' title='bbox 2472 3594 2533 3644; x_wconf 91' lang='lat' dir='ltr'>ut</span> <span class='ocrx_word' id='word_1_590' title='bbox 2556 3589 2751 3644; x_wconf 89' lang='lat' dir='ltr'>omnia</span> <span class='ocrx_word' id='word_1_591' title='bbox 2796 3590 2962 3644; x_wconf 90' lang='lat' dir='ltr'>nobis</span> <span class='ocrx_word' id='word_1_592' title='bbox 3006 3607 3072 3644; x_wconf 85' lang='lat' dir='ltr'>ex</span> <span class='ocrx_word' id='word_1_593' title='bbox 3101 3589 3214 3643; x_wconf 84' lang='lat' dir='ltr'>ﬁde</span> <span class='ocrx_word' id='word_1_594' title='bbox 3268 3594 3324 3644; x_wconf 89' lang='lat' dir='ltr'>et</span> <span class='ocrx_word' id='word_1_595' title='bbox 3354 3588 3560 3643; x_wconf 88' lang='lat' dir='ltr'>actibus</span> <span class='ocrx_word' id='word_1_596' title='bbox 3585 3578 3834 3650; x_wconf 82' lang='lat' dir='ltr'>congruant.</span> 
     </span>
    </p>
   </div>
   <div class='ocr_carea' id='block_1_81' title="bbox 2302 3675 3835 3755">
    <p class='ocr_par' dir='ltr' id='par_1_81' title="bbox 2302 3675 3835 3755">
     <span class='ocr_line' id='line_1_81' title="bbox 2302 3675 3835 3755; baseline -0.006 -16"><span class='ocrx_word' id='word_1_597' title='bbox 2302 3687 2539 3755; x_wconf 89' lang='lat' dir='ltr'>Propter</span> <span class='ocrx_word' id='word_1_598' title='bbox 2567 3684 2717 3754; x_wconf 89' lang='lat' dir='ltr'>quod</span> <span class='ocrx_word' id='word_1_599' title='bbox 2750 3684 3027 3739; x_wconf 87' lang='lat' dir='ltr'>remeanti</span> <span class='ocrx_word' id='word_1_600' title='bbox 3055 3683 3169 3737; x_wconf 85' lang='lat' dir='ltr'>tilio</span> <span class='ocrx_word' id='word_1_601' title='bbox 3200 3689 3399 3739; x_wconf 85' lang='lat' dir='ltr'>nostro</span> <span class='ocrx_word' id='word_1_602' title='bbox 3444 3675 3724 3737; x_wconf 88' lang='lat' dir='ltr'>Possidonio</span> <span class='ocrx_word' id='word_1_603' title='bbox 3754 3683 3835 3741; x_wconf 59' lang='grc' dir='ltr'>ρκ’</span> 
     </span>
    </p>
   </div>
   <div class='ocr_carea' id='block_1_82' title="bbox 2303 3760 3834 3850">
    <p class='ocr_par' dir='ltr' id='par_1_82' title="bbox 2303 3760 3834 3850">
     <span class='ocr_line' id='line_1_82' title="bbox 2303 3760 3834 3850; baseline -0.014 -16"><span class='ocrx_word' id='word_1_604' title='bbox 2303 3779 2531 3850; x_wconf 86' lang='lat' dir='ltr'>sbytero</span> <span class='ocrx_word' id='word_1_605' title='bbox 2564 3779 2711 3832; x_wconf 87' lang='lat' dir='ltr'>hanc</span> <span class='ocrx_word' id='word_1_606' title='bbox 2731 3778 2802 3832; x_wconf 90' lang='lat' dir='ltr'>ad</span> <span class='ocrx_word' id='word_1_607' title='bbox 2825 3777 3241 3832; x_wconf 86' lang='lat' dir='ltr'>fraternitatem</span> <span class='ocrx_word' id='word_1_608' title='bbox 3272 3783 3429 3833; x_wconf 89' lang='lat' dir='ltr'>tuam</span> <span class='ocrx_word' id='word_1_609' title='bbox 3458 3772 3714 3847; x_wconf 88' lang='lat' dir='ltr'>epistolam</span> <span class='ocrx_word' id='word_1_610' title='bbox 3733 3760 3834 3818; x_wconf 87' lang='lat' dir='ltr'>dedi-</span> 
     </span>
    </p>
   </div>
   <div class='ocr_carea' id='block_1_83' title="bbox 2305 3861 3835 3942">
    <p class='ocr_par' dir='ltr' id='par_1_83' title="bbox 2305 3861 3835 3942">
     <span class='ocr_line' id='line_1_83' title="bbox 2305 3861 3835 3942; baseline -0.008 -15"><span class='ocrx_word' id='word_1_611' title='bbox 2305 3890 2430 3927; x_wconf 90' lang='lat' dir='ltr'>mus</span> <span class='ocrx_word' id='word_1_612' title='bbox 2455 3870 2853 3942; x_wconf 84' lang='lat' dir='ltr'>perferendam</span> <span class='ocrx_word' id='word_1_613' title='bbox 2899 3870 2998 3942; x_wconf 89' lang='lat' dir='ltr'>qui</span> <span class='ocrx_word' id='word_1_614' title='bbox 3027 3871 3234 3925; x_wconf 91' lang='lat' dir='ltr'>nostris</span> <span class='ocrx_word' id='word_1_615' title='bbox 3272 3865 3694 3942; x_wconf 88' lang='lat' dir='ltr'>processionibus</span> <span class='ocrx_word' id='word_1_616' title='bbox 3725 3861 3835 3926; x_wconf 73' lang='lat' dir='ltr'>atque</span> 
     </span>
    </p>
   </div>
   <div class='ocr_carea' id='block_1_84' title="bbox 2308 3947 3835 4036">
    <p class='ocr_par' dir='ltr' id='par_1_84' title="bbox 2308 3947 3835 4036">
     <span class='ocr_line' id='line_1_84' title="bbox 2308 3947 3835 4036; baseline -0.012 -16"><span class='ocrx_word' id='word_1_617' title='bbox 2308 3964 2760 4021; x_wconf 87' lang='lat' dir='ltr'>ordinationibus</span> <span class='ocrx_word' id='word_1_618' title='bbox 2785 3965 3116 4036; x_wconf 89' lang='lat' dir='ltr'>frequenter</span> <span class='ocrx_word' id='word_1_619' title='bbox 3152 3963 3432 4032; x_wconf 86' lang='lat' dir='ltr'>interfuit,</span> <span class='ocrx_word' id='word_1_620' title='bbox 3465 3966 3517 4016; x_wconf 89' lang='lat' dir='ltr'>et</span> <span class='ocrx_word' id='word_1_621' title='bbox 3542 3958 3684 4015; x_wconf 87' lang='lat' dir='ltr'>toties</span> <span class='ocrx_word' id='word_1_622' title='bbox 3697 3947 3835 4007; x_wconf 82' lang='lat' dir='ltr'>admis-</span> 
     </span>
    </p>
   </div>
   <div class='ocr_carea' id='block_1_85' title="bbox 2307 4051 3836 4131">
    <p class='ocr_par' dir='ltr' id='par_1_85' title="bbox 2307 4051 3836 4131">
     <span class='ocr_line' id='line_1_85' title="bbox 2307 4051 3836 4131; baseline -0.011 -18"><span class='ocrx_word' id='word_1_623' title='bbox 2307 4077 2398 4115; x_wconf 88' lang='lat' dir='ltr'>sus</span> <span class='ocrx_word' id='word_1_624' title='bbox 2426 4059 2561 4130; x_wconf 88' lang='lat' dir='ltr'>quid</span> <span class='ocrx_word' id='word_1_625' title='bbox 2605 4059 2665 4112; x_wconf 91' lang='lat' dir='ltr'>in</span> <span class='ocrx_word' id='word_1_626' title='bbox 2699 4058 2962 4113; x_wconf 90' lang='lat' dir='ltr'>omnibus</span> <span class='ocrx_word' id='word_1_627' title='bbox 2984 4058 3314 4131; x_wconf 64' lang='lat' dir='ltr'>apostolicae</span> <span class='ocrx_word' id='word_1_628' title='bbox 3339 4051 3655 4112; x_wconf 85' lang='lat' dir='ltr'>auctoritatis</span> <span class='ocrx_word' id='word_1_629' title='bbox 3688 4053 3836 4102; x_wconf 83' lang='lat' dir='ltr'>tenere-</span> 
     </span>
    </p>
   </div>
   <div class='ocr_carea' id='block_1_86' title="bbox 2308 4152 3390 4223">
    <p class='ocr_par' dir='ltr' id='par_1_86' title="bbox 2308 4152 3390 4223">
     <span class='ocr_line' id='line_1_86' title="bbox 2308 4152 3390 4223; baseline -0.004 -15"><span class='ocrx_word' id='word_1_630' title='bbox 2308 4170 2456 4221; x_wconf 90' lang='lat' dir='ltr'>mus,</span> <span class='ocrx_word' id='word_1_631' title='bbox 2483 4153 2732 4223; x_wconf 86' lang='lat' dir='ltr'>agnovit.</span> <span class='ocrx_word' id='word_1_632' title='bbox 2764 4153 2900 4206; x_wconf 93' lang='lat' dir='ltr'>Data</span> <span class='ocrx_word' id='word_1_633' title='bbox 2922 4152 3186 4207; x_wconf 86' lang='lat' dir='ltr'>Kalendis</span> <span class='ocrx_word' id='word_1_634' title='bbox 3210 4152 3390 4207; x_wconf 89' lang='lat' dir='ltr'>Juliis.</span> 
     </span>
    </p>
   </div>
   <div class='ocr_carea' id='block_1_87' title="bbox 2308 4251 3835 4329">
    <p class='ocr_par' dir='ltr' id='par_1_87' title="bbox 2308 4251 3835 4329">
     <span class='ocr_line' id='line_1_87' title="bbox 2308 4251 3835 4329; baseline -0.003 -14"><span class='ocrx_word' id='word_1_635' title='bbox 2308 4262 2441 4315; x_wconf 77' lang='lat' dir='ltr'>X.——</span> <span class='ocrx_word' id='word_1_636' title='bbox 2458 4261 2547 4316; x_wconf 84' lang='lat' dir='ltr'>Ad</span> <span class='ocrx_word' id='word_1_637' title='bbox 2565 4258 2893 4329; x_wconf 80' lang='lat' dir='ltr'>Ephesinam</span> <span class='ocrx_word' id='word_1_638' title='bbox 2916 4259 3185 4328; x_wconf 80' lang='lat' dir='ltr'>synodum</span> <span class='ocrx_word' id='word_1_639' title='bbox 3204 4258 3508 4315; x_wconf 82' lang='lat' dir='ltr'>secundam,</span> <span class='ocrx_word' id='word_1_640' title='bbox 3526 4256 3577 4305; x_wconf 84' lang='lat' dir='ltr'>in</span> <span class='ocrx_word' id='word_1_641' title='bbox 3600 4262 3689 4329; x_wconf 75' lang='lat' dir='ltr'>qua</span> 
     </span>
    </p>
   </div>
   <div class='ocr_carea' id='block_1_88' title="bbox 2371 4321 3795 4402">
    <p class='ocr_par' dir='ltr' id='par_1_88' title="bbox 2371 4321 3795 4402">
     <span class='ocr_line' id='line_1_88' title="bbox 2371 4321 3795 4402; baseline -0.018 -15"><span class='ocrx_word' id='word_1_642' title='bbox 2371 4338 2459 4387; x_wconf 80' lang='lat' dir='ltr'>cat</span> <span class='ocrx_word' id='word_1_643' title='bbox 2484 4321 2754 4402; x_wconf 70' lang='lat' dir='ltr'>episcopos</span> <span class='ocrx_word' id='word_1_644' title='bbox 2780 4321 3091 4398; x_wconf 61' lang='lat' dir='ltr'>Eutychetis</span> <span class='ocrx_word' id='word_1_645' title='bbox 3122 4330 3477 4399; x_wconf 77' lang='lat' dir='ltr'>blasphemias</span> <span class='ocrx_word' id='word_1_646' title='bbox 3496 4321 3795 4379; x_wconf 73' lang='lat' dir='ltr'>condemnare.</span> 
     </span>
    </p>
   </div>
   <div class='ocr_carea' id='block_1_89' title="bbox 580 4416 3840 4508">
    <p class='ocr_par' dir='ltr' id='par_1_89' title="bbox 580 4416 3840 4508">
     <span class='ocr_line' id='line_1_89' title="bbox 580 4416 3840 4508; baseline -0.004 -15"><span class='ocrx_word' id='word_1_647' title='bbox 580 4437 689 4493; x_wconf 90' lang='lat' dir='ltr'>lica</span> <span class='ocrx_word' id='word_1_648' title='bbox 717 4436 979 4493; x_wconf 85' lang='lat' dir='ltr'>novimus</span> <span class='ocrx_word' id='word_1_649' title='bbox 1008 4434 1201 4490; x_wconf 89' lang='lat' dir='ltr'>venire</span> <span class='ocrx_word' id='word_1_650' title='bbox 1223 4434 1503 4504; x_wconf 89' lang='lat' dir='ltr'>doctrina,</span> <span class='ocrx_word' id='word_1_651' title='bbox 1534 4434 1709 4489; x_wconf 90' lang='lat' dir='ltr'>etiam</span> <span class='ocrx_word' id='word_1_652' title='bbox 1736 4450 1893 4488; x_wconf 90' lang='lat' dir='ltr'>sacra</span> <span class='ocrx_word' id='word_1_653' title='bbox 1921 4433 2211 4505; x_wconf 87' lang='lat' dir='ltr'>Scriptura</span> <span class='ocrx_word' id='word_1_654' title='bbox 2230 4436 2289 4508; x_wconf 81' lang='grc' dir='ltr'>Ι)</span> <span class='ocrx_word' id='word_1_655' title='bbox 2383 4436 2490 4490; x_wconf 84' lang='lat' dir='ltr'><strong>LEO</strong></span> <span class='ocrx_word' id='word_1_656' title='bbox 2520 4434 2817 4505; x_wconf 90' lang='lat' dir='ltr'>episcopus</span> <span class='ocrx_word' id='word_1_657' title='bbox 2840 4437 3046 4487; x_wconf 86' lang='lat' dir='ltr'>sanctae</span> <span class='ocrx_word' id='word_1_658' title='bbox 3069 4432 3282 4504; x_wconf 85' lang='lat' dir='ltr'>synodo</span> <span class='ocrx_word' id='word_1_659' title='bbox 3317 4446 3442 4503; x_wconf 87' lang='lat' dir='ltr'>quae</span> <span class='ocrx_word' id='word_1_660' title='bbox 3476 4422 3615 4498; x_wconf 84' lang='lat' dir='ltr'>apud</span> <span class='ocrx_word' id='word_1_661' title='bbox 3638 4416 3840 4489; x_wconf 73' lang='grc' dir='ltr'>Ερὶιθευω</span> 
     </span>
    </p>
   </div>
   <div class='ocr_carea' id='block_1_90' title="bbox 582 4528 2218 4603">
    <p class='ocr_par' dir='ltr' id='par_1_90' title="bbox 582 4528 2218 4603">
     <span class='ocr_line' id='line_1_90' title="bbox 582 4528 2218 4603; baseline -0.005 -15"><span class='ocrx_word' id='word_1_662' title='bbox 582 4531 930 4598; x_wconf 86' lang='lat' dir='ltr'>manifestat,</span> <span class='ocrx_word' id='word_1_663' title='bbox 953 4529 1110 4603; x_wconf 91' lang='lat' dir='ltr'>quod</span> <span class='ocrx_word' id='word_1_664' title='bbox 1125 4546 1254 4585; x_wconf 89' lang='lat' dir='ltr'>cum</span> <span class='ocrx_word' id='word_1_665' title='bbox 1272 4529 1656 4601; x_wconf 89' lang='lat' dir='ltr'>apostolorum</span> <span class='ocrx_word' id='word_1_666' title='bbox 1680 4529 1918 4583; x_wconf 91' lang='lat' dir='ltr'>Paulum</span> <span class='ocrx_word' id='word_1_667' title='bbox 1940 4532 1996 4583; x_wconf 90' lang='lat' dir='ltr'>et</span> <span class='ocrx_word' id='word_1_668' title='bbox 2016 4528 2218 4581; x_wconf 84' lang='lat' dir='ltr'>Barna-</span> 
     </span>
    </p>
   </div>
   <div class='ocr_carea' id='block_1_91' title="bbox 584 4621 2214 4698">
    <p class='ocr_par' dir='ltr' id='par_1_91' title="bbox 584 4621 2214 4698">
     <span class='ocr_line' id='line_1_91' title="bbox 584 4621 2214 4698; baseline -0.005 -16"><span class='ocrx_word' id='word_1_669' title='bbox 584 4628 717 4682; x_wconf 87' lang='lat' dir='ltr'>bam</span> <span class='ocrx_word' id='word_1_670' title='bbox 744 4642 809 4682; x_wconf 87' lang='lat' dir='ltr'>ex</span> <span class='ocrx_word' id='word_1_671' title='bbox 834 4629 1119 4698; x_wconf 76' lang='lat' dir='ltr'>praecepto</span> <span class='ocrx_word' id='word_1_672' title='bbox 1147 4624 1386 4695; x_wconf 89' lang='lat' dir='ltr'>Spiritus</span> <span class='ocrx_word' id='word_1_673' title='bbox 1416 4623 1595 4678; x_wconf 90' lang='lat' dir='ltr'>sancti</span> <span class='ocrx_word' id='word_1_674' title='bbox 1630 4623 1997 4694; x_wconf 85' lang='lat' dir='ltr'>Evangelium</span> <span class='ocrx_word' id='word_1_675' title='bbox 2023 4621 2214 4675; x_wconf 87' lang='lat' dir='ltr'>mitto-</span> 
     </span>
    </p>
   </div>
   <div class='ocr_carea' id='block_1_92' title="bbox 582 4715 2220 4792">
    <p class='ocr_par' dir='ltr' id='par_1_92' title="bbox 582 4715 2220 4792">
     <span class='ocr_line' id='line_1_92' title="bbox 582 4715 2220 4792; baseline -0.004 -17"><span class='ocrx_word' id='word_1_676' title='bbox 582 4724 716 4775; x_wconf 90' lang='lat' dir='ltr'>rent</span> <span class='ocrx_word' id='word_1_677' title='bbox 743 4720 816 4775; x_wconf 88' lang='lat' dir='ltr'>ad</span> <span class='ocrx_word' id='word_1_678' title='bbox 842 4720 1288 4792; x_wconf 67' lang='lat' dir='ltr'>praedicandum,</span> <span class='ocrx_word' id='word_1_679' title='bbox 1310 4740 1336 4769; x_wconf 91' lang='grc'><strong>‹‹</strong></span> <span class='ocrx_word' id='word_1_680' title='bbox 1357 4718 1686 4789; x_wconf 87' lang='lat' dir='ltr'>jejunantes</span> <span class='ocrx_word' id='word_1_681' title='bbox 1707 4722 1763 4771; x_wconf 91' lang='lat' dir='ltr'>et</span> <span class='ocrx_word' id='word_1_682' title='bbox 1787 4719 2016 4771; x_wconf 85' lang='lat' dir='ltr'>orantes</span> <span class='ocrx_word' id='word_1_683' title='bbox 2040 4715 2220 4786; x_wconf 86' lang='lat' dir='ltr'>impo-</span> 
     </span>
    </p>
   </div>
   <div class='ocr_carea' id='block_1_93' title="bbox 588 4810 2221 4882">
    <p class='ocr_par' dir='ltr' id='par_1_93' title="bbox 588 4810 2221 4882">
     <span class='ocr_line' id='line_1_93' title="bbox 588 4810 2221 4882; baseline -0.006 -12"><span class='ocrx_word' id='word_1_684' title='bbox 588 4818 826 4870; x_wconf 87' lang='lat' dir='ltr'>suerunt</span> <span class='ocrx_word' id='word_1_685' title='bbox 862 4814 943 4869; x_wconf 90' lang='lat' dir='ltr'>eis</span> <span class='ocrx_word' id='word_1_686' title='bbox 989 4830 1191 4868; x_wconf 89' lang='lat' dir='ltr'>manus</span> <span class='ocrx_word' id='word_1_687' title='bbox 1231 4813 1370 4881; x_wconf 84' lang='lat' dir='ltr'>(Act.</span> <span class='ocrx_word' id='word_1_688' title='bbox 1419 4829 1493 4879; x_wconf 87' lang='lat' dir='ltr'>v1,</span> <span class='ocrx_word' id='word_1_689' title='bbox 1540 4812 1614 4882; x_wconf 88' lang='lat'>6),</span> <span class='ocrx_word' id='word_1_690' title='bbox 1667 4834 1694 4859; x_wconf 84' lang='lat'><strong>»</strong></span> <span class='ocrx_word' id='word_1_691' title='bbox 1752 4815 1815 4865; x_wconf 89' lang='lat' dir='ltr'>ut</span> <span class='ocrx_word' id='word_1_692' title='bbox 1840 4810 2221 4879; x_wconf 83' lang='lat' dir='ltr'>intelligamus</span> 
     </span>
    </p>
   </div>
   <div class='ocr_carea' id='block_1_94' title="bbox 587 4903 2220 4981">
    <p class='ocr_par' dir='ltr' id='par_1_94' title="bbox 587 4903 2220 4981">
     <span class='ocr_line' id='line_1_94' title="bbox 587 4903 2220 4981; baseline -0.004 -18"><span class='ocrx_word' id='word_1_693' title='bbox 587 4912 799 4981; x_wconf 86' lang='lat' dir='ltr'>quanta</span> <span class='ocrx_word' id='word_1_694' title='bbox 874 4912 931 4963; x_wconf 90' lang='lat' dir='ltr'>et</span> <span class='ocrx_word' id='word_1_695' title='bbox 1011 4906 1268 4962; x_wconf 89' lang='lat' dir='ltr'>dantium</span> <span class='ocrx_word' id='word_1_696' title='bbox 1341 4911 1397 4961; x_wconf 91' lang='lat' dir='ltr'>et</span> <span class='ocrx_word' id='word_1_697' title='bbox 1453 4905 1852 4977; x_wconf 87' lang='lat' dir='ltr'>accipientium</span> <span class='ocrx_word' id='word_1_698' title='bbox 1925 4903 2220 4958; x_wconf 88' lang='lat' dir='ltr'>devotione</span> 
     </span>
    </p>
   </div>
   <div class='ocr_carea' id='block_1_95' title="bbox 589 4999 2221 5070">
    <p class='ocr_par' dir='ltr' id='par_1_95' title="bbox 589 4999 2221 5070">
     <span class='ocr_line' id='line_1_95' title="bbox 589 4999 2221 5070; baseline -0.006 -12"><span class='ocrx_word' id='word_1_699' title='bbox 589 5002 909 5058; x_wconf 89' lang='lat' dir='ltr'>curandum</span> <span class='ocrx_word' id='word_1_700' title='bbox 938 5001 1028 5070; x_wconf 90' lang='lat' dir='ltr'>sit,</span> <span class='ocrx_word' id='word_1_701' title='bbox 1058 5017 1131 5055; x_wconf 91' lang='lat' dir='ltr'>ne</span> <span class='ocrx_word' id='word_1_702' title='bbox 1160 5004 1330 5055; x_wconf 86' lang='lat' dir='ltr'>tantae</span> <span class='ocrx_word' id='word_1_703' title='bbox 1356 4999 1770 5054; x_wconf 88' lang='lat' dir='ltr'>benedictionis</span> <span class='ocrx_word' id='word_1_704' title='bbox 1801 5001 2221 5051; x_wconf 86' lang='lat' dir='ltr'>sacramentum</span> 
     </span>
    </p>
   </div>
   <div class='ocr_carea' id='block_1_96' title="bbox 590 5090 2218 5170">
    <p class='ocr_par' dir='ltr' id='par_1_96' title="bbox 590 5090 2218 5170">
     <span class='ocr_line' id='line_1_96' title="bbox 590 5090 2218 5170; baseline -0.006 -18"><span class='ocrx_word' id='word_1_705' title='bbox 590 5096 950 5170; x_wconf 89' lang='lat' dir='ltr'>negligenter</span> <span class='ocrx_word' id='word_1_706' title='bbox 992 5094 1248 5149; x_wconf 83' lang='lat' dir='ltr'>videatur</span> <span class='ocrx_word' id='word_1_707' title='bbox 1276 5094 1594 5165; x_wconf 88' lang='lat' dir='ltr'>impletum.</span> <span class='ocrx_word' id='word_1_708' title='bbox 1625 5094 1694 5147; x_wconf 90' lang='lat' dir='ltr'>Et</span> <span class='ocrx_word' id='word_1_709' title='bbox 1720 5092 1849 5147; x_wconf 90' lang='lat' dir='ltr'>ideo</span> <span class='ocrx_word' id='word_1_710' title='bbox 1889 5092 1980 5162; x_wconf 90' lang='lat' dir='ltr'>pie</span> <span class='ocrx_word' id='word_1_711' title='bbox 2012 5094 2069 5144; x_wconf 87' lang='lat' dir='ltr'>et</span> <span class='ocrx_word' id='word_1_712' title='bbox 2096 5090 2218 5143; x_wconf 88' lang='lat' dir='ltr'>lau-</span> 
     </span>
    </p>
   </div>
   <div class='ocr_carea' id='block_1_97' title="bbox 590 5184 2223 5260">
    <p class='ocr_par' dir='ltr' id='par_1_97' title="bbox 590 5184 2223 5260">
     <span class='ocr_line' id='line_1_97' title="bbox 590 5184 2223 5260; baseline -0.006 -13"><span class='ocrx_word' id='word_1_713' title='bbox 590 5190 855 5248; x_wconf 88' lang='lat' dir='ltr'>dabiliter</span> <span class='ocrx_word' id='word_1_714' title='bbox 894 5188 1214 5260; x_wconf 91' lang='lat' dir='ltr'>apostolicis</span> <span class='ocrx_word' id='word_1_715' title='bbox 1269 5205 1488 5243; x_wconf 89' lang='lat' dir='ltr'>morem</span> <span class='ocrx_word' id='word_1_716' title='bbox 1540 5187 1783 5257; x_wconf 86' lang='lat' dir='ltr'>gesseris</span> <span class='ocrx_word' id='word_1_717' title='bbox 1841 5184 2133 5253; x_wconf 88' lang='lat' dir='ltr'>institutis,</span> <span class='ocrx_word' id='word_1_718' title='bbox 2178 5184 2223 5236; x_wconf 92' lang='lat' dir='ltr'>si</span> 
     </span>
    </p>
   </div>
   <div class='ocr_carea' id='block_1_98' title="bbox 590 5278 2225 5349">
    <p class='ocr_par' dir='ltr' id='par_1_98' title="bbox 590 5278 2225 5349">
     <span class='ocr_line' id='line_1_98' title="bbox 590 5278 2225 5349; baseline -0.008 -6"><span class='ocrx_word' id='word_1_719' title='bbox 590 5288 740 5343; x_wconf 90' lang='lat' dir='ltr'>hanc</span> <span class='ocrx_word' id='word_1_720' title='bbox 766 5283 1217 5342; x_wconf 89' lang='lat' dir='ltr'>ordinandorum</span> <span class='ocrx_word' id='word_1_721' title='bbox 1251 5282 1607 5338; x_wconf 89' lang='lat' dir='ltr'>sacerdotum</span> <span class='ocrx_word' id='word_1_722' title='bbox 1645 5281 1895 5335; x_wconf 87' lang='lat' dir='ltr'>formam</span> <span class='ocrx_word' id='word_1_723' title='bbox 1937 5295 2037 5349; x_wconf 90' lang='lat' dir='ltr'>per</span> <span class='ocrx_word' id='word_1_724' title='bbox 2057 5278 2225 5332; x_wconf 89' lang='lat' dir='ltr'>eccle-</span> 
     </span>
    </p>
   </div>
   <div class='ocr_carea' id='block_1_99' title="bbox 592 5371 2225 5452">
    <p class='ocr_par' dir='ltr' id='par_1_99' title="bbox 592 5371 2225 5452">
     <span class='ocr_line' id='line_1_99' title="bbox 592 5371 2225 5452; baseline -0.007 -17"><span class='ocrx_word' id='word_1_725' title='bbox 592 5382 719 5452; x_wconf 84' lang='lat' dir='ltr'>sias,</span> <span class='ocrx_word' id='word_1_726' title='bbox 747 5379 952 5452; x_wconf 90' lang='lat' dir='ltr'>quibus</span> <span class='ocrx_word' id='word_1_727' title='bbox 995 5377 1269 5433; x_wconf 89' lang='lat' dir='ltr'>Dominus</span> <span class='ocrx_word' id='word_1_728' title='bbox 1297 5392 1544 5448; x_wconf 64' lang='lat' dir='ltr'>praeesse</span> <span class='ocrx_word' id='word_1_729' title='bbox 1581 5381 1634 5428; x_wconf 86' lang='lat' dir='ltr'>te</span> <span class='ocrx_word' id='word_1_730' title='bbox 1664 5373 1858 5442; x_wconf 88' lang='lat' dir='ltr'>voluit,</span> <span class='ocrx_word' id='word_1_731' title='bbox 1888 5372 2059 5427; x_wconf 86' lang='lat' dir='ltr'>etiam</span> <span class='ocrx_word' id='word_1_732' title='bbox 2104 5371 2225 5441; x_wconf 91' lang='lat' dir='ltr'>ipse</span> 
     </span>
    </p>
   </div>
   <div class='ocr_carea' id='block_1_100' title="bbox 592 5468 2225 5542">
    <p class='ocr_par' dir='ltr' id='par_1_100' title="bbox 592 5468 2225 5542">
     <span class='ocr_line' id='line_1_100' title="bbox 592 5468 2225 5542; baseline -0.008 -10"><span class='ocrx_word' id='word_1_733' title='bbox 592 5474 922 5542; x_wconf 85' lang='lat' dir='ltr'>servaveris,</span> <span class='ocrx_word' id='word_1_734' title='bbox 952 5476 1015 5527; x_wconf 91' lang='lat' dir='ltr'>ut</span> <span class='ocrx_word' id='word_1_735' title='bbox 1054 5472 1141 5527; x_wconf 89' lang='lat' dir='ltr'>his</span> <span class='ocrx_word' id='word_1_736' title='bbox 1184 5471 1285 5542; x_wconf 90' lang='lat' dir='ltr'>qui</span> <span class='ocrx_word' id='word_1_737' title='bbox 1327 5468 1693 5524; x_wconf 88' lang='lat' dir='ltr'>consecrandi</span> <span class='ocrx_word' id='word_1_738' title='bbox 1733 5469 1885 5535; x_wconf 90' lang='lat' dir='ltr'>sunt,</span> <span class='ocrx_word' id='word_1_739' title='bbox 1926 5481 2225 5536; x_wconf 90' lang='lat' dir='ltr'>nunquam</span> 
     </span>
    </p>
   </div>
   <div class='ocr_carea' id='block_1_101' title="bbox 590 5559 2226 5636">
    <p class='ocr_par' dir='ltr' id='par_1_101' title="bbox 590 5559 2226 5636">
     <span class='ocr_line' id='line_1_101' title="bbox 590 5559 2226 5636; baseline -0.009 -10"><span class='ocrx_word' id='word_1_740' title='bbox 590 5568 1033 5636; x_wconf 88' lang='lat' dir='ltr'>benedictiones,</span> <span class='ocrx_word' id='word_1_741' title='bbox 1078 5565 1187 5620; x_wconf 90' lang='lat' dir='ltr'>nisi</span> <span class='ocrx_word' id='word_1_742' title='bbox 1211 5564 1271 5620; x_wconf 91' lang='lat' dir='ltr'>in</span> <span class='ocrx_word' id='word_1_743' title='bbox 1320 5563 1411 5618; x_wconf 89' lang='lat' dir='ltr'>die</span> <span class='ocrx_word' id='word_1_744' title='bbox 1450 5561 1879 5617; x_wconf 90' lang='lat' dir='ltr'>resurrectionis</span> <span class='ocrx_word' id='word_1_745' title='bbox 1923 5559 2226 5615; x_wconf 68' lang='lat' dir='ltr'>Dominiczr</span> 
     </span>
    </p>
   </div>
   <div class='ocr_carea' id='block_1_102' title="bbox 592 5655 2231 5732">
    <p class='ocr_par' dir='ltr' id='par_1_102' title="bbox 592 5655 2231 5732">
     <span class='ocr_line' id='line_1_102' title="bbox 592 5655 2231 5732; baseline -0.006 -14"><span class='ocrx_word' id='word_1_746' title='bbox 592 5663 936 5728; x_wconf 88' lang='lat' dir='ltr'>tribuantur,</span> <span class='ocrx_word' id='word_1_747' title='bbox 983 5659 1073 5715; x_wconf 93' lang='lat' dir='ltr'>cui</span> <span class='ocrx_word' id='word_1_748' title='bbox 1111 5677 1145 5714; x_wconf 90' lang='lat' dir='ltr'>a</span> <span class='ocrx_word' id='word_1_749' title='bbox 1192 5675 1432 5732; x_wconf 88' lang='lat' dir='ltr'>vespera</span> <span class='ocrx_word' id='word_1_750' title='bbox 1477 5655 1691 5711; x_wconf 89' lang='lat' dir='ltr'>sabbati</span> <span class='ocrx_word' id='word_1_751' title='bbox 1736 5655 1965 5710; x_wconf 88' lang='lat' dir='ltr'>initium</span> <span class='ocrx_word' id='word_1_752' title='bbox 2010 5657 2231 5709; x_wconf 88' lang='lat' dir='ltr'>constat</span> 
     </span>
    </p>
   </div>
   <div class='ocr_carea' id='block_1_103' title="bbox 593 5747 2229 5825">
    <p class='ocr_par' dir='ltr' id='par_1_103' title="bbox 593 5747 2229 5825">
     <span class='ocr_line' id='line_1_103' title="bbox 593 5747 2229 5825; baseline -0.005 -14"><span class='ocrx_word' id='word_1_753' title='bbox 593 5755 816 5823; x_wconf 81' lang='lat' dir='ltr'>ascribi,</span> <span class='ocrx_word' id='word_1_754' title='bbox 844 5758 903 5809; x_wconf 88' lang='lat' dir='ltr'>et</span> <span class='ocrx_word' id='word_1_755' title='bbox 935 5754 1107 5808; x_wconf 84' lang='lat' dir='ltr'>tantis</span> <span class='ocrx_word' id='word_1_756' title='bbox 1136 5753 1459 5810; x_wconf 85' lang='lat' dir='ltr'>divinarum</span> <span class='ocrx_word' id='word_1_757' title='bbox 1487 5749 1917 5825; x_wconf 88' lang='lat' dir='ltr'>dispositionum</span> <span class='ocrx_word' id='word_1_758' title='bbox 1948 5747 2229 5821; x_wconf 73' lang='lat' dir='ltr'>mysteriis</span> 
     </span>
    </p>
   </div>
   <div class='ocr_carea' id='block_1_104' title="bbox 2317 4528 2597 4583">
    <p class='ocr_par' dir='ltr' id='par_1_104' title="bbox 2317 4528 2597 4583">
     <span class='ocr_line' id='line_1_104' title="bbox 2317 4528 2597 4583; baseline -0.004 0"><span class='ocrx_word' id='word_1_759' title='bbox 2317 4528 2597 4583; x_wconf 85' lang='lat' dir='ltr'>convenit.</span> 
     </span>
    </p>
   </div>
   <div class='ocr_carea' id='block_1_105' title="bbox 2392 4590 3841 4692">
    <p class='ocr_par' dir='ltr' id='par_1_105' title="bbox 2392 4590 3841 4692">
     <span class='ocr_line' id='line_1_105' title="bbox 2392 4590 3841 4692; baseline -0.016 -16"><span class='ocrx_word' id='word_1_760' title='bbox 2392 4620 2673 4692; x_wconf 77' lang='lat' dir='ltr'>Religiosa</span> <span class='ocrx_word' id='word_1_761' title='bbox 2694 4619 3152 4676; x_wconf 89' lang='lat' dir='ltr'>excellentissimi</span> <span class='ocrx_word' id='word_1_762' title='bbox 3182 4617 3449 4690; x_wconf 86' lang='lat' dir='ltr'>principis</span> <span class='ocrx_word' id='word_1_763' title='bbox 3476 4614 3618 4678; x_wconf 85' lang='lat' dir='ltr'>ﬁdes,</span> <span class='ocrx_word' id='word_1_764' title='bbox 3645 4590 3841 4692; x_wconf 70' lang='lat' dir='ltr'>sciensad</span> 
     </span>
    </p>
   </div>
   <div class='ocr_carea' id='block_1_106' title="bbox 2321 4690 3840 4786">
    <p class='ocr_par' dir='ltr' id='par_1_106' title="bbox 2321 4690 3840 4786">
     <span class='ocr_line' id='line_1_106' title="bbox 2321 4690 3840 4786; baseline -0.013 -16"><span class='ocrx_word' id='word_1_765' title='bbox 2321 4732 2484 4770; x_wconf 88' lang='lat' dir='ltr'>suam</span> <span class='ocrx_word' id='word_1_766' title='bbox 2532 4714 2769 4786; x_wconf 85' lang='lat' dir='ltr'>gloriam</span> <span class='ocrx_word' id='word_1_767' title='bbox 2801 4714 3049 4769; x_wconf 82' lang='lat' dir='ltr'>maxime</span> <span class='ocrx_word' id='word_1_768' title='bbox 3077 4712 3361 4785; x_wconf 84' lang='lat' dir='ltr'>pertinere</span> <span class='ocrx_word' id='word_1_769' title='bbox 3401 4710 3446 4765; x_wconf 92' lang='lat' dir='ltr'>si</span> <span class='ocrx_word' id='word_1_770' title='bbox 3468 4709 3603 4763; x_wconf 84' lang='lat' dir='ltr'>intra</span> <span class='ocrx_word' id='word_1_771' title='bbox 3625 4690 3840 4755; x_wconf 65' lang='lat' dir='ltr'>Ecclesia!n</span> 
     </span>
    </p>
   </div>
   <div class='ocr_carea' id='block_1_107' title="bbox 2321 4786 3841 4877">
    <p class='ocr_par' dir='ltr' id='par_1_107' title="bbox 2321 4786 3841 4877">
     <span class='ocr_line' id='line_1_107' title="bbox 2321 4786 3841 4877; baseline -0.004 -13"><span class='ocrx_word' id='word_1_772' title='bbox 2321 4809 2657 4864; x_wconf 86' lang='lat' dir='ltr'>catholicam</span> <span class='ocrx_word' id='word_1_773' title='bbox 2689 4807 2900 4863; x_wconf 91' lang='lat' dir='ltr'>nullius</span> <span class='ocrx_word' id='word_1_774' title='bbox 2931 4806 3140 4863; x_wconf 89' lang='lat' dir='ltr'>erroris</span> <span class='ocrx_word' id='word_1_775' title='bbox 3168 4822 3404 4877; x_wconf 87' lang='lat' dir='ltr'>germen</span> <span class='ocrx_word' id='word_1_776' title='bbox 3429 4794 3726 4868; x_wconf 60' lang='lat' dir='ltr'>exsurgereii</span> <span class='ocrx_word' id='word_1_777' title='bbox 3748 4786 3841 4877; x_wconf 51' lang='lat' dir='ltr'>hanc</span> 
     </span>
    </p>
   </div>
   <div class='ocr_carea' id='block_1_108' title="bbox 2324 4876 3841 4972">
    <p class='ocr_par' dir='ltr' id='par_1_108' title="bbox 2324 4876 3841 4972">
     <span class='ocr_line' id='line_1_108' title="bbox 2324 4876 3841 4972; baseline -0.007 -14"><span class='ocrx_word' id='word_1_778' title='bbox 2324 4903 2700 4958; x_wconf 71' lang='lat' dir='ltr'>reverentiam</span> <span class='ocrx_word' id='word_1_779' title='bbox 2730 4902 2936 4956; x_wconf 80' lang='lat' dir='ltr'>divinis</span> <span class='ocrx_word' id='word_1_780' title='bbox 2979 4876 3187 4956; x_wconf 86' lang='lat' dir='ltr'>detulit</span> <span class='ocrx_word' id='word_1_781' title='bbox 3214 4896 3495 4964; x_wconf 88' lang='lat' dir='ltr'>institutis,</span> <span class='ocrx_word' id='word_1_782' title='bbox 3526 4894 3581 4946; x_wconf 90' lang='lat' dir='ltr'>ut</span> <span class='ocrx_word' id='word_1_783' title='bbox 3613 4886 3671 4943; x_wconf 85' lang='lat' dir='ltr'>ad</span> <span class='ocrx_word' id='word_1_784' title='bbox 3706 4876 3841 4972; x_wconf 45' lang='lat' dir='ltr'>sane?lg</span> 
     </span>
    </p>
   </div>
   <div class='ocr_carea' id='block_1_109' title="bbox 2324 4965 3843 5068">
    <p class='ocr_par' dir='ltr' id='par_1_109' title="bbox 2324 4965 3843 5068">
     <span class='ocr_line' id='line_1_109' title="bbox 2324 4965 3843 5068; baseline -0.017 -17"><span class='ocrx_word' id='word_1_785' title='bbox 2324 4997 2705 5068; x_wconf 88' lang='lat' dir='ltr'>dispositionis</span> <span class='ocrx_word' id='word_1_786' title='bbox 2733 4996 3001 5050; x_wconf 76' lang='lat' dir='ltr'>effectum</span> <span class='ocrx_word' id='word_1_787' title='bbox 3030 4993 3422 5049; x_wconf 84' lang='lat' dir='ltr'>auctoritatem</span> <span class='ocrx_word' id='word_1_788' title='bbox 3448 4980 3721 5058; x_wconf 77' lang='lat' dir='ltr'>apostolicae</span> 
     </span>
    </p>
   </div>
   <div class='ocr_carea' id='block_1_110' title="bbox 2324 5060 3841 5161">
    <p class='ocr_par' dir='ltr' id='par_1_110' title="bbox 2324 5060 3841 5161">
     <span class='ocr_line' id='line_1_110' title="bbox 2324 5060 3841 5161; baseline -0.005 -16"><span class='ocrx_word' id='word_1_789' title='bbox 2324 5060 2641 5157; x_wconf 74' lang='lat' dir='ltr'>adhiberet,</span> <span class='ocrx_word' id='word_1_790' title='bbox 2669 5094 2939 5161; x_wconf 89' lang='lat' dir='ltr'>tanquam</span> <span class='ocrx_word' id='word_1_791' title='bbox 2960 5089 3028 5143; x_wconf 84' lang='lat' dir='ltr'>ab</span> <span class='ocrx_word' id='word_1_792' title='bbox 3046 5088 3167 5160; x_wconf 88' lang='lat' dir='ltr'>ipso</span> <span class='ocrx_word' id='word_1_793' title='bbox 3192 5084 3507 5142; x_wconf 88' lang='lat' dir='ltr'>beatissimo</span> <span class='ocrx_word' id='word_1_794' title='bbox 3520 5081 3663 5135; x_wconf 89' lang='lat' dir='ltr'>Petro</span> <span class='ocrx_word' id='word_1_795' title='bbox 3684 5060 3841 5161; x_wconf 48' lang='lat' dir='ltr'>cuPc’f‘</span> 
     </span>
    </p>
   </div>
   <div class='ocr_carea' id='block_1_111' title="bbox 2324 5154 3839 5259">
    <p class='ocr_par' dir='ltr' id='par_1_111' title="bbox 2324 5154 3839 5259">
     <span class='ocr_line' id='line_1_111' title="bbox 2324 5154 3839 5259; baseline -0.022 -21"><span class='ocrx_word' id='word_1_796' title='bbox 2324 5183 2600 5239; x_wconf 88' lang='lat' dir='ltr'>declarari</span> <span class='ocrx_word' id='word_1_797' title='bbox 2653 5183 2791 5255; x_wconf 92' lang='lat' dir='ltr'>quid</span> <span class='ocrx_word' id='word_1_798' title='bbox 2840 5183 2899 5237; x_wconf 92' lang='lat' dir='ltr'>in</span> <span class='ocrx_word' id='word_1_799' title='bbox 2953 5182 3075 5253; x_wconf 86' lang='lat' dir='ltr'>ejus</span> <span class='ocrx_word' id='word_1_800' title='bbox 3123 5180 3463 5237; x_wconf 89' lang='lat' dir='ltr'>confessione</span> <span class='ocrx_word' id='word_1_801' title='bbox 3508 5168 3749 5259; x_wconf 59' lang='lat' dir='ltr'>laudatum</span> <span class='ocrx_word' id='word_1_802' title='bbox 3783 5154 3839 5259; x_wconf 56' lang='lat' dir='ltr'>at:</span> 
     </span>
    </p>
   </div>
   <div class='ocr_carea' id='block_1_112' title="bbox 2327 5245 3838 5349">
    <p class='ocr_par' dir='ltr' id='par_1_112' title="bbox 2327 5245 3838 5349">
     <span class='ocr_line' id='line_1_112' title="bbox 2327 5245 3838 5349; baseline -0.02 -16"><span class='ocrx_word' id='word_1_803' title='bbox 2327 5278 2558 5349; x_wconf 88' lang='lat' dir='ltr'>quando</span> <span class='ocrx_word' id='word_1_804' title='bbox 2595 5276 2820 5332; x_wconf 88' lang='lat' dir='ltr'>dicente</span> <span class='ocrx_word' id='word_1_805' title='bbox 2875 5276 3158 5331; x_wconf 88' lang='lat' dir='ltr'>Domino:</span> <span class='ocrx_word' id='word_1_806' title='bbox 3209 5299 3235 5325; x_wconf 90' lang='grc'><strong>‹‹</strong></span> <span class='ocrx_word' id='word_1_807' title='bbox 3264 5289 3432 5348; x_wconf 87' lang='lat' dir='ltr'>quem</span> <span class='ocrx_word' id='word_1_808' title='bbox 3472 5283 3554 5324; x_wconf 87' lang='lat' dir='ltr'>me</span> <span class='ocrx_word' id='word_1_809' title='bbox 3588 5273 3686 5317; x_wconf 88' lang='lat' dir='ltr'>esse</span> <span class='ocrx_word' id='word_1_810' title='bbox 3710 5245 3838 5346; x_wconf 48' lang='lat' dir='ltr'>dicit!)t</span> 
     </span>
    </p>
   </div>
   <div class='ocr_carea' id='block_1_113' title="bbox 2326 5348 3839 5440">
    <p class='ocr_par' dir='ltr' id='par_1_113' title="bbox 2326 5348 3839 5440">
     <span class='ocr_line' id='line_1_113' title="bbox 2326 5348 3839 5440; baseline -0.022 -13"><span class='ocrx_word' id='word_1_811' title='bbox 2326 5348 2585 5427; x_wconf 83' lang='lat' dir='ltr'>homines</span> <span class='ocrx_word' id='word_1_812' title='bbox 2627 5370 2807 5425; x_wconf 88' lang='lat' dir='ltr'>ﬁlium</span> <span class='ocrx_word' id='word_1_813' title='bbox 2856 5369 3101 5424; x_wconf 87' lang='lat' dir='ltr'>hominis</span> <span class='ocrx_word' id='word_1_814' title='bbox 3122 5369 3150 5424; x_wconf 84' lang='lat'><strong><em>?</em></strong></span> <span class='ocrx_word' id='word_1_815' title='bbox 3173 5392 3199 5419; x_wconf 84' lang='lat'>»</span> <span class='ocrx_word' id='word_1_816' title='bbox 3250 5367 3456 5440; x_wconf 80' lang='lat' dir='ltr'>(Matth.</span> <span class='ocrx_word' id='word_1_817' title='bbox 3482 5375 3579 5425; x_wconf 78' lang='lat' dir='ltr'>xvi,</span> <span class='ocrx_word' id='word_1_818' title='bbox 3609 5349 3697 5419; x_wconf 81' lang='lat' dir='ltr'>l3.)</span> <span class='ocrx_word' id='word_1_819' title='bbox 3718 5348 3839 5440; x_wconf 56' lang='lat' dir='ltr'>venali</span> 
     </span>
    </p>
   </div>
   <div class='ocr_carea' id='block_1_114' title="bbox 2327 5430 3838 5538">
    <p class='ocr_par' dir='ltr' id='par_1_114' title="bbox 2327 5430 3838 5538">
     <span class='ocr_line' id='line_1_114' title="bbox 2327 5430 3838 5538; baseline -0.009 -19"><span class='ocrx_word' id='word_1_820' title='bbox 2327 5466 2559 5538; x_wconf 88' lang='lat' dir='ltr'>quidem</span> <span class='ocrx_word' id='word_1_821' title='bbox 2588 5465 2938 5520; x_wconf 86' lang='lat' dir='ltr'>diversorum</span> <span class='ocrx_word' id='word_1_822' title='bbox 2955 5463 3255 5535; x_wconf 89' lang='lat' dir='ltr'>opiniones</span> <span class='ocrx_word' id='word_1_823' title='bbox 3268 5454 3508 5531; x_wconf 90' lang='lat' dir='ltr'>discipuli</span> <span class='ocrx_word' id='word_1_824' title='bbox 3530 5430 3838 5538; x_wconf 19' lang='lat' dir='ltr'>memoratui?</span> 
     </span>
    </p>
   </div>
   <div class='ocr_carea' id='block_1_115' title="bbox 2328 5535 3837 5630">
    <p class='ocr_par' dir='ltr' id='par_1_115' title="bbox 2328 5535 3837 5630">
     <span class='ocr_line' id='line_1_115' title="bbox 2328 5535 3837 5630; baseline -0.016 -15"><span class='ocrx_word' id='word_1_825' title='bbox 2328 5535 2439 5615; x_wconf 81' lang='lat' dir='ltr'>Sed</span> <span class='ocrx_word' id='word_1_826' title='bbox 2454 5575 2584 5613; x_wconf 91' lang='lat' dir='ltr'>cum</span> <span class='ocrx_word' id='word_1_827' title='bbox 2613 5559 2684 5613; x_wconf 89' lang='lat' dir='ltr'>ab</span> <span class='ocrx_word' id='word_1_828' title='bbox 2711 5558 2794 5614; x_wconf 91' lang='lat' dir='ltr'>eis</span> <span class='ocrx_word' id='word_1_829' title='bbox 2818 5557 2955 5630; x_wconf 89' lang='lat' dir='ltr'>quid</span> <span class='ocrx_word' id='word_1_830' title='bbox 2978 5556 3086 5630; x_wconf 89' lang='lat' dir='ltr'>ipsi</span> <span class='ocrx_word' id='word_1_831' title='bbox 3106 5556 3398 5612; x_wconf 88' lang='lat' dir='ltr'>crederent</span> <span class='ocrx_word' id='word_1_832' title='bbox 3413 5535 3837 5630; x_wconf 59' lang='lat' dir='ltr'>quaret-eiunpnl‘:</span> 
     </span>
    </p>
   </div>
   <div class='ocr_carea' id='block_1_116' title="bbox 2329 5624 3836 5730">
    <p class='ocr_par' dir='ltr' id='par_1_116' title="bbox 2329 5624 3836 5730">
     <span class='ocr_line' id='line_1_116' title="bbox 2329 5624 3836 5730; baseline -0.007 -23"><span class='ocrx_word' id='word_1_833' title='bbox 2329 5669 2462 5725; x_wconf 91' lang='lat' dir='ltr'>ceps</span> <span class='ocrx_word' id='word_1_834' title='bbox 2487 5624 2880 5724; x_wconf 83' lang='lat' dir='ltr'>apostolorum</span> <span class='ocrx_word' id='word_1_835' title='bbox 2910 5624 3325 5723; x_wconf 76' lang='lat' dir='ltr'>plenitudinem</span> <span class='ocrx_word' id='word_1_836' title='bbox 3354 5643 3478 5702; x_wconf 83' lang='lat' dir='ltr'>ﬁdei</span> <span class='ocrx_word' id='word_1_837' title='bbox 3499 5624 3836 5730; x_wconf 48' lang='lat' dir='ltr'>brevi</span> 
     </span>
    </p>
   </div>
   <div class='ocr_carea' id='block_1_117' title="bbox 2331 5709 3834 5823">
    <p class='ocr_par' dir='ltr' id='par_1_117' title="bbox 2331 5709 3834 5823">
     <span class='ocr_line' id='line_1_117' title="bbox 2331 5709 3834 5823; baseline -0.026 -16"><span class='ocrx_word' id='word_1_838' title='bbox 2331 5709 2696 5823; x_wconf 65' lang='lat' dir='ltr'>complexus:</span> <span class='ocrx_word' id='word_1_839' title='bbox 2746 5766 2771 5798; x_wconf 75' lang='grc' dir='ltr'>α</span> <span class='ocrx_word' id='word_1_840' title='bbox 2819 5709 3024 5815; x_wconf 42' lang='grc' dir='ltr'>Τιιιθδ,</span> <span class='ocrx_word' id='word_1_841' title='bbox 3072 5745 3278 5817; x_wconf 89' lang='lat' dir='ltr'>inquit,</span> <span class='ocrx_word' id='word_1_842' title='bbox 3338 5737 3563 5800; x_wconf 83' lang='lat' dir='ltr'>Christus</span> <span class='ocrx_word' id='word_1_843' title='bbox 3610 5720 3741 5780; x_wconf 81' lang='lat' dir='ltr'>Filius</span> <span class='ocrx_word' id='word_1_844' title='bbox 3773 5709 3834 5762; x_wconf 67' lang='lat' dir='ltr'>Del</span> 
     </span>
    </p>
   </div>
  </div>
