4026 6182
149 279 245 329 781

1389 274 1805 330 DECRETALIL’
1812 276 1857 329 Μ
1896 274 2281 330 COLLECTIO.
3411 281 3511 332 7R2

145 384 259 438 vivi
283 382 502 455 (Matth.
530 398 640 449 xvr,
666 382 780 453 l6);
813 402 844 432 »
876 382 986 437 hoc
1019 386 1123 450 est,
1161 384 1241 437 Tu
1262 383 1362 454 qui
1380 399 1440 439 es
1465 399 1602 438 vere
1629 384 1779 439 filius
1796 396 1856 470 Α
1878 384 2032 437 nulla
2057 383 2317 454 patimini
2342 388 2503 455 parte
2528 384 2836 456 corrumpi.
2860 385 2985 439 Non
3005 382 3178 439 dubie
3195 382 3351 439 enim
3366 384 3513 440 sicut

144 477 421 544 hominis,
460 476 613 532 idem
645 492 780 532 vere
812 492 875 531 es
899 475 1069 532 Filius
1094 476 1195 533 Dei
1223 476 1353 533 vivi.
1382 478 1484 546 Tu,
1516 477 1772 549 inquam,

143 588 313 627 verus
350 572 413 626 in
446 570 677 640 deitate,
725 586 895 626 verus
924 571 985 626 in
1022 586 1214 641 carne,
1260 574 1316 626 et
1343 572 1492 626 salva
1529 571 1776 642 gemina

140 665 495 738 proprietate
508 669 750 731 natura,
766 668 1074 737 utrumque
1086 681 1255 721 unus.
1267 664 1429 729 Quod
1440 665 1487 720 si
1497 666 1776 736 Eutyches

140 759 540 831 intelligenter
580 775 644 814 ac
685 758 956 813 vivaciter
996 758 1277 829 crederet,
1310 775 1674 831 nequaquam
1702 758 1774 814 ab

138 854 315 923 hujus
326 853 459 908 ﬁdei
474 852 708 908 tramite
722 853 995 920 deviaret,
1020 856 1256 924 propter
1269 868 1446 924 quam
1472 852 1527 907 ei
1543 869 1775 925 respon-

134 948 308 1002 detur
326 964 361 1001 a
386 946 631 1002 Domino
659 964 673 1002 :
709 967 737 998 (ι
771 948 976 1001 Beatus
1002 963 1063 1001 es
1092 946 1289 1002 Simon
1321 948 1431 1002 Bar
1452 948 1612 1017 Joua,
1641 947 1775 1019 quia

134 1057 271 1096 caro
308 1044 369 1095 et
399 1040 635 1112 sanguis
672 1057 788 1096 non
828 1040 1096 1097 revelavit
1124 1040 1247 1109 tibi,
1280 1041 1378 1097 sed
1411 1042 1576 1097 Pater
1606 1057 1773 1096 meus

134 1136 235 1207 qui
280 1138 374 1190 est
415 1135 474 1190 in
513 1135 685 1190 caelis.
720 1156 749 1184 ››
780 1136 847 1191 Et
878 1151 988 1207 ego
1027 1134 1152 1191 dico
1192 1134 1293 1190 tibi
1329 1152 1343 1190 :
1390 1156 1417 1185 ‹‹
1442 1136 1585 1199 Quia
1621 1138 1685 1190 tu
1711 1151 1772 1190 es

133 1231 363 1297 Petrus,
415 1234 472 1284 et
496 1244 667 1300 super
697 1229 845 1284 hanc
876 1231 1098 1300 petram
1138 1227 1431 1284 adiﬁcabo
1466 1228 1770 1285 Ecclesiam

130 1339 354 1389 meam,
393 1327 452 1377 et
494 1327 676 1394 porta
716 1322 884 1377 inferi
918 1339 1036 1378 non
1073 1322 1465 1394 pravalebunt
1504 1323 1771 1379 adversus

132 1434 263 1471 eam
294 1417 512 1485 (Matth.
537 1434 645 1485 xw,
681 1421 765 1485 l7,
797 1416 905 1485 l8).
938 1436 965 1467 ι)
1009 1416 1190 1471 Nimis
1223 1421 1418 1471 autem
1438 1433 1770 1489 acompage

130 1512 309 1582 hujus
335 1509 730 1566 adificationis
753 1509 972 1566 alienus
1005 1515 1108 1579 est,
1147 1509 1246 1581 qui
1269 1510 1423 1566 beati
1451 1510 1604 1565 Petri
1626 1526 1766 1566 con-

129 1606 444 1660 fessionem
479 1621 592 1659 non
622 1604 790 1675 capit,
826 1606 883 1659 et
911 1603 1123 1660 Christi
1153 1604 1457 1676 Evangelio
1486 1604 1769 1660 contradi-

128 1700 224 1754 cit.
255 1698 584 1754 Ostendens
627 1714 687 1752 se
717 1698 940 1753 nullum
963 1713 1226 1769 unquam
1266 1697 1515 1753 studium
1553 1713 1766 1769 cogno-

1877 476 2030 531 vobis
2062 475 2305 548 Spiritus
2332 479 2558 531 sanctus
2594 477 2863 533 reseravit
2900 476 3341 534 Manichaorum
3366 495 3508 534 con-

1874 570 2222 625 faderantur
2247 570 2445 640 errori,
2468 572 2566 643 qui
2593 571 2665 626 ab
2687 572 2985 643 unigenito
3001 572 3099 628 Dei
3123 572 3283 642 Filio,
3304 589 3507 629 verum

1875 667 1930 718 et
1954 668 2166 718 nostra
2198 668 2417 718 natura
2448 664 2745 719 hominem
2772 671 2990 737 negant
3007 682 3131 721 esse
3156 671 3505 739 susceptum,

1874 774 2185 830 omnesque
2210 758 2258 829 ej
2268 775 2330 812 us
2351 774 2653 829 corporeus
2675 760 2924 815 actiones
2941 760 3283 816 simulatorii
3308 762 3511 817 volunt

1872 852 2046 906 fuisse
2069 852 2501 923 phantasmatis.
2530 853 2632 909 Cui
2656 852 2935 924 impietati
2961 870 3033 909 ne
3055 854 3115 909 in
3140 854 3330 927 aliquo
3360 873 3502 927 pra-

1871 945 2076 1000 beretis
2092 962 2407 1012 assensum,
2422 946 2544 1017 jam
2566 963 2668 1018 per
2686 947 2868 1002 tilium
2884 964 3080 1003 meum
3099 949 3502 1020 Epiphanium,

1872 1042 1929 1095 et
1967 1039 2295 1111 Dionysium
2341 1041 2616 1096 Romana
2664 1041 2923 1095 Ecclesia
2966 1041 3217 1097 notarios
3245 1044 3501 1098 cohorta-

1873 1133 2014 1189 toria
2033 1134 2105 1188 ad
2130 1134 2496 1189 dilectionem
2518 1138 2766 1189 vestram
2798 1137 3009 1207 scripta
3029 1134 3364 1203 direximus,
3384 1137 3508 1208 qui-

1870 1226 1977 1281 bus
1987 1228 2481 1283 confirmationem
2491 1245 2665 1300 quam
2677 1228 2965 1300 expetistis
2977 1230 3124 1284 ultro
3138 1229 3505 1301 prabuimus,

1872 1323 1933 1375 ut
1959 1336 2065 1376 nos
2090 1326 2393 1392 paternam
2421 1322 2577 1376 vobis
2606 1338 2803 1376 curam
2835 1339 2950 1377 non
2978 1323 3249 1379 dubitetis
3284 1324 3506 1396 impen-

1871 1412 2027 1481 dere,
2079 1430 2144 1468 ac
2197 1415 2387 1470 modis
2437 1415 2706 1471 omnibus
2752 1416 3033 1483 laborare,
3083 1423 3164 1484 ut,
3197 1417 3505 1473 auxiliante

1869 1507 2257 1563 misericordia
2309 1509 2429 1579 Dei,
2487 1509 2685 1564 omnia
2738 1525 2867 1581 qua
2913 1510 2984 1564 ab
3025 1510 3310 1583 imperitis
3341 1515 3395 1566 et
3434 1511 3504 1567 ab

1867 1600 2268 1672 insipientibus
2333 1602 2567 1658 excitata
2636 1607 2772 1657 sunt
2854 1603 3122 1659 scandala
3202 1605 3503 1659 destruan-

1868 1697 1981 1749 tur.
2008 1695 2117 1749 Nec
2147 1696 2448 1767 quisquam
2477 1696 2583 1751 sibi
2606 1697 2817 1752 audeat
2843 1696 2912 1751 de
2934 1696 3262 1752 sacerdotali
3286 1699 3506 1754 honore

126 1793 362 1848 scenda
391 1792 643 1847 veritatis
666 1791 951 1861 habuisse,
984 1791 1344 1863 etsuperﬂuo
1372 1770 1843 1847 honorabilemB
1867 1787 2117 1842 blandiri
2163 1788 2262 1860 qui
2312 1789 2562 1860 potuerit
2624 1789 2681 1844 in
2737 1790 3064 1845 exsecrandi
3132 1808 3329 1846 sensus
3394 1793 3503 1847 im-

126 1887 322 1941 visum
350 1886 450 1958 qui
481 1886 638 1941 nulla
667 1884 1002 1940 auctoritate
1028 1883 1216 1940 cordis
1250 1885 1473 1941 ornavit
1500 1884 1768 1941 canitiem

124 1980 461 2036 senectutis.
490 1981 703 2035 Verum
735 1979 872 2051 quia
896 1979 1068 2035 etiam
1101 1978 1302 2034 talium
1331 1995 1447 2034 non
1476 1983 1562 2034 est
1583 1980 1766 2051 negli-

125 2074 327 2146 genda
350 2090 509 2144 cura,
537 2074 630 2145 pie
655 2090 720 2128 ac
746 2073 1008 2146 religiose
1037 2072 1546 2129 Christianissimus
1588 2073 1767 2145 impe-

122 2172 288 2223 rator
336 2168 543 2223 habere
594 2167 774 2222 voluit
819 2167 1142 2239 episcopale
1178 2167 1502 2235 concilium,
1544 2171 1609 2221 ut
1644 2168 1764 2238 ple-

124 2263 296 2316 niore
341 2260 562 2332 judicio
611 2260 794 2316 omnis
846 2259 1027 2332 possit
1079 2276 1239 2316 error
1282 2260 1520 2330 aboleri,
1562 2260 1764 2316 fratres

118 2359 379 2424 nostros,
426 2355 713 2410 Iulianum
750 2354 1100 2426 episcOpum,
1144 2354 1425 2409 Renatum
1465 2354 1761 2427 presbyte-

118 2465 276 2517 rum,
310 2452 370 2504 et
398 2448 583 2503 filium
607 2449 866 2503 nostrum
892 2447 1166 2503 Hilarium
1196 2448 1511 2515 diaconem,
1549 2452 1608 2503 et
1631 2464 1764 2503 cum

122 2543 207 2598 his
246 2542 567 2597 Dulcitium
599 2542 887 2598 notarium
921 2542 1183 2614 probata
1227 2542 1392 2597 nobis
1435 2541 1568 2597 ﬁdei
1610 2542 1761 2611 misi,

116 2638 214 2709 qui
264 2637 393 2691 vice
433 2652 557 2691 mea
597 2640 789 2690 sancto
828 2636 1131 2690 conventui
1162 2639 1364 2691 vestra
1396 2636 1764 2691 fraternitatis

117 2729 414 2798 intersint,
444 2734 502 2783 et
526 2729 820 2785 communi
849 2729 1137 2784 vobiscum
1163 2730 1470 2797 sententia,
1498 2746 1629 2802 qua
1661 2730 1763 2785 Do-

115 2825 284 2881 mino
312 2824 427 2879 sint
453 2824 753 2897 placitura,
779 2823 1144 2879 constituant.
1172 2824 1285 2878 Hoc
1301 2828 1386 2879 est
1413 2829 1474 2878 ut
1497 2822 1763 2897 primitus

118 2919 402 2989 pestifero
434 2933 626 2972 errore
657 2917 949 2985 damnato,
988 2915 1163 2972 etiam
1203 2916 1275 2972 de
1308 2916 1484 2988 ipsius
1524 2917 1622 2989 qui
1659 2917 1763 2971 im-

113 3013 443 3085 prudenter
486 3011 711 3079 erravit,
744 3010 1103 3067 restitutione
1140 3014 1456 3066 tractetur:
1495 3011 1543 3066 si
1567 3015 1759 3067 tamen

116 3107 450 3162 doctrinam
498 3106 752 3160 veritatis
816 3106 1163 3177 amplectens
1215 3121 1414 3159 sensus
1470 3105 1762 3161 haereticos
1781 3144 1836 3219 C

156 3201 239 3219 αι
362 3200 473 3219 an
493 3199 638 3219 ηερ-
823 3198 1237 3219 minuma..-
1262 3198 1426 3219 -ιω,
1454 3215 1514 3219 -_
1534 3203 1751 3219 μη---

113 3201 335 3273 quibus
360 3199 648 3271 imperitia
673 3199 795 3270 ejus
823 3199 1009 3254 fuerat
1024 3198 1245 3253 irretita
1262 3198 1432 3270 plene
1450 3203 1759 3271 aperteque

114 3294 364 3366 propria
407 3309 540 3347 voce
584 3298 641 3348 et
691 3293 1108 3364 subscriptione
1164 3292 1542 3347 damnaverit.
1598 3294 1759 3357 Quod

114 3390 301 3443 etiam
333 3388 394 3441 in
424 3387 612 3442 libello
638 3404 809 3459 quem
836 3387 909 3441 ad
942 3403 1047 3441 nos
1077 3386 1314 3441 miserat
1343 3390 1430 3441 est
1453 3386 1755 3457 professus,

111 3481 416 3553 spondens
456 3498 561 3552 per
604 3482 796 3535 omnia
848 3484 1104 3535 nostram
1146 3485 1473 3536 secuturum
1526 3496 1585 3535 se
1638 3496 1759 3535 esse

113 3575 491 3631 sententiam.
547 3575 801 3647 Acceptis
846 3580 1040 3630 autem
1080 3574 1272 3630 fratris
1326 3579 1383 3630 et
1437 3574 1759 3647 coepiscopi

113 3670 307 3725 nostri
333 3669 582 3723 Flaviani
602 3669 804 3724 litteris
822 3669 1046 3740 plenius
1065 3670 1133 3724 ad
1156 3684 1290 3723 eum
1317 3668 1387 3722 de
1416 3668 1504 3723 his
1530 3685 1659 3741 qua
1686 3670 1757 3725 ad

112 3781 214 3819 nos
236 3762 476 3818 videtur
494 3762 752 3817 retulisse
772 3762 1183 3833 rescripsimus,
1202 3767 1264 3817 ut
1282 3762 1496 3817 abolito
1507 3763 1641 3830 hoc,
1662 3762 1759 3834 qui

112 3862 293 3913 natus
309 3857 612 3912 videbatur
631 3873 845 3925 errore,
870 3856 928 3911 in
949 3856 1183 3910 laudem
1200 3861 1256 3911 et
1278 3857 1520 3927 gloriam
1538 3856 1639 3912 Dei
1659 3873 1760 3929 per

115 3957 309 4007 totum
338 3950 623 4005 mundum
651 3966 769 4004 una
793 3950 865 4004 sit
888 3949 1048 4017 fides,
1071 3953 1129 4004 et
1147 3966 1262 4004 una
1284 3950 1603 4023 eademque
1631 3967 1761 4006 con-

113 4047 311 4111 fessio,
345 4066 373 4093 κ
402 4047 458 4099 et
486 4044 545 4098 in
572 4044 801 4099 nomine
821 4045 955 4099 Jesu
983 4059 1153 4099 omne
1178 4060 1331 4115 genu
1359 4044 1618 4100 ﬂectatur
1644 4061 1755 4101 ca-

116 4140 374 4203 lestium,
406 4137 786 4206 terrestrium,
807 4140 865 4191 et
889 4136 1243 4191 infernornm
1268 4139 1326 4191 et
1352 4138 1538 4192 omnis
1563 4138 1760 4210 lingua

114 4233 466 4288 conﬁteatur
503 4231 640 4303 quia
688 4231 961 4285 Dominus
1000 4232 1162 4286 Jesus
1200 4231 1453 4286 Christus
1483 4231 1542 4286 in
1574 4232 1759 4303 gloria

115 4331 197 4381 est
236 4326 343 4381 Dei
378 4325 555 4380 Patris
589 4324 808 4395 (Philip.
845 4341 903 4393 ιι,
954 4328 1038 4391 l0,
1072 4324 1179 4395 ll).
1211 4343 1239 4376 ιο
1266 4326 1405 4380 Data
1432 4324 1559 4379 Idus
1582 4324 1757 4394 Junii,

113 4419 343 4475 Asterio
387 4423 445 4473 et
490 4416 806 4490 Protogene
846 4418 984 4472 viris
1029 4417 1357 4472 clarissimis
1406 4418 1754 4485 consulibus,

112 4531 226 4569 ara
254 4529 377 4585 qua
401 4528 593 4583 supra.

461 4607 542 4660 XI.
572 4635 641 4646 —-
668 4606 760 4661 Ad
784 4605 1423 4676 Constantinopolitanos.

184 4703 305 4757 Leo
365 4700 666 4772 episcopus
710 4703 766 4754 et
811 4703 1006 4754 sancta
1052 4698 1299 4770 synodus
1347 4715 1474 4771 qua
1516 4699 1574 4754 in
1617 4700 1757 4755 urbe

114 4796 304 4850 Roma
329 4791 619 4861 convenit,
651 4792 802 4847 clero
831 4794 889 4846 et
909 4791 1062 4863 plebi
1089 4790 1424 4847 consistenti
1447 4792 1758 4847 Constanti-

109 4887 344 4962 nopoli.

184 4983 347 5038 Licet
389 4980 458 5034 de
500 4978 587 5034 his
644 4995 774 5051 qua
812 4980 871 5033 in
922 4979 1159 5034 concilio
1200 4978 1557 5033 sacerdotum
1603 4980 1757 5049 apud

114 5079 417 5150 Ephesum
464 5079 622 5146 gesta
669 5078 1091 5140 memorantur,
1141 5073 1353 5127 multos
1399 5088 1501 5125 nos
1551 5088 1759 5127 maror

113 5171 356 5237 afticiat,
394 5186 463 5224 eo
506 5168 659 5240 quod
684 5169 829 5222 sicut
857 5183 1179 5222 consonans
1209 5166 1363 5221 fama
1387 5165 1671 5237 dispersit,
1702 5171 1759 5221 et

114 5268 243 5337 ipso
276 5280 471 5319 rerum
497 5266 848 5318 monstratur
877 5261 1101 5330 effectu,
1134 5277 1238 5315 nec
1254 5259 1489 5332 justitia
1508 5260 1621 5314 illic
1641 5276 1760 5314 mo-

113 5359 366 5424 deratio,
414 5373 519 5412 nec
565 5356 680 5411 ﬁde
716 5361 801 5411 est
835 5358 1052 5410 servata
1080 5355 1301 5426 religio,
1338 5359 1538 5409 vestra
1566 5357 1754 5409 tamen

114 5453 439 5507 devotionis
486 5451 696 5523 pietate
746 5449 1086 5522 gaudemus,
1136 5452 1191 5504 et
1244 5449 1301 5503 in
1342 5451 1550 5502 sancta
1580 5446 1760 5519 plebis

116 5545 651 5614 acclamationibus,
663 5561 907 5617 quarum
922 5543 996 5599 ad
1007 5560 1112 5599 nos
1130 5542 1391 5612 exempla
1410 5540 1593 5596 delata
1606 5545 1757 5610 sunt,

116 5641 386 5696 omnium
436 5646 751 5697 vestrorum
800 5638 1113 5711 probamus
1164 5636 1470 5703 affectum;
1516 5634 1653 5706 quia
1704 5637 1760 5690 et

120 5736 255 5791 vivit
300 5751 369 5789 ac
410 5738 713 5805 permanet
748 5733 900 5804 apud
936 5733 1113 5786 bonos
1154 5730 1298 5784 ﬁlios
1342 5728 1549 5801 optimi
1588 5728 1762 5799 patris

112 5833 272 5903 justa
297 5828 549 5901 dilectio,
584 5833 642 5884 et
665 5827 956 5885 catholica
988 5825 1260 5882 doctrina
1290 5822 1667 5881 eruditionem
1700 5822 1758 5879 in

1869 1881 2082 1953 pietate
2110 1882 2391 1938 convinci.
2421 1884 2563 1937 Nam
2597 1884 2645 1937 si
2676 1883 2762 1937 vix
2797 1884 2854 1938 in
2892 1883 3049 1938 laicis
3084 1885 3388 1940 tolerabilis
3418 1886 3502 1940 vi-

1870 1974 2038 2030 detur
2074 1975 2310 2044 inscitia,
2345 1982 2561 2048 quanto
2591 1977 2777 2049 magis
2795 1977 2855 2033 in
2875 1978 2957 2033 eis
2976 1977 3073 2050 qui
3096 1984 3375 2049 prasunt;
3396 1996 3501 2034 nec

1869 2070 2233 2125 excusatione
2291 2075 2379 2125 est
2430 2069 2625 2142 digna,
2684 2087 2787 2126 nec
2843 2071 3031 2138 venia,
3082 2072 3332 2127 maxime
3372 2089 3503 2129 cum

1866 2161 2039 2219 etiam
2069 2164 2379 2219 defendere
2401 2180 2793 2236 perversarum
2823 2165 3155 2236 opinionum
3177 2172 3505 2223 commenta

1865 2260 2245 2329 prasumunt,
2280 2262 2339 2312 et
2364 2258 2421 2313 in
2452 2274 2793 2314 consensum
2820 2276 3011 2326 suum,
3044 2263 3146 2315 aut
3168 2277 3383 2329 errore,
3407 2267 3506 2317 aut

1866 2352 2054 2423 gratia
2096 2351 2437 2408 insanabiles
2483 2369 2743 2426 quosque
2775 2353 3103 2409 traducunt.
3157 2354 3504 2427 Separentur

1864 2445 1961 2516 hnj
1971 2445 2194 2500 usmodi
2213 2462 2247 2499 a
2265 2445 2476 2501 sanctis
2496 2446 2767 2501 membris
2782 2446 3034 2519 corporis
3055 2447 3282 2518 Christi,
3311 2465 3500 2520 neque

1865 2538 1972 2593 sibi
1998 2539 2275 2594 catholica
2296 2539 2531 2595 libertas
2554 2540 2876 2596 infidelium
2892 2540 3101 2612 jugum
3127 2541 3375 2613 patiatur
3390 2542 3500 2597 im-

1864 2632 2018 2703 poni.
2047 2634 2215 2688 Extra
2241 2632 2399 2687 enim
2424 2632 2640 2688 donum
2671 2633 2882 2689 divina
2914 2634 3114 2705 gratia
3145 2638 3204 2690 et
3227 2639 3385 2691 extra
3410 2653 3498 2691 sa-

1864 2730 2225 2781 cramentum
2280 2726 2533 2782 habendi
2594 2733 2725 2782 sunt
2764 2727 2958 2783 salutis
3007 2728 3307 2798 humana,
3363 2729 3498 2801 qui,

1860 2822 2142 2892 negantes
2170 2822 2433 2875 naturam
2455 2824 2666 2875 nostra
2687 2822 2873 2876 carnis
2896 2822 2955 2876 in
2976 2821 3218 2890 Christo,
3245 2827 3304 2878 et
3322 2823 3502 2877 Evan-

1862 2914 2015 2985 gelio
2041 2914 2461 2983 contradicunt,
2489 2920 2546 2969 et
2565 2915 2822 2986 symbolo
2840 2916 3211 2984 reluctantur,
3236 2932 3344 2972 nec
3372 2933 3500 2973 sen-

1862 3007 2013 3063 tiunt
2034 3024 2093 3062 se
2126 3007 2186 3063 in
2220 3008 2326 3062 hoc
2363 3014 2717 3080 praruptum
2744 3026 2846 3063 sua
2869 3009 3244 3066 obcacatione
3279 3010 3498 3079 deduci,

1861 3106 1927 3156 ut
1949 3118 2055 3156 nec
2092 3101 2150 3155 in
2190 3101 2469 3172 passionis
2496 3102 2831 3173 Dominica,
2861 3119 2966 3158 nec
2987 3103 3047 3158 in
3072 3106 3500 3160 resurrectionis

1862 3195 2094 3250 veritate
2122 3195 2462 3261 consistant;
2497 3195 2635 3268 quia
2662 3200 2975 3269 utrumque
3004 3198 3062 3252 in
3096 3198 3378 3255 Salvatore
3404 3216 3495 3254 va-

1860 3295 2081 3358 cuatur,
2114 3289 2161 3343 si
2190 3289 2247 3343 in
2277 3305 2346 3343 eo
2377 3290 2555 3344 nostri
2588 3290 2819 3361 generis
2841 3307 2970 3346 caro
2998 3308 3113 3347 non
3140 3292 3412 3348 creditur.
3437 3296 3498 3348 In

1859 3382 2066 3454 quibus
2113 3382 2205 3437 isti
2264 3383 2601 3454 ignorantia
2654 3384 2923 3455 tenebris,
2976 3385 3033 3439 in
3069 3402 3182 3456 quo
3224 3386 3499 3440 hactenus

1859 3476 2093 3531 desidia
2137 3482 2365 3548 torpore
2395 3477 2650 3547 jacuere,
2698 3481 2764 3530 ut
2806 3494 2910 3532 nec
2954 3478 3147 3533 audita
3172 3478 3495 3546 discerent,

1860 3562 1953 3625 vel
1986 3570 2227 3625 lectione
2266 3574 2700 3643 cognoscerent,
2746 3571 2900 3642 quod
2940 3571 2999 3626 in
3030 3572 3273 3627 Ecclesia
3302 3573 3402 3628 Dei
3439 3572 3497 3627 in

1860 3663 2121 3719 omnium
2164 3681 2284 3731 ore,
2325 3669 2442 3719 tam
2480 3681 2801 3720 consonum
2841 3670 2943 3735 est,
2989 3669 3050 3720 ut
3079 3682 3181 3721 nec
3210 3667 3280 3721 ab
3306 3667 3491 3722 infau-

1857 3758 2001 3813 tium
2052 3758 2262 3830 linguis
2310 3758 2517 3814 veritas
2570 3758 2827 3830 corporis
2868 3764 2924 3814 et
2960 3759 3251 3831 sanguinis
3288 3762 3495 3817 Christi

1856 3851 2009 3907 inter
2029 3851 2449 3907 communionis
2485 3856 2847 3907 sacramenta
2869 3853 2999 3908 ﬁdei
3028 3855 3319 3909 taceatur?
3351 3856 3495 3921 Quia

1859 3946 1916 4001 in
1946 3945 2041 4001 illa
2070 3945 2308 4018 mystica
2348 3946 2747 4001 distributione
2778 3947 3047 4019 spiritalis
3075 3949 3362 4005 alimonia
3390 3951 3494 4005 hoc

1858 4039 2205 4110 impartitur,
2236 4043 2301 4095 ut
2330 4039 2672 4111 accipientes
2700 4040 2970 4095 virtutem
3004 4042 3244 4097 caelestis
3282 4043 3389 4098 cibi
3434 4045 3491 4099 in

1859 4151 2091 4189 carnem
2118 4134 2297 4206 ipsius
2317 4134 2414 4205 qui
2436 4150 2566 4188 caro
2587 4138 2781 4189 nostra
2798 4134 2977 4189 factus
2992 4138 3096 4203 est,
3117 4141 3490 4193 transeamus.

1860 4229 2018 4283 Unde
2044 4234 2100 4283 et
2135 4228 2206 4283 ad
2239 4228 2731 4284 conﬁrmationem
2780 4228 3071 4284 charitatis
3113 4234 3317 4285 vestra
3365 4248 3492 4303 qua

1858 4321 2125 4376 laudabili
2159 4322 2270 4377 fide
2293 4322 2533 4377 inimicis
2561 4322 2814 4377 veritatis
2841 4322 3136 4391 obnititur,
3168 4328 3298 4396 apte
3324 4328 3494 4398 atque

1859 4418 2179 4486 opportune
2210 4432 2473 4472 sermone
2512 4416 2834 4488 aﬂ‘ectuque
2873 4416 3111 4489 apostoli
3162 4421 3287 4473 utar
3319 4422 3375 4475 et
3403 4419 3490 4475 di-

1779 4518 1839 4590 D
1863 4525 2010 4563 cam.
2032 4511 2341 4580 Propterea
2353 4515 2410 4565 et
2426 4526 2535 4581 ego
2553 4510 2788 4565 audiens
2803 4509 2979 4564 ﬁdem
2997 4514 3244 4567 vestram
3261 4528 3390 4582 qua
3409 4516 3496 4566 est

1855 4602 1916 4658 in
1946 4602 2167 4658 Christo
2203 4604 2354 4670 Jesu,
2397 4606 2455 4657 et
2495 4603 2856 4658 dilectionem
2894 4603 2953 4657 in
3001 4619 3205 4658 omnes
3244 4609 3491 4672 sanctos,

1859 4714 1971 4751 non
2003 4711 2157 4751 cesso
2177 4697 2390 4767 gratias
2416 4713 2595 4768 agens
2618 4714 2723 4768 pro
2753 4696 2932 4765 vobis,
2966 4697 3302 4752 memoriam
3325 4700 3492 4754 vestri

1857 4791 2062 4845 faciens
2102 4790 2159 4844 in
2201 4790 2560 4845 orationibus
2604 4790 2768 4858 meis,
2798 4795 2860 4845 ut
2889 4791 3035 4845 Deus
3066 4791 3291 4846 Domini
3316 4794 3491 4848 nostri

1856 4885 2023 4939 Pater
2050 4883 2247 4955 gloria
2273 4883 2371 4938 det
2395 4882 2555 4938 vobis
2581 4884 2845 4954 spiritum
2873 4884 3168 4955 sapientia
3192 4889 3249 4941 et
3273 4888 3490 4942 revela-

1857 4978 2051 5045 tionis,
2078 4978 2136 5032 in
2180 4978 2474 5049 agnitione
2520 4978 2643 5048 ejus
2688 4977 3043 5033 illuminatos
3082 4979 3278 5035 oculos
3307 4981 3495 5036 cordis

1858 5072 2045 5139 vestri,
2088 5075 2153 5126 ut
2184 5072 2370 5126 sciatis
2399 5089 2528 5144 qua
2558 5077 2643 5127 est
2672 5088 2800 5143 spes
2838 5072 3148 5127 vocationis
3187 5074 3331 5146 ejus,
3366 5093 3492 5147 qua

1860 5164 2087 5231 divitia,
2119 5165 2337 5235 gloria,
2384 5165 2729 5221 hareditatis
2766 5165 2888 5237 ejus
2929 5165 2987 5219 in
3030 5167 3239 5223 sanctis
3269 5169 3409 5239 ejus,
3439 5175 3493 5222 et

1860 5275 1985 5329 qua
2033 5258 2106 5312 sit
2154 5260 2588 5330 supereminens
2635 5260 2972 5331 magnitudo
3018 5261 3242 5317 virtutis
3280 5261 3403 5332 ejus
3436 5262 3492 5315 iu

1861 5351 2022 5407 nobis
2046 5352 2143 5424 qui
2170 5352 2519 5407 credidimus
2543 5353 2859 5409 secundum
2880 5356 3266 5426 operationem
3287 5360 3493 5426 poten-

1861 5447 1957 5501 tia
1980 5446 2201 5502 virtutis
2222 5446 2344 5517 ejus
2366 5463 2540 5519 quam
2568 5452 2836 5519 operatus
2860 5452 2944 5503 est
2966 5448 3026 5502 in
3045 5448 3292 5517 Christo;
3325 5447 3495 5501 susci-

1862 5545 1987 5595 tans
2020 5541 2177 5595 illum
2206 5559 2239 5595 a
2274 5541 2531 5611 mortuis,
2558 5544 2616 5597 et
2635 5542 2982 5597 constituens
3005 5540 3163 5595 illum
3190 5540 3264 5594 ad
3290 5541 3491 5595 dexte-

1862 5651 1986 5689 ram
2015 5651 2175 5688 suam
2192 5634 2251 5689 in
2279 5635 2599 5691 calestibus
2627 5652 2799 5707 supra
2824 5650 3059 5688 omnem
3088 5633 3490 5706 principatum,

1861 5733 1918 5782 et
1950 5730 2307 5798 potestatem,
2337 5732 2394 5783 et
2419 5729 2707 5794 virtutem,
2741 5732 2797 5782 et
2824 5726 3291 5797 dominationem,
3324 5745 3491 5783 omne

1862 5837 2075 5880 nomen
2102 5823 2255 5898 quod
2296 5824 2643 5889 nominatur,
2675 5838 2792 5879 non
2824 5821 3005 5877 solum
3035 5820 3095 5879 in
3127 5821 3233 5881 hoc
3269 5823 3494 5891 saculo,
