4026 6182
249 237 346 289 T85
1488 234 1960 291 DECRETALIUM
2003 234 2385 289 CULLECTIO.

3514 244 3615 297 786

243 343 359 413 Ego
378 348 436 395 et
455 344 617 397 Pater
638 359 815 398 unum
844 360 1072 409 sumus;
1113 347 1173 398 et
1195 344 1510 399 secundum
1547 342 1875 399 hominem:
1900 353 1960 426 Α
1979 345 2071 397 cta
2106 341 2404 413 sacrilegia
2434 342 2679 413 excedit,
2726 342 3038 400 aboleatur.
3082 345 3221 410 Quia
3249 362 3382 401 vero
3415 346 3610 404 diabo-

243 436 407 491 Pater
451 435 635 507 major
656 452 751 491 me
791 442 896 492 est.
943 438 1095 493 Hanc
1124 437 1313 505 ﬁdem,
1363 436 1737 504 dilectissimi,
1775 453 1873 492 ve-

242 545 369 584 ram
408 535 466 584 et
492 529 961 601 indissolubilem,
1009 548 1136 603 quas
1164 532 1285 588 sola
1324 548 1483 587 veros
1520 531 1693 586 efﬁcit
1716 531 1872 587 Chri-

240 623 480 693 stianos,
510 640 818 696 quamque,
850 630 915 679 ut
950 624 1328 697 intelligimus
1352 630 1409 681 et
1440 626 1744 697 probamus
1781 625 1876 696 pio

239 717 451 783 studio,
479 720 537 772 et
561 717 838 773 laudabili
873 735 1065 774 amore
1090 719 1414 789 defenditis,
1450 723 1877 790 perseveranter

240 814 454 877 tenete,
486 817 543 866 et
586 815 917 867 constanter
958 812 1213 868 asserite.
1246 815 1315 868 Et
1338 813 1612 886 quoniam
1652 816 1878 885 oportet

236 920 339 957 vos
369 910 499 976 post
515 905 768 959 divinum
794 905 1065 961 auxilium
1092 906 1266 962 etiam
1288 906 1698 962 catholicorum
1715 906 1873 977 prin-

234 998 286 1051 ci
291 1014 433 1069 pum
465 999 711 1070 gratiam
726 1000 1067 1070 promereri,
1086 1000 1381 1056 humiliter
1407 1006 1463 1055 et
1474 1000 1763 1072 sapienter
1778 1016 1871 1056 ex-

235 1092 475 1164 poscite,
506 1095 570 1147 ut
590 1093 854 1165 petitioni
883 1096 1093 1149 nostra:
1118 1111 1230 1167 qua
1255 1094 1577 1167 plenariam
1597 1094 1772 1150 indici
1789 1112 1875 1165 sy-

232 1185 457 1241 nodum
520 1188 877 1258 postulamus
907 1230 920 1257 ,
1013 1187 1490 1243 clementissimus
1565 1188 1877 1260 imperator

233 1279 511 1351 dignetur
536 1297 813 1352 annuere,
842 1298 956 1354 quo
983 1282 1148 1337 citius
1162 1283 1466 1354 adjuvante
1485 1281 1876 1337 misericordia

232 1374 359 1443 Dei,
389 1379 447 1429 et
475 1375 622 1429 sanis
647 1375 922 1432 fortitudo
948 1381 1248 1449 augeatur,
1293 1381 1351 1432 et
1379 1376 1669 1443 morbidis,
1697 1375 1743 1431 si
1774 1392 1870 1431 cu-

231 1468 350 1523 rari
374 1469 755 1540 acquiescant,
784 1469 1070 1525 medicina
1096 1473 1420 1543 praestetur.

519 1563 627 1618 XII.
658 1593 726 1604 —
759 1564 848 1620 Ad
880 1564 1231 1620 Theodosium
1258 1566 1583 1635 Augustum.

305 1657 417 1711 Leo
469 1656 766 1729 episcopus
814 1660 873 1712 et
925 1662 1115 1714 sancta
1162 1657 1415 1731 synodus
1454 1675 1583 1731 quae
1627 1658 1685 1713 in
1728 1658 1874 1714 urbe

228 1750 415 1804 Roma
442 1750 728 1817 convenit,
760 1751 1070 1807 Tusonosxo
1097 1754 1374 1824 Augusto.

302 1843 529 1898 Litteris
571 1844 884 1900 clementiae
932 1848 1136 1900 vestrae
1176 1862 1317 1917 quas
1346 1845 1565 1902 dudum
1610 1846 1681 1901 ad
1720 1846 1872 1902 beati

228 1937 380 1991 Petri
409 1938 646 2008 apostoli
675 1939 866 1994 sedem
903 1956 1010 2010 pro
1041 1939 1333 1994 catholicas
1371 1939 1505 1994 ﬁdei
1532 1956 1729 1994 amore
1757 1940 1865 1995 mi-

224 2031 401 2098 sistis,
438 2035 651 2086 tantam
679 2032 943 2088 ﬁduciam
974 2034 1319 2105 sumpsimus
1340 2033 1735 2104 defendendas,
1765 2051 1871 2106 per

224 2141 328 2179 vos
357 2125 607 2181 veritatis
633 2128 690 2181 et
714 2127 892 2198 pacis,
918 2132 983 2182 ut
1003 2127 1063 2183 in
1089 2144 1258 2183 causa
1287 2132 1407 2183 tam
1428 2128 1693 2199 simplici,
1721 2132 1864 2184 tam-

225 2235 343 2289 que
396 2219 634 2290 minuta,
682 2220 828 2277 nihil
858 2223 1193 2293 putaremus
1236 2238 1401 2293 posse
1437 2222 1677 2277 existere
1716 2223 1867 2294 quod

220 2317 480 2380 noceret,
526 2314 849 2386 praesertim
896 2332 1029 2370 cum
1082 2316 1153 2370 ad
1214 2315 1527 2388 episcopale
1560 2316 1865 2372 concilium

217 2407 383 2479 quod
408 2408 609 2463 haberi
636 2409 790 2480 apud
817 2409 1104 2479 Ephesum
1130 2409 1482 2481 praecepistis
1506 2414 1627 2465 tam
1649 2410 1862 2465 instru-

220 2500 299 2554 cti
332 2500 447 2556 sint
474 2501 654 2570 missi,
700 2506 765 2556 ut
794 2501 837 2556 si
869 2502 1076 2574 scripta
1121 2519 1249 2574 quae
1276 2503 1363 2558 vel
1389 2503 1463 2557 ad
1492 2509 1741 2558 sanctam
1770 2520 1861 2575 sy-

217 2590 445 2645 nodum
494 2592 580 2645 vel
632 2591 701 2645 ad
750 2591 1083 2646 Flavianum
1140 2591 1466 2664 episcopum
1512 2593 1860 2663 detulerunt,

220 2685 625 2755 episc0porum
648 2684 924 2755 publicari
952 2684 1186 2740 auribus
1202 2685 1625 2741 Alexandrinus
1651 2688 1859 2758 permi-

220 2778 390 2831 sisset
430 2777 680 2832 antistes.
729 2780 811 2833 Ita
859 2778 1318 2834 manifestatione
1362 2779 1687 2851 purissima:
1726 2779 1862 2835 ﬁdei

216 2888 395 2943 quam
416 2872 686 2927 divinitus
710 2871 1046 2944 inspiratam
1073 2876 1129 2928 et
1149 2872 1473 2944 accepimus
1494 2876 1552 2927 et
1577 2877 1858 2942 tenemus,

219 2965 485 3019 omnium
514 2966 982 3037 congressionum
1016 2966 1283 3038 strepitus
1308 2967 1634 3039 quievisset,
1666 2973 1728 3023 ut
1755 2984 1861 3023 nec

1976 437 2084 492 lica
2132 434 2388 506 nequitia
2428 436 2711 492 subtiliter
2757 437 2902 492 fallit
2930 438 3206 509 incautos,
3251 444 3310 495 et
3346 440 3426 497 ita
3466 459 3612 514 quo-

1975 530 2241 587 rumdam
2279 529 2729 601 imprudentiam
2761 547 2863 602 per
2907 532 3347 590 similitudinem
3390 535 3617 606 pietatis

1974 624 2181 694 illudit,
2214 626 2280 679 ut
2322 640 2424 695 pro
2470 624 2786 679 salubribus
2817 626 3161 697 persuadeat
3204 627 3479 698 nocitura,
3521 646 3608 685 re-

1975 722 2220 787 movete,
2236 733 2584 789 quaesumus,
2598 734 2800 773 aurem
2822 735 2856 774 a
2871 722 3070 774 vestra:
3085 719 3315 791 pietatis
3326 721 3615 778 conscien-

1975 812 2054 867 tia
2077 811 2137 866 in
2182 810 2500 883 periculum
2531 810 2823 882 religionis
2852 818 2908 867 et
2935 812 3090 868 ﬁdei.
3130 814 3290 878 Quod
3330 816 3607 871 saeculari-

1974 904 2079 960 bus
2103 904 2353 976 negotiis
2394 905 2591 976 legum
2638 907 2951 960 vestrarum
2982 906 3246 978 aequitate
3281 909 3614 965 conceditur

1975 998 2033 1053 in
2065 1015 2261 1054 rerum
2289 998 2614 1054 divinarum
2638 999 3016 1069 pertractione
3040 1005 3331 1071 praastare,
3362 1009 3425 1058 ut
3446 1003 3607 1059 Chri-

1976 1092 2041 1147 sti
2077 1091 2379 1163 Evangelio
2407 1091 2524 1146 vim
2555 1108 2674 1147 non
2699 1091 2909 1147 inferat
2937 1093 3187 1149 humana
3215 1096 3607 1168 praesumptio.

1974 1186 2132 1252 Ecce,
2166 1185 2642 1241 Christianissime
2668 1190 2726 1241 et
2749 1186 3090 1241 venerabilis
3115 1187 3448 1258 imperator,
3481 1207 3610 1246 cum

1972 1279 2470 1335 consacerdotibus
2499 1279 2643 1334 meis
2673 1279 2920 1351 implens
2946 1296 3083 1352 erga
3107 1282 3488 1337 reverentiam
3508 1285 3613 1339 cle-

1972 1373 2210 1428 mentite
2237 1376 2441 1428 vestrae
2476 1373 2679 1428 sinceri
2704 1374 2921 1429 amoris
2958 1374 3232 1442 ofﬁcium,
3262 1375 3611 1449 cupiensque

1972 1482 2073 1522 vos
2098 1467 2322 1537 placere
2342 1482 2445 1538 per
2471 1467 2670 1522 omnia
2685 1468 2824 1536 Deo,
2847 1467 2939 1522 cui
2963 1484 3066 1539 pro
3088 1468 3252 1524 vobis
3275 1469 3346 1525 ab
3364 1471 3611 1527 Ecclesia

1973 1560 2348 1632 supplicatur,
2378 1576 2451 1615 ne
2481 1564 2614 1617 ante
2657 1560 2910 1616 tribunal
2940 1561 3150 1617 Christi
3173 1563 3399 1619 Domini
3424 1564 3509 1619 rei
3541 1565 3612 1620 de

1973 1653 2199 1708 silentio
2217 1653 2564 1725 judicemur.
2607 1654 2982 1710 Obsecramus
3014 1672 3208 1711 coram
3233 1658 3403 1713 unius
3430 1658 3607 1714 deita-

1892 1728 1950 1801 B
1974 1747 2046 1802 tis
2072 1746 2442 1818 inseparabili
2468 1746 2743 1816 trinitate,
2772 1765 2900 1820 qua:
2914 1749 3015 1804 tali
3030 1750 3178 1804 facto
3201 1750 3452 1819 laeditur,
3473 1768 3605 1807 cum

1970 1840 2092 1913 ipsa
2120 1840 2293 1895 vestri
2334 1841 2407 1895 sit
2445 1844 2636 1896 custos
2665 1846 2723 1896 et
2765 1842 2984 1897 auctrix
3028 1842 3275 1914 imperii,
3319 1849 3375 1899 et
3414 1862 3607 1900 coram

1969 1934 2174 1989 sanctis
2200 1933 2421 2006 angelis
2446 1934 2670 2002 Christi,
2700 1937 2763 1989 ut
2791 1935 2985 1990 omnia
3008 1935 3070 1990 in
3097 1952 3165 1991 eo
3191 1940 3339 1992 statu
3370 1954 3607 1994 manere

1962 2028 2231 2100 jubeatis,
2272 2028 2332 2082 in
2358 2044 2473 2101 quo
2499 2028 2733 2083 fuerunt
2757 2032 2889 2084 ante
2912 2045 3086 2085 omne
3108 2029 3411 2101 judicium,
3433 2032 3609 2088 donec

1967 2121 2149 2193 major
2175 2138 2242 2176 ex
2268 2124 2388 2176 toto
2428 2121 2564 2177 orbe
2593 2121 2958 2178 sacerdotum
2988 2139 3264 2180 numerus
3292 2140 3606 2199 congrege-

1968 2219 2080 2271 tur.
2113 2216 2227 2272 Nec
2254 2215 2442 2271 alieno
2480 2222 2713 2288 peccato
2740 2216 3044 2288 patiamini
3074 2234 3174 2273 vos
3202 2219 3442 2290 gravari,
3477 2220 3610 2292 quia

1966 2309 2121 2382 quod
2169 2325 2393 2366 necesse
2448 2314 2533 2366 est
2578 2326 2684 2365 nos
2738 2310 2947 2379 dicere,
3002 2327 3269 2369 veremur
3317 2329 3391 2369 ne
3446 2314 3609 2386 cujus

1965 2404 2166 2476 religio
2198 2403 2524 2476 dissipatur,
2546 2403 2865 2476 indignatio
2895 2410 3260 2477 provocetur.
3279 2408 3401 2463 Prae
3428 2408 3606 2464 oculis

1965 2497 2168 2552 habete
2200 2500 2259 2552 et
2286 2501 2403 2553 tota
2428 2497 2642 2553 mentis
2668 2497 2786 2553 acie
2829 2505 3160 2556 reverenter
3185 2501 3419 2573 accipite
3454 2501 3605 2557 beati

1965 2591 2109 2646 Petri
2139 2590 2381 2662 gloriam
2406 2595 2464 2648 et
2494 2608 2829 2648 communes
2860 2610 2991 2649 cum
3029 2594 3152 2666 ipso
3182 2595 3439 2651 omnium
3468 2612 3602 2668 apo-

1964 2684 2238 2740 stolorum
2270 2692 2999 2760 coronas,cunctorumque
3016 2692 3339 2759 martyrum
3364 2690 3599 2760 palmas,

1963 2778 2169 2850 quibus
2210 2778 2322 2834 alia
2360 2796 2475 2834 non
2506 2779 2616 2835 fuit
2645 2796 2810 2835 causa
2851 2780 3127 2852 patiendi,
3174 2781 3282 2836 nisi
3327 2783 3603 2838 confessio

1964 2889 2111 2927 veras
2139 2872 2448 2928 divinitatis
2475 2876 2533 2928 et
2561 2889 2711 2929 veras
2738 2873 3111 2930 humanitatis
3138 2875 3194 2930 in
3229 2875 3473 2932 Christo.
3501 2877 3603 2934 Cui

1963 2970 2316 3023 sacramento
2348 2967 2484 3038 quia
2508 2967 2682 3038 impie
2700 2983 2856 3023 nunc
2872 2984 2905 3022 a
2924 2968 3122 3040 paucis
3146 2968 3602 3041 imprudentibus

218 3058 511 3130 imperitia
554 3061 701 3113 ultra
739 3060 1044 3132 desiperet,
1088 3077 1190 3115 nec
1218 3060 1572 3115 occasionem
1618 3062 1861 3116 nocendi
1881 3102 1936 3177 Ο
1962 3059 2240 3130 obviatur,
2276 3077 2475 3115 omnes
2518 3061 2764 3132 partium
2807 3062 3056 3118 ecclesiae
3101 3066 3445 3134 nostrarum,
3475 3082 3596 3120 om-

220 3153 506 3177 ηιω--1-ιζλ
537 3154 811 3177 ...Α--..Σ-ΑΛ
861 3154 967 3177 ολ]
1007 3154 1134 3177 λη...
1168 3154 1398 3177 -..ξ-ΑΔ...
1432 3171 1608 3177 -____..
1640 3156 1832 3177 _-I!.J_
1962 3170 2061 3177 ..--
2092 3153 2512 3177 ...-.__---L--.l!_!
2543 3158 2738 3177 _--_L....
2775 3172 2893 3177 Au..-
2932 3157 3230 3177 _____.'l!l__-
3262 3163 3301 3177 ,ι
3335 3160 3377 3177 I,
3402 3175 3447 3177 is,
3498 3159 3568 3177 ,,,,'

217 3153 509 3207 aemulatio
536 3154 831 3225 reperiret.
861 3154 972 3210 Sed
1002 3154 1140 3208 dum
1168 3154 1403 3225 privata:
1427 3171 1612 3209 causae
1638 3156 1862 3227 religio-
1883 3153 1936 3177 υ
1962 3170 2063 3208 nes
2089 3153 2517 3210 mansuetudini
2543 3158 2743 3209 vestras
2769 3172 2901 3210 cum
2925 3157 3234 3228 gemitibus
3253 3163 3309 3214 et
3335 3159 3601 3231 lacrymis

216 3247 310 3300 nis
344 3250 678 3302 exercentur
724 3247 984 3315 obtentu,
1028 3247 1399 3302 commissum
1439 3251 1524 3303 est
1566 3248 1859 3321 impietate

212 3356 530 3411 paucorum
581 3341 732 3412 quod
777 3341 1101 3395 universam
1160 3342 1465 3396 Ecclesiam
1514 3342 1855 3397 vulneraret.

211 3434 609 3505 Comperimus
638 3434 793 3489 enim
840 3451 957 3489 non
987 3434 1205 3490 incerto
1248 3436 1469 3504 nuntio,
1518 3436 1615 3490 sed
1646 3436 1855 3490 ﬁdelis-

210 3529 361 3581 simo
385 3544 580 3582 rerum
606 3545 735 3600 qua:
780 3532 955 3599 gestae
985 3533 1136 3596 sunt,
1169 3532 1465 3584 narratore
1492 3529 1704 3583 Hilario
1735 3528 1856 3584 dia-

212 3638 362 3675 cono
398 3626 595 3677 nostro
639 3622 738 3694 qui
768 3622 861 3677 vix
886 3638 959 3678 ne
989 3622 1341 3678 subscribere
1370 3628 1690 3693 cogeretur,
1715 3623 1851 3678 etfu-

213 3715 320 3787 git,
375 3715 705 3771 convenisse
754 3716 827 3770 ad
882 3717 1161 3788 synodum
1218 3716 1495 3788 plurimos
1540 3717 1856 3772 sacerdotes

210 3826 463 3882 quorum
489 3810 690 3882 utique
721 3810 1043 3881 frequentia
1072 3810 1356 3866 collationi
1397 3814 1454 3864 et
1474 3810 1688 3881 judicio
1717 3827 1852 3882 pro-

206 3904 431 3972 fuisset,
465 3904 511 3958 si
540 3904 586 3958 is
611 3903 709 3975 qui
740 3904 847 3959 sibi
873 3905 1059 3959 locum
1096 3905 1477 3976 principalem
1510 3903 1851 3975 vindicabat,

209 3996 629 4052 sacerdotalem
655 3998 1108 4053 moderationem
1139 3998 1423 4053 custodire
1450 3998 1737 4065 voluisset,
1766 4002 1850 4068 ut,

208 4091 361 4145 sicut
385 4091 561 4145 moris
586 4097 689 4159 est,
717 4092 975 4146 omnium
1006 4091 1301 4147 sententiis
1326 4107 1393 4146 ex
1422 4091 1686 4146 libertate
1716 4108 1850 4163 pro-

209 4184 361 4249 latis,
393 4184 451 4238 id
494 4185 801 4257 tranquillo
844 4191 900 4240 et
925 4202 1089 4257 aequo
1117 4186 1555 4240 constitueretur
1591 4186 1853 4241 examine

211 4278 367 4349 quod
394 4282 453 4332 et
478 4278 609 4333 fidei
639 4282 1003 4350 congrueret,
1049 4282 1107 4333 et
1137 4278 1461 4333 errantibus
1505 4278 1848 4334 subveniret.

211 4375 271 4427 ln
304 4372 428 4442 ipso
457 4375 651 4427 autem
671 4372 890 4443 judicio
933 4389 1050 4427 non
1095 4388 1292 4427 omnes
1323 4371 1421 4442 qui
1464 4375 1853 4428 convenerant

1961 3248 2277 3319 supplicant
2321 3248 2665 3315 sacerdotes,
2698 3252 2764 3303 ut
2806 3250 2906 3322 qui
2935 3254 2992 3304 et
3016 3251 3197 3306 nostri
3234 3251 3480 3307 ﬁdeliter
3505 3269 3595 3306 re-

1960 3342 2294 3409 clamarunt,
2324 3345 2381 3397 et
2420 3341 2632 3398 eisdem
2659 3342 2920 3397 libellum
2952 3344 3348 3415 appellationis
3388 3346 3600 3400 Flavia-

1958 3451 2063 3489 nus
2109 3434 2405 3506 episcopus
2449 3436 2623 3504 dedit,
2673 3437 2996 3509 generalem
3040 3437 3325 3509 synodum
3347 3438 3600 3508 jubeatis

1960 3528 2108 3583 intra
2150 3527 2369 3583 Italiam
2397 3528 2695 3599 celebrari,
2743 3548 2871 3601 qua:
2900 3548 3098 3587 omnes
3138 3531 3481 3587 offensiones
3517 3532 3597 3587 ita

1955 3624 2055 3677 aut
2084 3622 2318 3693 repellat
2361 3626 2461 3676 aut
2486 3623 2727 3694 mitiget,
2764 3641 2835 3678 ne
2866 3624 3081 3697 aliquid
3117 3627 3269 3681 ultra
3294 3625 3384 3693 sit,
3420 3626 3507 3681 vel
3539 3626 3595 3680 in

1955 3715 2067 3770 ﬁde
2093 3715 2353 3783 dubium,
2382 3717 2467 3771 vel
2509 3716 2570 3770 in
2596 3717 2873 3774 charitate
2912 3718 3174 3774 divisum.
3207 3719 3600 3775 Convenienti-

1955 3810 2060 3864 bus
2118 3809 2316 3881 utique
2368 3809 2738 3865 orientalium
2806 3811 3227 3882 provinciarum
3294 3813 3594 3884 episcopis,

1954 3919 2203 3975 quorum
2247 3903 2294 3958 si
2331 3902 2431 3975 qui
2458 3903 2707 3975 superati
2732 3904 2902 3960 minis
2926 3908 3099 3977 atque
3126 3905 3350 3977 injuriis
3379 3924 3411 3960 a
3445 3906 3590 3962 veri-

1957 3997 2084 4051 tatis
2130 3996 2358 4053 tramite
2422 3998 2744 4068 deviarunt,
2805 3998 3138 4056 salutaribus
3208 4000 3471 4056 remediis
3534 4000 3593 4055 in

1952 4091 2243 4163 integrum
2292 4096 2650 4161 revocentur,
2702 4093 2947 4166 ipsique,
2998 4110 3247 4166 quorum
3298 4100 3384 4150 est
3420 4111 3594 4151 causa

1953 4185 2147 4241 durior
2174 4186 2221 4241 si
2249 4187 2498 4242 consiliis
2533 4188 2864 4243 melioribus
2904 4188 3285 4260 acquiescant,
3313 4189 3381 4244 ab
3412 4190 3593 4245 Eccle-

1953 4280 2051 4334 siae
2078 4280 2296 4336 unitate
2324 4298 2441 4337 non
2474 4281 2785 4337 discedant.
2815 4283 2998 4347 Quam
3027 4287 3218 4337 autem
3247 4288 3377 4355 post
3407 4284 3595 4355 appel-

1953 4374 2228 4428 lationem
2274 4374 2673 4446 interpositam
2717 4376 2825 4431 hoc
2876 4376 3194 4431 necessarie
3249 4378 3590 4448 postuletur,

216 4465 542 4521 interfuisse
595 4466 986 4538 cognovimus.
1041 4467 1180 4521 Nam
1230 4466 1369 4520 alios
1421 4465 1681 4536 rejectos,
1711 4466 1929 4546 aliosD
1952 4482 2239 4521 canonum
2286 4468 2485 4522 Niczeaa
2512 4469 2839 4524 habitorum
2871 4470 3097 4524 decreta
3136 4472 3432 4539 testantur,
3465 4487 3592 4541 quae

213 4559 517 4615 didicimus
548 4560 924 4630 intromissos,
960 4560 1053 4631 qui
1081 4577 1186 4631 pro
1206 4558 1515 4630 supradicti
1546 4561 1854 4615 sacerdotis

209 4654 448 4708 arbitrio
474 4654 665 4726 impiis
704 4653 1217 4726 subscriptionibus
1246 4653 1495 4725 captivas
1522 4670 1727 4709 manus
1753 4654 1852 4710 de-

212 4748 437 4813 derant,
486 4752 543 4801 et
585 4748 906 4803 nociturum
946 4748 1115 4802 statui
1156 4747 1385 4814 scirent,
1434 4747 1543 4801 nisi
1570 4747 1852 4819 imperata

207 4840 493 4896 fecissent.
524 4842 835 4912 Talemque
867 4842 938 4896 ab
970 4842 1092 4913 ipso
1137 4841 1422 4913 prolatam
1457 4858 1579 4896 esse
1618 4844 1847 4896 senten-

208 4935 368 4998 tiam,
402 4939 465 4989 ut
492 4934 633 4989 dum
662 4935 836 4989 homo
870 4952 1016 4988 unus
1046 4934 1359 5006 impetitur,
1398 4934 1456 4988 in
1484 4950 1721 4988 omnem
1768 4950 1852 4988 ec-

206 5028 443 5082 clesiam
492 5028 804 5084 saeviretur.
849 5028 1013 5093 Quod
1042 5028 1221 5083 nostri
1266 5028 1337 5082 ab
1362 5026 1671 5100 apostolica
1711 5028 1850 5083 Sede

208 5122 411 5176 directi
459 5122 601 5176 adeo
631 5122 873 5193 impium
921 5125 979 5176 et
1008 5122 1297 5177 catholica:
1345 5121 1478 5176 ﬁdei
1505 5121 1850 5176 contrarium

207 5232 328 5269 esse
354 5215 635 5282 viderunt,
675 5222 736 5271 ut
764 5216 836 5270 ad
866 5216 1342 5270 consentiendum
1372 5216 1532 5270 nulla
1561 5216 1850 5285 potuerint

204 5310 574 5380 oppressione
619 5309 906 5381 compelli,
938 5313 1381 5381 constanterque
1424 5308 1484 5364 in
1513 5308 1717 5365 eadem
1756 5327 1845 5381 sy-

203 5404 378 5471 nodo,
425 5409 489 5459 ut
518 5403 726 5472 decuit,
771 5404 1006 5458 fuerunt
1049 5403 1348 5475 protestati
1388 5419 1756 5475 nequaquam
1790 5403 1845 5458 id

124 5485 139 5498 ’
198 5497 355 5569 quod
404 5497 863 5553 constituebatur
909 5497 1117 5554 Sedem
1166 5497 1535 5569 apostolicam
1588 5500 1845 5567 receptu-

198 5608 357 5661 ram;
406 5591 677 5662 quoniam
708 5608 907 5647 revera
934 5608 1105 5647 omne
1131 5591 1468 5647 Christianae
1496 5589 1629 5645 ﬁdei
1656 5606 1844 5644 sacra-

200 5689 460 5740 mentum
505 5686 678 5757 (quod
724 5686 890 5757 absit)
938 5684 1347 5757 atemporibus
1387 5688 1586 5740 vestras
1623 5683 1847 5755 pietatis

202 5779 659 5850 excinditur,nisi
686 5780 789 5836 hoc
810 5779 1272 5837 scelestissimum
1301 5779 1447 5835 faciu
1457 5796 1517 5833 us
1539 5777 1692 5851 quod
1713 5794 1844 5833 cun-

1950 4576 1983 4614 a
2014 4560 2187 4615 totius
2208 4561 2410 4616 mundi
2445 4565 2578 4627 sunt
2603 4562 2988 4617 sacerdotibus
3008 4562 3328 4629 constituta,
3350 4580 3593 4634 quasque

1951 4653 2144 4709 subter
2172 4654 2395 4709 adnexa
2433 4661 2584 4709 sunt.
2636 4656 2833 4710 Favete
2878 4655 3171 4710 catholicis
3214 4660 3398 4711 vestro
3429 4674 3591 4713 more

1952 4752 2366 4820 parentumque
2421 4753 2764 4817 vestrorum,
2815 4749 2947 4803 date
3021 4748 3393 4805 defendenda:
3460 4751 3589 4807 ﬁdei

1948 4840 2283 4906 libertatem,
2313 4858 2488 4913 quam
2520 4842 2672 4897 salva
2693 4841 3012 4897 clementiae
3029 4847 3227 4897 vestras
3254 4845 3587 4909 reverentia,

1946 4935 2104 4989 nulla
2121 4934 2419 5004 vis,nullus
2438 4935 2649 5007 poterit
2661 4936 2986 4992 mundanus
3004 4937 3179 4992 timor
3194 4938 3584 4994 auferre.Cum

1946 5028 2103 5083 enim
2132 5029 2391 5084 Ecclesiae
2423 5046 2592 5084 causa
2617 5032 2831 5085 statum
2869 5031 3033 5103 regni
3071 5032 3238 5087 vestri
3269 5049 3508 5105 agamus
3535 5037 3590 5087 et

1946 5121 2230 5189 salutis,ut
2256 5121 2680 5193 provinciarum
2698 5129 3014 5179 vestrarum
3036 5126 3228 5197 quieto
3248 5126 3379 5197 jure
3406 5126 3581 5198 potia-

1945 5215 2110 5287 mini,
2134 5215 2421 5272 defendite
2439 5222 2639 5273 contra
2664 5217 2969 5274 haereticos
2989 5219 3385 5275 inconcussum
3404 5220 3585 5273 Eccle-

1946 5310 2045 5365 sia:
2072 5313 2302 5377 statum,
2327 5314 2388 5365 ut
2414 5316 2471 5366 et
2498 5314 2751 5367 vestrum
2769 5312 2971 5367 Christi
2995 5312 3223 5368 dextera
3247 5311 3586 5367 defendatur

1945 5403 2275 5474 imperium.
2318 5404 2458 5459 Data
2489 5421 2549 5459 ιιι
2573 5404 2701 5460 ldus
2738 5405 3011 5473 Octobris,
3042 5405 3258 5460 Asteria
3305 5408 3361 5460 et
3389 5406 3580 5460 Proto-

1947 5513 2091 5568 gene
2118 5496 2251 5551 viris
2281 5497 2605 5553 clarissimis
2630 5500 2973 5565 consulibus,
3007 5515 3119 5554 aera
3149 5515 3260 5570 qua
3288 5514 3476 5570 supra.

2222 5592 2357 5647 Xlll.
2393 5623 2461 5633 ——
2489 5593 2579 5649 Ad
2609 5594 2952 5650 Pulcheriam
2982 5593 3304 5662 Augustam.

2017 5684 2127 5740 Leo
2175 5685 2472 5759 episcopus
2519 5690 2577 5742 et
2614 5691 2807 5743 sancta
2859 5685 3104 5757 synodus
3151 5702 3279 5757 quae
3334 5685 3393 5740 in
3440 5686 3578 5743 urbe

1946 5778 2123 5835 Roma
2154 5780 2440 5849 convenit,
2472 5782 2789 5837 PULCEIRUE
2813 5781 3103 5851 Augustae.
