4026 6182
514 278 612 329 787

1401 279 1681 357 API’END.
1722 279 1810 333 AD
1848 279 2007 333 seu.
2050 277 2135 331 1x.
2169 238 2235 314 -ί
2273 275 2522 331 lSlDORl
2561 274 2983 332 unacuoms
3704 284 3776 335 τες

580 385 634 442 Si
663 384 913 458 epistolae
938 403 1065 458 quae
1085 387 1144 441 in
1166 387 1297 443 fidei
1327 404 1496 444 causa
1514 387 1586 441 ad
1598 387 1871 458 pietatem
1892 391 2137 442 vestram
2157 396 2217 470 Α
2236 389 2300 439 ut
2322 383 2654 456 priusquam
2683 384 2843 439 civile
2875 384 2984 439 hoc
3013 383 3241 440 exitiale
3269 384 3468 441 bellum
3489 383 3622 441 intra
3642 389 3781 444 Eccle-

509 480 737 535 directte
765 484 915 546 sunt,
948 496 1050 551 per
1072 486 1297 538 nostros
1317 483 1549 537 clericos
1570 482 1981 555 pervenissent,
2013 498 2137 536 cer-

510 578 631 628 tum
660 579 745 629 est
778 577 1098 631 remedium
1130 594 1228 632 vos
1258 577 1346 632 his
1375 578 1549 632 rebus
1577 595 1706 650 quae
1735 582 1934 634 contra
1962 578 2134 634 fidem

506 669 670 723 factm
719 672 871 737 sunt,
901 671 1185 741 aspirante
1214 671 1373 727 vobis
1414 672 1677 742 Domino,
1716 677 1989 744 praestare
2031 690 2136 744 po-

506 762 699 819 tuisse.
768 764 1003 828 Quando
1055 767 1459 835 sacerdotibus,
1522 768 1753 839 quando
1804 768 2137 824 Christiana:

502 857 769 928 religioni
799 862 899 914 aut
916 860 1047 915 fidei
1076 861 1336 916 defuistis
1354 863 1381 918 ?
1409 863 1515 919 Sed
1549 881 1679 917 cum
1712 864 1784 918 ad
1812 869 2137 919 mansuetu-

504 951 696 1006 dinem
744 958 988 1009 vestram
1033 955 1177 1010 adeo
1224 973 1340 1011 non
1383 958 1681 1029 potuerint
1710 958 2002 1030 pervenire
2039 961 2137 1030 qui

508 1047 664 1102 missi
713 1050 863 1115 sunt,
912 1053 973 1104 ut
1021 1051 1093 1105 ad
1139 1067 1242 1105 nos
1290 1051 1378 1105 vix
1425 1068 1574 1106 unus
1630 1052 1856 1108 illorum
1897 1054 2135 1109 Hilarius

504 1141 778 1196 diaconus
801 1148 993 1198 noster
1014 1144 1239 1216 fugiens
1260 1146 1331 1200 sit
1356 1162 1631 1210 reversus,
1653 1148 1909 1203 iteranda
1929 1148 2136 1219 scripta

504 1236 871 1306 credidimus,
920 1244 980 1293 ut
1025 1240 1329 1294 validiores
1371 1257 1565 1311 preces
1606 1245 1816 1296 nostra:
1862 1258 1981 1296 esse
2012 1258 2131 1297 me-

500 1331 1126 1404 reantur,ipsorumque
1149 1334 1247 1405 qui
1271 1335 1341 1389 ad
1363 1335 1727 1389 clementiam
1757 1340 1997 1391 vestram
2018 1353 2131 1391 non

499 1431 886 1497 pervenerunt
911 1429 1170 1500 exempla
1192 1429 1571 1500 subjecimus:
1623 1430 1998 1501 amplioribus
2035 1448 2134 1486 vos

503 1521 973 1595 obtestationibus
1013 1522 1398 1591 obsecrantes,
1466 1526 1528 1577 ut
1576 1527 1790 1595 quanto
1843 1526 2134 1581 acerbiora

499 1614 644 1668 facta
669 1618 820 1683 sunt,
854 1616 1059 1686 quibus
1089 1633 1193 1688 pro
1219 1618 1353 1672 sede
1385 1618 1542 1689 regia
1576 1635 1675 1673 vos
1700 1620 1966 1674 convenit
1993 1637 2131 1674 con-

500 1709 749 1776 trahere,
790 1712 952 1765 tanto
994 1711 1213 1782 majore
1258 1711 1501 1784 gloriam
1549 1729 1745 1768 curam
1772 1713 1893 1785 ejus
1933 1713 1991 1769 in
2022 1731 2133 1786 qua

502 1802 767 1857 excellitis
838 1777 1131 1875 religionis
1182 1777 1452 1874 habeatis,
1527 1824 1598 1862 ne
1652 1777 1944 1863 catholicae
1996 1777 2207 1865 fideiB

500 1895 795 1967 integritas
846 1898 961 1953 ulla
1005 1899 1389 1955 humanarum
1434 1901 1924 1957 concertationum
1972 1920 2129 1958 occa-

498 1991 659 2045 sione
688 1992 949 2048 violetur.
981 1994 1115 2058 Quaa
1144 1994 1297 2048 enim
1325 2000 1679 2067 congregata
1715 1997 1865 2067 apud
1896 1997 2127 2069 Ephesi-

500 2101 631 2138 nam
659 2086 939 2156 synodum
985 2087 1257 2158 sopienda
1290 2092 1347 2142 et
1388 2089 1643 2144 sananda
1679 2090 1833 2161 pacis
1874 2091 2132 2147 remedia

499 2172 900 2249 credebantur,
947 2181 1069 2235 haec
1117 2198 1234 2235 non
1263 2181 1446 2236 solum
1490 2182 1547 2236 in
1583 2183 1801 2254 majora
1834 2185 1989 2255 pacis
2015 2185 2127 2239 dis-

497 2271 726 2341 pendia,
768 2273 867 2327 sed
908 2273 1082 2344 (quod
1127 2274 1297 2329 nimis
1340 2274 1648 2330 dolendum
1698 2280 1799 2344 est)
1852 2277 2024 2333 etiam
2071 2279 2127 2332 iu

497 2360 673 2435 ipsius
708 2365 843 2420 fidei
887 2383 1000 2438 qua
1043 2367 1341 2422 Christiani
1386 2385 1606 2437 sumus,
1642 2370 1858 2426 excidia
1899 2388 2127 2442 proces-

498 2462 710 2515 serunt.
760 2460 828 2514 Et
864 2459 904 2515 ii
948 2460 1182 2532 quidem
1225 2461 1321 2533 qui
1368 2463 1525 2518 missi
1569 2469 1720 2533 sunt,
1770 2482 2129 2539 quorumque

496 2563 644 2606 unus
688 2553 804 2608 vim
852 2555 1217 2610 Alexandrini
1262 2556 1513 2629 episcopi
1563 2557 1668 2612 sibi
1712 2560 1903 2614 omnia
1941 2560 2127 2614 vindi-

496 2646 677 2701 eantis
725 2647 1022 2721 eﬂ‘ugiens,
1075 2667 1267 2705 rerum
1324 2656 1613 2722 gestarum
1666 2653 1829 2707 nobis
1872 2654 2128 2708 ordinem

494 2738 735 2795 fideliter
778 2744 1078 2812 nuntiavit,
1127 2745 1578 2801 reclamaverunt
1622 2744 1682 2801 in
1731 2747 1945 2817 synodo
1987 2747 2130 2802 sicut

495 2834 746 2905 oportuit
760 2836 927 2889 unius
954 2837 1204 2892 hominis
1219 2854 1337 2893 non
1362 2842 1480 2893 tam
1492 2839 1711 2909 judicio
1737 2857 1904 2912 quam
1927 2839 2125 2907 furori,

492 2929 862 2996 protestantes
890 2946 955 2982 ea
986 2946 1112 3000 quae
1141 2947 1245 3001 per
1270 2931 1383 2985 vim
1430 2935 1761 3003 metumque
1795 2937 2128 3005 gererentur

492 3021 858 3075 sacramentis
900 3022 1156 3078 Ecclesiae
1200 3029 1256 3080 et
1302 3025 1409 3097 ipsi
1458 3026 1719 3097 symbolo
1748 3027 1818 3081 ab
1861 3028 2127 3098 apostolis

486 3112 747 3169 instituto
793 3116 1162 3187 preejudicare
1211 3136 1327 3174 non
1361 3136 1546 3191 posse,
1579 3137 1686 3175 nec
1715 3138 1774 3175 se
1806 3122 1877 3175 ab
1920 3138 1988 3176 ea
2012 3122 2122 3176 fide

491 3207 603 3261 ulla
632 3207 840 3278 injuria
864 3211 1211 3282 separandos
1253 3230 1424 3284 quam
1456 3213 1783 3284 plenissime
1812 3215 2124 3285 expositam

488 3304 656 3371 atque
675 3302 729 3355 di
739 3307 957 3373 gestam
976 3322 1008 3358 a
1026 3305 1161 3360 sede
1182 3306 1329 3362 beati
1345 3308 1584 3378 apostoli
1611 3308 1760 3362 Petri
1782 3309 1853 3363 ad
1872 3313 2123 3364 sanctam
2150 3357 2165 3365 -

489 3395 770 3465 synodum
824 3397 1178 3454 detulissent.
1230 3401 1402 3471 Cujus
1448 3401 1706 3457 recitatio
1760 3403 2125 3473 poscentibus

487 3487 762 3560 episcopis
788 3508 902 3546 non
933 3492 1004 3546 sit
1032 3493 1298 3559 admissa,
1327 3495 1405 3549 uti
1441 3495 1650 3551 scilicet
1680 3499 1900 3551 remota
1918 3513 1983 3551 ea
2009 3498 2121 3552 ﬁde

488 3599 613 3651 qua:
640 3584 1017 3654 patriarchas,
1055 3587 1382 3658 prophetas,
1415 3589 1716 3660 apostolos,
1760 3594 1816 3644 et
1843 3593 2123 3662 martyres

487 3677 800 3747 coronavit,
860 3680 1151 3749 generatio
1206 3683 1334 3736 Jesu
1388 3682 1595 3738 Christi
1652 3683 1879 3738 Domini
1940 3685 2122 3739 nostri

483 3770 793 3825 secundum
821 3789 1074 3841 carnem,
1111 3778 1167 3830 et
1192 3792 1339 3830 veras
1370 3777 1570 3832 mortis
1599 3793 1663 3831 ac
1692 3777 2121 3832 resurrectionis

484 3862 605 3930 ejus
642 3865 919 3921 confessio
971 3866 1141 3939 (quod
1198 3869 1498 3925 horremus
1538 3871 1745 3941 dicere)
1785 3871 2117 3927 solveretur.

483 3956 816 4027 Scripsimus
839 3959 907 4014 de
933 3961 1037 4016 hac
1052 3979 1132 4028 re,
1154 3967 1216 4017 ut
1239 3963 1627 4033 potuimus,ad
1653 3964 2117 4035 gloriosissimum

484 4050 819 4122 principem,
869 4058 943 4122 et,
995 4056 1149 4125 quod
1197 4061 1280 4110 est
1330 4057 1663 4124 maximum,
1709 4057 2113 4113 Christianum.

479 4143 649 4213 Cujus
665 4145 917 4214 epistolae
942 4149 1159 4216 pariter
1186 4151 1452 4221 exempla
1479 4151 1843 4221 subjecimus,
1859 4154 1923 4205 ut
1947 4152 2116 4205 fidem

479 4252 591 4306 qua
632 4243 859 4292 renatus
888 4256 990 4310 per
1019 4242 1115 4295 Dei
1150 4243 1390 4312 gratiam
1441 4249 1661 4312 regnat,
1706 4245 1865 4298 nulla
1902 4244 2119 4299 sineret

483 4330 727 4385 novitate
760 4335 1068 4405 corrumpi.
1102 4336 1381 4398 Quoniam
1415 4337 1711 4392 Flavianus
1739 4337 2032 4408 epiSCOpus
2058 4339 2115 4393 in

480 4427 673 4479 nostra
723 4426 984 4481 omnium
1024 4428 1431 4483 communione
1478 4430 1746 4501 persistit,
1797 4434 1969 4503 atque
2010 4432 2115 4486 hoc

2239 477 2385 543 siam
2411 478 2515 533 hoc
2541 478 2913 547 convalescat,
2930 478 3376 550 redintegrandaa
3391 480 3598 536 unitatis
3609 482 3786 553 copiam

2237 573 2352 627 Deo
2379 572 2681 628 auxiliante
2721 572 3011 643 concedat,
3053 572 3232 627 sciens
3272 572 3488 645 imperii
3509 573 3590 628 sui
3625 575 3791 630 viribus

2237 666 2603 737 profuturum
2656 667 2936 739 quidquid
2985 666 3272 721 catholicae
3325 666 3555 722 libertati
3591 667 3792 740 benigna

2236 759 2411 831 ipsius
2438 760 2613 815 fuerit
2643 760 2692 833 1
2709 759 2835 832 94
2862 760 3223 832 dispositione
3242 760 3634 817 collatum.Data
3652 763 3792 832 pridie

2238 852 2365 908 ldus
2389 854 2664 924 Octobris,
2691 855 2908 909 Asterie
2937 858 2995 909 et
3029 857 3343 926 Protogene
3366 854 3494 909 viris
3526 855 3794 911 clarissimis

2238 946 2581 1016 consulibus,
2612 964 2726 1003 aera
2757 964 2871 1019 qua
2891 964 3082 1019 supra.

2734 1071 2865 1125 XIV.
2895 1101 2961 1109 —
2991 1072 3080 1126 Ad
3116 1071 3372 1126 eamdem.

2306 1187 2417 1241 ΙαΕο
2449 1186 2747 1258 episcopus
2772 1188 3095 1243 PnLcnnau:
3121 1190 3408 1259 Augustae,
3437 1193 3535 1242 etc.

2304 1279 2561 1335 Gaudere
2607 1297 2699 1335 me
2740 1281 3058 1353 plurimum
3104 1286 3159 1336 et
3199 1283 3479 1337 exsultare
3513 1282 3567 1336 in
3602 1281 3791 1336 Domino

2233 1372 2459 1445 pietatis
2502 1377 2616 1429 tuae
2643 1374 2853 1445 scripta
2897 1373 3097 1442 fecere,
3130 1375 3333 1448 quibus
3364 1376 3632 1431 evidenter
3658 1381 3795 1430 osten-

2235 1466 2388 1521 ditur
2425 1472 2708 1539 quantum
2760 1468 3096 1524 catholicam
3128 1468 3332 1541 diligas
3362 1469 3543 1539 fidem,
3581 1473 3632 1524 et
3654 1485 3794 1541 quan-

2234 1563 2359 1614 tum
2386 1560 2719 1616 haereticum
2749 1562 3043 1617 detesteris
3071 1579 3349 1618 errorem.
3389 1563 3611 1618 Haeresis
3635 1563 3795 1634 quippe

2232 1660 2316 1710 est
2339 1655 2511 1711 nimis
2538 1656 2731 1728 impia,
2772 1662 2829 1711 et
2868 1656 3170 1727 Evangelio
3198 1656 3450 1712 veritatis
3476 1656 3681 1712 inimica
3704 1672 3796 1727 quae

2231 1765 2348 1804 non
2378 1750 2698 1821 portionem
2742 1750 2996 1821 aliquam
3021 1750 3250 1819 laedere,
3288 1751 3389 1805 sed
3415 1751 3534 1822 ipsa
3568 1749 3797 1820 religionis

2231 1842 2561 1901 Christiana:
2605 1847 2841 1899 conatur
2872 1844 3249 1899 fundamenta
3278 1845 3601 1911 convellere,
3635 1860 3795 1915 negans

2232 1938 2567 2009 sempiterni
2579 1938 2759 1993 Patris
2774 1937 2976 1991 Filium
2990 1938 3407 2010 sempiternum
3423 1939 3489 1993 de
3505 1942 3647 1993 utero
3658 1938 3793 1991 beata

2232 2031 2474 2102 Virginis
2500 2031 2697 2086 matris
2722 2048 2915 2085 veram
2942 2048 3172 2085 carnem
3198 2036 3407 2086 nostrae
3431 2031 3704 2104 sumpsisse
3725 2047 3792 2084 na-

2230 2130 2373 2179 tura:
2399 2142 2413 2191 ;
2446 2130 2504 2181 et
2532 2142 2625 2180 eos
2662 2124 3027 2180 damnatione
3057 2126 3377 2196 percellens
3400 2126 3493 2197 qui
3517 2126 3582 2181 ab
3607 2141 3793 2195 evange-

2230 2220 2337 2273 lica
2363 2223 2420 2274 et
2444 2220 2750 2291 apostolica
2765 2219 2877 2274 ﬁde
2904 2218 3060 2273 nullo
3087 2218 3293 2275 deduci
3317 2236 3505 2275 errore
3531 2222 3795 2292 potuerunt,

2232 2313 2487 2386 illudque
2529 2314 2739 2368 frustra
2781 2315 3148 2385 praetendens
3179 2315 3339 2386 quod
3383 2315 3611 2369 Nicaeum
3646 2310 3796 2383 synodi

2230 2406 2405 2462 fidem
2447 2410 2655 2475 teneat,
2705 2407 2866 2479 cujus
2902 2425 3035 2463 eum
3060 2410 3283 2464 constat
3313 2425 3431 2464 esse
3472 2407 3691 2462 alienum
3718 2404 3799 2476 gle

2229 2500 2540 2555 riosissima
2565 2504 2840 2573 Augusta.
2862 2502 3024 2557 Unde
3049 2503 3187 2574 quia
3200 2519 3317 2557 non
3334 2501 3539 2557 deserit
3556 2499 3800 2555 Ecclesiam

2230 2611 2390 2650 suam
2412 2595 2603 2650 divina
2627 2598 2923 2667 protectio,
2959 2597 3185 2651 dicente
3214 2597 3458 2652 Domino
3484 2613 3497 2650 :
3532 2618 3557 2645 ‹‹
3583 2595 3700 2649 Ecce
3722 2608 3799 2662 ego

2228 2689 2517 2743 vobiscum
2537 2706 2667 2744 sum
2694 2690 2961 2745 omnibus
2991 2690 3193 2745 diebus
3223 2707 3401 2762 usque
3417 2691 3486 2745 ad
3511 2702 3802 2743 consumma-

2228 2782 2443 2837 tionem
2468 2784 2658 2839 saeculi
2684 2784 2902 2855 (Matth.
2932 2800 3123 2853 xxvm,
3150 2786 3263 2854 20),
3291 2808 3318 2834 ι)
3352 2784 3644 2854 eodemque
3669 2795 3799 2851 opere

2229 2882 2285 2931 et
2309 2881 2569 2948 tempore
2594 2877 2826 2950 spiritus
2856 2878 2960 2932 Dei
2994 2882 3050 2933 et
3080 2878 3407 2933 clementia:
3431 2882 3620 2933 vestrae
3645 2871 3801 2928 sollici-

2227 2969 2487 3025 tudinem
2515 2975 2574 3026 et
2602 2987 2797 3026 curam
2830 2971 3012 3026 nostri
3042 2971 3229 3026 cordis
3263 2971 3543 3037 accendit,
3577 2972 3635 3024 ut
3660 2967 3717 3022 de
3738 2981 3800 3019 re-

2226 3063 2429 3118 mediis
2453 3064 2847 3135 procurandis,
2878 3065 3079 3120 eadem
3108 3065 3344 3137 utrique
3362 3079 3691 3136 caperemus,
3709 3075 3802 3131 quae

2145 3147 2199 3221 C
2224 3158 2381 3228 prius
2404 3158 2657 3231 poposci.
2685 3160 2843 3213 Nunc
2873 3175 3100 3230 quoque
3124 3159 3439 3214 instantius
3464 3161 3607 3232 peto,
3633 3154 3804 3226 majore

2225 3256 2391 3306 utens
2434 3252 2640 3306 fiducia
2695 3251 3060 3323 deprecandi,
3113 3257 3486 3325 posteaquam
3532 3246 3804 3323 presidium

2226 3345 2561 3400 venerandae
2601 3345 3010 3399 exhortationis
3039 3345 3240 3416 accipi,
3279 3362 3517 3417 sperans
3552 3343 3801 3398 affuturam

2225 3438 2678 3494 misericordiam
2705 3439 2822 3507 Dei,
2852 3443 2914 3494 ut
2943 3444 3287 3511 cooperante
3318 3447 3506 3495 vestra
3535 3434 3801 3496 clementia,

2223 3533 2477 3604 pestiferi
2504 3534 2709 3588 erroris
2736 3533 2915 3605 possit
2942 3533 3175 3588 morbus
3201 3534 3453 3588 auferri:
3492 3535 3555 3587 ut
3580 3524 3802 3603 quidquid

2223 3628 2347 3698 ipso
2377 3627 2698 3699 inspirante
2743 3631 2913 3699 atque
2942 3626 3252 3682 auxiliante
3282 3626 3539 3698 potuerit
3564 3621 3804 3679 salubriter

2220 3721 2363 3790 ﬁeri,
2394 3737 2526 3775 cum
2557 3725 2756 3777 vestrm
2782 3720 2915 3776 ﬁdei
2939 3721 3105 3775 laude
3136 3717 3721 3793 peragatur,quoniam
3737 3728 3803 3768 res

2220 3816 2491 3870 humanae
2527 3816 2693 3870 aliter
2718 3818 2854 3869 tutae
2881 3831 3002 3870 esse
3040 3831 3156 3869 non
3198 3818 3460 3886 possunt,
3491 3813 3591 3868 nisi
3626 3826 3732 3884 quae
3751 3806 3801 3859 ad

2220 3909 2470 3964 divinam
2514 3909 2921 3964 confessionem
2954 3909 3265 3980 pertinent,
3299 3912 3361 3963 et
3394 3908 3553 3980 regia
3579 3912 3630 3961 et
3660 3916 3802 3957 sacer-

2220 4003 2422 4059 dotalis
2448 4003 2718 4059 defendat
2740 4003 3067 4058 auctoritas.
3090 4003 3231 4056 Data
3250 4002 3627 4057 decimosexto
3651 3996 3802 4051 Kalen-

2220 4098 2320 4152 das
2346 4097 2974 4170 Aprilis,Valentiniano
2997 4100 3251 4168 Augusto
3282 4097 3545 4169 septimo,
3564 4099 3615 4151 et
3634 4090 3802 4147 Aniena

2217 4192 2350 4246 viris
2372 4191 2694 4247 clarissimis
2722 4191 3068 4261 consulibus,
3101 4207 3215 4245 aera
3238 4206 3623 4263 ccccnxxxvm.

2312 4314 2418 4367 XV.
2448 4343 2517 4353 —
2543 4313 2633 4369 Ad
2661 4314 2997 4368 Martianum
3023 4316 3073 4367 et
3102 4314 3366 4369 Faustum
3392 4313 3727 4383 presbyteros.

2286 4427 2394 4480 Lno
2439 4427 2737 4497 episcopus
2776 4427 3063 4481 Murrum
3118 4426 3451 4496 qusroque
3494 4415 3801 4496 presbyteris.

477 4519 626 4589 quod
655 4520 864 4575 factum
893 4527 978 4576 est
1002 4522 1123 4578 sine
1150 4523 1609 4579 consideratione
1631 4524 1874 4596 justitiae
1902 4531 1959 4579 et
1984 4544 2115 4581 con-
2133 4519 2191 4591 D
2289 4522 2572 4574 Bonorum
2599 4535 2840 4591 operum
2859 4524 2915 4575 et
2931 4519 3319 4591 spiritualium
3335 4518 3646 4574 studiorum
3663 4515 3801 4568 Deum

478 4617 562 4668 tra
591 4617 850 4670 omnium
872 4634 1156 4672 canonum
1177 4617 1535 4688 disciplinam
1551 4622 1739 4674 ratum
1752 4620 1952 4674 haberi
1972 4621 2113 4675 ratio

476 4709 631 4763 nulla
659 4711 955 4779 permittit.
984 4713 1051 4767 Et
1077 4712 1211 4783 quia
1239 4712 1603 4768 dissensionis
1639 4714 1969 4768 scandalum
1998 4731 2111 4768 non

474 4801 795 4857 abstulisset
818 4804 1101 4874 Ephesina
1127 4806 1397 4877 synodus,
1441 4807 1540 4861 sed
1566 4806 1830 4873 auxisset,
1864 4807 2112 4862 habendi

475 4895 624 4949 intra
650 4896 868 4951 Italiam
917 4900 1218 4954 concilium
1270 4905 1327 4955 et
1353 4901 1511 4955 locus
1554 4900 2011 4968 constitueretur,
2058 4905 2113 4956 et

472 4995 697 5060 tempus
719 4990 982 5045 omnibus
1009 4993 1253 5064 querelis
1270 4997 1325 5047 et
1353 4994 1694 5065 praejudiciis
1710 4994 1888 5066 partis
1911 4995 2114 5047 utrius-

476 5099 587 5154 que
623 5083 930 5154 suspensis,
968 5101 1083 5155 quo
1112 5087 1439 5158 diligentius
1469 5088 1737 5142 universa
1770 5104 1899 5158 qua:
1933 5088 2108 5142 offen-

473 5177 694 5232 sionem
733 5181 1163 5247 generaverant,
1206 5183 1602 5247 retractantur,
1655 5185 1710 5235 et
1737 5180 1949 5251 absque
1986 5182 2106 5235 vul-

478 5287 612 5325 nere
663 5271 817 5339 tidei,
871 5271 1083 5343 absque
1132 5272 1428 5343 religionis
1498 5273 1731 5344 injuria,
1791 5273 1851 5328 in
1908 5291 2107 5345 pacem

474 5364 681 5419 Christi
709 5364 966 5432 redeant,
998 5365 1111 5419 sint
1148 5366 1489 5436 sacerdotes,
1536 5371 1592 5421 et
1634 5366 1737 5421 soli
1781 5367 2113 5421 auferantur

473 5473 710 5512 errores.
749 5458 912 5522 Quod
955 5462 1016 5513 ut
1047 5457 1303 5513 obtinere
1332 5475 1656 5514 mereamur
1694 5459 2110 5530 probatissimae

475 5550 636 5605 nobis
666 5551 800 5606 fidei
823 5551 1003 5623 pietas
1030 5554 1145 5619 tua,
1181 5569 1308 5624 quae
1337 5553 1564 5609 labores
1596 5553 1859 5608 Ecclesiae
1886 5569 2112 5625 semper

472 5642 705 5714 adjuvit,
741 5645 1212 5716 supplicationem
1261 5653 1513 5703 nostram
1550 5647 1702 5719 apud
1742 5647 2107 5702 clementissi-

477 5752 634 5789 mum
667 5738 983 5810 principem
1029 5740 1142 5796 sive
1178 5742 1496 5813 specialiter
1524 5759 1557 5796 a
1590 5741 1918 5797 beatissimo
1949 5741 2110 5795 Petro

474 5830 723 5904 apostolo
780 5831 1119 5901 legationem
1161 5836 1518 5893 commissam
1544 5836 1815 5908 dignetur
1841 5849 2106 5905 asserere,

2212 4618 2504 4668 auctorem
2533 4630 2654 4668 esse
2684 4630 2801 4668 non
2828 4613 3069 4668 dubium
3102 4616 3205 4683 est,
3240 4613 3343 4684 qui
3385 4627 3619 4685 quorum
3650 4604 3805 4663 incitat

2213 4709 2433 4763 mentes
2458 4706 2690 4778 adjuvat
2712 4707 2980 4762 actiones.
3010 4707 3168 4771 Quad
3194 4706 3363 4762 nobis
3390 4703 3650 4778 praesenti
3672 4712 3801 4770 expe-

2213 4802 2458 4856 rimento
2488 4801 2784 4856 evidenter
2804 4800 3088 4873 apparuit.
3120 4799 3177 4855 Si
3204 4800 3444 4871 quidem
3472 4800 3617 4854 inter
3640 4794 3802 4849 discre-

2211 4901 2402 4951 tarum
2431 4894 2609 4967 spatia
2632 4894 2949 4965 longinqua
2967 4892 3271 4965 regionum
3298 4910 3480 4948 unum
3506 4885 3805 4961 sumpserint

2213 4990 2380 5045 corda
2407 4992 2603 5044 nostra
2628 4987 2952 5057 consilium,
2982 4991 3045 5042 ut
3068 4987 3223 5059 quod
3242 5004 3275 5042 a
3302 4987 3472 5042 nobis
3500 4979 3803 5041 desideraba-

2215 5084 2303 5151 tis,
2332 5100 2399 5138 eo
2427 5083 2586 5137 vobis
2610 5086 2868 5153 tempore
2898 5097 3010 5153 quo
3038 5082 3287 5154 epistolae
3316 5086 3520 5137 vestrae
3553 5074 3806 5134 mitteban-

2213 5182 2324 5242 tur,
2369 5176 2693 5232 occurrerit.
2748 5176 2808 5232 Si
2860 5179 3057 5231 tamen
3107 5175 3395 5231 dilectioni
3446 5177 3636 5230 vestra:
3685 5162 3801 5223 tradi

2213 5272 2421 5342 scripta
2464 5275 2659 5325 nostra
2688 5272 2942 5341 patuere,
2980 5286 3107 5340 qua:
3151 5286 3265 5324 non
3303 5270 3488 5324 solum
3529 5261 3802 5339 apostolicae

2212 5364 2367 5420 Sedis
2414 5364 2764 5429 auctoritate,
2803 5362 2904 5418 sed
2929 5363 3101 5418 etiam
3137 5366 3346 5418 sanctae
3383 5361 3582 5434 synodi
3614 5370 3726 5431 quia
3745 5350 3801 5406 ad

2210 5476 2313 5513 nos
2344 5458 2613 5529 frequens
2643 5462 3003 5525 convenerat,
3039 5456 3419 5511 unanimitate
3453 5455 3657 5510 directa
3677 5449 3799 5511 ειιηίν

2210 5551 2352 5607 utin
2377 5551 2466 5606 his
2490 5554 2757 5623 quantam
2790 5566 2988 5605 curam
3016 5549 3191 5605 totius
3222 5548 3484 5604 Ecclesiae
3508 5545 3797 5602 habeamus.

2209 5648 2501 5717 appareat,
2525 5645 2802 5699 hortando
2828 5644 3043 5699 scilicet
3060 5645 3314 5699 omnium
3344 5641 3595 5697 ﬁdelium
3616 5635 3798 5692 mentes

2211 5742 2268 5793 et
2291 5737 2858 5794 clementissimorum
2892 5737 3218 5809 principum
3260 5735 3515 5808 praesidia
3544 5733 3608 5787 ad
3636 5726 3795 5784 defen‘

2211 5832 2429 5889 sionem
2454 5832 2585 5887 ﬁdei
2612 5831 2971 5910 postulando,
3002 5847 3247 5910 quorum
3290 5829 3417 5906 pios
3448 5831 3503 5885 et
3533 5820 3795 5881 catholicas
