4026 6182
186 300 271 353 789

1380 289 1853 347 DECRE'I‘ALIUM
1892 289 2277 345 COLLECTIO.

3397 295 3500 347 790

180 408 371 462 animos
418 420 529 458 non
572 401 876 457 difﬁdimus
931 417 1100 473 opem
1156 404 1326 472 atque
1368 400 1764 457 auctoritatem
1786 408 1988 482 Asam
2014 400 2335 470 apostolica
2362 402 2521 457 Sedis
2540 401 2742 457 scrinia
2770 406 3155 472 susceperant,
3177 401 3502 473 praeceden-

180 517 311 555 suam
350 498 511 570 justis
556 495 925 568 petitionibus
972 494 1343 567 prastituros,
1411 511 1526 566 quo
1579 494 1765 565 citius,

179 594 454 650 auxiliante
503 591 761 659 Domino,
809 589 1129 662 perniciosa
1171 588 1403 644 haresis
1449 592 1505 644 et
1552 588 1767 644 dudum

177 690 467 742 sanctorum
497 687 725 740 Patrum
755 683 1090 739 auctoritate
1117 683 1388 738 damnata
1414 699 1545 755 qua
1586 698 1769 753 nuper

175 780 348 853 Ephesi
367 779 508 834 male
527 778 720 850 adjuta
753 782 855 848 est,
898 777 1210 833 auferatur.
1240 776 1472 831 Interim
1502 793 1635 831 vero
1674 776 1768 831 det

175 891 376 946 operam
410 877 686 944 quantum
721 871 843 927 ﬁeri
870 874 1056 944 potest
1080 874 1262 926 vestra
1292 869 1518 925 dilectio
1544 874 1609 925 ut
1638 887 1762 925 om-

174 968 315 1022 nibus
347 966 597 1021 Ecclesia
644 966 773 1021 filiis
814 965 1145 1035 innotescat,
1186 965 1337 1037 quod
1374 963 1616 1036 impium
1646 980 1768 1019 sen-

174 1079 279 1116 sum
308 1061 608 1116 secundum
634 1060 952 1116 doctrinam
992 1059 1378 1131 evangelicam
1407 1062 1465 1113 et
1493 1058 1763 1130 apostoli-

172 1173 274 1211 cam
298 1154 675 1226 praedicamus.
697 1154 837 1218 Quia
862 1153 993 1209 licet
1019 1155 1189 1225 plene
1219 1169 1348 1224 qua
1374 1169 1602 1224 semper
1626 1152 1763 1207 fuis-

172 1253 255 1315 set,
286 1254 443 1320 atque
488 1252 637 1303 esset
682 1246 1093 1303 catholicorum
1144 1245 1430 1301 sententia
1470 1245 1779 1329 scripseri-l

169 1360 291 1409 mus,
322 1346 506 1397 tamen
529 1357 682 1396 nunc
705 1357 933 1413 quoque
959 1341 1032 1395 ad
1058 1339 1481 1395 conﬁrmandus
1502 1340 1764 1394 omnium

170 1441 357 1491 mentes
381 1452 495 1491 non
514 1452 722 1507 parum
748 1434 1152 1490 exhortationis
1178 1433 1521 1489 addidimus.
1549 1434 1767 1489 Memor

172 1531 299 1585 enim
323 1547 441 1585 sum
464 1545 557 1585 me
587 1530 692 1584 sub
731 1528 883 1584 illius
920 1528 1153 1584 nomine
1181 1527 1507 1600 prasidere,
1536 1527 1698 1599 cujus
1731 1545 1765 1582 a

171 1623 377 1678 Domino
422 1626 549 1679 Jesu
582 1622 806 1679 Christo
850 1628 934 1678 est
982 1621 1293 1695 gloriﬁcata
1347 1621 1645 1689 confessio,
1706 1624 1765 1675 et

170 1720 301 1789 cujus
338 1717 472 1773 ﬁdes
522 1733 724 1773 omnes
769 1716 1003 1789 quidem
1045 1717 1296 1771 hareses
1340 1715 1614 1783 destruit,
1664 1714 1763 1771 sed

171 1811 381 1866 maxime
405 1812 761 1883 impietatem
788 1810 1092 1883 prasentis
1120 1809 1329 1865 erroris
1356 1812 1673 1881 expugnat;
1707 1781 1839 1863 etB

171 1902 390 1973 intelligo
422 1901 567 1957 mihi
614 1901 768 1957 aliud
805 1918 922 1958 non
953 1901 1124 1957 licere
1149 1917 1325 1974 quam
1352 1905 1418 1956 ut
1445 1916 1648 1955 omnes
1676 1915 1765 1954 co-

170 1999 305 2049 natus
330 2012 479 2050 meos
507 1995 558 2051 ei
586 2012 770 2051 causa
794 1998 855 2051 in
884 2013 998 2068 qua
1025 1994 1358 2051 universalis
1384 1993 1646 2050 Ecclesia
1672 2010 1757 2047 sa-

170 2090 237 2142 lus
254 2089 547 2157 infestatur,
579 2090 933 2162 impendam.
953 2092 1031 2145 Ne
1052 2093 1248 2145 autem
1265 2088 1454 2160 aliqua
1470 2087 1762 2159 negligen-

170 2182 244 2236 tia
283 2184 564 2239 occasione
611 2185 823 2256 scripta
867 2186 1061 2239 nostra
1092 2183 1165 2238 ad
1203 2199 1303 2238 vos
1328 2200 1442 2238 non
1470 2181 1765 2254 potuerint

168 2278 443 2347 pervenire,
495 2279 853 2350 exemplaria
900 2278 1237 2334 eorumdem
1279 2294 1430 2333 nunc
1480 2276 1763 2333 mittenda

168 2370 492 2441 credidimus,
522 2377 593 2427 ut
618 2372 779 2427 nullo
807 2371 981 2427 modo
1003 2371 1135 2427 ﬁdei
1166 2388 1340 2443 quam
1375 2370 1758 2438 defendimus,

166 2464 450 2532 pradicatio
475 2468 686 2520 nostra
711 2465 932 2520 notitia
952 2466 1336 2521 subtrahatur.
1370 2466 1510 2520 Data
1534 2465 1760 2519 decimo

168 2560 295 2611 sexto
322 2558 599 2613 Kalendas
627 2559 853 2631 Aprilis,
885 2559 1279 2615 Valentiniano
1308 2562 1561 2630 Augusto
1591 2560 1681 2614 VII
1705 2563 1761 2614 et

167 2652 347 2706 Amano
369 2654 410 2706 V
434 2652 785 2711 consulibus.

399 2748 525 2801 XVI.
559 2777 632 2787 ——
660 2747 756 2801 Ad
786 2747 1137 2802 Theodosium
1162 2749 1483 2815 Augustum.

223 2839 314 2893 Leo
336 2840 633 2913 episcOpus
661 2842 974 2895 Tueonosxo
1004 2843 1281 2911 Augusto,
1312 2845 1422 2895 etc.

220 2933 469 2988 Omnibus
488 2934 725 3006 quidem
751 2937 953 2988 vestra
974 2934 1204 3006 pietatis
1220 2933 1477 3005 epistolis
1492 2934 1643 2989 inter
1664 2949 1759 2988 eas

168 3026 525 3083 sollicitudines
553 3045 699 3101 quas
726 3045 829 3100 pro
866 3028 978 3083 ﬁde
1007 3028 1256 3100 patimur
1282 3044 1443 3099 spem
1480 3026 1642 3082 nobis
1670 3043 1755 3081 se-

167 3120 377 3175 curitatis
412 3122 726 3177 maximam
752 3122 1095 3193 praestitistis
1124 3122 1415 3176 Nicanum
1458 3137 1751 3176 commen-

168 3213 321 3268 dando
362 3216 687 3282 concilium,
730 3215 873 3270 adeo
914 3219 977 3269 ut
1011 3215 1081 3269 ab
1126 3216 1243 3282 illo,
1291 3215 1437 3269 sicut
1461 3231 1611 3286 sape
1632 3214 1754 3285 jam

168 3306 384 3375 scribitis,
423 3326 539 3364 non
571 3309 870 3381 patiamini
912 3309 1230 3364 sacerdotes
1255 3308 1482 3364 Domini
1511 3308 1754 3363 deviare.

165 3400 251 3455 Sed
277 3419 340 3456 ne
364 3404 578 3475 aliquid
601 3404 660 3458 in
685 3403 1083 3475 prajudicium
1102 3403 1394 3458 catholica
1413 3402 1758 3457 defensionis

166 3492 352 3550 viderer
374 3498 554 3568 egisse
589 3497 661 3551 de
708 3497 1071 3552 ordinatione
1100 3498 1220 3568 ejus
1250 3497 1350 3569 qni
1373 3495 1758 3553 Constantino—

165 3588 388 3655 politanae
412 3591 649 3663 coeperit
673 3591 925 3645 ecclesia
946 3591 1270 3661 praesidere,
1286 3590 1432 3645 nihil
1451 3589 1680 3645 interim
1696 3589 1754 3643 in

164 3680 450 3739 alterutram
498 3687 723 3757 partem
771 3690 988 3739 temere
1041 3684 1471 3739 rescribendum
1526 3682 1753 3754 putavi,

163 3764 265 3829 non.
281 3776 635 3833 dilectionem
657 3795 891 3850 negans,
916 3779 1013 3834 sed
1038 3778 1550 3832 manifestationem
1568 3776 1757 3831 catho-

167 3865 259 3921 licae
296 3871 539 3926 veritatis
577 3875 929 3943 exspectans.
976 3871 1137 3936 Quod
1168 3871 1563 3943 aequanimiter
1588 3871 1753 3939 ferat,

165 3960 381 4034 obsecro,
406 3970 595 4022 vestra
624 3965 952 4033 clementia,
982 3970 1046 4020 ut
1074 3982 1203 4020 cum
1229 3966 1403 4019 talem
1439 3982 1495 4020 se
1536 3981 1672 4036 erga
1697 3965 1757 4017 ῐὶε

164 4052 265 4108 dem
289 4059 615 4114 catholicam
633 4059 861 4130 qualem
890 4058 1168 4130 cupimus,
1193 4058 1536 4129 approbarit,
1554 4058 1622 4113 de
1641 4058 1754 4112 sin-

164 4150 352 4206 caritate
378 4153 553 4225 ipsius
580 4132 824 4224 copiosis
873 4156 929 4207 et
976 4154 1225 4207 securius
1263 4153 1630 4223 gaudeamus.
1679 4153 1756 4206 Ne

166 4255 270 4296 vero
290 4245 468 4317 aliqua
504 4247 671 4301 illum
709 4247 779 4301 de
807 4248 1002 4301 nostro
1027 4246 1218 4300 animo
1248 4246 1506 4300 mordeat
1529 4246 1757 4300 sinistra

168 4337 388 4407 suspicio,
416 4341 771 4396 occasionem
798 4340 970 4395 totius
989 4339 1337 4394 difficultatis
1361 4355 1615 4406 amoveo,
1652 4356 1755 4393 nec

166 4427 343 4500 aliquid
366 4435 531 4507 exigo
554 4434 695 4506 quid
723 4439 820 4489 aut
840 4434 1084 4488 arduum
1108 4433 1364 4487 videatur
1380 4435 1477 4486 aut
1498 4432 1755 4499 dubium,

1866 499 2009 555 tium
2072 496 2262 551 sensui
2306 496 2658 570 perspexerit
2710 497 3141 562 consonantem,
3200 494 3500 566 Ephesina

1866 593 2040 649 etiam
2065 592 2265 664 synodi
2293 596 2513 663 gestare
2537 594 2789 657 censent,
2817 589 3022 661 quibus
3042 593 3239 643 contra
3257 587 3501 643 Nestorii

1866 687 2227 759 impietatem
2258 690 2314 740 et
2342 702 2376 740 a
2403 689 2608 739 sancta
2638 683 2929 738 memoria
2953 682 3160 755 Cyrillo
3181 681 3413 749 inserta,
3442 684 3500 736 et

1865 781 2106 853 allegata
2146 785 2280 835 sunt
2318 779 2390 834 de
2416 778 2804 833 incarnatione
2840 776 3066 832 Domini
3091 775 3495 831 catholicorum

1865 873 2192 930 testimonia
2213 872 2594 928 sacerdotum.
2617 874 2741 927 Non
2761 875 3092 943 aspernetur
3110 870 3283 925 etiam
3302 884 3495 924 meam

1866 969 2164 1041 epistolam
2185 948 2495 1034 recensere,
2521 982 2693 1037 quam
2713 965 2906 1036 pietati
2936 966 3168 1020 Patrum
3186 980 3290 1035 per
3306 963 3496 1019 omnia

1865 1063 2210 1117 concordare
2238 1060 2504 1132 reperiet.
2539 1060 2797 1130 Cumque
2832 1075 2866 1112 a
2895 1073 2956 1112 se
2983 1057 3094 1112 hoc
3120 1057 3275 1129 quod
3312 1056 3495 1112 eidem

1864 1156 2225 1228 profuturum
2240 1156 2313 1209 sit
2331 1154 2522 1226 expeti
2542 1152 2974 1224 desiderarique
3010 1150 3361 1222 cognoverit,
3399 1166 3494 1205 ca-

1865 1249 2209 1305 tholicorum
2249 1247 2545 1303 sententiis
2586 1249 2700 1301 toto
2734 1245 2904 1301 corde
2943 1244 3275 1300 consentiat.
3315 1246 3395 1298 lta
3434 1247 3499 1297 ut

1864 1343 2142 1398 sinceram
2186 1341 2612 1397 communionis
2653 1340 2785 1396 fidei
2824 1339 3236 1413 professionem
3270 1337 3497 1392 absolu-

1863 1436 2081 1491 tissima
2109 1436 2525 1508 subscriptione
2561 1451 2751 1491 coram
2780 1433 2938 1489 omni
2970 1434 3122 1489 clero
3153 1436 3212 1488 et
3237 1432 3500 1487 universa

1862 1530 2028 1601 plebe
2057 1529 2323 1598 declaret,
2369 1528 2689 1601 apostolica
2720 1527 2853 1584 Sedi
2884 1532 2939 1582 et
2968 1526 3243 1583 universis
3273 1525 3496 1581 Domini

1862 1623 2241 1678 sacerdotibus
2268 1627 2440 1694 atque
2467 1622 2715 1678 ecclesiis
2740 1621 3163 1693 publicandam,
3192 1624 3276 1689 ut,
3303 1619 3496 1690 pacifi-

1862 1721 1983 1771 cato
2004 1732 2107 1787 per
2132 1733 2308 1771 unam
2328 1716 2500 1771 fidem
2518 1715 2759 1783 mundo,
2779 1715 3059 1786 possimus
3076 1730 3278 1769 omnes
3306 1712 3498 1768 dicere

1862 1809 2011 1881 quod
2038 1810 2229 1881 angeli
2258 1813 2397 1865 nato
2430 1810 2499 1865 de
2530 1808 2698 1865 Maria
2723 1809 2945 1880 virgine
2972 1808 3259 1864 Salvatore
3287 1807 3499 1861 cecine-

1861 1907 1995 1958 runt
2020 1920 2033 1958 :
2059 1923 2086 1955 «
2108 1904 2294 1959 Gloria
2312 1904 2372 1958 in
2390 1904 2624 1959 excelsis
2642 1904 2779 1973 Deo,
2800 1907 2857 1958 et
2876 1903 2935 1957 in
2956 1905 3110 1957 terra
3130 1918 3238 1973 pax
3254 1900 3500 1956 homini-

1861 1998 1966 2052 bus
1991 1997 2158 2052 bona
2178 1997 2485 2053 voluntatis
2517 1997 2665 2069 (Luc.
2703 2013 2761 2066 ιι,
2790 1996 2895 2068 14).
2927 2018 2955 2046 ››
2987 1996 3126 2060 Quia
3150 2010 3283 2051 vero
3314 1999 3371 2049 et
3394 2009 3498 2049 nos

1864 2092 1921 2146 et
1944 2090 2097 2146 beati
2126 2092 2320 2147 Patres
2336 2091 2540 2159 nostri,
2570 2106 2817 2162 quorum
2837 2089 3158 2145 doctrinam
3187 2093 3243 2143 et
3267 2103 3500 2143 venera-

1861 2201 1994 2239 mur
2036 2188 2094 2240 et
2140 2184 2454 2257 sequimur,
2496 2184 2553 2239 in
2587 2184 2754 2239 unius
2779 2183 2910 2239 ﬁdei
2946 2182 3252 2238 concordia
3279 2198 3494 2247 sumus,

1861 2278 2006 2334 sicut
2033 2279 2453 2351 provinciarum
2486 2277 2748 2334 omnium
2782 2279 3173 2349 protestantur
3194 2275 3493 2341 antistites,

1859 2378 1995 2445 agat
2021 2373 2340 2428 clementia
2377 2376 2576 2428 vestra
2616 2370 2975 2427 devotissima
3004 2369 3164 2437 ﬁdes,
3197 2374 3259 2425 ut
3288 2384 3493 2442 quam-

1859 2466 2114 2539 primum
2134 2467 2208 2522 ad
2238 2483 2342 2521 nos
2359 2464 2971 2538 Constantinopolitani
3005 2463 3277 2535 episcopi,
3308 2461 3497 2535 qualia

1859 2561 2062 2615 debeat
2090 2560 2311 2632 probati
2349 2563 2407 2615 et
2428 2560 2693 2615 catholici
2733 2559 3039 2614 sacerdotis
3068 2557 3271 2629 scripta
3302 2572 3498 2629 perve-

1859 2654 2038 2723 niant,
2086 2657 2282 2726 aperte
2327 2653 2558 2722 scilicet,
2602 2659 2773 2726 atque
2813 2652 3057 2707 dilucide
3101 2650 3493 2723 protestantia,

1858 2748 2009 2820 quod
2036 2748 2084 2803 si
2112 2748 2239 2821 quis
2271 2748 2342 2803 de
2364 2747 2751 2803 incarnatione
2780 2745 2947 2802 Verbi
2975 2746 3076 2800 Dei
3105 2744 3257 2800 aliud
3282 2743 3494 2815 aliquid

1859 2841 2054 2896 credat
2092 2847 2190 2897 aut
2230 2845 2444 2898 asserat
2485 2858 2658 2914 quam
2700 2840 3111 2896 catholicorum
3153 2837 3411 2893 omnium
3442 2841 3498 2891 et

1859 2950 1985 2989 mea
2012 2935 2284 3006 professio
2310 2938 2679 3008 protestatur,
2710 2936 2865 2990 hunc
2902 2951 2936 2990 a
2964 2950 3063 2989 sua
3093 2932 3494 2988 communione

1857 3033 2132 3097 secernat,
2161 3033 2227 3084 ut
2253 3030 2305 3085 ei
2338 3031 2649 3086 fraternam
2676 3029 2735 3085 in
2758 3028 2981 3085 Christo
3008 3027 3345 3083 charitatem
3374 3040 3493 3080 me-

1856 3122 1966 3176 rito
1986 3123 2268 3193 possimus
2299 3124 2653 3196 impendere.
2688 3125 2757 3180 Ut
2783 3127 2978 3179 autem
3000 3121 3318 3177 salubribus
3344 3119 3496 3174 curis
3526 3112 3537 3123 ’

1854 3216 2098 3271 velocior
2144 3217 2494 3289 pleniorque,
2540 3218 2843 3273 auxiliante
2873 3217 3132 3283 Domino,
3165 3232 3267 3287 per
3295 3216 3494 3268 vestra

1855 3310 2174 3364 clementia
2224 3311 2396 3366 ﬁdem
2452 3315 2755 3382 prastetur
2811 3312 3064 3377 affectus,
3118 3310 3187 3365 ad
3219 3309 3492 3380 pietatem

1854 3407 2100 3459 vestram
2129 3405 2329 3459 fratres
2358 3409 2415 3460 et
2440 3405 2797 3476 coepiscopos
2830 3410 3054 3459 nostros
3081 3402 3410 3457 Abnndium
3440 3405 3494 3453 et

1855 3498 2157 3563 Asterium,
2180 3498 2277 3553 sed
2310 3501 2367 3552 et
2394 3498 2663 3553 Basilium
2687 3504 2744 3552 et
2764 3499 3089 3553 Senatorem
3108 3495 3489 3567 presbyteros,

1858 3607 2104 3662 quorum
2130 3591 2273 3645 mihi
2303 3592 2524 3647 devotio
2561 3598 2645 3648 est
2679 3591 2939 3662 probata,
2976 3590 3178 3658 direxi,
3218 3605 3318 3660 per
3352 3604 3493 3659 quos

1856 3701 1984 3756 qua
2015 3687 2224 3739 nostra
2249 3685 2431 3740 forma
2456 3687 2526 3741 sit
2552 3684 2685 3740 fidei
2705 3684 3081 3740 manifestatis
3102 3681 3490 3737 instructioni-

1856 3777 1961 3831 bus
1981 3794 2124 3849 quas
2145 3777 2427 3846 misimus,
2451 3779 2674 3850 possitis
2696 3778 3000 3849 dignanter
3018 3792 3351 3849 agnoscere,
3366 3778 3429 3828 ut
3447 3774 3491 3827 si

1855 3870 2510 3943 Constantiuopolitanus
2537 3873 2771 3928 antistes
2804 3874 2861 3927 in
2892 3872 3154 3927 eamdem
3191 3866 3487 3924 confessio-

1856 3980 1987 4019 nem
2019 3968 2138 4019 toto
2173 3965 2342 4020 corde
2374 3966 2677 4036 consentit,
2707 3967 2889 4021 securi
2922 3966 3002 4034 (ut
3021 3964 3260 4036 dignum
3283 3964 3384 4033 est)
3419 3962 3488 4017 de

1857 4057 2235 4113 ecclesiastica
2252 4075 2389 4130 pace
2425 4047 2704 4128 latei'nur,
2728 4077 2915 4132 neque
2945 4059 3093 4114 aliud
3130 4058 3381 4113 residere
3406 4057 3488 4111 vi-

1857 4153 2059 4208 deatur
2073 4153 2429 4225 ambiguum,
2459 4157 2524 4207 ut
2549 4154 2617 4209 de
2646 4154 2948 4225 superfluis
2972 4154 3211 4209 forsitan
3232 4151 3493 4224 suspicio-

1856 4243 2027 4298 nibus
2050 4244 2397 4299 laboremus.
2423 4244 2520 4300 Sin
2547 4261 2681 4299 vero
2697 4245 2874 4317 aliqui
2890 4262 2922 4299 a
2940 4244 3188 4317 puritate
3206 4247 3413 4299 nostra
3435 4243 3493 4296 ﬁ-

1858 4336 1950 4390 dei
1977 4342 2148 4408 atque
2172 4339 2406 4393 Patrum
2438 4339 2774 4393 auctoritate
2805 4339 3169 4403 dissentiunt,
3189 4336 3493 4392 concilium

1861 4430 2177 4486 universale
2208 4431 2355 4486 intra
2394 4431 2610 4486 Italiam
2640 4433 2783 4488 sicut
2808 4433 3054 4504 synodus
3078 4449 3207 4504 qua
3238 4432 3309 4487 ob
3346 4432 3491 4485 hanc

166 4522 240 4575 sed
268 4526 331 4579 ad
356 4527 410 4581 id
436 4528 591 4600 quod
626 4527 815 4582 nullus
854 4527 1260 4581 catholicorum
1308 4526 1518 4581 refutet
1554 4526 1753 4581 invito.
1776 4527 1835 4600 D
1858 4540 2083 4578 causam
2125 4525 2317 4578 Roma
2363 4530 2723 4592 convenerat,
2751 4543 2976 4580 mecum
3000 4526 3163 4596 petit,
3193 4524 3493 4580 clementia

167 4612 265 4669 Noti
289 4620 433 4675 enim
461 4625 597 4677 sunt
626 4638 728 4693 per
757 4621 1084 4676 universum
1115 4620 1398 4675 mundum
1434 4623 1605 4691 atque
1635 4636 1755 4674 ma-

166 4706 323 4765 nifesti
362 4714 457 4785 qui
492 4721 625 4770 ante
668 4732 789 4782 nos,
812 4715 927 4769 sive
958 4714 1169 4781 Graeca,
1200 4713 1315 4768 sive
1343 4713 1539 4768 Latina
1562 4712 1758 4786 lingua

166 4797 209 4852 in
250 4807 520 4863 catholica
575 4807 824 4863 veritatis
882 4807 1281 4879 pradicatione
1332 4807 1635 4874 fulserunt,
1686 4807 1755 4861 ad

164 4910 371 4962 quorum
409 4903 708 4958 scientiam
750 4906 919 4974 atque
957 4901 1272 4956 doctrinam
1318 4900 1553 4972 quidam
1587 4900 1756 4955 etiam

166 4994 343 5046 nostra
384 4996 562 5050 atatis
615 4995 847 5063 cedunt,
889 4997 958 5051 de
1002 5011 1245 5067 quorum
1289 4993 1511 5065 scriptis
1558 5010 1661 5065 par
1700 4999 1758 5050 et

166 5083 424 5156 multiplex
467 5090 758 5162 profertur
789 5090 1101 5144 instructio.
1135 5088 1274 5153 Qua
1309 5088 1455 5142 sicut
1485 5088 1757 5142 Nestoria-

164 5187 275 5230 Ham
320 5180 576 5238 haresim
627 5183 923 5249 destruxit,
974 5183 1051 5237 ita
1090 5182 1259 5238 etiam
1301 5183 1454 5237 hunc
1480 5182 1576 5254 qui
1606 5198 1757 5236 nunc

165 5272 432 5337 repullulat
452 5276 686 5332 abscidit
720 5293 989 5332 errorem.
1034 5277 1266 5347 Relegat
1298 5276 1492 5347 itaque
1525 5275 1756 5331 sollicite

166 5375 271 5427 qua
294 5382 323 5418 a
347 5370 545 5423 sanctis
570 5370 830 5426 Patrihus
855 5370 1261 5425 incarnationis
1286 5369 1593 5426 Dominica
1619 5369 1756 5425 ﬁdes

167 5450 307 5511 fuerit
343 5464 608 5519 custodita
648 5480 987 5536 semperque
1023 5464 1286 5519 similiter
1322 5464 1654 5536 pradicata,
1700 5467 1757 5518 et

164 5554 338 5605 sancta
358 5559 635 5613 memoria
662 5558 854 5630 Cyrilli
879 5557 1242 5614 Alexandrini
1271 5556 1523 5628 episcopi
1553 5556 1758 5627 episto-

167 5636 257 5695 lam
278 5661 377 5714 Qua
396 5649 710 5708 Nestorium
731 5652 1017 5725 corrigere
1039 5655 1095 5706 et
1116 5668 1318 5706 sanare
1336 5650 1531 5717 voluit,
1554 5666 1757 5721 pravas

167 5736 550 5799 praedicationes
578 5746 753 5817 ipsius
778 5763 1024 5818 arguens
1052 5749 1110 5801 et
1131 5744 1449 5801 evidentius
1472 5744 1642 5799 ﬁdem
1668 5742 1758 5798 Ni-

173 5839 315 5885 Cmna
345 5833 688 5895 diffinitionis
715 5857 1025 5913 exponens,
1058 5855 1389 5913 quanquam
1426 5837 1495 5891 ab
1525 5853 1588 5891 co
1619 5836 1752 5891 mis-

1857 4622 2035 4671 vestra
2065 4617 2353 4686 concedat,
2380 4622 2441 4672 ut
2459 4618 2518 4672 in
2541 4636 2720 4673 unum
2743 4619 3207 4674 convenientibus
3228 4618 3493 4673 omnibus

1858 4710 1946 4765 his
1962 4710 2067 4781 ,qui
2089 4714 2187 4765 aut
2208 4710 2554 4783 ignorantia,
2586 4716 2686 4767 aut
2710 4713 2917 4767 timore
2943 4712 3195 4785 prolapsi
3217 4715 3347 4766 sunt
3375 4727 3493 4766 cor-

1858 4804 2123 4859 rectionis
2152 4805 2421 4860 remediis
2449 4806 2795 4874 consulatur,
2825 4823 2928 4861 nec
2954 4807 3221 4879 cuiquam
3251 4807 3396 4863 ultra
3424 4806 3496 4861 sit
3596 4833 3601 4837 -

1856 4899 2095 4953 liberam
2124 4899 2202 4954 ita
2248 4899 2491 4954 Nicana
2540 4900 2744 4971 synodi
2796 4900 2983 4955 facere
3024 4902 3397 4972 mentionem,
3436 4907 3494 4956 ut

1858 4992 1980 5063 ejus
2006 4993 2138 5047 fidei
2164 4992 2483 5048 inveniatur
2524 5010 2645 5048 esse
2684 4994 3016 5050 contrarius.
3055 4996 3334 5060 Quoniam
3376 4996 3494 5050 uni-

1856 5103 2031 5140 versa
2058 5092 2112 5141 et
2142 5087 2405 5141 Ecclesia
2438 5094 2494 5142 et
2524 5093 2709 5143 vestro
2734 5088 2840 5142 hoc
2868 5089 3110 5161 imperio
3130 5090 3491 5162 profuturum

1858 5185 1961 5245 est,
1992 5180 2036 5234 si
2066 5196 2213 5234 unus
2241 5181 2406 5250 Deus,
2440 5185 2497 5235 et
2526 5198 2638 5235 una
2664 5183 2827 5253 fides,
2861 5200 3046 5239 unum
3073 5186 3489 5239 sacramentum

1856 5274 2050 5328 salutis
2080 5274 2371 5342 humana,
2404 5275 2567 5329 unius
2598 5277 2772 5331 totius
2800 5279 3000 5334 mundi
3020 5278 3367 5334 confessione
3410 5280 3491 5329 tc-

1856 5372 2079 5423 neatur.
2115 5369 2255 5422 Data
2283 5369 2503 5423 decimo
2545 5370 2790 5442 septimo
2820 5372 3199 5427 Kalendarum
3230 5369 3489 5439 Augusti.

2132 5462 2285 5515 XVII.
2316 5492 2382 5502 —
2407 5464 2498 5518 Ad
2537 5465 2873 5521 Pulcheriam
2898 5468 3219 5535 Augustam.

1928 5556 2036 5609 Leo
2064 5554 2360 5626 episcopus
2390 5558 2713 5614 PULCHERUE
2739 5562 3024 5629 Augusta.

1926 5648 2152 5703 Gaudeo
2201 5647 2334 5702 ﬁdei
2379 5650 2697 5705 clementia
2736 5656 2936 5705 vestra
2964 5651 3114 5723 quod
3159 5651 3491 5724 religiosum

1855 5741 2111 5795 studium
2139 5740 2447 5812 dignanter
2494 5743 2837 5814 impenditis,
2874 5749 2938 5799 ut
2978 5762 3081 5816 pax
3121 5744 3491 5801 ecclesiastica

1856 5836 2176 5902 renovetur,
2218 5850 2344 5909 qua
2388 5836 2722 5892 earumdem
2777 5837 3221 5896 dissensionibus
3273 5839 3493 5899 videtur
