4026 6182
486 272 581 325 791

1376 270 1657 325 ᾹΡΡΕΝΙ).
1699 270 1787 325 AD
1823 270 1982 324 SASC.
2025 268 2114 322 IX.
2138 296 2204 306 —-—-
2244 266 2487 322 lSlDURl
2526 262 2952 321 MERCATORIS
3745 263 3835 315 792

483 394 605 432 esse
638 375 881 431 turbata.
924 377 1166 430 Debetur
1217 376 1371 431 enim
1407 376 1513 430 hoc
1550 380 1752 432 vestras
1795 376 2114 448 specialiter
2133 373 2440 459 Ajustitiae
2461 376 2517 427 et
2533 370 2949 427 benevolentia
2967 385 3281 442 congruere
3300 367 3543 423 arbitror
3564 367 3837 422 conﬁden'

486 469 704 542 gloriae,
737 473 798 524 ut
822 469 1021 524 ablatis
1048 470 1314 525 omnibus
1341 470 1621 526 scandalis
1650 487 1778 541 quae
1804 476 2003 525 contra
2032 487 2123 525 ca-

482 563 749 620 tholicam
779 561 953 618 ﬁdem
979 563 1243 618 inimicus
1269 563 1635 631 excitaverat,
1667 580 1779 619 una
1800 563 2122 635 eademque

483 658 558 713 sit
580 672 685 728 per
710 659 893 712 totum
914 657 1197 712 mundum
1223 658 1504 713 confessio
1532 657 1806 727 veritatis,
1837 674 1964 729 quae
1992 658 2123 713 faci-

481 750 591 806 lius
643 749 967 822 certiusque
1019 750 1380 822 reparabitur
1410 751 1457 806 si
1501 767 1807 822 pravorum
1848 768 2121 807 sensuum

484 840 641 893 nulla
666 838 903 908 semina,
945 839 1101 894 nulla
1120 839 1357 911 vestigia
1379 840 1799 912 relinquantur.
1835 840 2001 904 Quod
2032 845 2119 896 ta-

481 948 620 987 men
651 948 910 987 mearum
938 932 1190 1004 partium
1216 936 1319 1001 est,
1359 934 1655 1005 praeterire
1680 950 1796 988 non
1831 934 2030 1002 debeo,
2060 939 2124 989 ut

484 1026 698 1081 scilicet
722 1025 858 1098 quid
887 1027 960 1081 de
985 1026 1382 1082 incarnatione
1403 1027 1525 1081 Filii
1551 1027 1646 1083 Dei
1673 1045 1707 1082 a
1732 1028 2123 1083 Constantino-

480 1119 741 1191 politano
785 1118 1050 1191 episcopo
1106 1125 1367 1175 teneatur
1417 1138 1761 1193 agnoscam,
1805 1122 2123 1193 praesertim

481 1228 616 1267 cum
650 1211 710 1266 in
741 1212 1099 1268 ordinatione
1130 1213 1306 1283 ipsius
1334 1214 1475 1269 dura
1504 1214 1920 1285 praecesserint,
1962 1216 2120 1269 talia-

481 1322 595 1376 que
638 1305 709 1360 ad
751 1322 855 1360 nos
897 1306 1160 1362 debuerit
1206 1306 1411 1379 scripta
1458 1307 1704 1379 dirigere
1743 1324 1871 1379 quae
1902 1308 2064 1363 illum
2092 1327 2123 1362 a

480 1398 822 1473 contagione
846 1399 1015 1471 huius
1039 1399 1135 1472 qui
1163 1417 1347 1472 nuper
1372 1401 1611 1456 emersit
1635 1400 1846 1456 erroris
1872 1401 2123 1456 alienum

485 1492 782 1548 evidenter
818 1493 1204 1549 ostenderent.
1240 1494 1450 1566 Optans
1488 1494 1681 1567 itaque
1706 1511 1964 1550 securam
1993 1512 2124 1550 cum

484 1602 553 1642 eo
570 1585 781 1641 habere
795 1586 1158 1642 concordiam
1168 1629 1182 1657 ,
1198 1588 1562 1661 gratiamque
1573 1588 1654 1643 illi
1666 1588 1935 1643 fraternae
1946 1589 2126 1644 chari-

484 1679 618 1734 tatis
658 1679 1014 1751 impendere,
1060 1680 1303 1736 scribere
1329 1681 1382 1736 ei
1406 1681 1638 1737 interim
1672 1681 1867 1737 distuli
1899 1699 2014 1737 non
2039 1682 2120 1737 di-

2218 471 2306 522 ter
2321 467 2628 535 insinuem,
2644 482 2759 538 quo
2776 464 3012 520 celerius
3029 480 3157 534 quae
3168 461 3409 535 propitio
3426 460 3648 516 Christo
3670 461 3842 531 pieta-

2218 561 2290 617 tis
2316 564 2516 616 vestrae
2561 559 2748 615 studio
2781 557 3340 630 irreprehensibilem
3375 556 3651 610 hactenus
3695 558 3841 624 gesta

2220 657 2354 709 sunt
2398 654 2472 708 ad
2515 653 2917 724 gratulandum
2959 651 3344 723 perducantur
3375 648 3659 704 effectum.
3694 648 3843 711 Quod

2221 764 2358 820 ergo
2401 748 2684 819 synodum
2731 745 3254 802 Chalcedonensem
3308 741 3500 798 haberi
3556 740 3848 796 clementia

2219 846 2408 897 vestra
2460 840 2732 912 praecepit
2778 856 2907 894 cum
2957 855 2992 894 a
3035 855 3130 893 me
3174 841 3238 892 ut
3274 837 3334 891 in
3368 836 3524 892 Italia
3551 835 3848 889 haberetur

2222 935 2603 990 mansuetudo
2647 939 2831 988 vestra
2863 932 3110 987 retineat
3151 931 3526 1002 postulatum,
3564 934 3631 983 ut
3662 944 3850 982 omnes

2222 1033 2550 1084 nostrarum
2578 1026 2828 1099 partium
2859 1025 3148 1081 convocati
3175 1024 3476 1089 antistites,
3506 1023 3555 1076 si
3584 1022 3851 1076 securitas

2222 1121 2500 1194 temporis
2542 1123 2871 1193 suppeteret
2914 1119 3301 1185 convenirent,
3334 1117 3471 1172 adeo
3520 1119 3714 1170 tamen
3751 1131 3851 1170 non

2223 1219 2595 1287 aspernanter
2634 1213 2845 1284 accepi,
2879 1216 2942 1268 ut
2960 1213 3129 1267 binos
3157 1212 3226 1267 de
3251 1208 3611 1281 coepiscopis
3639 1209 3783 1263 meis
3804 1214 3851 1263 et

2222 1308 2697 1381 compresbyteris
2715 1306 3062 1373 ordinarem,
3091 1304 3188 1378 qui
3212 1306 3390 1360 vicem
3416 1319 3606 1359 meam
3630 1303 3853 1374 implere

2224 1401 2566 1471 sufﬁcerent,
2589 1401 2737 1457 datis
2754 1401 2823 1455 ad
2844 1398 3225 1455 venerabilem
3246 1396 3531 1469 synodum
3546 1412 3853 1468 congruen-

2225 1496 2374 1551 tibus
2401 1494 2626 1567 scriptis
2654 1494 2864 1565 quibus
2896 1492 3224 1548 fraternitas
3251 1491 3527 1546 advocata
3550 1506 3851 1561 cognosce-

2225 1594 2312 1645 ret
2347 1605 2522 1661 quam
2549 1589 2797 1643 formam
2823 1603 3049 1642 servare
3069 1586 3129 1640 in
3145 1586 3248 1640 hac
3268 1583 3682 1655 dijudicatione
3705 1583 3855 1638 debe-

2224 1686 2330 1752 ret,
2362 1699 2434 1737 ne
2460 1683 2578 1738 ulla
2602 1681 2894 1737 temeritas
2919 1685 3023 1736 aut
3034 1679 3169 1735 ﬁdei
3192 1677 3425 1750 regulis,
3455 1680 3557 1731 aut
3582 1693 3853 1731 canonum

483 1772 790 1828 lectionem
836 1789 1073 1845 negans,
1115 1773 1214 1829 sed
1266 1774 1785 1830 manifestationem
1830 1775 2125 1830 catholicas
2146 1760 2202 1834 Β
2226 1776 2469 1846 statutis,
2515 1778 2617 1830 aut
2662 1773 3033 1845 benignitatis
3075 1771 3346 1827 remediis
3384 1770 3668 1825 obviaret.
3716 1771 3855 1825 Sicut

482 1865 734 1922 veritatis
764 1870 1120 1939 exspectans.
1147 1867 1399 1940 Simplex
1425 1868 1576 1924 enim
1604 1871 1691 1923 est
1707 1872 1880 1941 atque
1896 1868 2120 1924 absolu-

480 1962 627 2029 tum,
678 1960 833 2033 quod
862 1977 1049 2033 posco,
1085 1964 1166 2032 ut,
1202 1964 1421 2018 remoto
1458 1963 1760 2034 longarum
1787 1962 2123 2034 disputatio-

479 2069 623 2110 num
660 2053 879 2125 labore,
925 2059 1136 2111 sanctae
1174 2056 1473 2111 memoriae
1515 2055 1707 2128 Cyrilli
1751 2056 2120 2112 Alexandrini

482 2146 733 2220 episcopi
771 2147 1026 2219 epistolae
1052 2165 1228 2220 quam
1263 2149 1383 2220 ipse
1422 2149 1494 2204 ad
1518 2149 1836 2205 Nestorium
1865 2150 2119 2217 miserat,

484 2239 822 2312 acquiescat,
842 2241 905 2295 in
926 2257 1042 2314 qua
1056 2246 1113 2297 et
1127 2258 1383 2296 errorem
1402 2243 1643 2298 Nestorii
1669 2243 1859 2314 arguit
1875 2246 1932 2299 et
1947 2243 2123 2299 ﬁdem

482 2333 726 2389 Nicena:
772 2333 1118 2390 deﬁnitionis
1148 2335 1427 2407 exposuit,
1461 2339 1519 2390 et
1547 2336 1802 2409 epistolae
1821 2354 1964 2392 meae
1997 2355 2123 2410 quae

483 2426 552 2483 ad
593 2431 801 2483 sancta:
839 2428 1248 2485 recordationis
1280 2429 1609 2485 Flavianum
1656 2429 1991 2504 episcOpum
2038 2438 2123 2487 est

484 2519 724 2592 directa,
751 2522 1092 2579 consentiat.
1115 2523 1331 2588 Quibus
1348 2523 1656 2596 vigilanter
1674 2523 1959 2597 inspectis,
1985 2526 2125 2581 Con-

482 2614 1015 2688 stantinopolitanus
1065 2617 1299 2673 antistes
1360 2617 1780 2690 repudiandum
1822 2618 1927 2672 sibi
1969 2620 2123 2690 quod

480 2723 618 2763 ausa
646 2713 730 2764 est
754 2714 956 2765 contra
981 2726 1188 2782 puram
1218 2715 1274 2765 et
1298 2711 1649 2783 singularem
1668 2710 1841 2766 ﬁdem
1860 2711 2124 2784 imperita

477 2800 807 2872 insipientia
833 2802 1093 2873 deﬁnire,
1120 2803 1519 2860 incunctanter
1539 2807 1846 2876 agnoscat;
1891 2805 2027 2876 quia
2069 2811 2126 2862 et

479 2909 611 2949 mea
638 2897 696 2949 et
722 2900 1046 2951 sanctorum
1075 2898 1307 2952 Patrum
1355 2897 1425 2952 de
1464 2897 1852 2954 incarnatione
1900 2898 2124 2954 Domini

481 3003 719 3044 consors
747 2991 805 3043 et
830 3004 933 3060 per
961 2989 1152 3043 omnia
1189 2993 1247 3044 et
1268 3006 1383 3045 una
1408 2990 1685 3046 confessio
1719 2994 1825 3047 est.
1868 2992 2052 3057 Quam
2078 2993 2124 3048 si

482 3079 611 3152 quis
635 3080 1007 3137 mstimaverit
1031 3099 1145 3138 non
1168 3083 1541 3155 sequendam,
1562 3084 1683 3159 ipse
1710 3102 1770 3140 se
1789 3103 1822 3140 a
1846 3102 2121 3158 compage

481 3173 778 3229 catholicae
825 3175 1077 3231 veritatis
1117 3176 1430 3247 abscindet,
1459 3194 1589 3233 cum
1618 3184 1811 3235 tamen
1838 3196 1942 3235 nos
1977 3180 2120 3235 utin

479 3267 775 3340 integrum
820 3269 1014 3325 omnia
1052 3276 1387 3326 revocentur
1427 3277 1709 3344 optemus.
1742 3273 1825 3328 Ad
1856 3273 2121 3329 effectum

477 3376 614 3416 vero
639 3361 952 3418 salubrium
980 3362 1414 3436 dispositionum
1444 3366 1687 3420 velocius
1719 3366 2117 3434 obtinendum,

480 3454 687 3510 fratres
714 3459 772 3511 et
795 3456 1163 3529 coepiscopos
1192 3474 1351 3513 meos
1375 3459 1704 3515 Abundium
1734 3463 1793 3514 et
1815 3460 2116 3528 Asterium,

478 3548 580 3604 sed
604 3552 662 3604 et
686 3549 960 3606 Basilium
981 3554 1040 3606 et
1058 3552 1387 3608 Senatorem
1414 3553 1776 3625 presbyteros
1798 3554 2121 3625 probatissi-

480 3658 607 3697 mos
630 3643 781 3698 viros
809 3644 962 3712 misi,
990 3646 1090 3717 qui
1119 3645 1438 3702 clementiae
1476 3651 1677 3702 vestrae
1706 3648 1956 3703 formam
1986 3649 2121 3703 ﬁdei

480 3736 798 3792 secundum
824 3737 1142 3795 doctrinam
1164 3740 1579 3796 venerabilium
1594 3742 1828 3796 Patrum
1853 3742 2121 3814 praedica-

478 3847 628 3902 mus,
655 3830 914 3902 oﬁ'erent,
940 3837 997 3889 et
1015 3834 1247 3889 remotis
1267 3834 1880 3903 circumlocutionibus,
1911 3835 2119 3908 quibus

480 3924 768 3981 obscurari
793 3926 1002 3981 veritas
1020 3927 1182 3994 solet,
1212 3927 1351 4000 quid
1373 3927 1443 3983 de
1464 3927 1854 3984 incarnatione
1876 3929 2001 3984 Filii
2019 3929 2119 3984 Dei

481 4036 515 4073 a
552 4018 725 4075 totius
765 4019 917 4075 orbis
952 4020 1207 4092 probatis
1236 4021 1624 4077 sacerdotibus
1649 4022 1945 4078 defensum
1974 4023 2115 4078 fuis-

477 4115 582 4180 set,
609 4113 991 4169 ostenderent.
1023 4116 1172 4179 Quos
1201 4120 1331 4186 post
1354 4115 1605 4171 divinam
1636 4117 1880 4188 gratiam
1922 4120 2118 4171 sancto

478 4207 681 4260 vestrae
712 4205 942 4276 pietatis
976 4207 1189 4263 auxilio
1230 4208 1482 4279 dignum
1527 4213 1613 4264 est
1636 4208 1911 4281 adjuvari,
1957 4226 2028 4265 ne
2057 4210 2115 4263 in

438 4312 459 4331 ο
482 4296 657 4352 totius
701 4298 965 4353 Ecclesiae
1010 4300 1504 4370 perturbationem
1545 4302 1877 4373 imprudens
1906 4318 2115 4373 praece-

480 4390 577 4444 dat
600 4390 907 4457 contentio,
936 4408 1067 4446 cum
1087 4394 1437 4450 correctione
1457 4394 1709 4449 adhibita
1732 4411 1933 4451 omnes
1954 4413 2118 4468 opor-

2142 3130 2197 3205 C

2220 1870 2377 1926 enim
2403 1887 2437 1924 a
2461 1868 2742 1941 principio
2762 1868 2935 1939 hujus
2952 1882 3134 1921 causa:
3153 1864 3620 1936 frequentissime
3642 1863 3852 1935 scripsi,

2221 1963 2365 2018 hanc
2388 1963 2542 2017 inter
2572 1960 2862 2016 discordes
2895 1976 3092 2016 sensus
3115 1962 3173 2014 et
3191 1959 3444 2014 carnales
3474 1957 3853 2012 aemulationes

2221 2056 2675 2113 moderationem
2695 2054 2851 2110 volui
2876 2053 3167 2121 custodiri,
3192 2055 3254 2108 ut
3282 2050 3605 2122 integritati
3633 2051 3852 2122 quidem

2221 2150 2352 2206 ﬁdei
2380 2149 2525 2205 nihil
2557 2147 2741 2215 evelli,
2786 2147 2930 2202 nihil
2976 2147 3177 2202 liceret
3203 2145 3439 2218 apponi,
3470 2144 3543 2199 ad
3585 2144 3854 2199 unitatem

2221 2261 2356 2300 vero
2400 2259 2716 2315 pacemque
2756 2241 3127 2297 redeuntibus
3155 2239 3479 2295 remedium
3507 2239 3695 2293 veniae
3722 2255 3854 2310 pre-

2223 2340 2486 2393 staretur.
2535 2336 2678 2402 Quia
2727 2339 2863 2390 tunc
2916 2350 3158 2407 operum
3209 2332 3417 2388 diaboli
3454 2333 3733 2403 potentiae
3769 2333 3852 2387 de-

2223 2435 2539 2497 struuntur,
2580 2446 2710 2485 cum
2752 2429 2823 2484 ad
2865 2428 2965 2483 Dei
3004 2432 3060 2484 et
3085 2426 3332 2499 proximi
3358 2426 3735 2481 dilectionem
3763 2427 3851 2481 ho-

2224 2526 2446 2580 minum
2482 2524 2653 2579 corda
2679 2527 3043 2579 revocantur.
3082 2521 3191 2577 Sed
3214 2537 3388 2593 quam
3412 2520 3705 2576 contraria
3733 2524 3855 2574 tunc

2224 2618 2311 2674 his
2354 2618 2586 2673 monitis
2636 2623 2809 2688 atque
2858 2615 3353 2697 observationibus
3405 2615 3553 2669 meis
3601 2620 3728 2668 acta
3757 2613 3855 2668 sint

2224 2706 2472 2767 multum
2516 2714 2603 2766 est
2643 2710 2956 2783 explicare;
2991 2726 3098 2764 nec
3134 2725 3277 2780 opus
3315 2711 3401 2763 est
3435 2708 3733 2779 epistolari
3767 2723 3854 2779 pa-

2226 2807 2358 2878 gina
2382 2804 2813 2877 comprehendi,
2857 2803 3008 2875 quod
3034 2803 3095 2858 in
3122 2802 3219 2858 illo
3245 2801 3533 2874 Ephesino
3568 2818 3689 2856 non
3711 2800 3853 2871 judi-

2225 2899 2333 2968 cio,
2380 2900 2480 2954 sed
2520 2897 2820 2953 latrocinio
2870 2897 3055 2968 potuit
3095 2895 3438 2969 perpetrari.
3482 2894 3565 2951 lbi
3594 2895 3856 2966 primates

2225 2992 2429 3064 synodi
2467 3008 2571 3047 nec
2611 2990 3005 3046 resistentibus
3034 2990 3141 3044 sibi
3184 2988 3453 3044 fratribus
3494 3005 3601 3043 nec
3631 3004 3852 3043 consen-

2223 3086 2495 3141 tientibus
2522 3088 2938 3157 praeceperunt,
2969 3100 3100 3138 cum
3120 3083 3193 3139 ad
3220 3082 3653 3154 infringendam
3673 3083 3853 3137 catho-

2222 3180 2392 3235 licam
2416 3180 2589 3235 ﬁdem
2650 3184 2708 3234 et
2743 3179 2814 3234 ad
2860 3177 3267 3233 exsecrabilem
3300 3177 3571 3231 haeresim
3596 3177 3855 3232 roboran-

2223 3275 2356 3329 dam
2393 3273 2534 3328 alios
2562 3272 2863 3346 privilegio
2894 3272 3128 3328 honoris
3154 3270 3439 3337 exuerint,
3466 3270 3607 3324 alios
3634 3286 3849 3325 consor-

2218 3368 2296 3423 tio
2339 3367 2648 3439 impietatis
2687 3366 3013 3432 infecerint,
3057 3364 3313 3420 saeviores
3342 3365 3600 3435 profecto
3632 3363 3695 3418 in
3743 3380 3845 3430 eos,

2220 3478 2361 3533 quos
2396 3459 2795 3533 persuadendo
2832 3460 2903 3514 ab
2943 3458 3269 3515 innocentia
3296 3457 3661 3529 separabant,
3691 3474 3845 3530 quam

2222 3555 2281 3609 in
2308 3554 2453 3622 illos,
2487 3570 2627 3627 quos
2655 3554 2855 3609 beatos
2887 3553 3241 3609 confessores
3265 3551 3668 3623 persequendo
3694 3552 3842 3606 facie-

2218 3648 2377 3703 bant.
2407 3650 2811 3703 Verumtamen
2837 3647 2975 3719 quia
3004 3647 3141 3701 tales
3176 3645 3285 3700 sibi
3324 3645 3578 3700 maxime
3607 3662 3716 3700 sua
3751 3646 3841 3700 ini-

2221 3742 2436 3813 quitate
2464 3744 2805 3810 nocuerunt,
2839 3743 2895 3794 et
2923 3739 3240 3811 majoribus
3264 3738 3600 3793 vulneribus
3626 3739 3845 3810 diligen-

2218 3835 2333 3889 tior
2361 3840 2446 3889 est
2472 3833 2797 3889 adhibenda
2822 3832 3127 3901 medicina,
3158 3832 3330 3887 nullis
3357 3848 3618 3903 unquam
3652 3834 3841 3905 episto-

2219 3928 2290 3982 lis
2317 3928 2548 3983 deﬁnivi
2578 3927 2755 3983 etiam
2787 3927 2993 3982 talibus
3018 3927 3064 3981 si
3090 3926 3484 3998 resipiscerent
3501 3926 3733 3981 veniam
3760 3927 3839 3981 de-

2217 4022 2564 4094 negandam.
2604 4022 2673 4076 Et
2712 4020 2968 4092 quamvis
2999 4019 3551 4075 incommutabiliter
3580 4020 3838 4075 inimicis-

2219 4117 2420 4170 simam
2445 4115 2776 4170 Christianas
2796 4114 3063 4186 religioni
3087 4114 3359 4169 haeresim
3378 4114 3755 4182 detestemur,
3775 4116 3840 4184 ip—

2218 4226 2310 4264 sos
2336 4214 2528 4264 tamen
2574 4209 2620 4263 si
2664 4208 3044 4280 corrigantur,
3101 4212 3158 4262 et
3186 4207 3363 4279 digna
3386 4224 3448 4262 se
3475 4209 3836 4263 satisfactione

2216 4302 2539 4375 puriﬁcent,
2569 4303 2640 4357 ab
2667 4302 2941 4358 ineﬁabili
2962 4301 3359 4357 misericordia
3385 4303 3487 4362 Dei
3504 4319 3629 4359 non
3646 4303 3839 4373 judica-

2219 4414 2346 4452 mus
2372 4397 2609 4465 alienos,
2649 4395 2748 4450 sed
2775 4396 2966 4468 potius
3004 4412 3136 4450 cum
3162 4396 3525 4466 gementibus
3553 4397 3837 4468 gemimus,

474 4487 592 4540 teat
642 4484 701 4539 in
759 4485 926 4540 unius
965 4486 1331 4542 confessionis
1384 4487 1571 4543 redire
1622 4489 1984 4545 concordiam
2029 4507 2040 4544 :
2083 4507 2114 4543 a
2136 4502 2194 4576 D
2217 4507 2350 4546 cum
2379 4489 2651 4545 ﬂentibus
2684 4490 2906 4558 flemus,
2931 4493 2990 4543 et
3014 4489 3092 4544 sic
3120 4489 3337 4543 utimur
3352 4490 3579 4561 justitia
3602 4505 3836 4546 commo~

474 4594 586 4649 qua
635 4578 683 4634 si
720 4579 957 4635 forsitan
1011 4579 1082 4634 ab
1131 4580 1415 4652 aliquibus
1461 4582 1839 4655 discrepatur,
1886 4582 2112 4639 univer-

476 4673 587 4727 sale
640 4673 940 4728 concilium
1007 4674 1369 4730 sacerdotum
1438 4676 1637 4731 liaberi
1694 4676 1844 4733 intra
1900 4678 2113 4733 Italiam

477 4766 782 4822 clementia
823 4771 1011 4822 vestra
1045 4775 1335 4825 annuente
1370 4770 1678 4841 jubeatur;
1734 4788 1848 4843 quo
1900 4775 2118 4826 remota

475 4861 597 4915 arte
639 4859 899 4929 fallendi,
954 4863 1189 4917 tandem
1233 4867 1421 4935 pateat
1457 4865 1595 4936 quid
1629 4864 1830 4921 altiore
1871 4868 2117 4921 tractatu

478 4957 577 5007 aut
607 4953 856 5008 coerceri
882 4954 1105 5024 debeat,
1149 4960 1247 5011 aut
1274 4958 1485 5013 sanari.
1536 4959 1668 5013 Data
1700 4958 1868 5014 tertio
1896 4958 2118 5014 decimo

478 5046 752 5102 Kalendas
806 5049 1078 5120 Augusti,
1152 5050 1546 5107 Valentiniano
1609 5054 1868 5125 Augusto
1922 5054 2012 5108 Vll
2064 5058 2118 5106 et

476 5144 693 5196 Ameno
740 5140 873 5195 viris
919 5142 1243 5199 clarissimis
1292 5146 1642 5217 consulibus,
1700 5163 1813 5203 tera
1855 5164 1970 5219 qua
2024 5164 2113 5201 su-

478 5251 601 5306 pra.

478 5349 669 5425 195
696 5353 875 5407 XVIII.
924 5384 991 5393 —
1032 5354 1325 5411 Pulcheriz
1351 5358 1617 5425 Augusta
1650 5373 1748 5428 per
1788 5358 2119 5411 Theosticum

1078 5428 1516 5494 magistrianum.

553 5516 896 5588 Religiosam
913 5519 1237 5575 clementia:
1254 5525 1454 5576 vestra:
1471 5520 1928 5588 sollicitudinem,
1944 5537 2115 5592 quam

475 5609 770 5665 catholica:
814 5611 949 5667 ﬁdei
993 5612 1386 5670 indesinenter
1425 5614 1757 5686 impenditis
1797 5631 1901 5685 per
1929 5615 2121 5670 omnia

478 5718 851 5772 recognosco;
908 5709 964 5760 et
1002 5707 1116 5762 Deo
1155 5709 1368 5778 gratias
1397 5724 1527 5778 ago,
1555 5708 1706 5779 quod
1743 5710 1961 5763 tantam
1989 5709 2117 5762 uni-

483 5794 710 5849 versalis
746 5797 1004 5854 Ecclesiae
1037 5816 1233 5855 curam
1271 5800 1485 5856 habere
1524 5816 1620 5856 vos
1661 5801 1847 5873 video,
1885 5804 1946 5857 ut
1970 5802 2120 5876 quod

2216 4584 2405 4652 tionis,
2446 4587 2510 4638 ut
2553 4600 2667 4638 non
2698 4583 3028 4638 amittamus
3063 4584 3319 4638 remedia
3346 4583 3657 4639 charitatis.
3696 4581 3836 4648 Quod

2217 4678 2362 4733 sicut
2388 4676 2569 4748 pietas
2594 4682 2780 4732 vestra
2803 4677 3093 4748 cognoscit
3116 4694 3234 4732 non
3261 4677 3444 4733 verbis
3469 4678 3604 4733 solis
3629 4677 3837 4750 promit-

2217 4772 2377 4838 titur,
2395 4770 2498 4825 sed
2521 4770 2692 4826 etiam
2723 4772 2887 4826 factis
2912 4771 3162 4827 docetur.
3178 4771 3473 4844 Siquidem
3493 4787 3641 4844 pene
3660 4785 3836 4827 omnes

2217 4864 2315 4937 qui
2376 4864 2436 4918 in
2513 4881 2854 4919 consensum
2934 4864 3365 4935 praesidentium
3438 4871 3538 4920 aut
3619 4862 3836 4921 traducti

2217 4960 2463 5026 fuerant,
2504 4962 2603 5013 aut
2640 4959 2817 5013 coacti
2862 4958 3200 5026 resistendo,
3237 4959 3391 5030 quod
3428 4961 3702 5014 statutum
3730 4960 3834 5012 fue-
3898 4984 3906 4993 ι

2219 5057 2307 5108 rat
2332 5052 2403 5107 ab
2432 5052 2566 5122 illis,
2599 5056 2656 5106 et
2684 5052 3119 5107 condemnando
3157 5054 3311 5125 quod
3340 5053 3693 5124 scripserant
3725 5067 3837 5123 per-

2219 5151 2452 5219 petuam
2490 5146 2673 5218 culpae
2700 5146 3069 5201 abolitionem
3110 5150 3165 5201 et
3200 5146 3525 5217 apostolicae
3555 5148 3705 5217 pacis
3729 5162 3837 5217 gra-

2218 5241 2359 5294 tiam
2387 5244 2520 5295 snnt
2556 5240 2766 5311 adepti.
2802 5240 2857 5296 Si
2882 5257 3017 5311 ergo
3055 5240 3356 5295 clementia
3400 5244 3584 5295 vestra
3609 5237 3837 5312 proposi-

2222 5337 2342 5388 tum
2372 5338 2632 5389 nostrum
2657 5333 3026 5388 considerare
3061 5334 3352 5405 dignetur,
3389 5334 3649 5405 probabit
3693 5334 3745 5387 in
3781 5345 3838 5383 eo

2220 5427 2457 5483 concilio
2501 5433 2703 5483 cuncta
2740 5427 2996 5499 gessisse,
3040 5433 3102 5483 ut
3137 5428 3258 5482 sine
3286 5428 3627 5499 cujusquam
3654 5427 3836 5481 anima

2223 5521 2570 5577 detrimento
2646 5521 2942 5576 liaaresaeos
3026 5524 3243 5577 tantum
3329 5521 3687 5577 obtineretur
3754 5533 3834 5571 er-

2219 5614 2468 5681 stinctio,
2527 5618 2581 5669 et
2630 5615 2702 5669 ob
2757 5615 2865 5670 hoc
2918 5615 3066 5670 circa
3110 5620 3369 5671 auctores
3423 5615 3834 5669 saevissimorum

2218 5708 2518 5763 turbinum
2568 5708 2841 5780 quiddam
2885 5709 3309 5765 consuetudinis
3350 5708 3640 5775 minuisse,
3691 5708 3745 5759 ut
3772 5700 3831 5756 ad

2222 5801 2641 5877 indulgentiam
2714 5802 3115 5876 postulandam
3180 5804 3621 5881 compunctione
3668 5798 3831 5872 aliqua
