4026 6182
216 355 295 407 793
1385 338 1858 404 DECRETALIUM
1895 338 2286 402 COLLECTIO.
3419 350 3521 406 794

212 458 355 530 possit
377 471 559 511 eorum
589 452 822 508 tarditas
845 453 1096 509 excitari.
1122 452 1231 517 Qui
1258 453 1361 509 etsi
1386 458 1517 525 post
1537 453 1675 509 illud
1693 454 1782 525 ju-
1803 465 1862 538 Α
1883 454 2059 508 etiam
2087 454 2157 508 de
2186 452 2517 525 longinquis
2540 450 2847 526 provinciis
2872 457 3118 524 evocari,
3156 474 3292 514 mox
3321 461 3518 515 tamen

208 551 380 605 dicium
405 565 556 602 suum
588 553 698 601 tam
727 548 969 619 impium
995 563 1173 618 quam
1204 546 1478 617 injustam
1503 564 1620 602 non
1651 552 1784 602 sunt
1880 550 1947 603 ut
1974 547 2115 602 mihi
2135 547 2365 618 pietatis
2393 553 2591 604 vestras
2623 549 2832 621 scripta
2853 556 2984 605 sunt
3009 551 3214 606 tradita
3240 568 3254 606 :
3283 557 3341 607 et
3359 551 3522 608 Boni-

206 644 457 701 catholicae
476 641 806 696 fraternitati
832 641 908 696 ita
924 640 1285 696 honorabiles
1301 644 1363 694 ut
1378 641 1628 707 fuerunt,
1652 657 1782 696 suas
1879 640 2090 696 facium
2119 640 2189 696 de
2225 642 2701 713 compreshyteris
2731 643 2875 698 meis
2919 643 2991 698 ab
3021 643 3165 699 urbe
3192 644 3518 716 direxerim,

203 745 360 794 tamen
396 736 568 791 adhuc
598 734 857 790 obtinent
884 736 1070 804 sedes,
1099 740 1156 790 et
1180 735 1538 806 episcopatus
1562 734 1648 789 sui
1676 734 1780 790 ho-
1882 739 1939 790 et
1958 735 2026 790 de
2054 734 2337 807 episcopis
2367 735 2601 791 fratrem
2631 752 2827 792 meum
2852 737 3211 793 Paschasium
3238 738 3308 794 de
3332 738 3521 795 Sicilia

203 849 313 888 nore
335 830 613 902 potiuntur
641 834 739 883 aut
768 845 873 900 per
899 845 1093 883 veram
1128 831 1186 883 et
1212 828 1589 883 necessariam
1619 828 1779 884 satis-
1880 829 2115 883 fecerim
2148 828 2441 900 navigare,
2469 829 2566 901 qui
2594 830 2774 884 vicem
2808 847 3001 885 meam
3027 831 3373 888 sufficienter
3410 834 3515 888 im-

200 925 455 980 factionem
484 939 679 993 pacem
706 922 964 977 Ecclesia:
990 922 1289 993 recepturi,
1320 927 1419 976 aut
1448 922 1492 976 si
1516 921 1779 977 haeresim
1880 921 2124 994 plerent,
2159 922 2303 977 datis
2326 939 2432 994 per
2479 922 2708 978 eosdem
2738 923 2989 993 epistolis
3016 925 3087 979 ad
3115 942 3211 980 eos
3234 927 3331 998 qui
3360 927 3515 998 lega-

201 1017 346 1090 (quod
368 1017 518 1087 absit)
546 1016 873 1083 tuebuntur,
893 1016 1257 1088 professionis
1273 1033 1386 1071 suae
1406 1016 1611 1071 merito
1624 1016 1777 1087 judi-
1880 1015 2094 1071 tionem
2145 1021 2276 1070 ante
2307 1021 2694 1088 susceperant,
2737 1021 2803 1071 ut
2843 1017 2947 1088 ipsi
2983 1034 3208 1090 quoque
3237 1021 3520 1091 pmdictis

199 1111 349 1166 candi.
380 1111 505 1165 Data
525 1110 689 1165 tertio
719 1109 940 1165 decimo
961 1110 1243 1165 Kalendas
1258 1110 1503 1182 Augusti
1524 1109 1781 1180 Helpidio
1879 1109 2271 1180 adimplendas
2284 1114 2471 1180 partes
2483 1126 2626 1165 mea:
2640 1111 2951 1181 praesentiae
2955 1110 3519 1183 jungerentur.Unde

202 1207 247 1258 ν.
274 1206 322 1259 C.
350 1206 549 1259 consul.
1878 1202 2139 1275 quamvis
2163 1203 2336 1257 nimis
2361 1208 2548 1258 arctus
2574 1203 2693 1259 dies
2724 1204 2942 1275 synodo
2967 1204 3139 1259 fuerit
3159 1206 3517 1275 constitutus,

407 1327 521 1381 XIX.
554 1357 623 1366 _
648 1327 741 1381 Ad
768 1329 1046 1383 Faustum
1074 1327 1393 1383 Martinam.
1426 1332 1533 1383 etc.
1880 1313 2048 1368 spero
2071 1301 2270 1351 tamen
2297 1296 2607 1352 affuturum
2636 1297 3056 1369 Omnipotentis
3080 1299 3375 1369 auxilium,
3407 1317 3520 1373 quo

509 1369 1753 1464 ξ-η-’ἶ-νῖίω--μ
1881 1407 2082 1445 omnes
2105 1391 2333 1445 valeant
2374 1390 2450 1445 ad
2486 1391 2833 1462 praefinitum
2863 1396 3089 1463 tempus
3121 1409 3434 1464 occurrere,
3465 1399 3522 1449 et

1879 1484 2229 1539 unanimiter
2280 1500 2411 1539 cum
2458 1486 2666 1538 sanctae
2713 1484 3088 1540 fraternitatis
3134 1502 3364 1542 assensu
3389 1503 3518 1559 qum

1880 1580 2186 1635 universali
2213 1580 2472 1635 Ecclesiae
2506 1584 2842 1651 congruant,
2886 1581 3143 1636 deﬁnire.
3185 1585 3519 1655 Compressa

383 1673 704 1748 :I‘;’_:::
715 1673 799 1748 ’Ἢ
821 1673 895 1748 ’ξῖ
904 1673 1051 1748 ξ’ςῖξ
1073 1673 1419 1748 ’ξξξῖζῗυξί
1439 1673 1486 1748 "_
1481 1673 1603 1748 1‘1":
1598 1673 1781 1748 :’__":‘_“'
1882 1673 2037 1728 enim
2057 1674 2142 1727 vel
2166 1677 2385 1728 remota
2403 1673 2799 1745 inquietudine
2819 1690 2885 1728 ac
2901 1675 3179 1745 pravitate
3204 1693 3517 1748 paucorum

383 1724 392 1733 .
602 1724 611 1733 .
647 1723 658 1733 .
1129 1723 1139 1734 .
1602 1725 1611 1735 .
1888 1723 2037 1728 -_-—
2069 1723 2142 1727 -ν-
2168 1723 2798 1745 ---ηννπ---ι--π---η
2822 1723 2883 1728 π
2902 1723 3178 1745 τ--η---ν
3204 1723 3517 1748 ruma..-"

196 1723 711 1838 Etjlmhlmandrms’
746 1728 803 1778 et
839 1725 1039 1779 ³⁸00⁸0
1085 1723 1323 1779 dlacono
1357 1729 1415 1779 et
1459 1725 1837 1838 ammman,"
1879 1767 2043 1821 facile
2089 1767 2413 1822 ﬁrmabitur
2463 1766 2758 1838 probanda
2811 1768 3133 1837 concordia,
3189 1769 3236 1825 si
3277 1771 3337 1825 in
3387 1787 3517 1827 eam

194 1817 390 1934 dit?“
420 1910 541 1934 nu
570 1836 639 1934 μ’
666 1928 769 1934 -η
803 1912 947 1934 _-‘___
975 1911 1288 1934 nL_,_u___
1326 1912 1573 1934 “mm”
1599 1836 1769 1934 ﬁn“:
1796 1835 1855 1908 B
1878 1860 2073 1930 ﬁdem,
2102 1878 2273 1933 quam
2303 1817 2645 1932 evangelicis
2675 1864 2733 1916 et
2762 1861 3084 1934 apostolicis
3108 1817 3520 1934 praedicationi-

532 1911 541 1920 .
574 1910 584 1921 .
1093 1911 1103 1922 .
1166 1912 1174 1921 .
1464 1912 1474 1922 .
1536 1912 1545 1923 .
1879 1910 2073 1930 __-_-,
2106 1910 2273 1933 ηπ...
2308 1910 2641 1932 ---ποπηη
2679 1910 2732 1916 --
2763 1910 3083 1934 Ἵππη---
3108 1910 3495 1934 ,ην-...πω

247 1910 1778 2031 Ῡθυῗξξῇέῗῖῗῗ,ἾιξῗιδῗῗΛΟΙἛΫ-ῗῇιΟΟΠΪὝ-Ἓῗῗῗ
1876 1954 1980 2009 bus
2005 1955 2345 2010 declaratam
2372 1971 2480 2026 per
2502 1955 2766 2026 antiquos
2796 1957 2989 2011 Patres
3024 1960 3251 2012 nostros
3290 1960 3513 2031 accepi-

194 2020 265 2058 me
310 2005 668 2060 sollicitudine
720 2005 975 2061 laborare
1040 2006 1362 2077 compellit,
1425 2012 1776 2062 metuentem
1876 2005 3517 2108 vegraé';o;;;;;n;;l:ﬁa

192 2100 480 2215 nipm'iuis
509 2116 640 2170 qua
661 2100 873 2215 ,injuis
1100 2100 1777 2215 f‘fnnPEt??f1:IfinﬁiAp_i‘is
1877 2142 2099 2214 penitus
2121 2090 2500 2214 disputatione
2521 2142 2857 2215 cujusquam
2879 2143 3288 2199 retractationis
3307 2093 3516 2201 admis-

190 2208 407 2261 processu
433 2193 706 2265 temporis
732 2198 788 2247 et
817 2194 1159 2265 pertinacior
1188 2194 1288 2248 ﬁat
1313 2195 1573 2309 etjlatior.
1607 2196 1773 2266 Nam,
1877 2193 2857 2309 giggpgyégégl"

193 2302 288 2309 -..μ
320 2286 775 2309 ,ΙΑ-.-Αιῖ--2..,---
808 2287 1126 2309 2.....--Αι-..
1164 2288 1291 2309 ι-12-
1340 2306 1359 2309 _
1438 2305 1540 2309 ___
1572 2288 1767 2309 _A_3,AA-

190 2302 292 2340 cum
315 2286 779 2342 clementissimus
807 2287 1128 2359 imperator
1164 2288 1299 2342 talia
1336 2287 1409 2342 ad
1438 2305 1544 2344 nos
1567 2288 1778 2361 scripta
1877 2278 1971 2385 g;
1988 2278 2432 2385 :i‘dggm'lrazz
2883 2278 3514 2406 ξέἐῧέἓςᾶθῖἑεῶζξὶ

192 2378 356 2406 ,λε-.--ξι
407 2381 602 2406 ~--:L.-_
650 2381 1087 2406 -Α112-2ι.-,]ζ.......
1135 2398 1288 2406 ---Α-υ.
1337 2399 1438 2406 ..ηρ
1468 2400 1600 2406 ---Α
1645 2384 1742 2406 --..2

189 2378 378 2446 direxit.
402 2381 605 2452 quibus
648 2381 1094 2436 sollicitudinem
1132 2398 1293 2483 ειιειξη
1337 2399 1442 2483 Ριζο
1468 2400 1603 2454 Pace
1645 2384 1770 2483 Emi'
1876 2378 2417 2479 ἒξτέςζιῗῖιὶιζὸεῖιέζ
2448 2378 3515 2483 In];SiliaL'BIe'EALSSX'EEQ

1875 2516 2041 2572 nobis
2076 2517 2464 2573 indesinenter
2491 2518 2812 2589 orantibus,
2858 2523 2923 2573 ut
2950 2535 2985 2573 a
3014 2525 3372 2577 sacramento
3395 2521 3511 2577 sin-

1876 2611 2085 2683 gularis
2114 2609 2248 2665 ﬁdei
2274 2628 2444 2666 nemo
2471 2612 2797 2667 inveniatur
2822 2612 3064 2681 alienus,
3121 2614 3221 2669 sed
3244 2614 3516 2671 damnata

1874 2703 2166 2775 impietate
2222 2704 2501 2760 hereseos
2551 2705 2769 2760 nullum
2832 2705 2902 2761 de
2952 2706 3275 2778 perditione
3323 2708 3510 2780 cujus-

1873 2813 2044 2869 quam
2116 2798 2390 2853 catholica
2459 2798 2707 2853 Ecclesia
2788 2798 3000 2854 sentiat
3079 2800 3508 2857 detrimentum.

1870 2891 2032 2955 Quod
2056 2896 2246 2947 autem
2272 2892 2544 2963 pietatem
2571 2897 2819 2948 vestram
2850 2892 2920 2948 de
2950 2892 3038 2947 his
3058 2910 3164 2965 per
3186 2911 3332 2965 quos
3357 2912 3512 2951 meas

285 2985 1147 3060 :31“;‘Vfli';w_::__;::‘:“::
1162 2985 1773 3060 ξξίζξζηξῆζξῗξν
1873 2985 2001 3039 misi
2044 2986 2306 3056 epistolas
2348 2986 2659 3054 obsecravi,
2698 3003 2851 3042 nunc
2885 3004 3117 3060 quoque
3156 2988 3332 3044 simili
3359 2990 3507 3045 ﬁdu-

180 3032 357 3089 fuerint
374 3037 615 3092 ordinati
636 3037 709 3092 ad
730 3038 1001 3093 meritum
1019 3038 1556 3107 demonstrandum,
1580 3039 1628 3093 si
1642 3039 1774 3095 alie—
1871 3032 2305 3150 Ρξέἐξξῗν
2316 3032 3515 3140 “rga;8;“;Lt;;;::o;';;&:t;8

183 3143 241 3180 na
256 3145 285 3182 a
300 3146 355 3183 se
379 3147 499 3202 quae
526 3132 935 3186 catholicorum
967 3132 1226 3187 sensibus
1245 3136 1380 3187 sunt
1406 3133 1642 3188 adversa
1666 3133 1768 3189 do-

180 3221 365 3278 cuisset.
391 3226 466 3279 Ne
492 3242 635 3286 ergo
659 3225 815 3286 quod
841 3226 989 3280 inter
1013 3226 1359 3286 longinquas
1384 3228 1652 3286 regiones
1677 3245 1767 3283 ac-

1876 3188 1974 3244 per
1996 3173 2191 3227 omnia
2212 3173 2423 3229 habere
2442 3174 2785 3245 dignemini,
2818 3191 2931 3247 quo
2957 3176 3180 3231 facilius
3199 3181 3257 3232 et
3270 3176 3515 3249 diligen-

351 3264 365 3278 '
392 3242 635 3339 λξθιθνξο
659 3242 1359 3339 (ξυέαᾼηξξῗῖξοῃβηξίίυῗδ
1384 3244 1657 3339 Γθξωηθῗ
1677 3245 1767 3339 af-
1791 3242 1848 3286 υ
1872 3267 1983 3321 tius
2034 3283 2162 3339 quas
2207 3266 2424 3339 optimo
2470 3267 2605 3322 ﬁdei
2651 3273 2855 3324 vestra:
2899 3269 3162 3325 ordinata
3208 3276 3344 3326 sunt
3389 3274 3507 3326 stu-

180 3314 335 3421 cidere
353 3319 509 3387 solet,
544 3325 610 3374 ut
637 3320 842 3374 nimias
869 3319 1169 3375 dilationes
1196 3322 1493 3377 tenderent
1522 3322 1775 3435 veritatis
1873 3314 1982 3415 Si;
1995 3314 2605 3433 δῶξιξνξίῖἑίέωᾷἆῖ
2617 3314 2853 3418 τιὰ-ἔίᾶ
2881 3314 3512 3435 ο

322 3411 330 3421 .
913 3414 923 3424 .
1657 3416 1667 3427 .
1878 3411 1960 3415 νη
2000 3411 2204 3415 -η---η
2234 3411 2578 3433 --τ-η---ψ
2619 3411 2849 3418 ππη-
2881 3411 3025 3417 --ν-
3057 3411 3256 3435 τ---η
3289 3411 3509 3420 --------

178 3414 656 3527 frit???
767 3430 1129 3527 ξίξθξξξδέέροῗ
1149 3416 1775 3527 ηηοδῗοδῃδδηηὼτυω
1874 3454 2155 3509 Kalendas
2205 3454 2467 3525 Augusti,
2516 3454 2793 3527 Adelphio
2849 3455 2967 3510 viro
3008 3456 3326 3512 clarissimo
3371 3473 3510 3513 con-

179 3505 224 3554 et
245 3507 523 3577 Asterium,
554 3508 658 3563 sed
683 3514 740 3562 et
769 3508 1037 3563 Basiliam
1068 3514 1124 3564 et
1148 3510 1504 3579 Senatorem,
1532 3510 1770 3582 presby-

177 3600 317 3666 teros,
345 3601 779 3671 probatissimos
805 3602 954 3657 viros
989 3607 1046 3657 et
1075 3603 1538 3675 probatissimum
1565 3603 1773 3675 princi-
1874 3589 2017 3602 Nm
2374 3619 2502 3676 XX].
2536 3649 2605 3661 -
2624 3619 2720 3675 Ad
2743 3620 3002 3677 eum.

177 3704 282 3758 pem
319 3710 440 3749 cum
489 3695 798 3751 sufﬁcienti
840 3702 1208 3767 paternarum
1251 3696 1653 3753 auctoritatum
1679 3698 1770 3753 in-

175 3787 446 3844 structione
476 3789 811 3846 direximus.
837 3790 991 3855 Quos
1017 3791 1076 3845 in
1097 3790 1381 3859 omnibus,
1411 3791 1616 3847 fratres
1635 3791 1770 3847 cha-

176 3876 368 3950 rissimi,
411 3883 707 3956 diligentia
757 3901 822 3939 ac
869 3885 1245 3940 sollicitudine
1288 3890 1474 3940 vestra
1511 3886 1773 3957 cupimus

172 3971 414 4045 adjuvari,
447 3981 515 4031 ut
553 3977 818 4049 impietas
848 3995 978 4049 qua;
1009 3980 1171 4033 caecis
1197 3978 1425 4033 ausibus
1443 3980 1504 4034 in
1523 3980 1773 4035 exitialia

174 4063 382 4138 abrupta
410 4072 704 4142 processit,
734 4072 1015 4143 simplices
1035 4088 1264 4144 quoque
1285 4073 1603 4145 decipiendi
1624 4075 1769 4130 ulte-

173 4157 267 4213 rius
292 4179 401 4218 non
431 4165 639 4220 habeat
672 4169 1032 4236 potestatem,
1077 4182 1207 4221 cum
1242 4167 1462 4238 aptiore
1488 4167 1773 4223 medicina

172 4252 317 4309 etiam
342 4257 446 4312 illis
468 4259 769 4331 cupiamus
792 4276 896 4331 per
924 4260 1290 4315 correctionis
1304 4261 1564 4316 remedia
1579 4261 1774 4317 subve-

170 4346 278 4415 niri,
304 4352 397 4421 qui
423 4356 523 4408 aut
545 4352 833 4424 imperitia
848 4357 981 4408 sunt
998 4354 1158 4425 lapsi,
1180 4359 1278 4410 aut
1296 4370 1487 4409 errore
1507 4354 1769 4410 traducti.

174 4437 223 4492 Et
248 4440 362 4499 ideo
387 4462 483 4501 vos
512 4447 611 4519 qui
634 4446 1030 4517 justiﬁcamini
1057 4464 1161 4520 per
1187 4448 1383 4517 ﬁdem,
1412 4448 1511 4520 qui
1536 4448 1770 4504 catholi-

171 4547 271 4589 cam
292 4537 518 4611 diligitis
560 4542 875 4609 veritatem,
916 4545 974 4596 et
1004 4542 1074 4596 de
1100 4542 1378 4614 singulari
1413 4546 1771 4599 sacramento

171 4626 336 4684 salutis
361 4632 636 4690 humanm
664 4651 766 4706 per
798 4635 1073 4707 Spiritum
1102 4641 1363 4692 sanctum
1405 4636 1537 4693 estis
1567 4637 1769 4705 edocti,

170 4720 480 4783 collaborate
521 4729 841 4796 nobiscum,
874 4736 932 4785 et
965 4735 1180 4801 quanta
1209 4731 1442 4802 potestis
1472 4731 1773 4787 devotione

170 4810 216 4866 id
239 4819 398 4891 agite,
427 4828 491 4876 ut
516 4823 757 4878 falsitate
784 4822 1088 4891 destructa,
1118 4827 1176 4880 et
1200 4825 1335 4880 fidei
1361 4826 1643 4881 soliditate
1675 4826 1769 4880 de-

171 4905 328 4981 fensa,
357 4931 549 4971 secura
568 4933 671 4988 per
690 4921 871 4973 totum
897 4918 1180 4973 mundum
1195 4919 1295 4974 Dei
1315 4936 1450 4991 pace
1468 4920 1770 4991 patiamur.

170 4995 288 5052 Data
315 5001 533 5061 decimo
560 5012 721 5061 sexto
752 5007 1031 5062 Kalendas
1071 5008 1334 5079 Augusti,
1364 5008 1771 5080 Valentiniano,

169 5089 215 5139 el
231 5092 468 5163 Augusto
492 5098 576 5165 Vl,
608 5101 666 5151 et
690 5097 926 5167 Anieno,
951 5097 1083 5152 viris
1109 5098 1434 5154 clarissimis
1454 5099 1774 5154 consulibus

171 5194 267 5235 atra
292 5202 399 5258 qua
416 5206 605 5261 supra.

252 1445 342 1498 Lso
362 1443 664 1514 episcopus,
704 1444 933 1509 Fwsro,
963 1444 1233 1512 Msnrmo,
1253 1445 1451 1510 Pareo,
1471 1445 1777 1511 MANOBELI,

194 1539 287 1603 los,
313 1540 594 1604 Amocao,
629 1541 950 1601 Asasnuo,
984 1537 1297 1606 Tusonoao,
1339 1539 1582 1606 PIENTIO,
1616 1540 1781 1593 Eusa-

197 1646 279 1697 sio,
300 1631 570 1697 HELPEDIO,
595 1632 799 1697 PAULO,
821 1632 1053 1685 Asramo
1072 1634 1130 1685 et
1148 1632 1419 1700 Casasso,
1438 1631 1781 1703 presbyteris

188 2475 374 2528 versalis
400 2476 656 2531 Ecclesiae
684 2475 1121 2544 demonstraret,
1150 2479 1208 2530 et
1236 2476 1358 2548 ipse
1378 2477 1775 2533 Constantino-

186 2567 429 2636 politanus
455 2570 771 2641 episcopus,
801 2575 858 2625 et
882 2570 923 2623 ii
948 2569 1045 2641 qui
1059 2569 1330 2625 eumdem
1355 2575 1771 2639 consecrarant,

186 2667 356 2729 prater
370 2663 422 2717 id
443 2664 597 2735 quod
618 2664 690 2717 ad
711 2663 973 2718 ordinem
998 2664 1125 2718 novi
1142 2664 1413 2719 antistitis
1429 2665 1772 2736 pertinebat,

185 2753 298 2807 nihil
346 2756 497 2810 nobis
544 2757 618 2811 de
649 2756 990 2827 compressis
1038 2758 1125 2811 vel
1172 2757 1446 2812 abdicatis
1488 2759 1774 2814 erroribus

184 2846 480 2919 indicarunt,
528 2851 691 2922 quasi
736 2851 794 2904 in
838 2850 937 2905 illa
988 2851 1222 2906 ecclesia
1265 2852 1488 2906 nullum
1542 2853 1773 2908 scanda-

183 2939 296 3007 lum,
326 2944 467 2998 nulla
510 2944 814 2999 exstitisset
855 2943 1126 3014 offensio;
1174 2948 1274 2999 aut
1321 2962 1435 2999 non
1485 2947 1773 3018 praecipue

1944 3737 2054 3791 Leo
2076 3735 2372 3808 episcopus
2397 3737 2681 3792 Murum
2706 3739 2980 3809 Augusto,
3011 3742 3120 3795 etc.

1941 3829 2206 3893 Quamvis
2225 3846 2330 3901 per
2348 3829 3010 3902 Constantinopolitanos
3034 3831 3263 3888 clericos
3287 3834 3358 3891 ad
3385 3834 3508 3907 pie-

1871 3927 2050 3980 tatem
2096 3927 2341 3979 vestram
2388 3927 2522 3979 ante
2568 3924 2975 3995 rescripserim,
3025 3928 3267 3999 sumptis
3309 3934 3506 3985 tamen

1872 4017 2194 4073 clementia:
2231 4021 2433 4072 vestras
2471 4017 2673 4073 litteris
2701 4034 2808 4090 per
2836 4018 3022 4075 virum
3061 4020 3341 4077 illustrem
3370 4039 3509 4095 pras-

1871 4112 2085 4167 fectum
2109 4111 2288 4179 urbis,
2318 4111 2502 4166 ﬁlium
2535 4128 2730 4167 meum
2748 4112 3066 4184 Tatianum,
3087 4131 3361 4188 magnam
3390 4133 3510 4173 ma-

1871 4206 2075 4261 teriam
2106 4205 2506 4277 gratulationis
2534 4206 2747 4278 accepi,
2774 4206 2908 4278 quia
2936 4208 3376 4266 studiosissimos
3412 4227 3510 4267 vos

1872 4299 2266 4355 ecclesiastica:
2294 4299 2448 4372 pacis
2476 4300 2704 4371 agnovi.
2734 4300 2836 4355 Cui
2871 4304 3069 4358 sancto
3110 4303 3389 4361 desiderio
3417 4305 3505 4361 di-

1874 4409 1985 4465 gne
2015 4394 2281 4464 aequitate
2307 4394 2622 4464 confertur,
2666 4399 2727 4449 ut
2751 4411 2923 4467 quem
2949 4399 3162 4452 statum
3190 4414 3315 4453 esse
3343 4400 3505 4472 cupi-

1872 4486 1944 4542 tis
1962 4486 2277 4558 religionis,
2318 4488 2591 4544 eumdem
2619 4488 2874 4544 habeatis
2900 4494 2959 4544 et
2980 4492 3168 4562 regni.
3191 4492 3332 4547 Nam
3360 4492 3509 4550 inter

1791 4586 1851 4659 D
1873 4579 2160 4653 principes
2170 4581 2517 4637 Christianos
2541 4581 2746 4653 spiritu
2761 4582 2860 4637 Dei
2884 4583 3255 4640 conﬁrmante
3285 4601 3510 4641 concor-

1874 4674 2049 4741 diam,
2080 4674 2308 4745 gemina
2346 4691 2450 4745 per
2484 4677 2665 4729 totum
2709 4674 2995 4730 mundum
3023 4677 3230 4733 ﬁducia
3269 4679 3502 4735 robora-

1873 4772 1986 4835 tur,
2039 4767 2172 4839 quia
2214 4768 2502 4839 profectus
2548 4768 2840 4823 charitatis
2880 4773 2939 4824 et
2966 4770 3101 4825 ﬁdei
3130 4776 3509 4847 utrorumque

1874 4877 2170 4917 armorum
2211 4860 2527 4932 potentiam
2572 4861 3012 4932 insuperabilem
3046 4864 3198 4935 facit,
3230 4870 3294 4921 ut
3320 4869 3510 4940 propi-

1874 4954 2009 5011 tiato
2036 4971 2139 5027 per
2164 4971 2342 5010 unam
2378 4954 2787 5011 confessionem
2825 4956 2956 5025 Deo,
2990 4957 3161 5013 simul
3191 4964 3248 5015 et
3277 4961 3505 5018 hereti-

1873 5065 1940 5103 ca
1964 5049 2172 5103 falsitas
2197 5054 2254 5104 et
2278 5049 2523 5103 barbara
2545 5049 2873 5105 destruatur
2897 5051 3196 5123 hostilitas,
3219 5054 3503 5125 gloriosis.

1873 5142 2015 5198 sime
2042 5143 2376 5213 imperator.
2415 5145 2594 5197 Aucta
2623 5143 2801 5214 igitur
2829 5161 2934 5216 per
2970 5146 3330 5218 imperialem
3359 5150 3504 5205 ami-

1875 5237 2066 5292 citiam
2117 5254 2215 5308 spe
2264 5236 2505 5292 ccelestis
2554 5237 2747 5292 auxilii
2800 5240 3183 5295 conﬁdentius
3235 5242 3505 5312 pietatem

533 5313 632 5367 XX.
665 5342 732 5354 -—
760 5314 851 5369 Ad
878 5315 1217 5370 Martianum
1242 5317 1384 5385 Aug.

1876 5334 2125 5386 vestram
2169 5347 2275 5403 pro
2326 5335 2686 5387 sacramento
2728 5333 2922 5389 salutis
2965 5335 3229 5390 humanae
3274 5335 3505 5391 incitare

230 5412 331 5473 Lao
346 5419 623 5479 Murum
651 5426 921 5496 Augusto.
1874 5441 2187 5497 praesumo,
2212 5442 2283 5481 ne
2302 5427 2642 5498 cujusquam
2658 5428 2886 5498 procaci
2906 5428 3368 5500 impudentisque
3390 5446 3508 5485 ver-

231 5507 489 5569 Sanctum
513 5518 830 5573 clementia:
856 5522 1057 5573 vestrae
1088 5520 1342 5574 studium
1372 5536 1486 5591 quo
1517 5522 1589 5575 ad
1618 5537 1775 5592 repa-
1875 5519 2041 5587 sutia,
2073 5519 2235 5591 quasi
2275 5519 2346 5574 de
2394 5520 2609 5575 incerto
2653 5521 2791 5593 quid
2822 5521 3180 5592 sequendum
3213 5522 3286 5576 sit
3310 5522 3509 5579 sinatis

172 5601 431 5662 rationem
450 5612 599 5679 pacis
624 5612 1011 5668 ecclesiasticae
1037 5612 1320 5685 synodum
1352 5613 1563 5669 habere
1594 5615 1772 5669 volui-
1874 5612 2106 5683 inquiri.
2129 5614 2344 5668 Etcum
2366 5613 2439 5667 ab
2459 5614 2780 5685 evangelica
2798 5614 3209 5685 apostolicaque
3228 5614 3507 5687 doctrina,

173 5694 259 5748 stis
294 5699 430 5756 adeo
466 5702 707 5760 libenter
736 5706 947 5778 accepi,
984 5710 1046 5761 ut
1077 5706 1338 5779 quamvis
1367 5708 1650 5773 eamﬁeri
1684 5708 1772 5764 in-
1874 5726 1979 5766 nec
2014 5727 2125 5765 uno
2149 5710 2381 5783 quidem
2408 5710 2579 5766 verbo
2605 5710 2773 5766 liceat
2794 5710 3090 5779 dissidere,
3113 5717 3213 5768 aut
3240 5713 3408 5771 aliter
3432 5716 3507 5772 de

174 5789 251 5843 tra
287 5791 501 5851 Italiam
538 5799 945 5872 poposcissem,
992 5804 1050 5856 et
1074 5801 1263 5874 aptius
1288 5802 1599 5874 exspectari
1627 5805 1771 5858 tem-
1876 5803 2182 5876 Scripturis
2209 5804 2416 5859 divinis
2442 5820 2642 5876 sapere
2670 5820 2844 5876 quam
2861 5803 3016 5860 beati
3043 5806 3300 5878 Apostoli
3324 5812 3383 5865 et
3402 5827 3505 5882 pa-

173 5891 270 5947 pas
296 5886 588 5960 optassem,
618 5906 732 5963 quo
762 5890 974 5946 scilicet
1002 5890 1239 5964 plurimi
1266 5897 1499 5965 possent
1528 5893 1776 5967 episcopi
1874 5901 1993 5953 tres
2027 5898 2204 5954 nostri
2231 5897 2482 5954 didicere
2510 5901 2680 5967 atque
2713 5896 3051 5970 docuerunt,
3090 5916 3244 5958 nunc
3272 5902 3506 5963 demum
