4026 6182
534 327 633 379 ’79ἒὶ

1433 319 1713 376 ΑΡΡΕΝΙ).
1755 318 1841 374 ΑΙ)
1879 316 2040 374 S/EC.
2083 318 2169 372 IX.
2198 347 2266 357 ——
2309 315 2547 372 lSlDORI
2583 310 3007 371 MERCATORIS

3727 317 3802 368 796

529 432 958 503 indisciplinatae
989 435 1325 486 moveantur
1342 436 1399 485 et
1413 431 1607 501 impia:
1632 430 1996 502 quaestiones,
2017 444 2158 500 quas
2179 440 2238 513 Α
2257 427 2363 484 luit
2403 429 2586 480 vestra
2623 424 2947 492 clementia,
2975 421 3045 477 ab
3073 420 3170 477 illo
3200 419 3443 513 credatis
3462 419 3631 513 abesse
3660 424 3806 477 conci-

529 525 663 578 olim
694 540 825 579 mox
854 528 917 579 ut
945 541 1037 578 eas
1059 540 1162 596 per
1183 530 1315 595 apta
1340 523 1445 579 sibi
1474 523 1643 579 corda
1672 523 1927 578 diabolus
1957 524 2161 577 excita-

528 618 623 683 vit,
647 634 748 687 per
769 617 1068 690 discipulos
1088 618 1343 672 veritatis
1368 617 1611 690 Spiritus
1628 622 1849 672 sanctus
1870 618 2157 672 exstinxit.

526 711 700 766 Nimis
738 715 933 767 autem
975 711 1239 783 iniquum
1291 717 1396 779 est,
1451 714 1514 765 ut
1543 728 1647 782 per
1688 727 1995 782 paucorum
2025 711 2160 766 insi-

527 804 803 876 pientiam
831 805 901 860 ad
926 806 1279 876 conjecturas
1307 806 1648 877 Opinionum
1678 809 1735 860 et
1760 804 1905 860 bella
1934 821 2157 860 revoce-

525 915 673 967 mur,
695 904 968 970 tanquam
986 903 1243 971 reparata
1259 898 1664 971 disceptatione
1686 898 2049 953 tractandum
2067 899 2157 969 sit,

527 996 723 1048 utrum
741 994 1022 1065 Eutychos
1050 993 1226 1064 impie
1249 994 1508 1062 senserit,
1539 998 1595 1048 et
1614 997 1806 1047 utrum
1825 993 1999 1065 impie
2026 993 2157 1048 Dio-

522 1102 717 1141 scorus
754 1086 1043 1157 judicarit,
1084 1087 1182 1159 qui
1229 1088 1288 1141 in
1334 1091 1541 1141 sanctae.
1579 1087 1874 1141 memoriae
1909 1087 2159 1141 Flaviani

527 1181 1000 1235 condemnatione
1027 1197 1084 1235 se
1110 1180 1368 1252 perculit,
1418 1185 1474 1235 et
1507 1180 1882 1252 simpliciores
1906 1197 2158 1252 quosque

525 1279 591 1328 ut
618 1274 676 1328 in
699 1274 961 1330 eamdem
988 1275 1214 1329 ruinam
1242 1275 1704 1346 provolverentur
1730 1274 1990 1346 impegit,
2022 1291 2160 1344 quo-

528 1383 658 1421 rum
687 1367 880 1423 multis
917 1368 1060 1439 jam,
1110 1374 1171 1423 ut
1215 1368 1604 1441 cognovimus,
1645 1369 1713 1423 ad
1764 1368 2158 1423 satisfactionis

527 1462 790 1516 remedia
829 1463 1132 1532 conversis,
1164 1466 1219 1516 et
1256 1463 1483 1518 veniam
1512 1463 1581 1517 de
1606 1461 1951 1517 inconstanti
1982 1462 2156 1533 trepi-

529 1556 754 1610 datione
778 1556 1159 1628 poscentibus,
1187 1573 1303 1610 non
1328 1556 1645 1628 cujusmodi
1667 1554 1738 1610 sit
1756 1554 1898 1609 ﬁdes
1921 1558 2161 1610 tractan-

529 1648 670 1703 dum
692 1652 797 1717 est,
839 1650 940 1704 sed
970 1666 1170 1704 eorum
1200 1650 1465 1722 precibus
1497 1649 1742 1721 qualiter
1766 1649 2156 1704 annuendum.

527 1742 686 1797 Unde
703 1743 971 1815 piissimze
998 1743 1367 1799 sollicitudini
1381 1747 1582 1799 vestras
1594 1760 1767 1816 quam
1782 1743 1851 1797 de
1859 1743 2160 1798 indicenda

527 1836 743 1907 synodo
795 1837 1005 1892 habere
1077 1838 1399 1909 dignemini
1466 1854 1568 1909 per
1625 1836 1971 1909 legationem
2032 1816 2236 1908 quaeB

525 1930 823 1985 confestim
855 1930 928 1985 ad
951 1932 1300 1986 dementiam
1319 1936 1562 1986 vestram
1584 1932 1701 1986 Deo
1726 1933 2019 1985 annuente
2040 1947 2164 2001 per-

522 2024 730 2095 veniet,
759 2025 1033 2097 quidquid
1069 2026 1141 2080 ad
1175 2043 1360 2081 causas
1388 2026 1694 2081 utilitatem
1742 2025 1991 2079 arbitror
2028 2041 2161 2095 per-

526 2117 723 2185 tinere,
750 2119 978 2190 plenius
1007 2124 1178 2190 atque
1217 2119 1594 2190 opportunius
1630 2123 1995 2190 suggeretur.
2025 2119 2164 2172 Data

526 2228 682 2267 nono
709 2213 990 2272 Kalendas
1017 2212 1162 2283 Maii,
1194 2213 1654 2285 Adhelesiojviro
1683 2212 1993 2268 clarissimo
2020 2228 2160 2265 con-

523 2301 662 2368 sule,
696 2318 808 2356 aera
836 2318 949 2372 qua
990 2318 1182 2373 supra.

1014 2396 1165 2450 XXII.
1199 2426 1268 2435 ~—
1293 2396 1384 2451 Ad
1412 2396 1669 2451 eumdem.

597 2490 707 2544 LEO
743 2489 1042 2560 episcopus
1067 2490 1351 2546 MARTIANO
1382 2492 1659 2561 Augusto.

592 2584 962 2654 Poposceram
986 2583 1223 2655 quidem
1252 2601 1286 2638 a
1334 2584 1581 2654 gloriosa
1615 2583 1913 2640 clementia
1954 2587 2158 2651 vestra,

527 2682 587 2732 ut
617 2677 897 2748 synodum
926 2693 1095 2747 quam
1131 2678 1202 2732 ad
1244 2678 1625 2749 reparandam
1664 2677 1952 2732 orientalis
1979 2677 2162 2733 Eccle-

522 2771 620 2825 βίω
650 2787 872 2841 pacem,
901 2788 934 2824 a
971 2771 1131 2825 nobis
1160 2770 1333 2826 etiam
1383 2771 1623 2842 petitam
1662 2771 2042 2826 necessariam
2071 2771 2162 2841 ju-

525 2863 751 2918 dicastis
776 2864 1185 2935 aliquantisper
1211 2864 1427 2919 differri
1454 2866 1525 2919 ad
1546 2868 1772 2936 tempus
1787 2864 2161 2936 opportunius

516 2956 814 3028 juberetis,
833 2960 897 3010 ut
921 2956 1285 3012 liberioribus
1315 2958 1387 3011 ab
1415 2959 1573 3013 omni
1594 2958 2023 3030 perturbatione
2042 2957 2160 3013 ani-

525 3050 654 3119 mis,
702 3050 786 3104 illi
836 3065 1066 3122 quoque
1119 3050 1366 3122 episcopi
1417 3067 1558 3122 quos
1610 3052 1928 3107 hostilitatis
1973 3056 2158 3107 metus

522 3142 740 3199 detinet
786 3143 1172 3199 convenirent.
1210 3145 1321 3199 Sed
1367 3145 1501 3215 quia
1545 3145 1640 3217 pio
1680 3145 1864 3201 studio
1895 3145 2159 3200 humanis

523 3237 768 3308 negotiis
797 3236 989 3291 divina
1016 3237 1368 3308 praeponitis,
1396 3241 1454 3292 et
1487 3238 1901 3294 rationabiliter
1936 3256 2001 3294 ac
2026 3239 2156 3294 reli-

523 3331 681 3403 giose
722 3331 889 3403 regni
936 3331 1107 3386 vestri
1158 3331 1369 3386 viribus
1418 3332 1646 3388 creditis
1683 3333 2066 3405 profuturum,
2111 3334 2159 3388 si

520 3425 676 3480 nulla
717 3425 789 3481 sit
824 3426 884 3480 in
917 3425 1276 3481 sacerdotum
1323 3426 1579 3481 sensibus
1602 3427 1969 3495 dissonantia,
2003 3428 2159 3483 nulla

519 3520 591 3574 sit
628 3519 688 3573 in
731 3519 1019 3592 Evangelii
1064 3519 1471 3591 praedicatione
1517 3520 1817 3591 discordia,
1851 3538 1957 3593 ego
1985 3521 2155 3577 etiam

518 3612 714 3668 vestris
753 3613 1216 3685 dispositionibus
1249 3631 1363 3668 non
1407 3614 1645 3683 renitor,
1678 3620 1882 3687 optans
1923 3619 1989 3670 ut
2029 3631 2151 3670 om-

517 3707 681 3763 nium
717 3707 980 3762 cordibus
1018 3708 1299 3764 catholica
1326 3709 1489 3780 ﬁdes,
1525 3726 1653 3780 qum
1682 3725 1798 3764 non
1832 3712 2023 3782 potest
2046 3708 2155 3765 nisi

519 3818 633 3856 una
667 3817 808 3870 esse,
839 3801 1116 3857 firmetur.
1157 3806 1203 3858 A
1242 3803 1402 3874 cuius
1426 3802 1756 3875 integritate
1787 3807 1846 3858 et
1868 3803 2154 3859 Nestorius

516 3900 703 3965 antea,
742 3899 801 3951 et
832 3912 984 3951 nunc
1021 3897 1301 3967 Eutyches
1344 3896 1578 3951 diversis
1616 3897 1849 3969 quidem
1894 3897 2151 3966 callibus,

518 3991 619 4045 sed
645 3989 945 4062 impietate
972 4007 1088 4045 non
1127 3990 1381 4062 impares
1419 3990 1737 4060 deviarunt,
1783 3990 2154 4046 abominandi

516 4100 750 4155 prorsus
769 4083 1229 4156 persuasionibus
1248 4085 1364 4140 suis
1380 4101 1523 4156 quas
1542 4088 1744 4140 contra
1764 4085 1989 4153 sinceri,
2011 4085 2149 4153 veri,

514 4177 749 4232 luminis
776 4178 998 4232 fontem
1034 4177 1105 4232 de
1130 4179 1376 4233 coenosis
1402 4178 1639 4234 lacubus
1668 4178 1964 4233 diabolicae
1993 4178 2149 4234 falsi-

514 4270 647 4325 tatis
673 4271 1007 4325 hauserunt.
1048 4270 1207 4326 Prior
1248 4272 1442 4344 itaque
1472 4272 1718 4343 synodus
1738 4272 2023 4344 Ephesina
2041 4273 2147 4327 Ne-

516 4364 753 4419 storium
765 4380 895 4419 cum
909 4365 1176 4437 dogmate
1194 4364 1352 4437 δυσί
1368 4363 1709 4438 96merito
1716 4366 1984 4437 justeque
1996 4366 2151 4421 dam-

513 4458 690 4527 navit,
737 4461 795 4513 et
821 4459 1079 4531 quisquis
1111 4458 1171 4513 in
1196 4458 1291 4514 illo
1318 4475 1516 4514 errore
1552 4460 1801 4531 perstitit
1838 4459 1909 4514 ad
1940 4460 2151 4515 nullius

513 4557 702 4626 potest
716 4569 875 4626 spem
897 4553 1138 4609 remedii
1158 4553 1467 4625 pertinere.
1501 4554 1750 4626 Sequens
1778 4570 1910 4609 vero
1931 4554 1990 4609 in
2011 4571 2150 4626 pra:-
2168 4566 2228 4639 D

512 4648 665 4704 dicta
710 4648 932 4704 civitate
964 4665 1078 4703 non
1108 4665 1337 4720 possum
1384 4664 1582 4703 vocare
1631 4649 1952 4717 concilium,
1998 4649 2151 4720 quod

513 4741 573 4796 in
599 4742 957 4797 eversionem
998 4742 1131 4797 ﬁdei
1166 4742 1340 4796 fuisse
1383 4746 1600 4798 constat
1642 4742 1945 4814 agitatum,
1975 4742 2152 4814 quod-

511 4851 624 4907 que
652 4839 833 4891 vestra
861 4836 1162 4892 clementia
1191 4853 1387 4891 amore
1411 4836 1668 4892 veritatis
1696 4836 1989 4891 catholicis
2015 4836 2152 4891 aﬁ‘u-

510 4934 639 4984 tura
663 4930 820 4985 aliud
845 4931 1144 4986 statuendo
1181 4931 1488 5002 quassavit,
1527 4930 1932 5001 gloriosissime
1962 4930 2147 5003 impe-

511 5028 689 5079 rator.
744 5024 900 5079 Unde
952 5041 1057 5095 per
1098 5024 1286 5096 ipsum
1317 5024 1624 5080 Dominum
1661 5027 1925 5080 nostrum
1955 5027 2150 5081 Jesum

511 5117 820 5186 Christum,
872 5118 968 5190 qui
1018 5118 1186 5189 regni
1228 5118 1396 5174 vestri
1449 5123 1536 5174 est
1589 5124 1789 5174 auctor
1836 5123 1896 5175 et
1937 5124 2147 5190 rector,

511 5212 767 5267 obtestor
786 5215 844 5267 et
869 5212 1106 5267 obsecro
1133 5212 1499 5267 clementiam
1522 5216 1793 5281 vestram,
1824 5216 1887 5268 ut
1914 5213 1975 5268 in
2000 5229 2148 5286 prat-

510 5307 656 5362 senti
698 5306 913 5378 synodo
960 5306 1139 5362 ﬁdem
1184 5319 1360 5378 quam
1413 5302 1569 5362 beati
1620 5308 1815 5363 Patres
1853 5307 2035 5363 nostri
2077 5307 2149 5362 ab

510 5401 778 5472 apostolis
817 5401 923 5456 sibi
972 5401 1237 5457 traditam
1285 5401 1672 5473 praedicarunt
1708 5418 1826 5457 non
1853 5400 2149 5473 patiamini

507 5495 671 5566 quasi
701 5494 939 5550 dubiam
965 5496 1281 5565 retractari,
1314 5500 1370 5551 et
1393 5513 1520 5568 quae
1547 5497 1683 5551 olim
1712 5496 1998 5567 majorum
2017 5498 2152 5550 sunt

510 5589 842 5644 auctoritate
875 5590 1143 5645 damnata
1171 5590 1433 5646 redivivis
1457 5607 1573 5645 non
1608 5589 1951 5662 permittatis
1976 5605 2147 5645 cona-

511 5679 661 5735 tibus
702 5681 954 5739 excitari.
1003 5683 1259 5755 llludque
1305 5684 1495 5755 potius
1512 5683 1785 5753 jubeatis,
1824 5687 1891 5738 ut
1914 5683 2149 5756 antique

511 5771 752 5828 Nicaeum
791 5776 992 5846 synodi
1016 5776 1342 5846 constituta,
1374 5782 1594 5832 remota
1623 5776 2028 5833 haereticorum
2058 5778 2145 5833 in-

514 5864 939 5936 terpretatione,
970 5875 1361 5941 permaneant.
1384 5871 1497 5925 Nec
1522 5886 1614 5927 me
1641 5871 1924 5943 quodque,
1959 5878 2024 5929 ut
2056 5887 2151 5929 νου

2178 3189 2233 3264 C

2260 520 2357 589 lio,
2391 537 2517 575 cum
2547 520 2605 573 in
2632 519 2718 573 his
2744 517 3017 572 fratribus
3043 532 3183 587 quos
3209 512 3408 581 direxi,
3435 512 3491 566 id
3515 518 3607 582 est,
3632 514 3809 569 Pascha-

2260 614 2420 668 siano
2465 617 2520 668 et
2575 611 2845 667 Lucentio
2896 608 3195 681 episcopis,
3243 605 3518 661 Bonifacio
3566 610 3618 660 et
3657 606 3811 661 Basilio

2260 706 2624 779 presbyteris,
2654 705 2751 759 sed
2789 706 2844 759 et
2861 704 3032 757 fratre
3057 718 3191 756 meo
3214 699 3450 765 Iuliano,
3481 714 3634 770 quem
3658 714 3810 754 eorum

2260 802 2409 857 volui
2430 817 2549 854 esse
2566 799 2922 871 participem,
2946 796 3119 852 etiam
3136 811 3260 849 mea
3272 794 3343 848 sit
3362 793 3666 847 aestimanda
3682 795 3814 864 paeni-

2261 895 2456 951 tentia.
2483 894 2632 959 Quos
2654 891 2962 947 auxiliante
2989 889 3209 945 Christo
3240 888 3316 941 ita
3331 887 3568 959 jacturos
3599 902 3700 941 esse
3720 904 3814 941 con-

2260 989 2395 1056 ﬁdo,
2429 994 2490 1042 ut
2517 1005 2583 1043 ea
2611 1004 2740 1058 quas
2767 985 3011 1040 Domino
3043 988 3239 1038 nostro
3270 981 3537 1053 placeant,
3569 980 3815 1034 decernan-

2262 1088 2369 1149 tur,
2419 1082 2721 1136 accedente
2759 1079 2984 1151 pietatis
3009 1082 3211 1133 vestras
3241 1075 3446 1140 studio,
3475 1074 3611 1145 quod
3646 1078 3691 1127 et
3724 1074 3815 1144 paci

2260 1176 2434 1248 prosit
2463 1181 2518 1230 et
2549 1173 2808 1245 religioni
2839 1173 2909 1226 sit
2940 1171 3192 1226 custodia
3223 1168 3485 1223 veritatis.
3532 1168 3652 1221 Data
3678 1184 3717 1219 γι
3744 1168 3818 1219 lia-

2260 1270 2458 1324 lendas
2483 1268 2657 1338 Junii,
2693 1266 2972 1338 Adelphio
3001 1264 3121 1319 viro
3160 1262 3464 1317 clarissimo
3498 1259 3715 1321 consule,
3737 1275 3816 1312 teri

2261 1381 2370 1435 qua
2401 1380 2524 1434 sup.

2735 1453 2910 1507 XXIII.
2942 1481 3010 1491 -—
3040 1451 3129 1506 Ad
3160 1450 3421 1504 eumdem.

2330 1552 2439 1605 Leo
2467 1548 2764 1620 episcopus
2787 1547 3069 1602 MARTIANO
3096 1548 3370 1615 Augusto.

2329 1645 2554 1699 Multam
2578 1640 2719 1696 mihi
2745 1640 3011 1694 fiduciam
3038 1637 3320 1693 scribendi
3338 1635 3411 1690 ad
3430 1633 3745 1689 clementiam
3761 1650 3821 1686 ve-

2259 1744 2433 1793 stram
2474 1740 2533 1790 et
2571 1735 2777 1789 litterae
2804 1736 3025 1799 vestrae,
3054 1747 3200 1803 quas
3235 1731 3564 1784 veneranter
3589 1726 3762 1797 accepi,
3783 1732 3819 1779 et

2261 1830 2571 1903 coepiscopi
2600 1829 2711 1882 mei
2737 1831 3080 1882 revertentes
3108 1821 3591 1892 ConstantinOpoli
3616 1819 3817 1891 praebue-

2265 1928 2416 1992 runt,
2452 1940 2567 1978 non
2596 1923 2710 1977 sola
2747 1920 3054 1976 assertione
3083 1918 3407 1984 verborum,
3436 1915 3531 1970 sed
3568 1914 3687 1984 ipsis
3718 1929 3816 1983 ope-

2264 2037 2391 2075 rum
2414 2017 2701 2073 effectibus
2718 2016 3193 2082 demonstrantes,
3208 2011 3283 2065 ad
3296 2008 3671 2065 defensionem
3686 2006 3821 2060 catho-

2264 2114 2384 2168 licae
2407 2111 2539 2166 ﬁdei
2574 2110 2833 2163 divinum
2873 2108 2931 2161 in
2958 2107 3111 2161 vobis
3156 2106 3354 2176 vigere
3393 2103 3707 2175 praesidium.
3736 2101 3820 2162 Quo

2267 2209 2459 2279 utique
2489 2222 2607 2260 non
2642 2204 2825 2258 solum
2870 2201 3130 2257 Ecclesiae
3166 2205 3363 2267 status,
3396 2197 3492 2252 sed
3524 2196 3677 2251 etiam
3701 2191 3821 2247 vestri

2264 2302 2434 2356 robur
2460 2299 2719 2353 munitur
2746 2295 2994 2366 imperii,
3040 2299 3105 2348 ut
3146 2293 3357 2346 merito
3403 2291 3521 2362 ejus
3565 2285 3822 2358 exspectetis

2262 2394 2695 2467 protectionem,
2729 2392 2889 2462 cujus
2918 2387 3100 2443 colitis
3142 2385 3465 2451 veritatem,
3498 2378 3821 2454 gloriosissime

2262 2489 2586 2560 imperator.
2619 2487 2784 2553 Nam,
2835 2487 2896 2538 ut
2918 2480 3107 2536 fratris
3129 2480 3246 2535 mei
3274 2477 3558 2534 Anatholii
3585 2475 3722 2530 citius
3744 2487 3825 2525 ma-

2262 2582 2629 2637 nifestaretur
2655 2576 2973 2648 integritas,
3004 2580 3059 2630 et
3083 2573 3221 2629 olim
3247 2571 3505 2627 damnati
3522 2568 3703 2624 erroris
3715 2564 3824 2620 redi-

2261 2676 2416 2730 vivus
2441 2680 2686 2730 assertor
2716 2674 2904 2726 locum
2946 2672 3002 2724 in
3043 2668 3250 2725 Christi
3282 2666 3526 2722 Ecclesia
3564 2680 3666 2719 non
3693 2659 3825 2714 babe-

2259 2775 2363 2841 ret,
2398 2777 2459 2824 ut
2483 2766 2740 2824 catholici
2785 2764 3053 2837 episcopi,
3097 2778 3240 2833 quos
3272 2777 3463 2832 nuper
3496 2756 3824 2813 haereticorum

2261 2864 2571 2936 persecutio
2606 2862 2918 2932 degravare
2956 2874 3075 2912 non
3101 2856 3289 2928 potuit
3317 2855 3387 2909 ab
3417 2852 3629 2925 injustis
3653 2862 3825 2903 revooa-

2258 2961 2458 3013 rentur
2489 2955 2719 3022 exsiliis,
2753 2958 2927 3025 atque
2952 2949 3209 3021 reliquiis
3235 2949 3421 3004 beatae
3453 2943 3713 3001 memoris:
3736 2940 3824 2994 Fla-

2258 3051 2410 3107 viani
2437 3052 2614 3122 digno
2640 3050 2855 3103 honore
2886 3044 3178 3117 susceptis,
3200 3043 3559 3114 impietatem
3578 3053 3713 3093 suam
3732 3049 3825 3088 con-

2260 3146 2557 3201 demnator
2597 3144 2720 3215 ejus
2758 3144 3109 3213 agnosceret,
3150 3141 3355 3192 vestrm
3409 3133 3617 3190 virtutis
3660 3127 3822 3191 titulus,

2261 3245 2457 3295 vestrae
2476 3237 2704 3311 pietatis
2718 3243 2802 3291 est
2820 3236 3036 3290 fructus
3055 3250 3068 3300 ;
3101 3232 3191 3287 cui
3207 3231 3439 3287 conﬁdo
3459 3230 3624 3284 etiam
3643 3225 3823 3279 aliarum

2258 3333 2506 3406 insignia
2518 3328 2933 3388 accumulanda
2952 3328 3298 3400 palmarum.
3327 3327 3400 3381 Ut
3422 3324 3561 3379 sicut
3577 3314 3823 3378 Constanti-

2260 3429 2584 3501 nopolitana
2605 3424 2850 3480 Ecclesia
2878 3426 3103 3494 recepta
3131 3420 3461 3491 apostolicae
3484 3417 3608 3472 ﬁdei
3626 3413 3824 3468 libertate

2256 3524 2497 3592 lietatur,
2520 3521 2602 3576 ita
2625 3535 2826 3574 omnes
2856 3516 3019 3589 regni
3041 3515 3207 3569 vestri
3230 3512 3536 3586 provincim
3557 3504 3826 3565 emundatas

2256 3634 2314 3672 se
2336 3634 2369 3671 a
2385 3614 2647 3671 diabolici
2661 3610 2942 3684 dogmatis
2957 3609 3301 3680 contagione
3322 3607 3643 3680 glorientur.
3660 3601 3825 3665 Utergo

2254 3708 2706 3783 praecedentibus
2741 3704 2942 3761 litteris
2977 3702 3239 3769 iudicavi,
3271 3702 3476 3757 fratres
3508 3713 3651 3754 meos
3670 3695 3826 3783 Lucelr

2255 3782 2377 3859 sem
2405 3803 2729 3875 episcopum
2762 3806 2818 3855 et
2845 3798 3112 3853 Basilium
3138 3790 3536 3869 presbyterum
3565 3790 3652 3862 qui
3679 3782 3826 3842 sollici-

2254 3897 2471 3954 tudinis
2496 3912 2640 3951 meaa
2658 3900 2846 3967 partes
2867 3891 3084 3966 possint
3103 3890 3347 3962 implere
3373 3887 3568 3955 direxi,
3594 3879 3744 3940 favori
3758 3889 3824 3931 eos

2255 3992 2481 4064 pietatis
2504 3992 2706 4045 vestra:
2736 3989 2795 4043 in
2824 3986 3110 4054 omnibus,
3153 4001 3283 4055 quae
3319 3988 3455 4038 sunt
3492 3979 3690 4054 agenda
3710 3985 3823 4070 coni—

2251 4086 2552 4141 mendans.
2609 4085 2749 4138 Nam
2788 4098 2918 4137 cum
2968 4084 3025 4134 et
3058 4079 3253 4134 fratris
3309 4078 3425 4133 mei
3471 4071 3688 4131 Anatolii
3726 4079 3823 4121 εω-

2252 4180 2360 4252 ptis
2385 4186 2441 4235 et
2482 4183 2807 4233 nostrorum
2850 4190 3119 4231 sermone
3152 4171 3527 4244 cognoverim
3569 4164 3746 4223 multos
3775 4156 3822 4252 de

2250 4240 2337 4330 his
2364 4273 2461 4346 qui
2481 4273 2631 4345 apud
2653 4271 2938 4343 Ephesum
2960 4267 3203 4324 Dioscori
3227 4240 3480 4321 factione
3503 4254 3758 4332 compulsi.
3772 4240 3821 4303 δε

2244 4344 2543 4424 stabilibus
2571 4365 2795 4421 statutis
2810 4362 3203 4435 paenitendum
3240 4360 3536 4432 praebuere
3550 4359 3821 4412 consensum

2251 4461 2644 4518 inconstantiae
2676 4476 2791 4514 suae
2829 4458 3053 4513 veniam
3095 4455 3409 4528 postulare,
3451 4457 3508 4509 et
3531 4441 3822 4507 communio-

2251 4576 2383 4616 nem
2413 4556 2750 4613 catholicam
2777 4571 2880 4628 per
2908 4552 3360 4609 satisfactionem
3400 4541 3730 4606 correctionis
3752 4549 3822 4591 ex~

2249 4657 2444 4727 petere
2465 4668 2582 4706 non
2603 4651 2711 4705 fuit
2729 4649 2927 4705 talium
2947 4646 3296 4718 negligenda
3321 4642 3625 4705 conversio,
3645 4633 3726 4709 qui
3742 4642 3823 4731 non

2247 4747 2477 4822 proprio
2516 4761 2704 4811 sensu,
2743 4744 2840 4799 sed
2880 4741 3041 4813 impii
3079 4738 3510 4813 praesumptoris
3553 4729 3765 4822 impulsu
3783 4729 3821 4775 ill

2249 4818 2370 4897 haec
2404 4838 2661 4894 incidisse
2696 4843 3025 4903 noscuntur,
3046 4835 3106 4890 in
3134 4834 3342 4906 quibus
3368 4832 3604 4887 liberum
3628 4839 3724 4880 non
3747 4818 3821 4918 δέ·

2247 4935 2425 4990 buere
2451 4932 2755 5005 judicium.
2788 4933 2866 4986 Ne
2897 4930 3091 5002 itaque
3117 4926 3578 5000 resipiscentium
3604 4914 3823 4975 desideria

2249 5046 2411 5086 mora
2433 5027 2658 5100 longior
2685 5027 2973 5098 fatigaret,
3005 5025 3091 5078 vel
3111 5022 3394 5078 incuriosa
3412 5016 3637 5075 facilitas
3656 5016 3822 5100 temer?

2251 5122 2471 5196 aliquos
2492 5096 2689 5177 etwsine
2718 5096 3062 5174 discretione
3090 5115 3421 5187 susciperet,
3452 5109 3738 5182 injunctum
3764 5096 3824 5196 (ξεί

2250 5216 2322 5273 ab
2345 5188 2660 5287 apostolica
2686 5212 2831 5268 Sede
2859 5210 3085 5267 directis
3109 5213 3175 5266 ut
3200 5210 3258 5264 in
3277 5203 3621 5262 consortium
3640 5210 3736 5253 suae

2250 5281 2594 5365 liberationis
2612 5307 2791 5362 accito
2805 5302 3450 5377 Constantinopolitanae
3468 5296 3612 5352 urbis
3624 5281 3822 5377 antistite

2249 5404 2306 5456 et
2329 5396 2664 5470 pestilentia:
2700 5394 2965 5467 contagia
2996 5410 3113 5449 non
3150 5373 3542 5454 admittantur,
3575 5389 3628 5440 et

2250 5493 2321 5550 tis
2345 5491 2600 5548 remedia
2627 5507 2742 5546 non
2769 5492 3072 5561 negentur.
3116 5489 3252 5552 Quae
3286 5482 3564 5539 industria
3586 5478 3640 5532 in
3672 5480 3818 5527 omm°

2248 5589 2356 5644 bus
2395 5603 2525 5659 quae
2561 5584 2827 5658 nequiter
2862 5588 3026 5655 gesta
3065 5585 3201 5637 sunt
3225 5573 3587 5636 emendandis
3609 5567 3817 5664 celerem!

2241 5682 2477 5755 juvante
2491 5679 2757 5749 Domino,
2775 5679 3154 5750 consequetur
3167 5674 3452 5741 effectum,
3472 5668 3518 5723 si
3530 5660 3819 5762 reparatiotll

2250 5752 2401 5850 pacis
2437 5773 2825 5831 ecclesiasticas
2861 5788 3029 5845 opem
3061 5787 3223 5826 suam
3257 5771 3441 5823 vestra
3475 5762 3644 5836 pietas
3658 5752 3819 5850 digus:

2249 5839 2342 5928 tur
2366 5870 2679 5945 adiungere
2713 5884 2727 5924 :
2762 5872 2823 5924 ut
2857 5839 3015 5922 vobis
3041 5866 3101 5923 in
3122 5872 3266 5923 terra
3295 5854 3653 5935 regnantibus
3675 5848 3724 5902 et
3743 5839 3818 5896 υθέ
