4026 6182
207 340 287 390 707
1362 322 1833 386 DECRETALIUM
1874 328 2265 386 COLI.ECTIO.

3414 340 3514 393 798

206 456 412 512 regnum
439 441 579 493 intra
618 456 717 494 vos
746 441 966 495 honore
993 439 1344 506 mereamini,
1368 444 1423 493 et
1449 439 1784 493 catholicam
1808 449 1865 521 Α
1886 438 2358 494 satisfactionibus
2378 440 2529 495 male
2559 442 2713 512 gesta
2743 440 3149 513 condemnant,
3170 447 3227 499 et
3250 461 3511 501 accusare

202 536 343 589 fidem
379 534 521 587 nulla
561 534 769 587 falsitas
807 535 996 601 violet,
1028 535 1183 588 nulla
1210 533 1439 587 haeresis
1482 532 1780 603 inquietet,

202 645 285 681 nec
312 627 553 698 cuiquam
580 626 739 681 liceat
766 628 1081 682 doctrinam
1108 627 1492 697 evangelicam
1523 626 1783 680 deserere

200 728 244 776 et
267 720 565 775 sacerdotali
590 720 809 775 honore
842 723 1112 792 gaudere.
1152 720 1445 791 Synodum
1473 735 1604 774 vero
1636 718 1779 788 fieri,

197 821 247 869 ut
270 814 509 868 meminit
526 817 709 868 vestra
730 816 1031 870 clementia
1061 815 1232 869 etiam
1260 814 1367 884 ipsi
1398 814 1779 884 poposcimus,

195 908 471 963 sacerdotes
500 908 912 979 provinciarum
960 909 1220 964 omnium
1252 907 1588 978 congregari
1634 924 1778 977 pras-

194 1001 335 1056 sentis
364 1002 621 1072 temporis
665 1003 972 1057 necessitas
1015 994 1173 1057 nulla
1212 1002 1434 1056 ratione
1476 1000 1777 1071 permittit,

195 1095 423 1165 quoniam
450 1095 552 1149 illae
573 1096 881 1167 provincia
909 1097 976 1151 de
1003 1096 1207 1168 quibus
1234 1095 1483 1149 maxime
1504 1099 1636 1173 sunt
1654 1111 1778 1149 evo-

193 1189 342 1256 candi,
367 1189 709 1259 inquietante
730 1190 899 1258 bello,
922 1191 992 1244 ab
1015 1190 1265 1244 ecclesiis
1286 1190 1400 1243 suis
1420 1205 1514 1243 eos
1536 1206 1648 1242 non
1672 1205 1775 1259 pa-

192 1281 377 1335 tiuntur
395 1282 708 1338 abscedere.
735 1284 899 1351 Unde.
916 1284 1268 1355 oportuniori
1299 1287 1555 1354 tempore
1584 1282 1775 1353 propi-

193 1376 303 1429 tiato
316 1377 539 1432 Domino
552 1393 683 1432 cum
698 1378 918 1433 firmior
929 1379 1104 1433 fuerit
1115 1378 1376 1433 restituta
1389 1376 1679 1444 securitas,
1689 1376 1779 1447 ju-

189 1468 293 1523 beat
317 1474 482 1524 vestra
520 1471 831 1526 clementia
868 1473 1165 1527 reservari.
1205 1473 1279 1526 De
1315 1489 1430 1543 qua
1465 1488 1525 1525 re
1555 1470 1778 1542 plenius

190 1562 307 1617 inter
327 1570 516 1617 caetera
552 1566 705 1635 apud
743 1567 1014 1636 pietatem
1056 1570 1298 1620 vestram
1329 1569 1597 1636 poterunt
1636 1564 1773 1619 alle-

188 1672 297 1726 gare
334 1673 463 1728 quos
507 1658 653 1712 misi.
698 1656 843 1713 Data
876 1675 907 1710 v
948 1659 1077 1713 ldus
1118 1659 1289 1727 Junii,
1333 1658 1615 1728 Adelphio
1660 1658 1776 1712 viro

187 1748 448 1803 clarissimo
473 1753 724 1819 consule,
757 1768 871 1805 aera
899 1769 1011 1823 qua
1039 1769 1227 1823 supra.

420 1844 582 1898 XXIV.
617 1875 685 1884 —
709 1846 802 1899 Ad
828 1847 1140 1901 Anatolium
1167 1848 1488 1917 episcopum.

246 1939 285 1990 t.
308 1939 372 1992 De
399 1937 503 1992 fide
531 1938 657 2008 ejus
686 1939 908 2009 scriptis
936 1939 1123 1993 missis
1148 1939 1404 2010 probata.

241 2032 282 2084 2.
310 2032 378 2084 De
404 2031 486 2085 his
520 2032 619 2103 qui
659 2038 819 2087 metu
859 2033 917 2088 in
959 2033 1216 2087 haresim
1260 2033 1399 2103 lapsi
1445 2038 1593 2097 sunt,
1626 2036 1689 2087 ut
1728 2033 1772 2087 si

184 2124 390 2178 conversi
420 2125 637 2179 fuerint
662 2126 1035 2197 recipiantur.

239 2220 281 2271 3.
307 2219 373 2271 De
412 2220 741 2274 nominibus
770 2221 1171 2275 haereticorum
1210 2222 1281 2276 ad
1311 2221 1488 2276 altare
1530 2237 1643 2275 non
1683 2236 1769 2274 re-

182 2311 399 2366 citandis.

236 2406 279 2458 4.
303 2406 369 2461 De
395 2408 890 2463 commendatione
915 2409 1123 2464 Juliani
1151 2410 1423 2481 episcopi,
1452 2411 1536 2464 vel
1570 2425 1772 2464 eorum

180 2498 469 2555 clericorum
485 2502 583 2573 qui
604 2502 867 2556 Flaviano
889 2503 1152 2574 episcopo
1180 2504 1236 2557 in
1263 2504 1369 2557 fide
1390 2503 1768 2558 adhaeserunt.

235 2594 342 2647 Car.
372 2596 407 2649 1.
435 2596 542 2650 Leo
570 2595 870 2667 episcopus
896 2600 1171 2652 Amrouo
1197 2598 1481 2668 episcopo.

234 2687 524 2743 Gaudemus
576 2690 635 2744 in
678 2689 919 2745 Domino
961 2695 1017 2745 et
1054 2690 1112 2745 in
1149 2691 1297 2746 dono
1348 2690 1548 2761 gratiae
1596 2691 1772 2761 ipsius

178 2780 465 2849 gloriamur,
506 2784 607 2855 qui
647 2784 793 2838 sicut
828 2784 1145 2853 dilectionis
1188 2789 1301 2839 ture
1337 2784 1542 2839 litteris
1570 2787 1627 2838 et
1656 2785 1767 2839 fra-

180 2877 299 2929 trum
314 2881 652 2945 nostrorum,
671 2894 813 2949 quos
831 2879 1386 2949 Constantinopolim
1408 2880 1767 2949 miseramus,

178 2968 410 3025 relatione
451 2973 845 3044 cognovimus,
876 2989 1177 3044 sequacem
1212 2973 1551 3044 evangelicae
1579 2974 1769 3029 erudi-

174 3060 313 3116 tionis
337 3066 596 3133 ostendit,
629 3070 688 3121 ut
722 3083 826 3137 per
869 3067 1169 3121 sacerdotis
1199 3067 1555 3138 probabilem
1593 3068 1768 3123 fidem

177 3157 342 3211 merito
371 3175 801 3229 prmsumamus,
843 3159 999 3231 quod
1026 3164 1145 3215 tota
1173 3161 1414 3216 Ecclesia
1440 3160 1625 3216 eidem
1653 3177 1769 3216 cre-

1886 531 2073 602 magis
2103 549 2161 586 se
2191 533 2414 604 eligunt
2441 551 2613 605 quam
2646 536 2794 590 tueri
2820 536 2970 606 pacis
3010 540 3067 591 et
3094 539 3512 595 communionis

1884 632 2096 684 nostra:
2134 630 2408 685 unitatem
2449 632 2733 686 laetantur.
2779 635 2857 687 [ta
2900 636 2963 687 ut
2991 633 3164 704 digno
3192 636 3348 706 prius
3375 616 3506 690 ana-

1883 723 2134 777 themate
2161 740 2290 795 quae
2318 730 2516 779 contra
2543 726 2717 779 fidem
2745 727 3079 782 catholicam
3112 732 3244 782 sunt
3287 734 3513 801 recepta

1881 816 2256 884 damnentur;
2289 818 2457 872 aliter
2483 820 2635 873 enim
2667 820 2725 873 in
2756 821 2995 874 Ecclesia
3022 821 3136 888 Dei,
3158 839 3283 892 quae
3306 840 3511 894 corpus

1882 916 1966 964 est
1995 910 2220 979 Christi,
2251 927 2353 965 nec
2385 918 2511 967 rata
2555 917 2688 967 sunt
2732 915 3070 983 sacerdotia,
3116 932 3219 971 nec
3262 933 3391 971 vera
3420 935 3508 971 sa-

1880 1003 2110 1072 criﬁcia,
2147 1005 2250 1058 nisi
2283 1005 2341 1059 in
2360 1009 2567 1061 nostra:
2593 1008 2944 1077 proprietate
2975 1011 3195 1062 naturas
3223 1026 3386 1064 verus
3410 1027 3510 1065 nos

1881 1100 2133 1170 pontifex
2172 1100 2518 1165 reconciliet,
2549 1116 2714 1154 verus
2740 1100 3091 1155 immaculati
3124 1105 3257 1174 agni
3283 1105 3512 1174 sanguis

1879 1194 2171 1263 emundat,
2202 1194 2335 1248 licet
2366 1194 2423 1247 in
2453 1193 2630 1248 Patris
2674 1194 2747 1248 sit
2792 1194 3019 1249 dextera
3060 1197 3419 1266 constitutus,
3454 1197 3511 1252 in

1878 1288 2075 1343 eadem
2101 1294 2293 1343 tamen
2320 1303 2486 1343 carne
2516 1304 2688 1359 quam
2716 1288 2958 1360 sumpsit
2984 1306 3055 1343 ex
3084 1290 3315 1361 Virgine
3330 1306 3509 1345 sacra-

1880 1387 2137 1436 mentum
2159 1382 2578 1453 propitiationis
2594 1383 2942 1453 exsequitur,
2964 1383 3188 1438 dicente
3203 1384 3471 1454 Apostolo
3493 1402 3506 1439 :

1882 1498 1907 1522 υ
1934 1475 2188 1529 Christus
2212 1476 2372 1529 Jesus
2402 1475 2498 1545 qui
2530 1479 2792 1529 mortuus
2823 1480 2924 1543 est,
2951 1476 3068 1532 imo
3100 1477 3197 1548 qui
3237 1483 3291 1532 et
3318 1494 3508 1532 resur-

1879 1569 2037 1637 rexit,
2068 1570 2163 1639 qui
2191 1573 2273 1623 est
2304 1570 2357 1623 in
2391 1569 2638 1635 dextera,
2670 1570 2763 1639 qui
2812 1571 2982 1623 etiam
3031 1571 3360 1642 interpellat
3406 1588 3507 1642 pro

1875 1662 2039 1715 nobis
2070 1662 2234 1727 (Rom.
2271 1678 2388 1729 vm,
2417 1664 2525 1729 34).
2558 1684 2583 1710 ››
2616 1663 2810 1733 Neque
2840 1662 2993 1716 enim
3020 1667 3211 1734 potest
3230 1664 3287 1717 in
3316 1664 3507 1736 aliquo

1876 1755 2202 1826 benignitas
2229 1761 2424 1810 nostra
2460 1755 2805 1825 reprehendi
2831 1772 2966 1810 eum
2993 1756 3398 1813 satisfacientes
3420 1776 3505 1812 re-

1740 1918 1749 1925 _
1793 1840 1847 1911 Β
1872 1849 2127 1919 cepimus
2164 1866 2309 1920 quos
2345 1848 2633 1903 doluimus
2671 1865 2792 1903 esse
2838 1849 3129 1921 deceptos.
3170 1853 3280 1905 Nec
3309 1868 3507 1923 aspere

1873 1942 2049 2012 igitur
2085 1942 2508 1997 communionis
2547 1946 2757 1997 nostrae
2802 1943 2987 2013 gratia
3021 1944 3359 2014 deneganda
3404 1950 3507 2011 est,

1873 2052 1979 2089 nec
2004 2041 2221 2091 temere
2247 2036 2566 2106 largienda,
2592 2036 2728 2107 quia
2754 2036 2898 2091 sicut
2923 2038 3158 2107 plenum
3176 2037 3404 2108 pietatis
3424 2041 3510 2093 est

1871 2130 2156 2201 oppressis
2185 2130 2526 2184 charitatem
2574 2129 2931 2184 Dominicam
2971 2130 3277 2198 redhiberi,
3307 2132 3387 2186 ita
3406 2132 3503 2202 ju-

1872 2226 2026 2277 stum
2057 2227 2141 2277 est
2166 2223 2360 2277 omnia
2386 2222 2826 2293 perturbationis
2853 2224 3182 2278 auctoribus
3211 2224 3505 2295 imputari.

1946 2318 2032 2371 ΙΙΙ.
2052 2318 2130 2371 De
2148 2316 2482 2371 nominibus
2504 2321 2697 2370 autem
2723 2316 2990 2383 Dioscuri,
3010 2317 3313 2385 Iuvenalis,
3333 2322 3390 2373 et
3404 2319 3512 2372 Eu-

1872 2410 2021 2464 statii
2040 2410 2112 2464 ad
2147 2426 2369 2464 sacrum
2398 2410 2572 2464 altare
2603 2410 2931 2477 recitandis,
2960 2410 3318 2465 dilectionem
3353 2416 3510 2467 tuam

1872 2504 1982 2558 hoc
2004 2504 2164 2558 decet
2190 2503 2470 2557 custodire
2491 2503 2644 2574 quod
2669 2503 2847 2557 nostri
2873 2503 3089 2559 ibidem
3118 2504 3405 2560 constituti
3430 2505 3510 2561 fa-

1871 2598 2137 2651 ciendum
2166 2613 2286 2651 esse
2318 2596 2604 2663 dixerunt,
2634 2596 2902 2668 quodque
2938 2597 3285 2652 honorandae
3311 2602 3505 2653 sancto

1872 2691 2138 2745 Flaviano
2154 2690 2447 2745 memoriae
2459 2706 2576 2745 non
2590 2694 2892 2761 repugnet,
2908 2696 2965 2746 et
2981 2708 3014 2744 a
3031 2691 3213 2762 gratia
3234 2695 3329 2745 tua
3348 2692 3505 2747 Chri-

1872 2785 2067 2840 stianae
2096 2784 2277 2855 plebis
2301 2784 2521 2839 animos
2544 2802 2663 2839 non
2685 2789 2920 2839 avertat.
2954 2786 3094 2840 Nam
3122 2785 3383 2856 iniquum
3412 2785 3500 2839 ni-

1871 2880 1980 2933 mis
2019 2884 2106 2933 est
2136 2884 2305 2949 atque
2352 2879 2734 2949 incongruum
2779 2895 2874 2933 eos
2918 2879 3017 2949 qui
3068 2878 3404 2933 innocentes
3452 2885 3506 2933 et

1870 2973 2174 3027 catholicos
2230 2990 2333 3027 sua
2380 2973 2775 3044 persecutione
2826 2978 3120 3041 vexarunt,
3176 2975 3505 3028 sanctorum

1870 3067 2196 3121 nominibus
2234 3067 2356 3122 sine
2385 3067 2729 3122 discretione
2774 3066 3019 3136 misceri,
3065 3066 3504 3123 condemnatam

1870 3160 2221 3230 impietatem
2268 3177 2384 3215 non
2437 3160 2761 3215 deserentes
2811 3160 2923 3231 ipsi
2958 3177 3015 3215 se
3069 3177 3172 3215 sua
3229 3160 3501 3231 pravitate

174 3246 266 3301 dita
282 3255 357 3305 est
371 3216 451 3306 Ine
479 3270 684 3324 rugam
711 3216 1047 3325 cuiusquam
1067 3254 1136 3309 sit
1157 3254 1367 3309 erroris
1394 3255 1660 3309 habitura
1677 3256 1765 3309 vel
1788 3216 1842 3290 Ο
1867 3216 2254 3309 condemnant
2272 3271 2415 3326 quos
2435 3255 2701 3309 convenit
2725 3216 3085 3326 aut‘percelli
3108 3271 3210 3325 pro
3230 3216 3500 3325 lperildia,

172 3344 432 3415 maculam,
452 3347 675 3402 dicente
695 3349 960 3418 Apostolo
984 3364 997 3403 :
1020 3369 1044 3395 ο
1072 3349 1355 3420 Despondi
1376 3349 1527 3404 enim
1548 3366 1647 3404 vos
1668 3350 1765 3403 uni
1864 3354 1963 3402 aut
1994 3348 2253 3403 laborare
2283 3365 2388 3419 pro
2414 3348 2601 3402 venia.

170 3435 266 3491 viro
298 3440 568 3510 virginem
615 3444 826 3496 castam
874 3442 1143 3498 exhibere
1181 3443 1401 3499 Christo
1438 3443 1515 3514 (II
1536 3446 1654 3501 Cor.
1685 3460 1763 3511 XI,
1938 3443 2019 3496 IV.
2039 3443 2443 3496 Fratremvero
2456 3440 2920 3512 etcoepiscopum
2939 3445 3194 3496 nostrum
3213 3441 3501 3496 Iulianum

172 3532 256 3598 12);
291 3553 314 3582 υ
348 3533 438 3588 illa
481 3535 641 3589 enim
686 3535 846 3607 virgo
897 3536 1159 3605 Ecclesia,
1205 3554 1416 3608 sponsa
1457 3537 1624 3591 unius
1660 3537 1764 3591 viri
1864 3536 1952 3590 vel
1989 3536 2220 3590 clericos
2254 3536 2354 3606 qui
2378 3540 2590 3589 sanctas
2616 3534 2908 3589 memoriae
2938 3535 3206 3589 Flaviano
3234 3534 3500 3590 ﬁdelibus

168 3622 360 3695 Christi,
392 3644 516 3699 qua:
549 3629 707 3683 nullo
744 3646 805 3683 se
850 3630 1066 3701 patitur
1094 3646 1285 3685 errore
1323 3630 1533 3700 vitiari,
1563 3631 1619 3685 in
1652 3648 1765 3701 qua
1864 3629 2062 3684 ofﬁciis
2084 3629 2469 3697 adhaeserunt,
2499 3627 2787 3683 dilectioni
2818 3645 3046 3700 quoque
3085 3632 3196 3682 tuas
3239 3628 3503 3683 volumus

168 3716 451 3775 societatem
470 3727 586 3777 tuae
604 3722 918 3778 dilectionis
936 3724 1355 3795 amplectimur,
1389 3728 1443 3778 et
1472 3729 1764 3795 gestorum
1866 3725 2176 3789 adhaerere,
2201 3728 2266 3777 ut
2285 3740 2457 3794 quem
2486 3722 2617 3777 fidei
2640 3738 2756 3777 suae
2784 3722 3003 3777 meritis
3022 3723 3209 3777 vivere
3231 3722 3381 3793 apud
3403 3724 3503 3778 Do-

166 3824 267 3879 quae
305 3816 656 3887 sumpsimus
693 3816 902 3871 seriem
944 3818 1275 3872 necessariis
1302 3818 1466 3887 (sicut
1492 3818 1763 3890 oportuit)
1866 3818 2091 3872 minum
2108 3823 2368 3872 nostrum
2395 3816 2656 3871 novimus
2687 3816 2744 3870 in
2773 3821 2827 3871 te
2852 3815 2959 3870 sibi
2992 3833 3122 3871 eum
3151 3821 3497 3887 praesentem

167 3907 407 3963 munitam
454 3909 969 3983 subscriptionibus
1013 3912 1478 3983 approlvavimus.
1523 3914 1592 3967 Ut
1629 3928 1765 3985 ergo
1863 3910 2479 3984 agnoscant;illudque
2496 3910 2865 3965 dilectionem
2884 3913 3037 3964 tuam
3054 3926 3219 3964 nosse
3240 3910 3500 3964 volumus

164 3995 371 4056 invicem
397 4002 723 4059 dilectionis
754 4008 866 4058 ture
907 4004 1130 4059 animus
1168 4005 1372 4060 nostris
1399 4007 1761 4061 conﬁrmare-
1864 4007 2098 4061 fratrem
2115 4010 2172 4061 et
2184 4005 2576 4077 coepiscopum
2596 4007 2851 4058 nostrum
2872 4003 3306 4075 Eusebium,qui
3334 4020 3501 4059 causa

165 4093 238 4143 tur
261 4095 530 4168 alloquiis,
567 4097 715 4152 filios
742 4103 965 4154 nostros
989 4099 1307 4155 Casterium
1348 4100 1761 4172 presbyterum,
1864 4100 1997 4154 fidei
2014 4100 2195 4154 multa
2212 4098 2539 4154 discrimina
2554 4098 2892 4169 laboresque
2909 4097 3189 4167 toleravit,
3205 4097 3500 4152 nobiscum

164 4183 431 4245 Patricium
455 4196 512 4247 et
540 4191 931 4263 Asclepiadem
958 4192 1252 4259 diaconos,
1285 4193 1382 4265 qui
1415 4195 1486 4249 ad
1525 4211 1627 4249 nos
1667 4200 1765 4250 tua
1864 4194 2092 4249 interim
2123 4193 2413 4248 demorari
2461 4195 2518 4246 et
2562 4192 2619 4246 in
2657 4194 2855 4247 nostra
2895 4208 3048 4246 nunc
3092 4191 3499 4246 communione

164 4280 336 4351 Scripta
354 4284 609 4340 detulere
640 4301 770 4339 cum
791 4286 1040 4357 epistolis
1061 4287 1285 4354 nostris,
1308 4291 1435 4359 post
1462 4288 1762 4342 venerabi-
1866 4288 2188 4359 persistere,
2215 4288 2377 4358 cujus
2400 4285 2697 4341 ecclesiam
2718 4291 2815 4341 tua
2835 4284 3214 4340 sollicitudine
3240 4285 3500 4339 volumus

164 4369 255 4426 lem
272 4374 414 4433 diem
436 4379 562 4435 festi
587 4380 865 4451 paschalis
888 4381 1200 4448 emisimus,
1218 4380 1537 4435 indicantes
1556 4399 1681 4451 nos,
1704 4388 1765 4438 ut
1864 4397 1985 4436 esse
2012 4382 2327 4451 defensam,
2363 4385 2424 4435 ut
2447 4380 2589 4435 nihil
2622 4380 2829 4434 eodem
2861 4379 3095 4434 absente
3122 4379 3413 4451 depereat,
3442 4382 3499 4434 et

164 4479 303 4537 supra
322 4470 587 4543 diximus,
605 4474 677 4527 de
697 4473 1336 4545 Constantinopolitano:
1353 4475 1601 4530 ecclesia:
1622 4492 1762 4548 pace
1861 4476 2055 4530 nullus
2090 4476 2143 4529 ei
2183 4476 2243 4529 in
2288 4476 2479 4546 aliquo
2523 4473 2900 4546 presjudicare
2943 4477 3272 4544 praesumat,
3318 4473 3498 4528 donec

164 4562 399 4634 gaudere,
430 4568 525 4623 cui
560 4569 707 4623 hanc
743 4585 936 4623 curam
987 4586 1217 4640 semper
1267 4569 1672 4640 impendimus,
1704 4575 1841 4665 utD
1863 4585 1994 4624 cum
2024 4569 2344 4624 litterarum
2373 4571 2693 4622 nostrarum
2721 4567 2793 4621 ad
2826 4584 2923 4621 vos
2952 4567 3341 4637 prosecutione
3376 4582 3502 4636 per-

162 4666 263 4709 eam
294 4659 443 4715 nulla
472 4662 714 4716 velimus
742 4663 1140 4718 haereticorum
1172 4664 1371 4719 fraude
1404 4663 1615 4719 violari.
1782 4659 1827 4665 ”
1864 4663 2075 4730 veniat,
2101 4666 2159 4717 et
2185 4667 2246 4718 ut
2273 4662 2458 4732 major
2473 4662 2623 4715 circa
2647 4666 2700 4715 te
2727 4661 2813 4714 vel
2835 4662 3032 4714 nostra
3048 4659 3135 4713 vel
3157 4659 3328 4714 totius
3343 4659 3501 4714 Chri-

218 4748 272 4804 ΙΙ.
300 4752 370 4808 De
399 4754 669 4810 fratribus
698 4773 832 4810 vero
856 4773 997 4827 quos
1025 4757 1081 4810 in
1112 4758 1361 4828 epistolis
1388 4758 1499 4812 tuis
1524 4763 1580 4813 et
1607 4759 1758 4830 lega-
1863 4757 2061 4812 stianze
2096 4756 2278 4827 plebis
2307 4755 2531 4810 affectio
2560 4759 2897 4825 provocetur
2925 4754 3033 4808 hoc
3063 4753 3213 4825 quod
3245 4753 3319 4807 ad
3345 4752 3495 4808 dile-

158 4841 1376 4906 torumnostrorumrelationecommunionis
1393 4852 1765 4924 nostrmcupi-
1863 4852 2104 4905 ctionem
2161 4854 2319 4905 tuam
2376 4848 2704 4920 scripsimus
2734 4890 2747 4917 ,
2813 4847 2871 4901 in
2927 4848 3186 4902 omnium
3237 4849 3500 4902 volumus

159 4932 854 5013 dosessecognovimus,eo
875 4945 1028 5015 quod
1046 4945 1764 5017 doleantsecontrapoten-
1866 4945 2121 4999 notitiam
2154 4942 2466 5015 pervenire,
2515 4948 2578 4997 ut
2622 4942 2721 5013 qui
2763 4944 2876 4997 Deo
2917 4958 3033 4996 non
3068 4942 3397 4997 deserviunt
3424 4941 3494 4996 de

158 5025 293 5097 tiam,
318 5041 621 5108 contraque
668 5042 911 5092 terrores
956 5056 1074 5093 non
1106 5038 1353 5093 tenuisse
1387 5041 1763 5095 constantiam
1864 5039 2199 5093 conﬁrmata
2226 5038 2378 5109 apud
2403 5042 2457 5092 te
2488 5053 2629 5107 pace
2660 5036 2813 5091 Sedis
2856 5035 3178 5107 apostolica:
3208 5038 3494 5107 gratulen-

158 5118 206 5173 in
230 5124 402 5183 alieno
433 5131 640 5185 scelere
672 5132 979 5202 praebuisse
1016 5148 1377 5199 consensum,
1400 5149 1527 5187 cum
1559 5132 1633 5187 ita
1664 5151 1762 5188 eos
1862 5138 1973 5188 tur.
2020 5135 2096 5187 De
2134 5132 2353 5187 caeteris
2382 5147 2514 5186 vero
2542 5130 2723 5186 causis
2761 5134 2932 5201 atque
2972 5130 3226 5202 personis
3272 5130 3497 5185 dilectio

159 5211 374 5275 formido
404 5223 701 5293 turbasset,
735 5230 795 5279 ut
834 5226 893 5279 in
923 5225 1355 5282 damnationem
1388 5227 1646 5282 catholici
1676 5231 1757 5283 at-
1862 5232 1962 5282 tua
2005 5227 2207 5281 litteris
2250 5243 2390 5297 quas
2435 5242 2536 5297 per
2582 5228 2805 5280 nostras
2850 5223 3107 5296 accipiet,
3153 5222 3373 5294 plenius
3412 5222 3495 5276 in-

159 5322 250 5377 que
276 5311 586 5371 innocentis
610 5316 898 5385 antistitis,
932 5323 987 5373 et
1016 5319 1075 5373 in
1104 5321 1488 5391 receptionem
1519 5321 1757 5376 detesta-
1862 5324 2132 5376 struetur.
2168 5318 2311 5375 Data
2340 5320 2473 5376 ldus
2500 5319 2730 5391 Aprilis,
2764 5334 2877 5374 aera
2904 5334 3019 5389 qua
3043 5333 3232 5387 supra.

159 5397 270 5506 bilis
293 5410 578 5477 pravitatis
604 5412 826 5484 trepido
852 5412 1264 5468 famularentur
1292 5414 1584 5485 obsequio.
1621 5415 1761 5470 Illud
1913 5440 2058 5492 χχγ⁸
2086 5464 2154 5478 ___
2181 5435 2270 5494 Ad
2291 5438 2647 5492 Anathouum
2672 5439 2973 5506 episcopum
3000 5432 3442 5500 Constantinam-

156 5496 365 5565 quidem
392 5504 546 5575 quod
574 5506 951 5577 praesentibus
977 5512 1034 5561 et
1061 5507 1360 5579 agentibus
1395 5507 1600 5562 nostris
1624 5524 1758 5563 con-
2554 5496 2808 5563 litanitm.

157 5586 393 5649 stitutum
422 5601 509 5651 est
527 5601 927 5671 approbamus,
962 5605 1024 5655 ut
1060 5617 1294 5656 suarum
1324 5601 1553 5656 interim
1583 5603 1757 5657 eccle-
1936 5605 2042 5659 Leo
2070 5603 2365 5675 episcopus
2389 5606 2699 5658 Anaraouo
2729 5600 3015 5671 episcopo.

156 5682 348 5742 siarum
386 5697 569 5748 essent
592 5694 992 5751 communione
1022 5695 1292 5763 contenti,
1321 5696 1414 5749 sed
1442 5711 1573 5750 cum
1605 5696 1758 5767 lega-
1934 5697 2293 5770 Diligentiam
2322 5695 2650 5752 necessarias
2678 5690 3071 5747 sollicitudinis
3095 5706 3267 5762 quam
3299 5689 3499 5746 frater-

155 5774 216 5829 tis
243 5782 465 5852 nostris,
492 5800 628 5858 quos
656 5788 937 5859 misimus,
971 5788 1308 5861 participata
1332 5792 1518 5844 tecum
1558 5789 1757 5845 sollici-
1861 5790 2007 5845 nitas
2053 5794 2152 5845 tua
2193 5790 2253 5845 in
2298 5788 2613 5862 dirigendis
2657 5785 2726 5840 ad
2769 5801 2874 5840 nos
2905 5783 3108 5840 litteris
3145 5785 3495 5857 exsequitur,

155 5870 335 5932 tudine
361 5878 634 5937 voluimus
659 5882 1011 5956 disponatur,
1038 5885 1321 5957 quatenus
1366 5882 1424 5939 hi
1453 5883 1550 5957 qui
1576 5883 1760 5957 plenis
1863 5885 2265 5957 approbamus,
2305 5887 2363 5938 et
2402 5880 2647 5952 acceptis
2676 5895 2777 5951 per
2804 5877 2988 5933 ﬁlium
3025 5882 3286 5935 nostrum
3313 5879 3494 5937 Olim-
