4026 6182
543 278 646 329 ’799

1419 269 1701 328 ΑΡΡΕΝΙ).
1742 273 1829 328 ΑΙ)
1865 273 2024 328 S/EC.
2068 271 2152 326 IX.

2294 266 2546 326 lSlDORI
2582 263 3011 326 MERCATORIS
3705 286 3776 338 300

543 385 700 454 pium
732 380 972 452 paganis
1004 379 1117 435 tuis
1150 378 1561 436 sacerdotalem
1581 381 1641 435 in
1665 384 1721 436 te
1753 397 1948 436 curam
1976 380 2169 453 vigere
2192 396 2244 470 Α
2270 382 2384 447 tur,
2426 395 2499 434 ne
2541 378 2599 433 in
2643 394 2845 434 eorum
2896 380 3180 450 potestate
3223 378 3328 434 sint
3365 381 3529 437 divina
3563 391 3781 458 mysteria,

542 475 838 541 sentimus,
885 473 976 528 cui
1018 490 1125 528 nos
1167 490 1397 546 quoque
1440 477 1722 546 quantum
1761 475 2035 530 Dominus
2074 477 2170 530 dat
2272 473 2477 545 quibus
2507 472 2566 526 in
2598 473 2768 527 domo
2797 473 2897 528 Dei
2925 490 3027 544 pro
3049 472 3320 529 scelerum
3345 491 3547 531 suorum
3573 483 3784 550 magnitu-

539 584 704 640 posse
726 584 844 622 non
868 567 1160 636 desumus,
1179 571 1480 623 exorantes
1507 567 1869 624 dilectionem
1899 571 2079 639 tuam,
2107 575 2169 623 ut

540 661 673 734 quia
719 666 947 732 tempus
984 661 1200 716 laboris
1235 661 1538 716 indicimus
1563 662 1623 717 in
1653 665 1849 718 sancta
1874 662 2168 734 vigilantia

541 772 886 826 perseveres,
921 755 1099 810 donec
1128 754 1361 810 dextera
1398 755 1625 810 Domini
1669 756 1836 811 faciat
1877 756 2166 824 virtutem,

540 852 599 904 et
627 849 730 904 sub
763 849 1007 920 pedibus
1033 849 1293 904 Ecclesia
1335 866 1450 903 sua
1496 853 1752 905 conterat
1797 853 2165 906 tentatorem.

539 944 876 1000 Consolatur
906 943 1061 998 enim
1098 959 1201 998 nos
1240 959 1346 1014 per
1383 943 1576 998 omnia
1614 947 1932 1015 praparata
1961 944 2166 1000 divini-

538 1043 628 1092 tus
661 1036 1088 1092 clementissimi
1121 1036 1394 1108 principis
1424 1037 1584 1107 ﬁdes,
1608 1054 1777 1110 quem
1802 1039 1862 1093 in
1883 1055 1949 1094 eo
1975 1055 2170 1094 rursus

538 1131 684 1186 sicut
714 1131 967 1202 Oportuit
1014 1147 1140 1185 sum
1181 1131 1510 1186 cohortatus
1549 1132 1822 1204 alloquio,
1855 1136 1918 1186 ut
1947 1132 2165 1205 impiis-

537 1225 817 1279 simorum
870 1225 1158 1279 latronum
1201 1224 1432 1279 ausibus
1471 1224 1816 1280 districtiore
1858 1227 2169 1282 constantia

541 1319 712 1373 faciat
751 1317 984 1386 obviari,
1023 1335 1166 1390 quos
1195 1319 1356 1373 nefas
1388 1323 1473 1374 est
1508 1322 1734 1374 tantum
1761 1319 1831 1375 de
1852 1337 1952 1375 suo
1976 1321 2166 1376 favore

540 1428 887 1482 prasumere
903 1415 964 1466 ut
975 1412 1154 1467 etiam
1169 1412 1323 1484 apud
1345 1412 1902 1485 Constantinopolim
1922 1415 2170 1470 audeant

540 1507 808 1561 insanire.
854 1505 966 1561 Sed
1009 1506 1116 1560 hoc
1165 1505 1246 1560 eis
1284 1506 1415 1561 ideo
1445 1506 1650 1561 divina
1676 1507 2047 1578 providentia
2074 1525 2163 1563 ra-

541 1600 698 1655 tione
738 1599 1110 1672 permittitur,
1140 1604 1205 1655 ut
1245 1601 1431 1671 magis
1473 1617 1537 1656 ac
1589 1601 1777 1672 magis
1821 1618 1936 1674 quo
1966 1603 2166 1674 spiritu

539 1693 828 1765 agitentur
852 1696 1148 1766 appareat,
1177 1710 1249 1750 ne
1289 1694 1534 1749 dubitari
1562 1694 1741 1766 possit
1786 1695 1847 1750 in
1896 1699 2165 1767 quantam

2271 565 2403 620 dine
2443 582 2546 620 nec
2581 565 2876 620 habitandi
2903 566 2999 636 jus
3032 566 3238 621 residet
3256 584 3353 622 nec
3376 571 3564 625 orandi.
3584 572 3692 626 Data
3711 577 3786 644 pri-

2270 658 2361 713 die
2410 659 2538 712 Idus
2581 659 2855 730 Octobris,
2887 659 3254 715 Constantino
3291 665 3343 716 et
3384 662 3544 731 Rufio,
3577 665 3681 719 viris
3713 668 3787 721 cla-

2271 752 2504 806 rissimis
2540 752 2883 808 consulibus.

2737 847 2910 900 XXVI.
2943 876 3012 886 —
3037 847 3133 901 Ad
3169 848 3415 903 eumdem.

2340 939 2448 993 LEO
2480 937 2775 1010 episcopus
2797 941 3117 996 Ammouo
3146 940 3420 1012 episcopo.

2341 1032 2492 1086 Licet
2521 1048 2747 1103 sperem
2782 1032 3142 1088 dilectionem
3165 1036 3324 1089 tuam
3347 1035 3411 1090 ad
3430 1052 3580 1092 omne
3598 1053 3709 1108 opus
3727 1038 3792 1092 bo-

2269 1142 2408 1180 num
2441 1143 2560 1181 esse
2597 1126 2882 1194 devotam,
2911 1129 2978 1181 ut
2997 1130 3189 1182 tamen
3210 1127 3475 1184 efficacior
3490 1133 3575 1184 tua
3590 1130 3688 1185 fieri
3708 1149 3794 1202 p05-

2269 1219 2340 1274 sit
2382 1219 2680 1287 industria,
2729 1225 2786 1274 et
2832 1220 2938 1275 hoc
2981 1237 3302 1294 congruum
3344 1222 3443 1278 fuit
3474 1223 3649 1278 fratres
3683 1241 3793 1278 meos

2271 1313 2611 1368 Lucensium
2641 1314 2972 1386 episcopum
3005 1319 3063 1369 et
3099 1315 3362 1370 Basilium
3386 1316 3738 1388 presbyterum,
3759 1327 3796 1371 ut

2269 1407 2655 1478 promisimus,
2686 1408 2967 1464 destinare
2991 1407 3196 1480 quibus
3234 1416 3332 1464 tua
3372 1409 3576 1465 dilectio
3600 1413 3795 1477 societur,

2271 1505 2332 1555 ut
2366 1501 2511 1556 nihil
2553 1501 2610 1555 in
2651 1501 2738 1555 his
2778 1518 2907 1573 qua
2937 1502 3008 1556 ad
3044 1501 3372 1558 universalis
3396 1505 3628 1560 Ecclesia
3651 1509 3797 1559 statum

2267 1599 2365 1648 aut
2391 1594 2561 1649 dubie
2599 1595 2887 1666 pertinent
2924 1598 3022 1650 aut
3061 1597 3332 1667 segniter,
3359 1614 3479 1652 cum
3509 1598 3798 1653 residentibus

2267 1688 2427 1742 vobis
2453 1688 2658 1759 quibus
2685 1689 3106 1744 exsecutionem
3147 1696 3356 1745 nostra
3395 1691 3728 1762 dispositionis
3749 1693 3801 1744 in-

538 1790 727 1842 essent
759 1787 1054 1842 audaciam
1091 1787 1441 1859 prorupturi,
1487 1788 1531 1842 si
1575 1792 1706 1860 post
1743 1788 2166 1845 damnationem
2189 1775 2561 1853 Bjumiimus
2592 1799 2662 1836 ea
2691 1782 2911 1853 POSSint
2930 1783 3026 1854 agi
3045 1790 3249 1839 cuncta
3269 1784 3644 1854 moderatione,
3667 1789 3714 1838 Ill
3734 1801 3799 1837 net"

537 1881 891 1953 impiissima
911 1881 1146 1936 haresis
1165 1879 1514 1952 disceptandi
1538 1886 1736 1937 contra
1752 1882 1924 1938 fidem
1945 1883 2163 1955 accipe-

538 1980 665 2030 rent
691 1978 1056 2046 potestatem,
1081 1978 1144 2029 ut
1176 1979 1458 2047 quantum
1491 1975 1550 2031 in
1576 1976 1713 2047 ipsis
1741 1978 1845 2046 est,
1871 1977 2043 2032 latius
2061 1978 2167 2031 hoc

534 2068 730 2124 furore
769 2069 1049 2138 savirent,
1092 2085 1268 2140 quem
1311 2069 1518 2125 fratres
1555 2073 1612 2125 et
1640 2070 1960 2142 coepiscopi
1989 2072 2166 2127 nostri

537 2163 637 2234 qui
670 2162 745 2216 ad
784 2179 889 2217 nos
921 2178 1107 2233 nuper
1141 2179 1211 2218 ex
1236 2163 1464 2235 Egypti
1491 2163 1750 2234 partibus
1778 2165 2082 2236 confugere
2108 2182 2166 2220 se

527 2255 833 2326 pertulisse
871 2255 1146 2326 deplorat,
1174 2255 1381 2327 quibus
1413 2259 1469 2311 et
1498 2256 1979 2312 Christianissimo
2006 2257 2161 2329 prin-

537 2348 660 2420 cipe
687 2351 744 2403 et
767 2365 802 2402 a
832 2351 927 2402 tua
959 2348 1315 2404 fraternitate
1337 2350 1455 2404 Deo
1486 2349 1695 2421 placita
1719 2351 1990 2407 charitate
2017 2352 2163 2406 sola-

529 2442 614 2497 tia
643 2442 872 2514 pietatis
914 2442 1171 2514 impendi
1208 2459 1325 2498 non
1367 2442 1748 2516 ambigerem,
1775 2446 1946 2500 etiam
1971 2445 2018 2500 si
2043 2445 2164 2518 ipse

534 2551 652 2591 non
694 2535 990 2590 scriberes.
1036 2536 1438 2608 Opportunum
1479 2542 1675 2592 autem
1721 2538 1934 2594 credidi
1979 2541 2044 2594 ut
2091 2540 2164 2595 ad

531 2630 687 2702 ipsos
715 2645 946 2702 quoque
975 2629 1183 2702 scripta
1217 2629 1523 2702 dirigerem
1559 2648 1687 2703 qua
1712 2631 1836 2687 illos
1861 2632 2080 2704 possint
2104 2633 2162 2687 in

532 2724 860 2779 communis
888 2722 1021 2778 fidei
1051 2725 1337 2795 proposito
1358 2725 1629 2780 roborare
1664 2730 1721 2780 et
1746 2726 1900 2798 quod
1930 2743 2035 2798 pro
2061 2743 2161 2798 pa-

537 2818 734 2873 tientia
758 2834 862 2873 sua
881 2834 1130 2889 superna
1150 2817 1606 2874 remuneratione
1626 2823 1974 2888 mereantur,
1989 2836 2163 2892 agno-

529 2916 769 2969 scerent.
802 2912 958 2968 Sicut
989 2911 1189 2967 beatus
1212 2911 1514 2984 Apostolus
1536 2913 1723 2981 docet,
1741 2913 1936 2968 dicens
1967 2931 1981 2969 :
2013 2935 2042 2963 «
2065 2916 2164 2970 Ex-

530 3006 701 3079 cipite
728 3007 925 3078 itaque
967 3005 1096 3061 illos
1134 3022 1267 3061 cum
1307 3007 1520 3077 gaudio
1546 3006 1607 3061 in
1637 3007 1899 3076 Domino,
1927 3011 1984 3064 et
2008 3008 2159 3080 ejus-

531 3100 689 3155 modi
726 3116 860 3156 cum
899 3100 1117 3154 honore
1154 3099 1381 3168 habete,
1409 3100 1681 3172 quoniam
1723 3104 1956 3173 propter
1989 3101 2161 3158 fidem

527 3192 736 3252 Christi
760 3210 940 3267 usque
961 3193 1034 3248 ad
1060 3198 1311 3249 mortem
1344 3199 1707 3250 accesserunt
1730 3194 1946 3266 (Philip.
1979 3212 2040 3267 II,
2067 3199 2157 3266 29,

530 3286 639 3362 30).
665 3310 694 3339 »
723 3287 868 3344 Illud
897 3303 1028 3343 sane
1047 3287 1364 3359 plurimum
1388 3288 1534 3343 mihi
1559 3287 1856 3360 displicere
1880 3289 2157 3362 signiﬁco,

529 3381 686 3455 quod
716 3379 869 3439 inter
897 3380 1218 3437 dilectionis
1254 3386 1368 3437 tua
1405 3381 1641 3438 clericos
1665 3382 1901 3455 quidam
1925 3400 2044 3440 esse
2070 3384 2158 3439 di-

529 3481 760 3544 cuntur,
795 3475 895 3547 qui
936 3474 1392 3531 adversariorum
1418 3474 1767 3531 conniveant
1793 3477 2074 3548 pravitati,
2103 3483 2162 3534 et

529 3586 663 3624 vasa
713 3569 815 3624 ira
864 3569 1013 3624 vasis
1059 3568 1469 3625 misericordia
1525 3569 1892 3627 misceantur.
1946 3572 2161 3637 Quibus

526 3662 934 3735 investigandis
973 3667 1031 3718 et
1071 3662 1368 3718 severitate
1411 3679 1663 3735 congrua
1703 3665 2031 3721 coercendis
2060 3666 2156 3722 de-

525 3757 622 3814 bet
649 3757 945 3830 diligentia
971 3756 1272 3830 vigilanter
1300 3757 1579 3814 insistere.
1618 3759 1702 3813 Ita
1735 3763 1800 3814 ut
1839 3757 2027 3832 197
2070 3760 2159 3815 his

526 3852 732 3926 quibus
761 3851 1036 3924 prodesse
1061 3867 1180 3907 non
1203 3850 1458 3923 potuerit
1482 3852 1780 3922 correctio,
1822 3870 1940 3909 non
1967 3859 2160 3925 parcat

525 3946 806 4002 abscissio.
855 3945 1122 4018 Oportuit
1164 3945 1377 4001 etenim
1430 3961 1536 4001 nos
1586 3945 1901 4018 evangelici
1952 3948 2155 4003 memi-

527 4041 675 4096 nisse
716 4039 996 4108 mandati,
1025 4039 1178 4112 quod
1219 4039 1342 4111 ipsa
1379 4039 1628 4095 Veritate
1657 4040 2006 4112 praecipitur,
2040 4063 2068 4090 ‹‹
2095 4046 2160 4097 ut

526 4135 570 4189 si
596 4151 704 4189 nos
728 4133 942 4202 oculus,
971 4135 1069 4187 aut
1109 4149 1234 4204 pes,
1275 4135 1376 4188 aut
1415 4132 1646 4188 dextera
1674 4133 2154 4205 scandalizaverit,

528 4243 732 4282 manus
759 4243 792 4281 a
817 4242 1093 4297 compage
1133 4226 1389 4297 corporis
1425 4225 1718 4282 auferatur
1753 4227 1974 4299 (Matth.
1997 4244 2154 4296 xvm,

526 4323 601 4393 8),
647 4340 674 4372 ιο
716 4319 850 4391 quia
890 4319 1096 4374 melius
1136 4317 1208 4373 sit
1248 4319 1337 4373 his
1373 4318 1434 4374 in
1475 4319 1721 4375 Ecclesia
1751 4335 1942 4376 carere
1969 4338 2152 4377 mem-

526 4414 664 4484 bris,
687 4429 862 4487 quam
903 4428 1036 4468 cum
1066 4411 1205 4484 ipsis
1242 4411 1302 4466 in
1337 4415 1555 4468 aterna
1577 4413 1662 4468 ire
1688 4413 1984 4486 supplicia.
2014 4417 2157 4472 Nam

2267 1876 2675 1931 benevolentiae
2702 1881 2888 1948 partes
2914 1893 2986 1932 ne
2995 1877 3238 1948 justitia
3260 1879 3619 1950 negligantur,
3632 1878 3709 1932 sed
3723 1879 3802 1931 abs-

2268 1986 2379 2041 que
2400 1986 2775 2041 personarum
2801 1971 3126 2042 acceptione
3152 1973 3405 2027 divinum
3434 1973 3488 2026 in
3518 1972 3733 2027 omnibus
3745 1972 3800 2041 ju-

2265 2061 2475 2118 dicium
2507 2064 2806 2136 cogitetur.
2841 2065 3005 2128 Quod
3047 2069 3108 2120 ut
3147 2071 3307 2120 recta
3342 2065 3664 2122 observantia
3681 2066 3804 2118 valeat

2267 2157 2540 2212 custodiri
2560 2158 2852 2213 catholica
2873 2159 3136 2230 primitus
3150 2160 3287 2216 ﬁdei
3308 2166 3547 2216 servetur
3564 2159 3801 2230 integritas,

2268 2253 2330 2305 ut
2355 2251 2490 2322 quia
2505 2267 2608 2322 per
2633 2252 2823 2306 omnia
2841 2272 2868 2301 «
2889 2258 3132 2324 angusta
3151 2259 3208 2309 et
3225 2254 3406 2309 ardua
3424 2255 3508 2309 via
3530 2258 3605 2309 est
3625 2269 3725 2326 qua
3740 2251 3804 2305 du-

2265 2344 2340 2398 cit
2361 2345 2433 2399 ad
2459 2344 2631 2400 vitam
2672 2346 2886 2416 (Matth.
2916 2363 3011 2413 vn,
3063 2348 3166 2418 14),
3210 2369 3237 2398 ››
3284 2364 3466 2420 neque
3490 2349 3545 2402 in
3569 2347 3803 2411 sinistram,

2264 2454 2451 2510 neque
2502 2439 2574 2493 ad
2621 2439 2917 2494 dexteram
2961 2441 3032 2494 ab
3073 2441 3194 2512 ejus
3242 2443 3466 2498 tramite
3505 2442 3734 2497 devietur.
3765 2441 3808 2494 Et

2265 2533 2399 2603 quia
2428 2535 2753 2604 evangelica
2779 2536 2835 2588 et
2863 2535 3167 2605 apostolica
3202 2537 3344 2592 fides
3379 2552 3567 2592 omnes
3589 2539 3807 2606 expugnat

2265 2643 2511 2694 errores,
2538 2633 2595 2681 et
2633 2627 2705 2681 ab
2746 2644 2861 2682 uno
2899 2629 3072 2682 latere
3100 2630 3425 2685 Nestorium
3449 2630 3638 2700 dejicit,
3660 2628 3715 2682 ab
3736 2628 3810 2680 alio

2264 2720 2553 2792 Eutychen
2594 2723 2652 2774 et
2697 2721 3001 2792 participes
3049 2723 3172 2794 ejus
3218 2724 3396 2779 elidit.
3443 2725 3584 2779 Hanc
3617 2721 3808 2792 regulam

2264 2819 2614 2870 mementote
2645 2815 3000 2882 servandam,
3021 2819 3084 2870 ut
3107 2816 3455 2890 quicumque
3479 2817 3535 2872 in
3560 2817 3643 2871 illa
3656 2813 3810 2886 synodo

2264 2923 2392 2979 qua
2418 2924 2631 2963 nomen
2669 2908 2871 2979 synodi
2899 2925 3004 2964 nec
3035 2910 3250 2966 habere
3276 2912 3459 2984 potuit
3489 2927 3583 2966 nec
3607 2912 3809 2970 meretur,

2263 3005 2320 3056 et
2343 3002 2403 3056 in
2431 3018 2544 3074 qua
2553 3003 3016 3058 malevolentiam
3034 3020 3194 3058 suam
3208 3005 3525 3073 Dioscorus,
3546 3002 3812 3075 imperitiam

2261 3098 2456 3150 autem
2481 3097 2768 3152 Iuvenalis
2795 3097 3058 3166 ostendit,
3088 3098 3290 3155 dolent
3333 3104 3395 3154 ut
3439 3097 3716 3154 dilectionis
3735 3098 3810 3148 tua

2263 3189 2538 3245 relatione
2583 3191 2987 3262 comperimus,
3036 3208 3093 3247 se
3137 3196 3301 3248 metu
3350 3195 3518 3249 victos
3568 3199 3618 3248 et
3658 3196 3813 3245 terrore

2259 3289 2549 3355 superatos
2573 3285 2644 3339 ad
2666 3301 3006 3340 consensum
3027 3287 3414 3343 scelestissimi
3431 3285 3614 3359 judicii
3633 3282 3813 3357 potuisse

2261 3377 2549 3449 compelli,
2567 3383 2625 3433 et
2652 3379 3113 3435 communionem
3147 3381 3496 3458 catholicam
3522 3381 3738 3436 obtinere
3755 3376 3816 3430 de

2260 3471 2510 3527 siderant
2529 3472 2902 3528 satisfactioni
2922 3490 3122 3529 eorum
3151 3491 3263 3546 pax
3293 3477 3540 3532 fraterna
3561 3474 3812 3547 praestetur,

2259 3565 2337 3620 ita
2372 3571 2439 3621 ut
2471 3582 2590 3622 non
2627 3567 2813 3622 dubiis
2839 3568 3292 3640 professionibus
3319 3571 3599 3644 Eutychen
3622 3583 3727 3623 cum
3746 3579 3814 3619 suo

2259 3659 2528 3731 dogmate
2566 3677 2813 3733 cumque
2851 3663 3207 3718 consortibus
3243 3665 3364 3720 suis
3393 3660 3734 3720 anathemati:
3754 3673 3814 3712 ex-

2259 3754 2576 3810 secratione
2617 3756 3021 3812 condemnent.
3068 3758 3144 3812 De
3189 3759 3279 3814 his
3312 3762 3506 3814 autem
3544 3757 3634 3830 qui
3665 3757 3712 3810 in
3742 3754 3815 3807 hac

2258 3864 2427 3902 causa
2452 3848 2676 3920 gravius
2700 3865 3024 3920 peccavere,
3067 3854 3125 3905 et
3153 3851 3226 3906 ob
3257 3853 3368 3908 hoc
3401 3852 3716 3925 superiorem
3743 3845 3813 3900 sibi

2255 3941 2443 3996 locum
2470 3941 2529 3996 in
2561 3942 2760 3998 eadem
2789 3943 2996 3999 infelici
3031 3946 3251 4016 synodo
3286 3947 3651 4012 vindicarunt,
3675 3947 3728 3997 ut
3748 3941 3817 3994 hu-

2259 4035 2546 4090 miliorum
2599 4037 2845 4092 fratrum
2895 4038 3325 4110 simplicitatem
3380 4039 3696 4113 arrogantiae
3735 4046 3814 4088 sua

2257 4129 2602 4201 prajudiciis
2651 4136 3053 4203 aggravarent,
3095 4133 3137 4188 si
3192 4134 3343 4192 forte
3389 4136 3701 4207 resipiscunt
3730 4132 3772 4182 et
3797 4141 3817 4176 ε

2256 4224 2390 4278 facti
2434 4223 2521 4279 sui
2565 4224 2894 4282 defensione
2923 4231 3208 4282 cessantes
3247 4230 3310 4284 in
3352 4227 3814 4285 condemnationem

2255 4317 2472 4390 praprii
2493 4323 2901 4375 convertuntur
2911 4321 3140 4390 erroris,
3155 4322 3232 4378 ho
3240 4340 3372 4379 rum
3385 4325 3431 4379 si
3447 4320 3720 4379 satisfactio
3733 4315 3818 4371 talis

2257 4412 2496 4482 accedit,
2520 4429 2649 4486 qua-
2689 4430 2802 4468 non
2846 4415 3144 4471 refutanda
3168 4417 3455 4488 videattu',
3482 4409 3818 4472 maturioribus

525 4509 808 4582 superflue
848 4513 1009 4564 extra
1056 4506 1365 4562 Ecclesiam
1402 4506 1600 4579 positis
1646 4508 1980 4579 resistimus,
2013 4509 2058 4565 si
2084 4510 2154 4566 ab
2174 4526 2233 4599 D
2255 4507 2576 4576 apostolica
2608 4507 2770 4563 Sedis
2795 4509 3044 4564 conciliis
3070 4517 3412 4582 reservetur,
3449 4518 3512 4567 ut
3549 4502 3818 4566 examinatis

523 4604 614 4659 his
641 4603 738 4676 qui
765 4603 836 4658 ab
867 4601 1021 4657 intus
1048 4604 1182 4657 sunt
1219 4600 1278 4655 in
1321 4601 1401 4656 eis
1442 4618 1584 4674 quos
1627 4602 1923 4675 decipiunt
1951 4604 2152 4660 vulne-

524 4713 737 4752 ramur.
760 4696 1092 4768 Abjicienda
1116 4712 1348 4768 prorsus
1382 4695 1654 4767 pestifera
1678 4697 1801 4752 hac
1822 4698 2153 4754 sacerdotali

524 4791 719 4863 vigore
760 4790 1036 4862 patientia
1085 4793 1188 4860 est,
1220 4805 1349 4862 qua
1378 4789 1606 4846 sibimet
1632 4791 1877 4862 peccatis
1906 4792 2152 4847 aliorum

523 4884 808 4957 parcendo
835 4900 952 4939 non
981 4884 1178 4955 parcit.
1213 4883 1370 4938 Sicut
1400 4883 1521 4937 Heli
1557 4884 1848 4955 quondam
1893 4886 2155 4942 sacerdos

520 4979 771 5034 filiorum
790 4993 1027 5033 suorum
1053 4977 1255 5032 delicta
1281 4977 1599 5048 tolerando,
1623 4995 1753 5034 cum
1782 4979 1916 5051 ipsis
1947 4979 2152 5036 divina

516 5073 755 5147 justitia
790 5071 1135 5128 sententiam
1173 5070 1384 5127 meruit
1409 5071 1678 5142 experiri,
1708 5073 1843 5145 quia
1871 5073 2036 5145 segni
2063 5075 2150 5128 in-

523 5165 816 5239 dulgentia
831 5163 1205 5221 dissimulavit
1223 5165 1470 5236 plectere
1494 5168 1834 5236 peccatores.
1860 5165 2151 5231 Quantum

519 5262 710 5334 itaque
757 5258 1154 5332 opportunitas
1195 5258 1401 5320 invitat
1441 5257 1608 5314 ofﬁcii
1656 5259 2147 5332 religiosissimum

517 5355 837 5428 principem
879 5352 1103 5408 dilectio
1142 5357 1242 5408 tua
1278 5352 1502 5408 studeat
1536 5353 1920 5426 frequentare,
1954 5360 2011 5410 et
2036 5371 2150 5410 non

517 5451 700 5506 solum
733 5447 978 5520 regiam,
1012 5447 1111 5502 sed
1147 5451 1203 5502 et
1243 5447 1650 5503 sacerdotalem
1680 5447 1856 5520 ipsius
1894 5454 2151 5505 mentem

518 5543 780 5615 precibus
805 5541 949 5598 meis
973 5541 1272 5597 obsecrare
1294 5540 1551 5614 persiste,
1569 5546 1635 5597 ut
1659 5558 1879 5597 memor
1895 5559 2152 5598 commu-

518 5637 605 5692 nis
642 5637 775 5692 ﬁdei
819 5653 991 5709 quam
1031 5633 1243 5708 Spiritu
1279 5637 1474 5690 sancto
1510 5634 1748 5692 docente
1774 5637 2146 5710 suscepimus,

516 5731 774 5785 omnium
835 5729 1240 5785 haereticorum
1293 5728 1757 5785 machinamenta
1801 5731 2146 5803 confringat,

519 5837 700 5896 neque
722 5822 1031 5896 quidquam
1055 5822 1164 5877 illis
1185 5822 1244 5876 in
1273 5821 1518 5878 ecclesiis
1539 5823 1748 5878 Christi
1775 5823 1944 5879 licere
1964 5824 2144 5896 patia-

2255 4601 2520 4656 omnibus
2530 4606 2702 4674 atque
2723 4603 3015 4674 perpensis
3031 4603 3100 4659 de
3120 4604 3257 4676 ipsis
3281 4623 3487 4662 eorum
3501 4597 3818 4677 agnitionibus

2253 4694 2388 4766 quid
2432 4695 2698 4750 constitui
2741 4696 2941 4752 debeat
2996 4698 3331 4755 astimetur.
3390 4702 3578 4772 Neque
3621 4696 3750 4769 prius
3779 4690 3816 4742 in

2254 4787 2517 4859 Ecclesia,
2535 4789 2622 4844 cui
2645 4793 2696 4845 te
2717 4791 2993 4846 Dominus
3018 4791 3193 4848 voluit
3211 4794 3524 4866 prasidere
3547 4792 3816 4864 cujusquam

2253 4881 2470 4952 talium,
2517 4886 2577 4937 ut
2619 4887 2753 4939 ante
2789 4885 2916 4956 jam
2963 4885 3315 4958 scripsimus,
3344 4905 3554 4944 nomen
3590 4885 3654 4939 ad
3690 4881 3817 4936 altam

2252 4975 2536 5047 recitatur,
2567 4993 2738 5048 quam
2763 4978 2900 5050 quid
2926 4979 2997 5033 de
3028 4979 3110 5034 eis
3139 4982 3411 5037 constitui
3442 4981 3649 5048 debeat,
3672 4984 3816 5032 rerum

2252 5087 2547 5141 processus
2567 5073 2846 5128 ostendat.
2879 5074 2953 5128 De
2983 5075 3424 5132 commonitorio
3455 5091 3581 5130 vero
3605 5090 3635 5126 a
3657 5064 3818 5125 clericis

2251 5165 2569 5221 dilectionis
2625 5169 2734 5222 tua
2777 5167 2940 5223 nobis
2985 5168 3170 5224 oblato
3211 5170 3598 5226 necessarium
3625 5179 3724 5222 non
3745 5156 3820 5214 fuit

2252 5259 2502 5330 epistolis
2540 5261 2677 5332 quid
2709 5261 2996 5318 videretur
3019 5263 3297 5332 inserere,
3331 5281 3465 5320 cum
3492 5259 3745 5319 sufficeret
3769 5253 3821 5306 le-

2253 5353 2399 5425 gatis
2425 5357 2627 5409 cuncta
2649 5356 2947 5424 committi,
2970 5374 3216 5429 quorum
3235 5374 3510 5414 sermone
3529 5371 3596 5413 ex
3613 5347 3822 5410 omnibus

2250 5447 2576 5520 diligentius
2645 5449 3028 5507 instruereris.
3102 5453 3379 5509 Annitere
3458 5453 3639 5524 igitur,
3693 5445 3822 5500 frater

2249 5541 2596 5612 charissima,
2619 5549 2683 5600 ut
2714 5561 2842 5618 qua
2873 5545 3140 5602 Ecclesia
3169 5547 3265 5603 Dei
3288 5550 3608 5620 congruunt
3632 5536 3822 5598 ﬁdeliter

2249 5642 2308 5692 et
2329 5636 2630 5694 efﬁcaciter
2657 5655 2790 5695 cum
2820 5639 2907 5694 his
2932 5640 3217 5709 fratribus,
3254 5657 3404 5712 quos
3435 5645 3603 5696 tanta
3632 5636 3703 5691 rei
3724 5630 3817 5686 ido-

2249 5745 2390 5786 neos
2411 5735 2669 5788 auctores
2693 5733 2992 5806 elegimus,
3015 5734 3366 5807 exsequaris,
3398 5730 3696 5809 praesertim
3720 5735 3820 5780 cum

2245 5825 2365 5898 ipsa
2405 5841 2500 5880 vos
2542 5843 2722 5883 causa
2754 5826 2919 5894 ratio,
2947 5844 3188 5900 spesque
3223 5827 3406 5884 divini
3449 5825 3629 5883 auxilii
3655 5821 3816 5878 cohor-
