4026 6182
121 356 196 409 861
1316 350 1711 408 DECRETALII

1861 352 2219 409 IOLLECTIO.
3350 359 3451 409 802

135 467 313 530 tentur,
336 463 389 514 et.
414 458 984 515 clementissimorum
1012 459 1361 533 principum,
1387 465 1498 517 tam
1528 467 1720 518 sancta
1742 482 1800 554 Α
1820 462 2114 534 privilegio
2146 466 2404 530 oporteat
2432 464 2528 535 jus
2556 463 2853 536 proprium
2882 462 3215 518 reformari.
3245 463 3454 517 Prioris

137 556 195 610 sit
216 553 360 623 fides,
391 558 502 608 tam
540 552 798 624 religiosa
824 553 1069 623 devotio,
1102 558 1166 609 ut
1196 555 1255 609 in
1285 555 1365 610 eis
1387 572 1505 611 non
1533 557 1717 612 solum
1742 539 1800 554 ﬂ
1821 562 2017 612 autem
2039 556 2337 627 Ephesinte
2353 557 2552 628 synodi
2569 559 2662 611 cui
2678 560 2884 612 sancta:
2900 557 3195 612 memoriae
3212 556 3454 628 Cyrillus

136 648 494 713 Christianum,
535 647 630 701 sed
678 647 850 702 etiam
896 648 1309 703 sacerdotalem
1359 651 1723 721 experiamur
1821 650 2117 721 episcopus
2160 653 2295 703 tunc
2343 651 2610 721 praesedit
2660 651 2719 704 in
2768 650 3086 705 Nestorium
3134 650 3453 721 specialiter

136 741 389 796 affectum.
426 740 533 805 Qui
571 740 765 812 utique
803 758 908 813 pro
948 741 1157 813 pietate
1186 759 1300 814 qua
1326 760 1385 798 se
1412 744 1507 798 Dei
1530 744 1718 800 famu—
1822 747 2031 799 statuta
2057 749 2446 815 permaneant,
2465 760 2537 798 ne
2566 750 2701 799 tunc
2721 744 3295 815 damnataimpietas,
3323 743 3453 799 ideo

138 838 202 889 los
222 852 329 890 esse
364 834 681 906 gloriantur
708 851 911 889 omnes
938 837 1328 908 suggestiones
1351 843 1562 893 vestras
1590 839 1720 894 fidei
1822 837 1925 891 sibi
1956 838 2013 892 in
2042 838 2230 909 aliquo
2261 837 2609 905 blandiatur,
2632 838 2764 908 quia
2791 839 3066 909 Eutyches
3099 839 3255 908 justa
3295 853 3449 893 exse-

136 929 387 984 catholicae
403 929 724 1000 profuturas
743 929 1051 1000 dignanter
1071 931 1449 1003 accipiant,ut
1465 933 1720 1005 ipsorum
1821 932 2071 986 cratione
2098 932 2445 1002 percellitur.
2496 931 2715 985 Puritas
2762 931 2917 985 enim
2957 931 3089 985 fidei
3132 937 3302 1002 atque
3349 931 3450 986 do-

136 1039 329 1095 quoque
373 1039 476 1093 ope
524 1027 580 1077 et
625 1040 735 1094 pax
783 1023 1108 1080 Christiana
1156 1027 1430 1097 reparari,
1461 1033 1517 1081 et
1559 1044 1721 1081 error
1821 1024 2041 1093 ctrina,
2078 1041 2253 1095 quam
2292 1025 2491 1079 eodem
2533 1041 2647 1095 quo
2689 1024 2869 1079 sancti
2908 1026 3103 1079 Patres
3130 1025 3313 1079 nostri
3338 1025 3451 1096 spi-

137 1117 309 1187 impius
348 1117 517 1187 possit
558 1116 794 1172 aboleri.
842 1120 919 1172 Ac
962 1118 1011 1172 si
1052 1118 1122 1173 de
1165 1119 1449 1191 aliquibus
1476 1121 1721 1191 amplius
1821 1119 1934 1173 ritu
1978 1119 2375 1191 praedicamus,
2407 1124 2462 1173 et
2506 1119 2899 1173 Nestorianam
2944 1124 3001 1173 et
3045 1119 3452 1189 Eutychianam

133 1211 276 1265 fuerit
298 1210 741 1277 deliberandum,
763 1212 1030 1266 celeriter
1056 1213 1128 1268 ad
1154 1230 1260 1268 nos
1292 1215 1489 1269 relatio
1517 1214 1721 1286 diriga-
1820 1229 1951 1267 cum
1999 1212 2113 1266 suis
2151 1212 2476 1267 auctoribus
2518 1213 2865 1267 condemnat
2912 1212 3129 1283 pariter
3161 1217 3218 1266 et
3262 1228 3450 1283 perse-

136 1309 225 1372 tur,
258 1308 313 1359 ut
344 1308 686 1375 pertractata
714 1305 988 1377 qualitate
1020 1323 1322 1363 causarum
1362 1314 1555 1363 nostra
1584 1309 1719 1380 quid
1819 1306 2013 1377 quitur
2065 1306 2421 1376 pravitatem.
2490 1307 2631 1359 Data
2694 1305 2895 1377 quinto
2967 1306 3242 1360 Kalendas
3304 1305 3453 1370 Julii,

137 1398 376 1453 observari
400 1398 607 1453 debeat
628 1399 947 1455 sollicitudo
985 1402 1307 1456 constituat.
1337 1403 1481 1457 Data
1520 1403 1720 1474 quinto
1806 1398 2094 1471 VAdelphio
2122 1399 2242 1453 viro
2272 1399 2587 1453 clarissimo
2613 1399 2865 1453 consule.

136 1490 238 1545 Idus
277 1492 434 1560 Junii,
475 1492 755 1564 Adelphio
806 1493 926 1548 viro
971 1496 1284 1551 clarissimo
1323 1496 1575 1563 consule,
1606 1513 1718 1550 sera
2228 1494 2449 1549 XXVIII.
2483 1524 2552 1533 —
2583 1495 2671 1549 Ad
2709 1493 3047 1547 Anatolium.

136 1601 227 1655 qua
245 1602 417 1656 supra.
1893 1589 2001 1642 Leo
2024 1588 2320 1659 episcopus
2342 1592 2622 1642 ANATOLIO
2648 1587 2930 1658 episcopo.

295 1680 479 1735 XXVI].
506 1710 576 1721 —
605 1682 696 1736 Ad
731 1682 998 1751 synodum
1027 1682 1522 1740 Chalcedonensem.
1889 1681 2259 1750 Manifestato,
2295 1681 2440 1734 sicut
2470 1680 2813 1753 optavimus,
2844 1696 2947 1751 per
2967 1680 3213 1751 gratiam
3240 1682 3337 1736 Dei
3366 1682 3450 1737 lu-

192 1774 282 1827 Lso
321 1778 522 1828 sanctae
571 1774 794 1845 synodo
844 1776 996 1847 apud
1044 1777 1459 1833 Chalcedonam
1504 1779 1718 1833 consti-
1820 1775 1974 1831 mine
2014 1774 2353 1846 evangelica
2392 1775 2660 1841 veritatis,
2691 1779 2749 1829 et
2773 1774 2843 1828 ab
2875 1774 3180 1829 universali
3210 1775 3455 1830 Ecclesia

137 1869 263 1921 tutae
828 1886 837 1893 ‘
1649 1930 1655 1936 ,
1742 1860 1798 1933 Β
1823 1868 2286 1941 perniciosissimi
2326 1868 2532 1923 erroris
2575 1872 2739 1922 nocte
2786 1868 3041 1938 depulsa,
3090 1868 3455 1923 inell'abiliter

193 1960 499 2031 Optaveram
528 1963 787 2034 quidem,
818 1964 1157 2036 charissimi,
1188 1982 1291 2037 pro
1324 1967 1501 2021 nostri
1534 1967 1715 2021 chari-
1822 1964 2137 2033 gaudemus
2153 1963 2213 2016 in
2231 1962 2476 2017 Domino
2490 1963 2640 2033 quod
2659 1961 2891 2016 creditae
2904 1961 3066 2015 nobis
3082 1962 3451 2033 dispensatio-

140 2057 229 2108 tate
246 2054 447 2125 collegii
475 2072 678 2111 omnes
698 2057 923 2112 Domini
953 2059 1275 2114 sacerdotes
1295 2060 1355 2113 in
1375 2076 1495 2114 una
1524 2061 1715 2116 catho-
1822 2058 1907 2111 nis
1956 2057 2120 2112 labor
2167 2057 2236 2111 ad
2280 2056 2668 2111 desideratum
2698 2056 2963 2128 pervenit
2998 2055 3283 2123 effectum,
3311 2056 3455 2111 sicut

134 2147 231 2201 licae
248 2148 363 2203 ﬁdei
379 2150 685 2205 devotione
703 2151 1028 2222 persistere,
1052 2169 1155 2207 nec
1174 2170 1521 2225 quemquam
1543 2155 1719 2226 gratia
1819 2151 1990 2206 etiam
2018 2152 2275 2222 epistolae
2320 2156 2433 2206 tua:
2484 2154 2670 2205 textus
2710 2150 3013 2221 eloquitur,
3046 2155 3113 2205 ut
3144 2151 3452 2205 secundum

136 2244 214 2294 aut
227 2240 515 2297 formidine
545 2247 897 2316 potestatum
923 2246 1287 2301 saecularium
1314 2247 1631 2319 depravari,
1661 2254 1722 2303 ut
1820 2246 2186 2316 apostolicam
2238 2244 2562 2299 doctrinam
2604 2244 2850 2316 idipsum
2883 2244 3138 2298 dicamus
3175 2226 3374 2299 omnes
3399 2250 3456 2299 et

136 2350 161 2387 a
182 2335 252 2387 via
276 2336 515 2391 veritatis
548 2337 894 2393 abscederet.
918 2338 1028 2393 Sed
1055 2340 1191 2409 quia
1219 2341 1397 2395 multa
1420 2357 1570 2412 saepe
1592 2358 1719 2412 quae
1822 2356 1940 2393 non
1956 2339 2069 2393 sint
2094 2339 2151 2392 in
2170 2338 2334 2393 nobis
2355 2338 2680 2392 schismata.
2699 2337 2891 2393 Simus
2912 2344 3106 2392 autem
3130 2338 3370 2410 perfecti
3395 2339 3451 2392 in

136 2426 497 2497 plenitudinem
536 2431 754 2502 possint
781 2448 1055 2503 generare
1083 2434 1446 2504 proveniunt,
1479 2440 1537 2489 et
1561 2452 1723 2506 supe-
1824 2432 2026 2487 eodem
2044 2449 2217 2486 sensu
2234 2432 2362 2485 etin
2374 2432 2576 2486 eadem
2592 2433 2893 2487 sententia.
2910 2434 2969 2484 ln
2984 2432 3145 2502 cujus
3159 2432 3349 2503 operis
3368 2433 3455 2486 de-

136 2527 203 2575 rat
239 2524 411 2594 culpas
448 2524 915 2596 delinquentium
964 2526 1355 2583 misericordia
1398 2529 1515 2596 Dei,
1550 2532 1721 2601 atque
1822 2526 3095 2598 votionegratulamurdilectionemtuamesse
3109 2532 3455 2595 consortem,

136 2614 237 2670 ideo
266 2618 626 2689 suspenditur
656 2619 813 2689 ultio,
841 2623 907 2674 ut
932 2620 1109 2691 possit
1135 2621 1324 2676 locum
1349 2621 1563 2677 habere
1596 2639 1718 2677 cor—
1824 2625 1887 2675 ut
1901 2628 1955 2677 et
1976 2620 2328 2692 corrigendis
2357 2626 2456 2675 tua
2480 2620 2781 2691 prodesset
2804 2620 3099 2690 industria,
3117 2626 3173 2674 et
3201 2621 3272 2675 ab
3299 2620 3455 2675 omni

136 2709 305 2779 rectio,
344 2712 812 2783 amplectendum
860 2717 945 2769 est
987 2715 1413 2770 clementissimi
1454 2716 1724 2787 principis
1823 2722 1879 2769 te
1917 2714 2272 2769 deviantium
2314 2715 2749 2785 participatione
2781 2718 2837 2769 et
2878 2714 3122 2769 factione
3154 2731 3455 2785 purgares,

136 2802 326 2871 plenum
358 2807 644 2877 religione
677 2806 1000 2877 consilium,
1031 2794 1143 2880 quo
1180 2813 1429 2864 sanctam
1458 2810 1720 2865 fraterni-
1823 2808 2118 2863 decessore
2165 2809 2320 2863 enim
2362 2812 2461 2862 tuo
2500 2808 2682 2863 beatae
2709 2809 3004 2863 memoriae
3031 2809 3293 2863 Flaviano
3323 2824 3456 2880 pro-

139 2899 279 2951 tatem
299 2903 541 2953 vestram
571 2900 643 2954 ad
669 2900 1044 2955 destruendas
1065 2902 1298 2957 insidias
1327 2904 1535 2959 diaboli
1567 2908 1626 2959 et
1651 2905 1723 2958 ad
1825 2908 1953 2973 pter
1976 2902 2374 2957 defensionem
2400 2902 2687 2956 catholicas
2714 2902 2967 2956 veritatis
2994 2902 3327 2973 ejecto,non
3347 2902 3458 2956 im-

138 2991 518 3047 reformandam
535 2993 968 3049 ecclesiasticam
988 3011 1187 3066 pacem
1202 2996 1379 3051 voluit
1397 2998 1722 3065 convenire,
1825 2996 2029 3050 merito
2055 2996 2410 3062 credebatur,
2440 3011 2553 3066 quo
2594 2995 2947 3051 ordinatores
2982 2996 3064 3050 tui
3098 2998 3300 3050 contra
3325 3012 3457 3050 san-

138 3081 402 3141 beatissimi
426 3087 585 3142 Petri
608 3088 738 3157 jure
765 3093 938 3159 atque
969 3088 1190 3144 honore
1217 3095 1458 3158 servato,
1496 3092 1638 3147 adeo
1664 3098 1727 3146 ut
1824 3095 2048 3145 ctorum
2073 3106 2357 3145 canonum
2392 3090 2697 3144 constituta
2738 3090 3071 3144 viderentur
3100 3090 3186 3144 sui
3213 3090 3460 3145 similem

140 3191 219 3231 nos
242 3194 447 3251 quoque
467 3180 594 3235 suis
621 3181 691 3236 ad
728 3182 837 3236 hoc
875 3182 1076 3237 litteris
1110 3184 1393 3253 invitaret,
1413 3189 1477 3239 ut
1495 3202 1727 3240 venera—
1753 3237 1798 3253 Α
1825 3199 2201 3238 consecrasse.
2235 3182 2345 3238 Sed
2374 3183 2557 3237 adfuit
2585 3182 2975 3238 misericordia
3011 3184 3106 3238 Dei
3157 3184 3217 3237 in
3260 3184 3365 3239 hoc
3405 3189 3461 3238 te

137 3268 210 3323 bili
232 3275 426 3343 synodo
452 3280 713 3329 nostram
739 3278 1100 3346 praisentiam
1142 3278 1547 3349 praeberemus,
1575 3280 1727 3351 quod
1747 3237 1802 3312 Ο
1828 3277 2096 3349 redigens
2120 3281 2290 3348 atque
2320 3278 2686 3344 conﬁrmans,
2716 3281 2777 3331 ut
2802 3276 2971 3331 malis
2999 3277 3291 3348 principiis
3317 3277 3462 3332 bene

136 3364 325 3433 quidem
350 3385 451 3423 nec
471 3369 785 3423 necessitas
802 3371 1097 3441 temporis,
1117 3387 1222 3426 nec
1244 3373 1359 3428 ulla
1373 3373 1726 3429 consuetudo
1827 3371 2092 3438 utereris,
2126 3376 2181 3425 et
2218 3387 2334 3425 non
2384 3374 2440 3425 te
2478 3370 2693 3442 judicio
2720 3371 3044 3440 hominum,
3074 3370 3173 3425 sed
3200 3371 3300 3424 Dei
3324 3387 3458 3441 pro-

138 3462 319 3526 poterat
342 3463 700 3533 permittere.
733 3464 946 3518 Tamen
972 3464 1031 3519 in
1067 3465 1155 3519 his
1191 3466 1459 3521 fratribus
1487 3468 1725 3521 Pascha-
1829 3470 2051 3519 vectum
2097 3464 2449 3535 benignitate
2495 3468 2831 3519 monstrare.
2872 3464 3031 3528 Quod
3063 3463 3143 3518 ita
3177 3463 3459 3534 accipien-

137 3551 266 3607 siano
311 3563 363 3611 et
414 3556 689 3611 Lucentio
735 3557 1034 3629 episcopis,
1086 3559 1374 3614 Bonifacio
1422 3567 1477 3615 et
1525 3560 1727 3616 Basilio
1830 3559 1966 3613 dum
1996 3563 2100 3626 est,
2132 3559 2180 3612 si
2209 3558 2358 3612 hanc
2396 3557 2570 3613 divini
2598 3558 2850 3612 muneris
2876 3557 3117 3629 gratiam
3144 3557 3253 3612 alia
3278 3557 3458 3612 offen-

135 3646 455 3719 presbyteris,
485 3649 595 3721 qui
622 3650 692 3705 ab
719 3652 1027 3721 apostolica
1058 3654 1200 3709 Sede
1234 3653 1430 3709 directi
1455 3660 1606 3721 sunt,
1634 3671 1727 3709 me
1830 3653 1988 3707 sione
2011 3669 2125 3706 non
2146 3652 2368 3723 perdas.
2388 3652 2581 3706 Virum
2605 3652 2777 3706 etiam
2798 3652 3141 3705 catholicum
3173 3656 3229 3706 et
3256 3652 3459 3723 praeci-

135 3741 310 3807 synodo
350 3748 543 3799 vestra
588 3745 912 3799 fraternitas
956 3746 1202 3802 aestimet
1246 3748 1570 3818 praesidere,
1614 3766 1727 3803 non
1829 3763 1941 3818 pue
1962 3746 2184 3800 Domini
2204 3745 2555 3800 sacerdotem
2586 3745 2729 3799 sicut
2754 3746 2915 3800 nullo
2937 3761 3129 3800 errore
3160 3745 3460 3817 implicari,

138 3832 192 3885 ab
210 3833 441 3906 injuncta
459 3856 493 3893 a
527 3838 688 3893 vobis
715 3841 1020 3910 praesentia
1039 3858 1168 3895 mea
1186 3842 1283 3913 qui
1302 3858 1452 3896 nunc
1489 3843 1549 3897 in
1583 3843 1727 3898 vica-
1831 3840 1910 3895 ita
1945 3840 2103 3895 nulla
2128 3844 2357 3912 oportet
2385 3840 2695 3911 cupiditate
2732 3839 2950 3894 violari.
2989 3839 3223 3894 Dicente
3249 3841 3462 3912 quippe

138 3924 212 3980 riis
225 3930 354 3985 meis
370 3934 581 3988 adsum
597 3936 656 3987 et
666 3933 1015 4003 jamdudum
1043 3935 1175 3991 ﬁdei
1199 3937 1497 3992 catholicae
1530 3937 1732 4008 praedi-
1831 3934 2125 4005 Scriptura
2155 3938 2350 3989 sancta
2381 3952 2394 3989 :
2434 3955 2462 3985 «
2493 3935 2627 3988 Post
2669 3933 3148 4005 concupiscentiae
3174 3938 3302 3988 tuas
3346 3950 3462 3989 non

137 4020 315 4077 catione
358 4042 471 4081 non
526 4025 749 4095 desum,
794 4030 860 4082 ut
906 4028 1004 4099 qui
1045 4045 1161 4084 non
1200 4031 1433 4101 potestis
1462 4031 1729 4103 ignorare
1833 4046 1947 4099 eas,
1986 4034 2044 4083 et
2088 4046 2120 4082 a
2161 4029 2452 4083 voluntate
2498 4032 2596 4083 tua
2638 4030 2825 4083 vetare
2873 4029 3057 4097 (Eccli.
3104 4044 3255 4097 xvm,
3292 4028 3402 4101 30),
3434 4052 3461 4079 ››

137 4113 242 4182 quid
287 4133 346 4172 ex
388 4120 635 4191 antiqua
664 4120 972 4176 traditione
1003 4123 1325 4190 credamus,
1357 4141 1474 4180 non
1503 4126 1732 4197 possitis
1833 4124 2031 4179 multis
2052 4122 2258 4177 mundi
2280 4122 2453 4193 hujus
2472 4121 2983 4189 illecebi‘is,multis
3008 4122 3351 4177 vanitatibus
3380 4139 3467 4177 re-

138 4204 357 4267 dubitare
406 4214 554 4284 quid
606 4215 853 4284 cupiam.
908 4216 1083 4284 Unde,
1133 4216 1339 4272 fratres
1394 4219 1728 4287 charissimi,
1833 4217 2266 4287 sistendumest,
2282 4216 2873 4272 utverecontinentire
2893 4214 3217 4271 obtineatur
3234 4215 3468 4288 integri-

137 4300 315 4370 l‘ejecta
332 4309 568 4378 penitUs
587 4308 824 4363 audacia
843 4310 1166 4381 disputandi
1190 4317 1387 4367 contra
1402 4313 1575 4367 fidem
1598 4313 1732 4368 divi-
1832 4318 1940 4382 tas,
1964 4311 2123 4383 cujus
2167 4312 2350 4383 prima
2393 4316 2480 4366 est
2520 4311 2675 4365 labes
2722 4310 2989 4382 superbia
3023 4309 3255 4364 initium
3283 4313 3463 4365 trans-

140 4393 261 4451 nitus
274 4399 633 4473 inspiratam,
650 4420 792 4457 vana
813 4404 1129 4459 errantium
1150 4405 1451 4462 infidelitas
1467 4407 1733 4478 conquie-
1835 4406 2161 4478 gressionis,
2185 4409 2243 4459 et
2272 4404 2434 4476 origo
2452 4404 2688 4476 peccati.
2714 4404 2993 4469 Quoniam
3015 4420 3177 4458 mens
3195 4404 3465 4475 potentim

136 4496 232 4544 seat
260 4509 355 4549 nec
387 4497 563 4551 liceat
598 4497 824 4552 defendi
851 4499 1007 4570 quod
1041 4515 1159 4554 non
1200 4500 1368 4556 liceat
1397 4500 1569 4569 credi,
1602 4517 1733 4556 cum
1836 4499 2021 4567 avida,
2047 4516 2150 4553 nec
2172 4499 2455 4553 abstinere
2476 4499 2637 4553 novit
2654 4515 2689 4552 a
2709 4498 2914 4566 vetitis,
2937 4514 3042 4551 nec
3064 4497 3313 4568 gaudere
3336 4513 3467 4552 con-

137 4588 411 4644 secundum
440 4591 804 4660 evangelicas
833 4592 1222 4662 auctoritates,
1255 4594 1567 4649 secundum
1602 4612 1731 4666 pro-
1754 4618 1814 4691 D
1837 4593 2021 4660 cessis,
2046 4594 2185 4647 dum
2211 4592 2534 4646 inordinate
2552 4607 2844 4663 pravoque
2870 4607 3134 4661 processu
3162 4591 3469 4661 impunita-

138 4674 357 4743 pheticas
372 4700 539 4740 voces
558 4685 1041 4758 apostolicamque
1061 4687 1376 4743 doctrinam
1402 4688 1734 4760 plenissime
1755 4674 1809 4691 u
1839 4704 1968 4743 rum
2000 4687 2517 4758 transgressionem
2541 4690 2825 4755 augentur
2860 4700 3137 4750 excessus,
3161 4690 3217 4738 et
3253 4684 3470 4740 crebre-

140 4774 185 4822 et
204 4770 533 4834 lucidissime
559 4796 666 4850 per
688 4780 925 4848 litteras,
956 4798 1095 4853 quas
1129 4782 1203 4836 ad
1229 4783 1409 4838 beatae
1435 4786 1734 4841 memoriae
1840 4786 2004 4838 scunt
2017 4783 2359 4853 culpaa,quae
2371 4780 2623 4834 toleratae
2642 4781 2774 4832 sunt
2788 4777 2974 4831 studio
2986 4777 3117 4832 ﬁdei
3135 4779 3469 4849 reparanda:

142 4860 434 4927 Flavianum
479 4873 811 4945 episcopum
855 4874 1135 4945 misimus,
1180 4876 1351 4931 fuerit
1391 4878 1736 4933 declaratum
1841 4882 1898 4931 et
1917 4892 2117 4930 amore
2136 4873 2475 4929 concordiae.
2496 4874 2627 4927 Post
2642 4872 2737 4926 illa
2752 4871 2944 4942 itaque
2964 4871 3337 4928 ordinationis
3358 4877 3469 4929 tua:

142 4970 245 5025 quae
274 4963 343 5017 sit
374 4966 443 5020 de
473 4972 833 5022 sacramento
863 4968 1272 5023 incarnationis
1302 4970 1530 5025 Domini
1563 4973 1736 5027 nostri
1839 4986 1954 5025 non
2001 4969 2229 5039 culpata
2274 4966 2555 5039 principia
2597 4968 2728 5037 post
2766 4967 3245 5022 consecrationem
3272 4968 3467 5023 Antio-

138 5049 247 5106 Jesu
279 5056 480 5114 Christi
516 5061 611 5132 pia
635 5066 691 5116 et
715 5061 937 5117 sincera
966 5063 1268 5118 confessio.
1296 5064 1437 5128 Quia
1461 5082 1594 5120 vero
1625 5083 1740 5121 non
1840 5063 2023 5119 chaeni
2054 5061 2305 5133 episcopi
2329 5077 2504 5132 quam
2534 5059 2759 5114 tibimet
2784 5064 2983 5114 contra
3008 5061 3347 5116 canonicam
3377 5078 3468 5116 re-

141 5141 441 5214 ignoramus
455 5171 563 5226 per
587 5171 790 5226 pravas
811 5157 1204 5212 aemulationes
1224 5159 1537 5214 multarum
1559 5160 1736 5214 eccle-
1841 5159 2032 5230 gulam
2078 5155 2397 5222 vindicasti,
2443 5154 2609 5209 doleo
2657 5154 2827 5208 etiam
2872 5152 2933 5209 in
2966 5153 3071 5208 hoc
3107 5154 3469 5209 dilectionem

144 5236 327 5297 Siarum
344 5249 553 5302 statum
573 5248 745 5304 fuisse
776 5250 1087 5319 turbatum,
1109 5252 1499 5325 plurimosque
1520 5253 1738 5326 episco-
1840 5257 2001 5308 tuam
2030 5266 2153 5306 esse
2182 5250 2538 5321 prolapsam,
2568 5251 2633 5303 ut
2673 5248 3075 5303 sacratissimas
3114 5249 3473 5303 Nicmnorum

146 5346 227 5399 P08
256 5338 348 5406 qui
382 5340 648 5398 haeresim
680 5360 799 5399 non
819 5344 1138 5417 reciperent
1155 5345 1386 5401 sedibus
1405 5347 1520 5402 suis
1551 5348 1743 5419 pulsos
1843 5360 2129 5401 canonum
2169 5342 2607 5398 constitutiones
2649 5342 2933 5397 conareris
2974 5341 3308 5411 infringere,
3348 5346 3472 5394 tan-

147 5428 194 5477 et
216 5426 268 5483 in
293 5434 488 5489 exsilia
516 5436 856 5508 deportatos,
878 5443 1049 5511 atque
1068 5438 1131 5493 in
1155 5439 1345 5495 locum
1373 5441 1743 5512 superstitum
1843 5457 2018 5514 quam
2059 5444 2379 5511 opportune
2415 5453 2475 5491 se
2506 5436 2606 5491 tibi
2640 5436 2748 5492 hoc
2778 5439 3005 5506 tempus
3043 5433 3327 5501 obtulerit,
3359 5448 3472 5503 quo

146 5517 267 5576 ³1108
292 5527 636 5599 substitutos,
657 5532 988 5587 vulneribus
1008 5532 1099 5587 his
1118 5533 1383 5605 primitus
1402 5534 1746 5590 adhibeatur
1844 5533 2077 5591 secundi
2100 5533 2334 5588 honoris
2369 5530 2735 5604 privilegium
2764 5529 2927 5583 sedes
2948 5527 3330 5581 Alexandrina
3354 5543 3479 5598 per-

151 5617 405 5675 medicina
433 5623 689 5694 justiﬁes,
717 5643 824 5682 nec
849 5627 1152 5699 quisquam
1178 5628 1257 5682 ita
1283 5633 1475 5684 careat
1500 5629 1745 5701 propriis
1847 5628 2059 5683 diderit
2083 5631 2139 5681 et
2165 5626 2541 5682 Antiochiena
2568 5623 2810 5681 Ecclesia
2846 5619 3253 5692 prOprietatem
3292 5622 3474 5676 tertiae

152 5710 204 5759 ιιι
225 5710 357 5768 alter
384 5720 579 5773 utatur
605 5720 824 5790 alienis,
857 5737 989 5776 cum
1018 5722 1083 5790 si,
1107 5725 1170 5776 ut
1194 5722 1474 5794 cupimus,
1492 5738 1745 5778 errorem
1847 5721 2140 5794 dignitatis
2168 5720 2441 5790 amiserit,
2473 5722 2538 5773 ut
2560 5717 2650 5772 his
2679 5715 2816 5771 locis
2843 5714 2959 5785 juri
2980 5720 3077 5769 tuo
3097 5713 3336 5769 subditis
3357 5730 3477 5770 om-

154 5814 324 5859 Olnnes
340 5808 686 5884 relinquunt,
708 5814 928 5869 nemini
957 5814 1191 5888 quidem
1215 5816 1402 5888 perire
1432 5816 1619 5872 honor
1643 5816 1745 5872 de-
1849 5832 1950 5872 nes
1971 5814 2396 5887 metropolitani
2410 5811 2663 5885 episcopi
2682 5807 2911 5881 proprio
2924 5807 3143 5863 honore
3163 5808 3477 5880 priventur.

147 5891 271 5966 beat,
301 5902 393 5957 sed
430 5902 545 5962 illis
579 5907 678 5980 qui
719 5925 825 5980 pro
856 5908 970 5964 fide
1000 5909 1398 5966 laboraverunt
1428 5928 1559 5967 cum
1590 5911 1750 5966 omni
1849 5910 2061 5976 Quibus
2082 5907 2356 5963 inauditis
2375 5910 2434 5960 et
2450 5919 2747 5977 nunquam
2779 5908 2912 5957 ante
2942 5901 3275 5959 tentatisita
3293 5903 3479 5975 prive-

524 6005 795 6075 Paruoc.
843 6004 1070 6075 CXXX.
3044 6005 3123 6064 96
