4026 6182
604 352 706 407 803

1492 344 1774 400 APPEND.
1814 344 1900 400 AD
1938 344 2097 401 SEC.
2141 344 2226 399 IX.
2256 372 2324 384 -—
2363 342 2608 400 [SIDORI
2648 342 3073 401 MERCATORIS
3767 356 3842 408 got

603 460 678 513 ris
704 454 1038 523 excessibus,
1061 457 1128 509 ut
1161 454 1419 509 sanctam
1448 453 1735 525 synodum
1765 453 1835 508 ad
1867 453 2230 525 exstinguen-
2249 467 2310 540 Α
2330 470 2505 525 quam
2542 470 2577 508 a
2618 452 3130 526 praedecessoribus
3175 452 3286 508 tuis
3331 454 3399 508 ad
3443 454 3713 525 apostolica:
3732 460 3842 514 Sedis

604 552 735 606 dam
760 550 937 605 solam
970 549 1237 615 haeresim
1272 553 1329 603 et
1353 547 1846 602 conﬁrmationem
1873 547 2002 602 ﬁdei
2035 548 2224 602 catho-

599 646 724 699 licae
752 643 938 699 studio
960 641 1425 698 Christianissimi
1450 641 1720 713 principis
1737 645 2145 712 congregatam
2174 641 2231 695 iu

601 738 954 792 occasionem
972 736 1220 791 ambitus
1234 736 1450 803 trahas,
1466 740 1523 790 et
1547 738 1609 789 ut
1632 735 2053 790 conniventiam
2071 751 2232 789 suam

600 832 703 887 tibi
719 831 815 886 det
831 831 1111 902 impellas,
1129 835 1407 901 tanquam
1422 828 1659 884 refutari
1673 835 1935 900 nequeat,
1955 828 2107 900 quod
2130 828 2235 882 illi-

599 927 708 981 cite
737 926 980 981 voluerit
1010 924 1339 990 multitudo,
1362 929 1419 979 et
1444 924 1539 977 illa
1565 923 1918 977 Nicaenorum
1948 939 2233 977 canonum

601 1038 706 1093 per
734 1026 994 1075 sanctum
1018 1035 1149 1073 vere
1175 1017 1454 1089 Spiritum
1481 1016 1742 1072 ordinata
1767 1016 2018 1071 conditio
2048 1016 2234 1088 aliqua

601 1115 867 1186 cuiquam
885 1113 958 1166 sit
977 1116 1137 1184 parte
1152 1111 1429 1167 solubilis.
1452 1111 1613 1166 Nulla
1628 1110 1859 1165 sibimet
1874 1111 1944 1165 de
1964 1108 2235 1181 multipli-

601 1209 823 1264 catione
854 1206 1319 1279 congregationis
1355 1205 1643 1277 synodalia
1670 1205 1909 1259 concilia
1938 1204 2234 1259 blandian-

601 1307 713 1371 tur,
741 1318 929 1374 neque
951 1299 1214 1356 trecentis
1235 1299 1347 1354 illis
1370 1300 1571 1354 decem
1602 1301 1774 1370 atque
1806 1300 1931 1352 octo
1952 1297 2234 1370 copiosior

602 1412 875 1451 numerus
917 1394 1295 1461 sacerdotum,
1331 1409 1657 1464 comparare
1689 1409 1749 1446 se
1776 1392 1985 1446 audeat
2009 1396 2067 1447 et
2093 1407 2235 1463 prte-

602 1492 770 1557 ferre,
788 1506 917 1544 cum
937 1492 1100 1543 tanto
1122 1488 1392 1542 divinitus
1408 1486 1708 1558 privilegio
1730 1485 1959 1541 Niczena
1980 1485 2053 1539 sit
2072 1502 2234 1557 syno-

604 1584 709 1639 dus
740 1585 1084 1652 cousecrata,
1105 1584 1169 1635 ut
1194 1582 1307 1635 sive
1333 1597 1435 1652 per
1454 1580 1763 1652 pauciores,
1783 1579 1898 1634 sive
1918 1595 2023 1650 per
2042 1579 2234 1650 plures

603 1676 976 1733 ecclesiastica
980 1675 1000 1746 j
1009 1674 1193 1730 udicia
1208 1673 1747 1740 celebrentur,omni
1759 1672 1986 1744 penitus
1996 1673 2233 1728 auctori-

601 1776 717 1827 tate
744 1771 818 1827 sit
840 1786 1081 1824 vacuum
1111 1768 1388 1840 quidquid
1416 1768 1486 1822 ab
1512 1766 1745 1823 illorum
1763 1766 1936 1822 fuerit
1965 1765 2234 1821 constitu-

2331 547 2662 603 transmissa
2691 547 2957 602 notitiam
2974 546 3064 602 cui
3081 546 3154 601 ab
3176 545 3333 601 initio
3356 547 3439 601 sui
3456 549 3649 604 caduca:
3665 550 3842 607 dudum-

2332 658 2442 714 que
2457 642 2741 712 collapsaz,
2767 658 2893 696 sera
2914 658 3066 695 nunc
3086 644 3144 695 et
3162 640 3380 696 inutilia
3399 641 3641 712 subjicere
3657 644 3845 701 fomenta

2332 736 2577 804 voluisti,
2607 736 2882 790 eliciendo
2910 751 2942 789 a
2973 734 3243 789 fratribus
3284 734 3514 805 speciem
3551 739 3845 793 consensionis

2332 847 2505 902 quam
2546 829 2650 884 tibi
2689 829 2748 883 in
2792 845 2953 883 suam
3002 828 3274 900 injuriam
3325 830 3631 884 verecundia
3677 832 3846 901 fatigata

2332 924 2638 995 praeberet.
2680 925 2955 978 Memento
2999 922 3137 994 quid
3182 922 3442 977 Dominus
3463 923 3507 977 ei
3536 924 3621 995 qui
3642 941 3782 979 unum
3801 927 3846 979 de

2333 1018 2549 1090 pusillis
2587 1016 3047 1072 scandalizaverit
3094 1016 3425 1085 cominatur,
3453 1022 3503 1071 et
3542 1017 3771 1087 sapienter
3790 1020 3846 1072 in-

2331 1113 2527 1183 tellige
2555 1111 2719 1183 quale
2759 1111 2831 1165 sit
2855 1110 3137 1181 judicium
3165 1110 3261 1164 Dei
3288 1109 3575 1177 subiturus,
3604 1111 3685 1182 qui
3708 1116 3771 1166 tot
3789 1128 3847 1166 ec-

2334 1206 2535 1276 clesiis,
2557 1210 2642 1261 tot
2669 1205 3057 1260 sacerdotibus
3087 1204 3412 1259 scandalum
3436 1204 3622 1258 inferre
3656 1222 3745 1259 non
3776 1223 3850 1259 mo-

2332 1301 2460 1369 tuit,
2488 1301 2671 1355 fateor
2694 1299 2849 1355 enim
2883 1299 2966 1354 ita
3004 1314 3099 1352 me
3130 1298 3430 1354 dilectione
3450 1298 3691 1353 universae
3715 1299 3850 1353 frater-

2334 1395 2528 1451 nitatis
2556 1393 2855 1466 obstringi,
2870 1398 2936 1448 ut
2950 1394 3171 1448 nemini
3192 1410 3419 1465 prorsus
3437 1393 3492 1446 in
3508 1393 3587 1446 his
3601 1409 3704 1464 quae
3720 1399 3850 1446 contra

2333 1507 2391 1545 se
2434 1489 2617 1561 poscit
2650 1487 2936 1554 assentiat,
2980 1488 3276 1559 possisque
3322 1486 3594 1542 evidenter
3627 1502 3849 1558 agnoscere

2333 1600 2424 1639 me
2454 1582 2744 1638 dilectioni
2785 1585 2899 1636 tuae
2938 1581 3216 1637 benevolo
3240 1580 3428 1636 animo
3456 1581 3716 1643 contraire,
3739 1586 3781 1633 ut
3802 1596 3851 1633 sa~

2336 1678 2493 1732 niore
2538 1676 2771 1732 consilio
2816 1676 2887 1731 ab
2930 1675 3257 1731 universalis
3299 1679 3350 1730 te
3380 1674 3615 1729 Ecclesiae
3640 1672 3847 1745 perturba-

2333 1771 2487 1826 tione
2538 1772 2853 1826 contineas.
2910 1771 3034 1825 Non
3088 1769 3477 1825 convellantur
3525 1766 3851 1839 provincialium

601 1866 754 1921 tione
776 1865 1084 1919 diversum.
1102 1862 1279 1917 Nimis
1298 1878 1435 1933 ergo
1459 1862 1580 1916 hac
1601 1860 1883 1932 improba,
1908 1860 2077 1914 nimis
2103 1863 2234 1914 sunt
2253 1850 2308 1923 B
2325 1866 2458 1938 jura
2483 1865 2821 1938 primatum,
2852 1881 2957 1919 nec
2998 1863 3309 1936 privilegiis
3351 1861 3642 1933 antiquitus
3664 1859 3853 1915 insuum;

600 1976 777 2032 prava
795 1975 925 2032 quae
950 1955 1342 2013 sacratissimis
1367 1955 1683 2011 canonibus
1708 1954 2078 2010 inveniuntur
2106 1970 2232 2010 esse

600 2053 905 2121 contraria,
928 2053 989 2107 in
1009 2051 1185 2107 totius
1204 2050 1458 2105 Ecclesia:
1476 2049 1966 2121 perturbationem
1987 2048 2231 2120 superba

602 2149 723 2203 haec
743 2146 933 2202 tendit
951 2146 1144 2215 elatio,
1172 2161 1301 2216 quae
1322 2144 1401 2198 ita
1420 2144 1578 2198 abuti
1601 2143 1781 2198 voluit
1799 2142 2038 2199 concilio
2068 2158 2232 2213 syno-

601 2242 804 2309 dali,ut
814 2241 1018 2295 fratres
1031 2239 1088 2294 in
1100 2238 1233 2293 ﬁdei
1244 2237 1642 2293 tantummodo
1654 2236 1954 2308 negotium
1968 2251 2232 2291 convoca-

600 2340 688 2390 tos
718 2334 792 2389 ad
832 2333 1306 2390 consentiendum
1328 2331 1432 2386 sibi
1451 2330 1816 2402 depravando
1842 2330 2226 2403 compelleret.

602 2429 734 2484 Inde
748 2429 903 2484 enim
921 2427 1123 2483 fratres
1135 2426 1336 2495 nostri,
1351 2425 1422 2480 ab
1435 2424 1741 2497 apostolica
1754 2424 1894 2480 Sede
1907 2423 2229 2495 directi,qui

598 2526 717 2580 vice
731 2540 861 2580 mea
875 2522 1094 2595 synodo
1114 2519 1504 2593 praesidebant
1522 2518 1899 2592 probabiliter
1910 2523 2079 2590 atque
2100 2534 2231 2572 con-

599 2623 818 2675 stanter
837 2616 1044 2672 illicitis
1063 2616 1295 2671 ausibus
1317 2614 1674 2680 obstiterunt,
1694 2616 1888 2685 aperte
1920 2613 2229 2667 clamantes

600 2731 670 2770 ne
682 2716 878 2768 contra
889 2710 1086 2766 instita
1094 2713 1150 2764 ta
1166 2711 1207 2763 Ν
1216 2710 1409 2764 icaanaa
1424 2707 1798 2779 prmsumptio
1808 2707 2065 2777 reprobae
2076 2706 2231 2761 novi-

602 2807 730 2862 tatis
757 2805 807 2877 1
823 2802 950 2878 98
980 2808 1321 2874 assurgeret,
1352 2818 1458 2856 nec
1486 2804 1676 2873 potest
1695 2800 1765 2855 de
1786 2816 1987 2855 eorum
2010 2803 2231 2854 contra-

598 2899 847 2955 dictione
880 2896 1149 2963 dubitari,
1190 2896 1259 2950 de
1296 2895 1502 2966 quibus
1541 2894 1600 2948 in
1649 2894 1887 2965 epistola
1924 2898 2019 2948 tua
2051 2893 2227 2948 etiam

600 2996 720 3066 ipse
752 2990 1142 3062 conquereris,
1173 2989 1325 3061 quod
1355 2988 1646 3043 conatibus
1673 2988 1784 3042 tuis
1812 2987 2098 3043 voluerint
2127 2987 2224 3042 ob-

598 3089 773 3143 viare.
814 3089 877 3141 In
915 3101 1028 3157 quo
1070 3100 1165 3139 eos
1209 3082 1444 3154 quidem
1482 3081 1728 3137 multum
1768 3082 1908 3136 mihi
1944 3082 2064 3136 hmc
2101 3081 2230 3135 scri-

598 3182 789 3237 bendo
820 3178 1205 3247 commendas,
1226 3177 1324 3231 sed
1348 3178 1711 3248 temetipsum
1743 3175 1898 3248 quod
1926 3176 2007 3230 eis
2032 3190 2228 3246 parere

600 3275 870 3343 nolueris,
893 3274 1034 3329 dum
1060 3271 1259 3326 illicita
1290 3269 1506 3326 moliris
1536 3287 1767 3326 accusas
1796 3269 2082 3341 superﬂue
2111 3286 2226 3324 non

598 3369 969 3426 concedenda
996 3372 1272 3440 appetens
1301 3370 1359 3421 et
1383 3364 1687 3420 salubriter
1711 3363 1991 3420 contraria
2019 3380 2224 3418 concu~

596 3464 838 3537 piscens,
883 3479 1008 3534 quae
1060 3461 1282 3515 nullum
1327 3475 1582 3531 unquam
1616 3462 1928 3530 potuerunt
1970 3462 2224 3512 nostrum

595 3558 853 3614 obtinere
883 3571 1245 3610 consensum.
1286 3552 1446 3608 Absit
1490 3553 1645 3607 enim
1670 3570 1703 3607 a
1727 3551 2072 3607 conscientia
2099 3568 2227 3605 mea

595 3658 662 3708 ut
706 3656 825 3707 tam
865 3666 1037 3722 prava
1080 3648 1361 3720 cupiditas
1396 3647 1539 3702 meis
1580 3645 1779 3700 studiis
1820 3645 2122 3717 adjuvetur
2162 3661 2226 3699 ac

598 3762 714 3802 non
744 3745 934 3818 potius
971 3748 1029 3799 et
1063 3760 1190 3798 meo
1229 3747 1286 3798 et
1314 3740 1574 3796 omnium
1597 3739 1696 3812 qui
1712 3756 1828 3795 non
1847 3739 1961 3794 alta
1976 3738 2224 3810 sapiunt,

598 3841 695 3897 sed
734 3839 1049 3895 humilibus
1079 3837 1444 3892 consentiunt
1473 3848 1644 3906 opere
1674 3834 1999 3889 subruatur.
2041 3831 2226 3889 Sancti

596 3935 676 3991 illi
708 3940 765 3990 et
788 3932 1143 3988 venerabiles
1170 3933 1362 3986 Patres
1396 3928 1493 4001 qui
1535 3928 1592 3983 in
1641 3927 1780 3983 urbe
1807 3928 2031 3982 Nicaana
2054 3925 2225 3981 sacri-

596 4031 725 4102 lego
772 4027 905 4082 Ario
948 4043 1079 4081 cum
1127 4041 1231 4080 sua
1278 4022 1572 4095 impietate
1619 4022 1891 4077 damnato
1933 4036 2228 4076 mansuras

596 4140 777 4195 usque
813 4122 871 4176 in
900 4120 1077 4175 ﬁnem
1108 4118 1312 4173 mundi
1342 4119 1503 4187 leges
1529 4114 2033 4171 ecclesiasticorum
2059 4131 2224 4169 cano-

598 4232 738 4272 num
765 4212 1167 4277 condiderunt,
1192 4215 1249 4265 et
1264 4211 1415 4282 apud
1435 4226 1539 4264 nos
1562 4209 1619 4263 in
1640 4213 1761 4264 toto
1783 4208 1920 4263 orbe
1942 4213 2229 4263 terrarum

597 4310 658 4366 in
677 4309 793 4363 suis
813 4304 1310 4362 constitutionibus
1331 4303 1683 4372 munierunt,
1702 4301 1806 4357 etsi
1828 4301 1965 4373 quid
1986 4318 2228 4373 usquam

600 4405 764 4459 aliter
778 4418 952 4474 quam
966 4399 1043 4455 illi
1058 4402 1310 4454 statuere
1332 4396 1719 4469 praesumitur,
1734 4395 1855 4451 sine
1868 4396 2228 4452 cunctatione

599 4502 867 4566 cassatur,
892 4500 955 4549 ut
974 4509 1102 4565 quae
1117 4492 1190 4547 ad
1210 4496 1543 4564 perpetuam
1563 4490 1863 4545 utilitatem
1886 4489 2230 4561 generaliter

600 4592 852 4649 instituta
871 4592 1022 4659 sunt,
1046 4587 1206 4642 nulla
1229 4584 1679 4641 commutatione
1705 4584 2012 4651 varientur,
2037 4601 2142 4640 nec
2158 4584 2229 4639 ad

602 4686 882 4758 privatum
907 4683 1206 4739 trahantur
1231 4679 1619 4747 commodum,
1638 4695 1764 4751 quae
1783 4678 1851 4733 ad
1865 4677 2079 4734 bonum
2097 4681 2230 4733 sunt

600 4794 906 4834 commune
947 4775 1199 4849 praeﬁxa.
1248 4777 1314 4830 Et
1369 4773 1735 4829 manentibus
1778 4773 2042 4828 terminis
2089 4789 2231 4844 quos

601 4873 1023 4929 constituerunt
1041 4872 1233 4925 Patres
1247 4885 1363 4924 non
1378 4867 1609 4923 invadat
1634 4867 1909 4922 alienum.
1941 4866 2051 4923 Sed
2080 4867 2232 4922 intra

599 4968 741 5023 ﬁnes
767 4964 1029 5038 proprios
1060 4968 1234 5035 atque
1261 4962 1549 5034 legitimos
1571 4964 1741 5034 prout
1759 4961 1887 5033 quis
1908 4962 2147 5017 valuerit
2170 4961 2230 5017 in

598 5060 897 5117 latitudine
937 5075 996 5112 se
1034 5056 1323 5113 charitatis
1368 5060 1643 5125 exerceat,
1667 5056 1827 5127 cujus
1867 5056 2001 5112 satis
2029 5056 2231 5112 uberes

598 5156 819 5212 fructus
844 5150 1509 5223 Constantinopolitanus
1551 5153 1736 5222 potest
1773 5151 2006 5206 antistes
2032 5150 2226 5222 acqui-

598 5266 746 5317 rere,
778 5248 824 5303 si
868 5245 1055 5319 magis
1093 5245 1428 5300 humilitatis
1465 5244 1673 5299 virtute
1716 5244 1950 5312 nitatur,
1980 5262 2156 5316 quam
2185 5245 2231 5300 si

599 5343 832 5416 spiritus
842 5339 1172 5397 ambitionis
1185 5338 1436 5395 inﬂetur.
1452 5337 1596 5402 Noli,
1610 5338 1803 5406 frater,
1817 5338 1996 5392 altum
2011 5355 2227 5410 sapere,

601 5439 696 5494 sed
733 5437 895 5506 time,
929 5437 988 5490 et
1034 5432 1645 5490 Christianissimorum
1685 5432 2007 5504 principum
2042 5432 2228 5504 piissi-

599 5549 720 5587 mas
750 5546 918 5587 aures
954 5528 1228 5601 improbis
1261 5526 1627 5598 petitionibus
1654 5525 1971 5598 inquietare
1998 5526 2226 5596 desiste,

602 5625 807 5696 quibus
839 5628 1061 5680 certum
1093 5622 1276 5676 habeo
1302 5620 1571 5674 modestia
1615 5625 1670 5675 te
1706 5620 1890 5692 magis
1916 5638 2087 5693 quam
2115 5623 2227 5677 ela-

605 5718 759 5773 tione
804 5717 1166 5789 placiturum.
1213 5712 1572 5768 Persuasioni
1619 5714 1772 5769 enim
1810 5721 1924 5771 tuae
1971 5717 2024 5770 in
2074 5718 2230 5774 nullo

604 5808 827 5878 penitus
853 5807 1194 5879 suffragatur
1239 5805 1627 5877 quorumdam
1667 5807 2061 5881 episcoporum
2098 5816 2230 5868 ante

588 5900 918 5970 sexaginta,
951 5907 1012 5954 ut
1046 5898 1253 5971 jactus,
1281 5917 1463 5955 annos
1507 5901 1652 5956 facta
1692 5901 2047 5974 subscriptio,
2080 5922 2225 5960 nun-

2249 3224 2303 3299 C

2331 1959 2762 2030 metropolitani
2806 1958 3085 2013 antistites
3134 1957 3486 2012 fraudentur.
3523 1956 3652 2010 Nihil
3686 1955 3849 2009 Alexan-

2331 2054 2512 2111 drinae
2556 2052 2677 2107 sedi
2726 2052 2849 2123 ejus
2896 2069 3069 2124 quam
3101 2068 3207 2123 per
3231 2056 3488 2105 sanctum
3513 2050 3723 2104 Marcum
3741 2062 3851 2101 evan-

2333 2149 2591 2220 gelistam
2620 2146 2774 2201 beati
2796 2147 2945 2201 Patri
2967 2145 3307 2217 discipulum
3333 2143 3535 2199 meruit
3550 2145 3718 2213 pereat
3732 2139 3850 2209 digni-

2329 2242 2478 2298 tatis.
2526 2242 2636 2295 Nec
2674 2241 2940 2296 Dioscoro
2983 2239 3295 2310 impietatis
3342 2255 3456 2293 suae.
3498 2234 3757 2308 pertinacia
3782 2248 3855 2284 cor-

2331 2338 2534 2391 ruente
2565 2334 2836 2407 splendor
2868 2337 3039 2389 tanta;
3074 2333 3337 2387 Ecclesiae
3358 2331 3592 2385 tenebris
3617 2328 3856 2383 obscuretur

2330 2429 2552 2497 alienis,
2575 2428 2942 2483 Antiochama
2968 2442 3195 2499 quoque
3217 2426 3480 2492 Ecclesia,
3496 2424 3551 2479 in
3573 2439 3668 2495 qua
3684 2419 3855 2493 primum

2328 2524 2670 2596 praedicante
2692 2522 2950 2594 apostolo
2971 2523 3136 2576 Petro
3157 2520 3541 2577 Christianum
3564 2532 3741 2572 nomen
3757 2528 3856 2567 exor-

2333 2622 2452 2673 tum
2480 2621 2565 2671 est
2588 2617 2647 2671 in
2672 2623 2927 2688 paterna:
2948 2614 3371 2671 constitutionis
3390 2613 3580 2668 ordine
3600 2610 3858 2682 perseveret,

2330 2717 2386 2767 et
2413 2713 2472 2767 in
2506 2711 2687 2784 gradu
2707 2709 2879 2765 tertio
2901 2710 3175 2765 collocata
3199 2724 3488 2780 nunquam
3511 2723 3564 2760 se
3584 2700 3856 2759 ﬁatinferior.

2329 2806 2492 2860 Aliud
2524 2806 2678 2860 enim
2701 2809 2836 2859 sunt
2856 2804 3018 2858 sedes
3041 2802 3199 2858 aliud
3224 2801 3607 2873 praesidentes,
3631 2800 3679 2852 et
3693 2808 3860 2865 magnus

2330 2899 2633 2970 unicuique
2676 2898 2860 2953 honor
2904 2901 2992 2952 est
3035 2897 3339 2967 integritas
3381 2912 3498 2964 sua,
3546 2908 3657 2965 qua
3697 2904 3792 2944 cum
3826 2886 3858 2937 in

2328 2992 2676 3065 quibuslibet
2719 2991 2856 3046 locis
2901 2991 3133 3063 propria
3184 2992 3523 3045 ornamenta
3571 3002 3672 3041 non
3709 2979 3860 3054 perdat.

2328 3091 2542 3159 quanto
2571 3086 2758 3157 magis
2794 3085 2853 3139 in
2888 3083 3533 3155 Constantinopolitanae
3556 3079 3693 3135 urbis
3713 3072 3861 3141 magni.

2329 3181 2559 3235 licentia
2570 3182 2888 3252 potestesse
2900 3178 3164 3251 gloriosa,
3191 3178 3238 3232 si
3257 3193 3362 3248 per
3373 3173 3860 3232 observantiamtuam

2330 3282 2387 3329 et
2416 3274 2814 3329 defensionem
2854 3273 3075 3344 paterni
3114 3289 3363 3327 canones
3392 3276 3450 3326 et
3468 3268 3757 3338 exemplum
3775 3276 3858 3330 pm-

2329 3369 2519 3425 bitatis
2537 3368 2701 3423 multi
2735 3368 2987 3422 habeant
3011 3367 3373 3423 sacerdotes?
3405 3366 3527 3419 Haec
3553 3361 3643 3417 tibi
3671 3356 3860 3415 scribens,

2327 3465 2520 3532 frater,
2540 3462 2596 3517 in
2637 3462 2878 3517 Domino
2910 3462 3115 3516 hortor
3142 3478 3207 3515 ac
3242 3476 3470 3528 moneo,
3489 3463 3548 3512 ut
3566 3452 3775 3525 deposito
3790 3461 3862 3500 am-

2327 3555 2559 3613 bitionis
2590 3555 2874 3610 desiderio
2914 3555 3116 3626 spiritu
3165 3554 3355 3626 potius
3409 3554 3619 3608 ferveas
3659 3538 3861 3602 charitﬂlis

2328 3651 2450 3722 ejus
2480 3666 2709 3722 quoque
2736 3649 3041 3704 virtutibus
3063 3648 3381 3704 secundum
3403 3646 3690 3703 doctrinam
3713 3638 3861 3709 aposlit

2327 3745 2497 3800 licam
2541 3743 2905 3815 proﬁcienter
2947 3742 3188 3798 orneris.
3226 3765 3253 3790 ιι
3298 3744 3395 3797 Est
3432 3739 3577 3796 enim
3620 3730 3863 3808 patiens,“t

2327 3839 2579 3911 benigna
2609 3841 2666 3893 et
2689 3855 2803 3892 non
2834 3838 3158 3904 aemulatur,
3188 3852 3307 3891 non
3335 3835 3457 3907 agit
3496 3842 3767 3906 perperam.
3789 3833 3861 3874 "0“

2329 3934 2579 4001 inflatur,
2594 3949 2711 3988 non
2734 3937 2818 3987 est
2840 3932 3159 3998 ambitiosa,
3190 3947 3309 3985 non
3336 3928 3668 4003 quaeritque
3690 3935 3765 3976 sua
3777 3916 3863 3970 sunt

2331 4030 2372 4097 (1
2410 4027 2528 4084 Cor.
2569 4043 2685 4095 XIII,
2715 4027 2768 4094 4,
2802 4027 2875 4099 5).
2905 4025 3065 4081 Unde
3092 4025 3138 4080 si
3168 4024 3419 4079 charitas
3462 4039 3570 4077 non
3597 4014 3761 4090 quaerit
3780 4021 3862 4081 ραν
3950 4030 3951 4069 ί

2328 4120 2472 4194 pria,
2525 4124 2803 4192 quantum
2863 4125 3058 4193 peccat
3109 4118 3210 4191 qui
3271 4114 3613 4190 concupiscit
3645 4101 3863 4165 aliena?A
3950 4152 3951 4163 χ

2330 4216 2537 4288 quibus
2560 4216 2690 4271 volo
2719 4218 2786 4270 ut
2808 4219 2863 4269 te
2891 4230 3126 4287 prorsus
3152 4213 3460 4283 abstineas,
3491 4221 3692 4265 memor
3712 4200 3768 4255 sis
3785 4210 3864 4288 seu

2331 4285 2521 4367 tentias
2551 4326 2676 4381 quae
2706 4308 2843 4363 dicit
2884 4285 2910 4362 ί
2929 4308 3078 4362 Tene
3119 4307 3273 4378 quod
3320 4311 3495 4373 tenes,
3529 4319 3597 4358 ne
3632 4297 3748 4354 alius
3777 4285 3866 4344 acet

2326 4406 2451 4477 piat
2480 4420 2747 4459 coronam
2775 4408 2953 4457 tuam.
3007 4402 3147 4456 Nam
3192 4402 3237 4455 si
3285 4401 3602 4455 inconcessa
3640 4382 3864 4477 quaesierit

2328 4500 2447 4571 ipse
2492 4502 2590 4554 tuo
2634 4512 2803 4569 opere
2855 4502 3023 4568 atque
3064 4495 3284 4566 judicio
3327 4490 3651 4550 universalis
3682 4474 3865 4539 Ecclesia

2248 4602 2307 4675 Ι)
2329 4610 2470 4667 pace
2488 4591 2823 4664 privaberis.
2844 4592 3039 4645 Frater
3066 4593 3257 4645 autem
3289 4594 3348 4644 et
3373 4587 3714 4659 coepiscOpus
3737 4571 3866 4629 noster

2332 4686 2609 4742 Lucianus
2638 4692 2693 4741 et
2719 4685 2868 4740 ﬁlius
2902 4688 3098 4739 noster
3128 4683 3362 4738 Basilius
3388 4682 3649 4739 diaconus
3670 4671 3863 4745 quantum

2332 4782 2389 4836 in
2421 4780 2555 4853 ipsis
2585 4780 2693 4834 fuit
2718 4780 2966 4835 studiose
2990 4779 3098 4846 his,
3120 4795 3249 4850 quae
3272 4777 3357 4833 eis
3376 4777 3688 4848 injunxeras
3701 4763 3863 4820 allati?-

2331 4876 2440 4932 Sed
2483 4874 2695 4930 actioni
2737 4890 2939 4928 eorum
2978 4872 3202 4944 justitia
3248 4871 3478 4944 negavit
3513 4866 3755 4925 effectum.
3777 4853 3865 4907 0³η

2331 4988 2383 5026 χι
2414 4969 2647 5025 Kalend.
2677 4968 2828 5035 Julii,
2854 4967 3188 5022 Herculiano
3213 4967 3337 5022 viro
3370 4962 3664 5021 clarissimo
3688 4944 3863 5008 conﬂi]?-
3950 5006 3951 5011 η

2332 5082 2446 5121 aera
2478 5081 2591 5136 qua
2618 5079 2808 5135 supra.

2686 5158 2859 5213 XXIX.
2890 5187 2959 5198 -—
2988 5157 3079 5213 Ad
3100 5156 3439 5211 Martianum
3467 5154 3604 5221 Aug.

2403 5255 2511 5309 Lao
2540 5254 2820 5309 Maurum
2849 5251 3108 5323 Augusto
3143 5265 3249 5321 per
3285 5249 3591 5303 Luciauum
3625 5238 3865 5311 episcopum
3950 5304 3951 5307 η

2331 5351 2387 5403 et
2412 5347 2681 5403 Basilium
2710 5346 3011 5401 diaconum
3041 5343 3112 5398 de
3144 5342 3363 5399 ambitu
3391 5336 3641 5397 Anatolii.
3766 5419 3773 5421 Α
3825 5412 3832 5421 _
3950 5332 3951 5341 “

2400 5443 2601 5512 Magno
2626 5456 2869 5495 munere
2899 5437 3307 5494 misericordiae
3354 5435 3453 5490 Dei
3498 5431 3656 5487 totius
3680 5419 3865 5512 Ecclesia

2330 5508 2619 5591 catholicae
2663 5533 3033 5606 multiplicata
3073 5538 3205 5588 sunt
3247 5529 3474 5603 gaudia,
3506 5540 3625 5580 cum
3658 5518 3808 5606 sancto
3830 5508 3865 5555 εί

2332 5630 2577 5701 glorioso
2611 5628 2929 5684 clementia
2972 5631 3177 5682 vestrae
3216 5624 3403 5679 studio
3446 5605 3865 5701 perniciosissimus

2331 5739 2492 5778 error
2526 5723 2834 5779 exstinctus
2865 5726 2971 5790 est,
3005 5726 3072 5777 ut
3099 5721 3260 5776 labor
3293 5722 3487 5772 noster
3517 5710 3662 5769 citius
3683 5702 3741 5759 ad
3761 5698 3863 5800 ἆξεν

2329 5816 2588 5872 deratum
2638 5816 2961 5889 perveniret
3013 5814 3294 5879 effectum,
3340 5825 3514 5884 quem
3555 5807 3658 5859 Deo
3683 5799 3868 5889 εεπξεξὶθ
3950 5856 3951 5859 η

2331 5884 2711 5983 Ρνίηθίρδῐιίηι
2756 5915 2813 5965 et
2852 5910 3023 5965 ﬁdem
3056 5912 3113 5964 et
3138 5909 3479 5982 potestatem
3515 5895 3738 5975 juvisset.
3764 5884 3865 5948 0"“
