4026 6182
131 378 233 429 805

1350 373 1825 430 DECRETALIUM
1863 373 2250 430 COLLECTIU.

3398 378 3499 427 80f}

129 472 544 535 etsiin‘virtute
569 480 808 552 Spiritus
860 480 1036 535 sancti
1064 480 1212 536 inter
1240 482 1523 554 quaslibet
1548 482 1758 537 dissen-
1779 484 2009 568 Avoris
2049 499 2279 536 assensu
2345 480 2731 553 episcopatum
2783 482 2959 533 tantae
3028 479 3187 533 urbis
3228 478 3491 535 obtinuit.

128 575 311 630 siones
365 590 471 645 per
516 573 679 629 Sedis
717 574 1042 647 apostolicae
1088 574 1428 629 famulatum
1471 576 1757 647 Evangelii

128 672 246 722 erat
267 668 627 723 defendenda
645 668 894 736 libertas,
913 668 1267 724 manifestior
1281 673 1475 724 tamen
1497 670 1761 740 apparuit

128 762 312 833 gratia
340 761 438 817 Dei
466 778 595 833 qua:
637 762 903 834 praestitit
941 764 1177 832 mundo,
1217 770 1282 819 ut
1310 763 1368 818 in
1396 764 1627 819 victoria
1663 780 1754 818 ve-

128 856 308 910 ritatis
341 860 601 910 auctores
643 860 866 911 tantum
901 856 1120 912 violata:
1148 857 1283 911 fidei
1320 857 1672 929 deperirent,
1703 861 1761 911 et

128 966 225 1003 sua
266 949 565 1020 integritas
615 949 870 1005 Ecclesia
911 950 1267 1007 redderetur.
1322 952 1539 1007 Bellum
1584 951 1761 1022 igitur

126 1042 280 1115 quod
328 1048 521 1097 noster
564 1042 827 1098 inimicus
870 1044 1209 1099 excitaverat
1253 1062 1287 1099 a
1331 1045 1445 1098 Deo
1496 1045 1754 1113 feliciter,

126 1139 353 1192 dextera
394 1136 619 1191 Domini
650 1141 967 1209 pugnante,
1014 1140 1333 1194 confectum
1360 1144 1443 1193 est
1466 1142 1529 1193 ut
1555 1137 1753 1193 trium-

126 1231 336 1302 phante
364 1230 585 1286 Christo
606 1232 864 1286 omnium
891 1233 1244 1288 sacerdotum
1270 1238 1418 1287 esset
1444 1249 1556 1287 una
1582 1232 1755 1287 victo-

126 1325 225 1389 ria,
272 1330 330 1378 et
360 1330 687 1379 coruscante
718 1325 937 1381 lumine
967 1326 1234 1393 veritatis,
1272 1325 1480 1380 erroris
1505 1326 1756 1380 tenebrae

125 1434 249 1472 cum
275 1419 396 1473 suis
423 1419 798 1474 assertoribus
831 1420 1199 1491 pellerentur.
1229 1420 1370 1474 Nam
1388 1420 1533 1474 sicut
1555 1420 1616 1474 in
1640 1420 1759 1490 ipsa

126 1512 345 1567 Domini
387 1513 798 1569 resurrectione
860 1514 1142 1570 credenda
1206 1513 1279 1568 ad
1340 1514 1758 1569 corroboranda

128 1606 281 1661 initia
312 1605 452 1662 fidei
480 1607 727 1661 multum
745 1607 1061 1663 securitatis
1088 1608 1321 1662 accessit
1347 1608 1495 1679 quod
1520 1607 1754 1679 quidam

126 1700 361 1771 apostoli
390 1700 458 1755 de
488 1717 762 1773 corporea
804 1702 1028 1757 Domini
1065 1702 1243 1756 nostri
1270 1703 1400 1756 Jesu
1430 1701 1635 1757 Christi
1659 1717 1753 1755 ve-

128 1795 283 1849 ritate
333 1793 689 1861 dubitavere,
732 1800 789 1850 et
839 1795 962 1850 visu
1009 1800 1180 1867 atque
1233 1800 1494 1850 contactu
1545 1796 1757 1849 fixeras

1860 579 1981 631 Non
2012 576 2355 646 dedignelur
2370 574 2586 644 regiam
2609 574 2910 639 civitatem,
2929 589 3105 643 quam
3125 574 3493 643 apostolicam

1858 688 1971 726 non
1996 676 2180 742 potest
2194 670 2375 724 facere
2396 669 2617 723 Sedem.
2639 669 2748 722 Nec
2769 668 2882 721 ullo
2912 674 3099 738 speret
3124 668 3310 734 modo,
3344 668 3495 739 quod

1861 782 1964 835 per
2018 763 2261 817 aliorum
2312 762 2490 833 possit
2534 761 2879 815 offensiones
2926 761 3145 831 augeri.
3195 762 3493 833 Privilegia

1861 859 2010 913 enim
2042 857 2418 912 Ecclesiarum
2452 862 2779 910 sanctorum
2807 857 3039 908 Patrum
3074 856 3383 909 canonibus
3411 855 3494 909 in-

1859 952 2070 1021 stituta,
2102 957 2156 1006 et
2192 950 2532 1005 venerabilis
2572 949 2810 1003 Nicanae
2841 948 3040 1019 synodi
3080 948 3188 1003 fixa
3228 949 3490 1009 decretis,

1859 1047 2014 1101 nulla
2055 1048 2295 1117 possunt
2332 1043 2697 1115 improbitate
2742 1042 3001 1107 convelli,
3039 1042 3199 1097 nulla
3242 1042 3495 1097 novitate

1858 1140 2085 1194 mutari.
2129 1140 2189 1193 In
2239 1155 2350 1210 quo
2409 1153 2581 1208 opere
2634 1135 2938 1190 auxiliante
2991 1135 3213 1189 Christo
3256 1136 3497 1190 fideliter

1861 1233 2243 1304 exsequendo,
2274 1247 2498 1286 necesse
2526 1236 2609 1285 est
2639 1247 2732 1284 me
2762 1235 3194 1301 perseveranter
3226 1229 3497 1284 exhibere

1861 1327 2217 1395 famulatum,
2254 1327 2528 1397 quoniam
2568 1324 2919 1394 dispensatio
2956 1323 3099 1377 mihi
3144 1323 3355 1377 credita
3393 1326 3498 1391 est,

1858 1425 1915 1475 et
1946 1422 2016 1475 ad
2058 1436 2252 1475 meum
2282 1419 2463 1473 tendit
2502 1423 2744 1484 reatum,
2796 1416 2836 1470 si
2866 1422 3235 1487 paternarum
3285 1417 3498 1487 regular

1858 1516 2211 1570 sanctionum
2230 1530 2358 1585 qua:
2375 1514 2432 1567 in
2462 1512 2677 1584 synodo
2706 1512 2935 1565 Nicaana
2950 1511 3019 1566 ad
3045 1510 3220 1565 totius
3242 1510 3500 1565 Ecclesia

1859 1609 2118 1680 regimen
2163 1608 2375 1679 Spiritu
2417 1606 2515 1661 Dei
2562 1606 2879 1660 instruente
2921 1610 3052 1660 sunt
3096 1605 3497 1675 conditae,me,

1860 1703 2015 1775 quod
2039 1702 2204 1769 absit,
2238 1702 2579 1756 connivente
2618 1700 2921 1766 violentur,
2954 1702 3011 1753 et
3033 1700 3222 1769 major
3250 1699 3322 1754 sit
3348 1699 3500 1770 apud

1859 1813 1950 1852 me
1988 1797 2159 1851 unius
2186 1795 2379 1850 fratris
2426 1794 2706 1863 voluntas,
2752 1810 2927 1864 quam
2980 1794 3257 1846 universae
3297 1793 3504 1847 domus

125 1887 438 1957 clavorum,
466 1892 543 1958 et,
573 1890 776 1944 vulnus
805 1890 1021 1945 lanceae
1042 1890 1453 1961 perscrutando
1483 1889 1759 1960 ambigui-
1779 1877 1836 1948 Β
1858 1891 2087 1946 Domini
2114 1889 2437 1945 communis
2463 1888 2698 1943 utilitas.
2732 1888 2800 1942 Et
2824 1886 2957 1941 ideo
2985 1887 3167 1941 sciens
3192 1887 3502 1957 gloriosam

127 1985 292 2036 tatem
339 1982 560 2037 cunctis
586 1982 725 2037 dum
770 1983 1073 2055 ambigunt
1095 1984 1466 2038 abstulerunt.
1497 1984 1577 2037 Ita
1606 1999 1756 2036 nunc

124 2090 349 2147 quoque
381 2092 512 2129 cum
556 2076 881 2148 aliquorum
919 2077 1216 2131 infidelitas
1247 2078 1589 2145 confutatur,
1631 2093 1754 2131 om-

125 2169 277 2223 nium
317 2169 711 2224 haesitantium
761 2171 929 2225 corda
980 2172 1211 2225 firmata
1256 2173 1410 2238 sunt,
1438 2173 1494 2225 et
1518 2170 1758 2241 profecit

126 2262 399 2319 universis
416 2263 490 2317 ad
515 2264 995 2319 illuminationem
1024 2265 1174 2336 quod
1202 2265 1544 2335 quibusdam
1564 2265 1759 2319 intulit

124 2357 459 2413 caecitatem.
492 2359 552 2412 ln
579 2374 692 2429 quo
720 2373 891 2429 opere
919 2359 1093 2429 digne
1132 2365 1191 2413 et
1205 2360 1359 2429 juste
1390 2359 1632 2413 exsultat
1663 2375 1752 2412 ve-

126 2455 230 2504 stra
254 2451 585 2519 clementia,
625 2469 750 2523 qua:
778 2452 1025 2508 fideliter
1054 2452 1401 2525 proprieque
1444 2453 1753 2523 prospexit,

127 2550 181 2599 ut
203 2546 578 2601 orientalibus
604 2547 862 2602 Ecclesiis
880 2547 1172 2601 diabolicae
1197 2546 1417 2601 insidiae
1444 2563 1558 2600 non
1585 2563 1754 2600 noce-

126 2646 261 2707 rent,
283 2639 392 2695 sed
422 2640 493 2694 ad
524 2641 956 2712 propitiandum
986 2642 1163 2695 Deum
1208 2641 1521 2695 cfficaciora
1550 2640 1755 2712 ubique

125 2733 471 2788 offerrentur
487 2734 834 2803 holocausta,
865 2735 1094 2805 quando
1121 2751 1224 2806 per
1251 2736 1628 2790 mediatorem
1659 2735 1754 2789 Dei

124 2833 172 2881 et
196 2828 507 2882 hominum
534 2829 830 2883 hominem
858 2829 1370 2884 Christum'lesum
1397 2829 1590 2883 eadem
1622 2845 1751 2883 con-

124 2922 275 2976 fessio
304 2921 588 2994 plebium,
622 2924 823 2977 eadem
870 2924 1244 2989 sacerdotum,
1286 2924 1491 2978 eadem
1530 2926 1677 2979 esset
1702 2927 1757 2977 et

124 3031 336 3087 regum.
396 3017 487 3069 His
516 3022 705 3071 autem
728 3021 968 3089 propter
1008 3033 1135 3089 quae
1166 3021 1323 3072 tanta
1342 3018 1489 3071 facta
1514 3024 1599 3072 est
1626 3034 1757 3072 con-

127 3110 382 3181 gregatio
396 3111 770 3179 sacerdotum,
791 3111 937 3165 bene
967 3115 1023 3166 et
1048 3111 1276 3182 optabili
1307 3112 1417 3165 ﬁne
1434 3113 1756 3183 compositis

125 3203 292 3258 miror
321 3206 388 3259 et
404 3203 588 3273 doleo,
617 3206 771 3276 quod
800 3222 1001 3276 pacem
1030 3205 1366 3259 universalis
1393 3206 1651 3260 Ecclesiae
1679 3205 1758 3259 di-

124 3297 321 3352 vinitus
379 3298 772 3369 reformatam,
805 3300 1131 3354 ambitionis
1174 3317 1369 3353 rursus
1407 3300 1636 3371 spiritus
1665 3300 1753 3353 in-
1778 3258 1833 3332 C

123 3392 354 3462 quietat.
406 3393 669 3460 Quamvis
695 3394 851 3447 enim
894 3394 1212 3449 necessarie
1244 3394 1351 3448 sibi
1393 3394 1570 3449 frater
1593 3410 1757 3447 meus

121 3488 414 3541 Anatolius
481 3488 831 3542 consuluisse
894 3487 1158 3543 videatur
1220 3493 1282 3543 ut
1356 3488 1751 3543 ordinatorum

122 3596 351 3635 suorum
380 3597 636 3636 errorem
667 3582 932 3637 deserens
962 3582 1021 3635 in
1052 3598 1345 3637 assensum
1372 3582 1665 3637 catholicae
1685 3582 1754 3635 ﬁ-

125 3674 207 3729 dei
247 3674 467 3730 salubri
510 3677 858 3731 correctione
907 3677 1192 3744 transiret,
1240 3677 1521 3731 custodire
1566 3682 1753 3732 tamen

124 3767 328 3837 debuit,
360 3774 429 3823 ut
458 3770 607 3841 quod
632 3777 818 3825 vestro
848 3771 1127 3826 beneficio
1145 3771 1401 3826 noscitur
1428 3773 1756 3825 consecutus

126 3863 325 3918 nullius
374 3863 664 3935 pravitatis
688 3864 999 3936 cupiditate
1045 3866 1318 3920 turbaret.
1347 3866 1454 3920 Nos
1489 3866 1641 3920 enim
1667 3882 1756 3919 ve-

126 3961 240 4012 stra:
270 3957 418 4012 fidei
442 3964 499 4013 et
522 3958 954 4014 interventionis
990 3960 1264 4015 habentes
1293 3960 1589 4027 intuitum,
1621 3976 1752 4014 cum

126 4053 437 4108 secundum
478 4069 596 4107 suae
636 4055 1070 4109 consectationis
1112 4059 1373 4109 auctores
1420 4055 1543 4125 ejus
1595 4055 1754 4109 initia

127 4146 442 4217 turbarent,
477 4147 840 4218 benigniores
869 4149 1017 4203 circa
1052 4149 1242 4221 ipsum
1274 4165 1449 4221 quam
1489 4148 1755 4219 justiores

126 4255 233 4295 esse
253 4240 565 4311 voluimus,
596 4258 709 4313 quo
740 4243 1196 4313 perturbationes
1224 4260 1425 4298 omnes
1464 4261 1591 4314 quas
1618 4260 1751 4314 ope-

128 4340 274 4391 rante
318 4334 552 4390 diabolo
595 4336 823 4391 fuerant
867 4338 1145 4405 excitatae,
1191 4338 1457 4393 adhibitis
1488 4337 1756 4392 remediis

124 4427 450 4497 leniremus,
499 4446 627 4501 quae
658 4431 822 4485 illum
865 4433 1189 4488 modestum
1228 4433 1409 4503 magis
1445 4448 1616 4503 quam
1642 4434 1751 4487 im-

124 4524 478 4579 moderatum
506 4525 694 4579 facere
726 4526 992 4581 debuere.
1034 4526 1143 4590 Qui
1174 4528 1345 4581 etiam
1372 4528 1416 4581 si
1454 4528 1755 4599 praecipuis

1857 1985 2218 2040 clementiam
2256 1989 2504 2037 vestram
2548 1980 2935 2036 ecclesiasticae
2987 1980 3218 2034 studere
3268 1995 3502 2033 concor-

1857 2080 1987 2149 diae,
2030 2084 2087 2134 et
2117 2078 2203 2132 his
2254 2094 2382 2149 quas
2412 2076 2644 2148 paciﬁca
2690 2079 3016 2145 congruunt
3059 2074 3283 2141 unitati,
3323 2073 3506 2144 piissi-

1856 2190 2017 2228 mum
2043 2175 2317 2244 praestare
2344 2186 2708 2239 consensum,
2750 2185 2950 2240 precor
2978 2173 3035 2222 et
3072 2168 3268 2222 sedula
3294 2183 3501 2239 sugge-

1856 2268 2036 2321 stione
2060 2283 2157 2320 vos
2188 2266 2445 2334 obsecro,
2473 2270 2541 2319 ut
2572 2279 2742 2319 ausus
2776 2261 3068 2333 improbos
3104 2261 3307 2315 unitati
3337 2262 3504 2316 Chri-

1857 2361 2057 2416 stianas
2088 2359 2325 2432 pacique
2371 2358 2705 2425 contrarios,
2733 2357 2802 2411 ab
2841 2356 2999 2411 omni
3050 2356 3276 2427 pietatis
3302 2358 3505 2410 vestrm

1855 2458 2125 2514 abdicetis
2153 2474 2401 2523 assensu,
2445 2462 2501 2511 et
2531 2455 2723 2510 fratris
2754 2455 2868 2509 mei
2900 2455 3150 2509 Anatolii
3186 2454 3502 2508 nocituram

1857 2554 1985 2625 ipsi,
2032 2554 2077 2607 si
2106 2551 2441 2624 perstiterit,
2490 2548 2863 2621 cupiditatem
2919 2548 3224 2602 salubriter
3260 2547 3503 2619 compri-

1857 2648 2046 2716 matis,
2078 2663 2151 2701 ne
2184 2663 2249 2700 ea
2286 2662 2412 2717 quae
2446 2649 2647 2698 vestrae
2695 2643 2893 2714 gloria:
2942 2647 3113 2713 atque
3155 2641 3506 2713 temporibus

1859 2741 2090 2795 inimica
2133 2745 2266 2794 sunt
2300 2738 2557 2810 cupiens,
2588 2737 2774 2807 major
2820 2735 2932 2789 suis
2958 2736 3094 2789 velit
3140 2752 3262 2789 esse
3300 2734 3504 2806 priori-

1857 2835 1980 2901 bus,
2030 2834 2388 2903 liberumque
2433 2832 2513 2885 illi
2541 2830 2614 2885 sit
2655 2829 2882 2902 quantis
2923 2829 3175 2899 potuerit
3212 2828 3509 2899 splendere

1858 2928 2177 2995 virtutibus,
2227 2943 2473 2998 quarum
2521 2941 2639 2980 non
2686 2923 2848 2978 aliter
2893 2921 3187 2995 particeps
3236 2922 3360 2990 erit,
3402 2921 3508 2975 nisi

1857 3023 2129 3077 charitatc
2180 3021 2363 3091 magis
2406 3019 2650 3074 voluerit
2691 3016 2902 3087 ornari,
2973 3032 3146 3089 quam
3195 3015 3507 3071 ambitione

1856 3117 2122 3172 distendi.
2167 3117 2321 3170 Hanc
2351 3110 2543 3167 autem
2590 3112 2842 3184 improbi
2884 3111 3153 3166 desiderii
3180 3109 3503 3182 conceptio-

1859 3228 2012 3278 nem,
2052 3226 2349 3281 nunquam
2393 3208 2589 3261 debuit
2616 3207 2763 3261 intra
2795 3205 2976 3259 cordis
3006 3205 3090 3260 sui
3123 3206 3381 3275 recipere
3414 3220 3499 3259 se-

1858 3308 2097 3373 cretum,
2124 3305 2219 3357 sed
2251 3319 2381 3357 cum
2424 3300 2501 3355 illi
2527 3302 2752 3367 fratres,
2802 3305 2857 3353 et
2886 3299 3199 3370 coepiscopi
3232 3299 3367 3367 mei,
3400 3299 3495 3370 qui

1858 3400 1977 3454 vice
2016 3415 2145 3452 mea
2185 3397 2443 3464 aderant,
2496 3394 2813 3459 obviarent,
2871 3393 2941 3445 ab
2994 3392 3188 3446 illicito
3245 3392 3503 3462 appetitu

1858 3508 2056 3547 eorum
2085 3492 2285 3545 saltem
2315 3488 2521 3543 salubri
2554 3486 3002 3542 contradictione
3032 3491 3321 3539 cessasset.
3354 3485 3490 3538 Nam

1858 3594 1916 3642 et
1944 3590 2141 3641 vestrte
2181 3584 2410 3656 pietatis
2434 3583 2644 3654 apices,
2686 3585 2743 3635 et
2771 3579 2948 3652 ipsius
2975 3578 3180 3649 scripta
3210 3578 3493 3632 declarant

1856 3683 2072 3751 legatos
2115 3679 2270 3735 Sedis
2316 3677 2661 3748 apostolicze,
2713 3674 2861 3728 sicut
2900 3673 3173 3744 oportuit,
3222 3673 3503 3726 contradi-

1857 3775 2043 3829 ctione
2081 3772 2393 3844 justissima
2432 3769 2719 3836 restitisse,
2767 3772 2829 3821 ut
2876 3766 3316 3821 inexcusabilior
3351 3770 3496 3819 esset

1852 3868 2247 3947 praesumptio,
2280 3881 2409 3937 quae
2440 3882 2496 3920 se
2531 3880 2634 3918 nec
2668 3863 2965 3932 increpata
3001 3860 3311 3915 cohiberet.
3340 3859 3499 3914 Unde

1858 3964 1993 4035 quia
2020 3962 2289 4019 convenit
2327 3959 2463 4014 ﬁdei
2490 3963 2692 4012 vestrae
2730 3956 2817 4010 vel
2844 3954 3063 4026 gloriae,
3114 3958 3175 4008 ut
3206 3954 3353 4008 sicut
3378 3954 3495 4007 hae-

1857 4058 2014 4126 resis,
2061 4060 2172 4113 Deo
2210 4072 2316 4127 per
2346 4071 2444 4109 vos
2485 4057 2711 4124 agente,
2744 4051 3030 4105 destructa
3066 4052 3169 4116 est,
3212 4047 3289 4101 ita
3322 4047 3498 4102 etiam

1856 4152 2043 4206 omnis
2072 4151 2319 4206 ambitus
2343 4148 2699 4213 retundatur,
2721 4144 2874 4216 agite
2906 4142 3056 4214 quod
3087 4146 3142 4196 et
3165 4141 3496 4197 Christianas

1858 4250 1942 4301 est
1972 4245 2273 4318 probitatis
2312 4246 2369 4298 et
2402 4242 2595 4313 regiae,
2627 4244 2689 4293 ut
2720 4237 3024 4310 praedictus
3073 4236 3369 4307 episcopus
3394 4251 3495 4306 pa-

1856 4346 1975 4394 reat
2000 4339 2272 4405 Patribus,
2315 4336 2571 4391 consulat
2600 4333 2744 4405 paci,
2790 4348 2977 4403 neque
3018 4330 3123 4385 sibi
3154 4330 3399 4384 aestimet
3425 4329 3493 4383 1i-

1856 4434 2056 4499 cuisse,
2082 4433 2233 4504 quod
2254 4431 2690 4486 Antiochzenum
2715 4428 2835 4481 sine
2866 4426 2979 4479 ullo
3005 4424 3269 4495 exemplo
3294 4428 3495 4478 contra

1856 4533 2067 4583 statuta
2107 4541 2391 4580 canonum
2437 4523 2765 4594 episcopum
2804 4519 3070 4573 ordinare
3113 4517 3490 4588 praesumpsit,

126 4618 358 4687 meritis,
399 4619 728 4691 optimoque
736 4620 953 4690 judicio
977 4620 1230 4691 legitime
1254 4622 1451 4675 fuisset
1477 4640 1540 4677 ac
1558 4623 1757 4676 solem-
1776 4636 1836 4708 D
1857 4623 2008 4696 quod
2035 4637 2231 4675 amore
2262 4616 2588 4689 reparandae
2634 4614 2788 4682 fidei,
2824 4618 2880 4666 et
2905 4612 3058 4708 pacis
3086 4611 3287 4708 studio.
3312 4613 3489 4708 retra-

125 4711 265 4766 niter
291 4712 611 4780 ordinatus,
637 4721 830 4768 contra
845 4717 1224 4770 reverentiam
1247 4722 1439 4771 tamen
1465 4733 1752 4771 canonum
1776 4703 1821 4708 —
1852 4725 2002 4775 ctare
2046 4713 2403 4771 cessavimus.
2454 4709 2748 4765 Abstineat
2784 4722 2920 4777 ergo
2968 4705 3037 4758 ab
3094 4703 3492 4758 ecclesiastica-

125 4812 510 4875 paternorum,
540 4812 735 4862 contra
767 4810 942 4864 sancti
982 4809 1224 4881 Spiritus
1253 4810 1526 4879 instituta,
1556 4817 1752 4866 contra

123 4900 471 4973 antiquitatis
511 4904 796 4974 exempla,
834 4904 1005 4957 nullis
1042 4909 1232 4975 posset
1268 4904 1552 4975 suffragiis
1584 4906 1749 4976 adju-

122 4995 254 5048 vari.
286 4996 458 5067 Apud
480 4997 861 5053 Christianum
887 5005 944 5053 et
972 5015 1104 5053 vere
1132 4999 1480 5071 religiosum,
1512 5015 1752 5070 vereque

123 5088 501 5145 orthodoxam
546 5091 867 5164 principem
916 5093 1136 5165 loquor.
1183 5094 1419 5148 Multum
1464 5094 1752 5147 Anatolius

124 5183 415 5255 episcopus
440 5186 671 5259 proprio
698 5187 945 5242 detrahit
969 5188 1192 5255 merito,
1217 5188 1260 5242 si
1277 5188 1470 5242 illicito
1500 5204 1751 5243 crescere

125 5280 275 5346 optat
300 5287 627 5350 augmento.
668 5282 904 5353 Habeat,
933 5282 1077 5337 sicut
1114 5288 1396 5355 optamus,
1433 5283 1749 5339 Constanti-

128 5372 450 5443 nopolitana
493 5382 761 5432 cunctam
807 5377 1049 5449 gloriam
1090 5394 1270 5445 suam,
1314 5394 1377 5432 ac
1414 5381 1751 5449 protegente

126 5461 353 5521 dextera
377 5468 469 5523 Dei
494 5469 763 5526 diuturno
800 5472 1118 5526 clementiae
1148 5475 1347 5526 vestrae
1376 5472 1602 5526 fruatur
1642 5471 1750 5524 im-

128 5560 300 5627 perio.
330 5561 452 5616 Alia
479 5568 672 5619 tamen
714 5565 858 5621 ratio
887 5571 973 5620 est
1001 5582 1195 5621 rerum
1228 5565 1609 5633 saecularium,
1647 5564 1756 5619 alia

129 5650 462 5727 divinarum,
508 5674 614 5713 nec
638 5665 845 5730 praeter
888 5660 1047 5715 illam
1078 5667 1319 5732 petram,
1353 5675 1527 5731 quam
1563 5659 1752 5713 Domi-

127 5757 228 5799 nus
255 5746 318 5802 in
345 5747 718 5807 fundamento
755 5753 963 5825 posuit,
993 5754 1208 5809 stabilis
1234 5753 1343 5808 erit
1373 5753 1484 5807 ulla
1504 5756 1757 5807 constru-

127 5837 254 5894 ctio.
287 5840 516 5915 Propria
556 5846 744 5917 perdit
787 5848 886 5920 qui
917 5847 1174 5904 indebita
1219 5848 1584 5919 concupiscit.
1613 5847 1756 5903 Satis

130 5931 196 5986 sit
229 5936 386 6005 quod
412 5940 677 6009 praedicto
702 5947 899 5998 vestrae
929 5943 1153 6013 pietatis
1190 5943 1418 6014 auxilio,
1451 5947 1505 5995 et
1537 5942 1645 5997 mei
1672 5943 1755 5996 fa-

1853 4830 1980 4869 rum
2009 4810 2214 4882 injuria
2242 4807 2591 4877 regularum,
2615 4806 2673 4855 et
2698 4801 2924 4855 illicitos
2944 4799 3188 4853 declinet
3210 4814 3488 4863 excessus,

1855 4925 1924 4962 ne
1947 4924 2005 4961 se
2038 4905 2109 4959 ab
2152 4899 2458 4958 universali
2488 4896 2747 4963 Ecclesia,
2790 4895 2925 4948 dum
2952 4893 3180 4947 inimica
3210 4893 3333 4964 paci
3364 4896 3488 4949 ten-

1854 5005 1951 5068 tat,
1984 4997 2295 5054 abscindat.
2329 4995 2512 5058 Quem
2543 4997 2675 5061 opto
2707 4989 2889 5060 magis
2912 4986 3492 5059 irreprehensibiliter

1852 5097 2118 5167 agentem
2147 5090 2401 5161 diligere,
2434 5102 2604 5158 quam
2633 5085 2693 5138 in
2735 5084 2839 5137 hac
2881 5081 3327 5153 praesumptione
3363 5098 3491 5153 quae

1852 5190 2013 5244 illum
2032 5188 2103 5241 ab
2130 5184 2393 5240 omnibus
2418 5179 2628 5252 poterit
2654 5193 2917 5249 separare
2936 5177 3272 5248 perdurare.
3300 5175 3494 5229 Frater

1853 5288 2045 5338 autem
2074 5286 2130 5336 et
2166 5278 2529 5350 coepiscopus
2560 5290 2723 5329 meus
2762 5271 3058 5339 Lucianus,
3092 5270 3190 5341 qui
3216 5284 3345 5322 cum
3373 5267 3489 5321 tilio

1852 5394 1980 5433 meo
2008 5375 2210 5431 Basilio
2241 5373 2479 5427 diacono
2510 5366 2824 5424 clementiae
2851 5371 3050 5421 vestrae
3070 5364 3139 5418 ad
3163 5378 3253 5417 me
3280 5360 3489 5431 scripta

1854 5471 2114 5543 portavit,
2137 5468 2295 5524 omni
2316 5465 2614 5521 devotione
2640 5465 2864 5533 partem
2889 5463 3163 5528 susceptas
3192 5453 3491 5526 legationis

1855 5564 2129 5637 implevit,
2161 5562 2295 5634 quia
2321 5576 2437 5615 non
2464 5561 2551 5612 est
2580 5554 2944 5611 aestimandus
2974 5551 3205 5622 negotio
3240 5547 3489 5602 defuisse

1855 5676 2027 5733 quem
2055 5658 2245 5730 potius
2272 5671 2441 5709 causa
2467 5650 2737 5707 deseruit.
2768 5650 2901 5701 Data
2918 5662 2973 5699 ιι
3008 5642 3289 5698 Kalendas
3317 5641 3488 5705 Junii,

1857 5754 2168 5809 Herculano
2199 5750 2317 5804 viro
2345 5746 2659 5803 clarissimo
2684 5740 2931 5797 consule.

2212 5843 2357 5898 XXX.
2400 5871 2467 5880 ——
2496 5839 2590 5894 Ad
2626 5836 2957 5891 Pulcheriam
2986 5836 3131 5902 Aug.

1930 5944 2035 5996 Lm
2061 5941 2376 5995 Ρυυτιιιῖηιλς
2402 5936 2690 6002 Augustae,
2723 5928 2793 5983 de
2820 5926 3034 5983 ambitu
3068 5926 3327 5983 Anatolii.
