4026 6182
579 352 679 409 807

1456 348 1739 406 APPEND.
1782 351 1869 405 AD
1905 351 2067 406 S/EC.
2113 350 2196 404 IX.
2229 377 2299 390 ——-
2338 349 2584 405 lSlDORl
2623 342 3050 403 MERCATORIS
3760 355 3835 408 808

648 459 863 515 Sanctis
908 464 964 513 et
1009 458 1119 514 Deo
1172 458 1391 530 placitis
1433 459 1753 515 clementiae
1793 463 1996 514 vestrae
2024 459 2222 514 studiis
2242 471 2302 545 Α
2322 462 2440 514 tate
2484 459 2693 513 calcata
2726 456 2985 512 alienum
3005 457 3104 527 jus
3151 456 3287 511 velle
3311 456 3608 528 praeripere,
3640 461 3771 528 atque
3797 470 3842 522 ut

578 553 870 609 defensam
891 556 1089 607 contra
1109 553 1404 608 haareticos
1435 553 1781 608 catholicam
1806 554 2000 623 tidem,
2022 559 2076 608 et
2103 553 2222 607 uni-

576 663 749 700 versae
796 646 1059 701 Ecclesiae
1102 646 1381 702 redditam
1434 663 1635 718 pacem
1674 646 2040 701 ineﬁ'abiliter
2090 663 2221 700 cum

575 744 764 795 vestra
787 740 998 811 pietate
1025 740 1363 817 gaudemus,
1403 740 1616 811 gratias
1646 746 1882 811 agentes
1907 740 2221 794 misericor-

575 834 682 889 dia:
714 834 1123 905 omnipotentis
1166 834 1283 902 Dei,
1324 835 1494 906 quod,
1525 835 1770 906 exceptis
1800 835 1888 888 his
1913 834 2009 906 qui
2039 834 2222 905 magis

575 928 897 983 dilexerunt
943 928 1212 983 tenebras
1237 944 1415 1000 quam
1452 929 1659 995 lucem,
1699 929 1991 983 neminem
2024 945 2221 999 passus

576 1026 662 1077 est
689 1022 1014 1094 evangelica
1037 1021 1271 1077 veritate
1304 1021 1581 1089 fraudari,
1620 1026 1698 1092 ut,
1735 1022 1990 1077 abstersa
2014 1021 2221 1076 erroris

577 1116 839 1188 caligine,
881 1116 940 1170 in
988 1116 1250 1170 omnium
1298 1116 1562 1171 cordibus
1610 1116 1981 1187 purissimum
2026 1116 2220 1170 lumen

579 1211 846 1280 oriretur,
887 1226 992 1265 nec
1023 1210 1091 1265 de
1119 1210 1363 1264 inﬁrmis
1401 1210 1789 1281 quorumdam
1831 1211 2037 1264 animis
2067 1216 2217 1265 tene-

576 1304 777 1358 brosus
822 1304 916 1358 ille
963 1304 1276 1359 exsultaret
1314 1303 1598 1373 inimicus,
1645 1320 1820 1375 quem
1875 1321 1993 1359 non
2038 1304 2221 1358 solum

578 1397 635 1451 hi
663 1398 761 1469 qui
800 1397 965 1451 illaesi
1002 1401 1295 1465 steterant,
1330 1397 1428 1453 sed
1467 1398 1643 1453 etiam
1672 1414 1817 1468 quos
1858 1398 2073 1453 fecerat
2111 1414 2217 1450 nu-

577 1495 721 1561 tare,
767 1495 1199 1563 superaverunt,
1246 1494 1332 1559 ut,
1368 1508 1562 1546 errore
1610 1492 1839 1560 abolito,
1890 1508 1992 1562 per
2035 1497 2219 1547 totum

580 1586 861 1640 mundum
906 1586 1044 1641 ﬁdes
1087 1602 1218 1639 vera
1256 1591 1550 1656 regnaret,
1610 1608 1637 1635 ‹‹
1684 1589 1741 1640 et
1792 1585 1980 1640 omnis
2026 1584 2220 1657 lingua

581 1680 938 1747 conﬁteatur,
985 1679 1259 1751 quoniam
1312 1680 1589 1734 Dominus
1639 1681 1797 1735 Jesus
1853 1679 2107 1734 Christus
2160 1679 2217 1733 in

580 1774 764 1845 gloria
806 1777 891 1828 est
932 1774 1028 1829 Dei
1076 1774 1253 1828 Patris
1290 1773 1509 1845 (Philip.
1555 1774 1753 1846 11,11).
1802 1796 1828 1822 ››
1873 1773 2218 1828 Conﬁrmata

2326 553 2491 607 unius
2529 557 2745 608 crescat
2785 550 3037 622 dignitas
3090 554 3176 606 tot
3224 550 3730 622 metropolitanorum
3763 553 3839 607 im-

2322 663 2580 718 pugnare
2626 645 2929 717 primatus,
2975 643 3295 716 quietisque
3337 644 3626 715 provinciis,
3666 651 3712 698 et
3748 646 3842 700 olim

2322 743 2533 795 sanctae
2547 739 2748 812 synodi
2764 739 3008 793 Nicaenae
3033 738 3413 793 moderatione
3429 737 3676 809 dispositis
3688 737 3842 794 bellum

2322 850 2482 888 novae
2516 832 2958 905 perturbationis
2987 832 3223 901 inferre,
3258 837 3421 901 atque
3450 834 3506 884 ut
3528 830 3845 885 venerabilium

2321 929 2553 981 Patrum
2581 928 2811 982 decreta
2837 927 3125 981 solvantur
3149 925 3515 997 quorumdam
3538 924 3844 995 episcoporum

2322 1022 2575 1093 proferre
2604 1036 2963 1089 consensum,
2991 1019 3084 1074 cui
3108 1026 3191 1075 tot
3216 1035 3491 1074 annorum
3511 1018 3663 1072 series
3686 1019 3845 1088 negavit

2321 1116 2606 1171 effectum.
2655 1116 2798 1169 Nam
2843 1113 3224 1185 sexagesimus
3272 1114 3387 1168 fere
3429 1128 3597 1166 annus
3636 1111 3769 1182 hujus
3790 1112 3844 1182 ja-

2321 1210 2550 1266 ctantiae
2593 1226 2714 1265 esse
2751 1210 3018 1280 jactatur,
3052 1224 3164 1279 qua
3207 1224 3265 1262 se
3314 1206 3599 1278 praedictus
3633 1206 3847 1276 episcopus

2322 1305 2564 1359 aestimat
2600 1304 2877 1374 adjuvari,
2917 1303 3127 1357 frustra
3152 1302 3384 1373 cupiens
3424 1301 3481 1355 id
3513 1299 3608 1354 sibi
3641 1299 3847 1371 prodesse,

2322 1400 2477 1470 quod
2505 1398 2680 1453 etiam
2724 1398 2770 1452 si
2796 1398 3099 1470 quisquam
3141 1412 3311 1451 ausus
3338 1399 3421 1450 est
3447 1395 3592 1461 velle,
3625 1393 3773 1447 nullus
3795 1397 3848 1444 ta-

2322 1509 2455 1547 men
2481 1492 2667 1563 potuit
2690 1492 2973 1546 obtinere.
3004 1493 3293 1563 Agnoscat
3327 1489 3417 1543 cui
3437 1487 3674 1543 successit
3695 1487 3797 1555 viro,
3817 1490 3851 1538 et

2321 1588 2549 1657 repulso
2578 1586 2737 1640 omni
2770 1585 2972 1657 spiritu
3011 1584 3293 1652 elationis,
3330 1582 3567 1638 Flaviani
3587 1580 3848 1635 modestiam.

2322 1680 2573 1735 Flaviani
2602 1679 3007 1750 humilitatem,
3052 1695 3181 1750 quae
3211 1678 3374 1732 illum
3412 1691 3577 1747 usque
3612 1674 3670 1729 ad
3698 1673 3848 1728 confes

2321 1773 2458 1828 soris
2522 1775 2766 1845 gloriam
2816 1773 3093 1844 provexit,
3168 1773 3448 1827 imitetur.
3495 1769 3648 1839 Cujus
3686 1769 3723 1821 si
3767 1767 3849 1819 velit

580 1875 772 1923 autem
807 1868 867 1922 in
898 1868 1116 1923 unitate
1159 1868 1454 1939 Evangelii
1480 1868 1745 1923 universo
1788 1868 2027 1935 mundo,
2071 1874 2127 1923 et
2160 1868 2217 1921 in
2240 1873 2295 1944 Β
2318 1868 2614 1940 splendere
2643 1868 2968 1935 virtutibus,
2998 1866 3300 1921 laudabilis
3318 1865 3444 1933 erit,
3475 1868 3529 1919 et
3556 1864 3607 1917 in
3628 1860 3752 1916 omni
3770 1861 3849 1914 loco

581 1963 789 2019 eodem
835 1963 1046 2033 Spiritu
1105 1978 1297 2017 sensus
1370 1962 1599 2017 directis
1641 1962 1902 2017 cordibus
1956 1961 2216 2016 omnium

582 2056 630 2128 1
647 2055 772 2129 99
799 2057 1155 2111 sacerdotum
1174 2057 1422 2128 optimus
1448 2057 1637 2111 fuerat
1663 2073 1837 2128 supra
1862 2056 1957 2110 illa
1986 2062 2218 2128 propter

554 2167 708 2222 nquae
734 2155 923 2204 sancta
963 2156 1046 2204 est
1080 2150 1330 2221 synodus
1369 2156 1736 2222 congregata,
1778 2153 1835 2203 et
1862 2167 1990 2222 qua:
2016 2167 2212 2205 secun-

580 2244 719 2299 dum
740 2244 962 2315 pietatis
982 2247 1183 2297 vestrae
1213 2243 1467 2298 studium
1492 2243 1775 2314 probabili
1790 2248 1923 2298 sunt
1946 2245 2059 2299 ﬁne
2079 2261 2214 2299 con-

579 2338 753 2406 clusa,
795 2337 938 2391 nihil
966 2336 1119 2409 quod
1162 2340 1319 2391 tanto
1360 2337 1512 2391 bono
1550 2337 1898 2392 contrarium
1938 2340 2088 2392 esset
2126 2338 2214 2392 in-

578 2432 735 2499 ferri,
772 2448 874 2486 nec
900 2448 1003 2502 per
1038 2430 1394 2486 occasionem
1431 2431 1759 2504 episcopalis
1805 2432 2035 2487 concilii
2075 2432 2132 2486 id
2157 2432 2217 2485 in

579 2542 887 2581 commune
917 2526 1130 2598 appeti,
1159 2526 1311 2597 quod
1336 2543 1452 2580 non
1483 2526 1641 2581 licuit
1674 2527 2016 2598 concupisci,
2042 2526 2218 2581 frater

580 2621 734 2675 enim
777 2624 836 2676 et
859 2620 1228 2692 coepiscopus
1269 2636 1435 2674 meus
1460 2621 1753 2675 Anatolius
1798 2638 2004 2692 parum
2027 2620 2213 2675 consi-

579 2714 798 2771 deravit
821 2720 1038 2786 quanto
1084 2715 1313 2785 pietatis
1348 2720 1545 2770 vestrae
1578 2715 1878 2779 beneﬁcio,
1911 2718 1969 2768 et
1996 2714 2109 2768 mei
2138 2714 2217 2767 fa-

575 2809 723 2863 voris
754 2825 984 2863 assensu
1013 2808 1653 2880 Constantinopolitanae
1677 2808 1937 2862 Ecclesiae
1967 2808 2218 2862 sacerdo-

580 2902 723 2957 tium
751 2902 926 2957 fuerit
962 2906 1313 2969 consecutus,
1343 2918 1460 2957 non
1493 2906 1607 2956 tam
1646 2902 1714 2956 de
1743 2902 1965 2973 adeptis
1995 2902 2219 2973 gavisus

580 3012 753 3067 quam
798 2996 867 3050 de
916 2995 1234 3050 immodicis
1280 2996 1617 3067 appetendis
1661 3013 1835 3067 supra
1885 3012 2217 3051 mensuram

580 3091 668 3146 sui
711 3090 948 3147 honoris
978 3090 1266 3145 abscessus
1314 3093 1419 3159 est,
1448 3090 1685 3145 credens
1720 3091 1855 3145 huic
1893 3097 2011 3146 tam
2042 3091 2218 3163 impe-

579 3185 727 3241 ranti
753 3185 1046 3257 cupiditati
1085 3201 1251 3256 posse
1285 3184 1554 3256 prodesse
1602 3185 1701 3256 qui
1738 3185 1790 3241 ei
1840 3186 2218 3256 quorumdam

580 3295 923 3334 consensum
967 3278 1279 3351 praebuisse
1335 3278 1544 3333 dicitur
1581 3283 1802 3333 extorta
1858 3279 2216 3350 subscriptio,
2240 3249 2296 3323 C

579 3391 711 3431 cum
752 3377 873 3428 tam
923 3369 1282 3428 destruendis
1323 3389 1458 3427 mox
1502 3372 1804 3428 conatibus
1851 3373 2226 3428 contradictio

578 3468 843 3535 fratrum,
898 3471 954 3522 et
989 3466 1462 3538 coepiscoporum
1512 3484 1775 3522 meorum
1815 3468 1996 3523 vicem
2038 3484 2225 3522 meam

579 3564 893 3635 agentium,
925 3560 1172 3615 ﬁdeliter
1200 3564 1257 3614 et
1281 3560 1643 3617 laudabiliter
1671 3561 1938 3617 obviaret.

653 3656 931 3721 Quoniam
945 3658 1145 3710 contra
1164 3657 1373 3710 statuta
1394 3661 1768 3727 paternorum
1784 3672 2074 3711 canonum
2096 3672 2225 3728 quae

582 3754 714 3806 ante
760 3750 1088 3821 longissime
1115 3749 1295 3804 astatis
1319 3765 1495 3804 annos
1530 3750 1590 3804 in
1619 3750 1760 3804 urbe
1806 3750 2033 3805 Nicaena
2067 3751 2228 3822 spiri-

585 3845 831 3901 tualibus
855 3847 990 3899 sunt
1016 3844 1281 3898 fraudata
1317 3844 1579 3913 decretis,
1610 3843 1753 3898 nihil
1779 3845 1987 3916 cuique
2016 3844 2226 3899 addere

582 3938 927 3995 conceditur.
959 3939 1043 3993 lta
1063 3940 1127 3991 ut
1152 3937 1200 3991 si
1213 3937 1340 4009 quis
1365 3937 1655 3993 diversum
1680 3938 1899 4010 aliquid
1925 3939 2229 3994 decernere

582 4035 716 4089 velit
738 4049 799 4087 se
828 4031 1019 4103 potius
1048 4031 1269 4086 minuat
1292 4048 1467 4103 quam
1497 4032 1591 4086 illa
1619 4036 1970 4103 corrumpat,
2003 4049 2132 4104 quae
2157 4032 2226 4097 si,

587 4132 649 4183 ut
696 4132 946 4198 oportet,
987 4142 1022 4179 a
1063 4126 1280 4180 cunctis
1331 4126 1690 4200 pontiﬁcibus
1727 4126 2068 4181 intemerata
2119 4143 2230 4181 ser-

584 4226 807 4288 ventur,
846 4236 948 4291 per
990 4219 1281 4274 universas
1306 4220 1569 4274 ecclesias
1611 4220 1924 4291 tranquilla
1952 4220 2061 4275 erit
2098 4238 2225 4292 pax,

585 4318 643 4371 et
671 4313 842 4368 ﬁrma
881 4312 1205 4380 concordia,
1239 4314 1411 4368 nullas
1443 4314 1512 4368 de
1550 4315 1833 4369 mensuris
1872 4314 2081 4369 harum
2115 4314 2227 4370 dis-

587 4408 897 4477 sensiones,
946 4407 1119 4462 nullae
1156 4407 1229 4462 de
1269 4407 1724 4462 ordinationibus
1768 4408 1911 4478 lites,
1951 4409 2121 4464 nulla:
2159 4410 2229 4464 de

584 4502 897 4576 privilegiis
919 4501 1342 4573 ambiguitates,
1374 4502 1526 4557 nulla
1556 4505 1727 4558 erunt
1762 4503 1831 4558 de
1869 4503 2044 4559 alieni
2073 4521 2231 4558 usur-

586 4600 812 4672 patione
842 4597 1181 4668 certamina,
1211 4597 1311 4653 sed
1337 4614 1403 4652 ea
1434 4613 1563 4669 quae
1584 4597 1717 4668 jure
1745 4598 2037 4652 charitatis
2062 4598 2232 4653 ratio-

590 4694 794 4749 nabilis
815 4698 918 4763 est,
952 4699 1009 4748 et
1034 4708 1282 4761 morum,
1314 4695 1371 4746 et
1397 4691 1715 4746 ofﬁciorum
1745 4692 2064 4747 servabitur
2094 4709 2232 4747 una-

592 4787 843 4842 nimitas.
882 4788 951 4840 Et
992 4786 1086 4841 ille
1133 4803 1264 4842 vere
1302 4786 1411 4841 erit
1438 4802 1681 4857 magnus
1723 4785 1819 4857 qui
1854 4786 2030 4842 fuerit
2059 4788 2231 4841 totius

589 4880 912 4937 ambitionis
953 4879 1193 4948 alienus,
1229 4880 1453 4935 dicente
1490 4879 1771 4935 Domino:
1822 4902 1850 4931 «
1880 4880 2231 4953 Quicumque

594 4975 837 5032 voluerit
882 4974 1032 5030 inter
1072 4991 1169 5029 vos
1194 4974 1377 5045 major
1412 4975 1534 5029 ﬁeri
1574 4975 1646 5030 sit
1669 4980 1853 5030 vester
1877 4975 2155 5031 minister.
2200 4997 2227 5023 ››

592 5071 661 5125 Et
695 5092 723 5120 «
752 5068 1079 5141 quicunque
1114 5068 1359 5123 voluerit
1382 5067 1531 5124 inter
1563 5086 1662 5123 vos
1700 5069 1920 5141 primus
1947 5086 2088 5137 esse,
2125 5069 2233 5125 erit

594 5169 778 5222 vester
818 5179 1030 5219 servus.
1077 5162 1235 5218 Sicut
1280 5162 1429 5217 ﬁlius
1471 5163 1723 5218 hominis
1764 5180 1879 5219 non
1930 5164 2085 5219 venit
2130 5163 2231 5219 mi-

596 5257 846 5327 nistrari,
891 5257 989 5312 sed
1036 5256 1360 5312 ministrare
1419 5260 1631 5328 (Matth.
1682 5274 1769 5327 xx,
1826 5259 2030 5331 26-28).
2076 5280 2104 5308 ι»
2166 5260 2233 5313 Et

594 5361 786 5411 tamen
825 5353 947 5408 haec
992 5350 1100 5406 illis
1136 5354 1273 5405 tunc
1301 5351 1766 5423 insinuabuntur,
1794 5353 1893 5425 qui
1926 5353 1997 5407 de
2028 5353 2231 5424 pusillo

594 5449 857 5507 volebant
891 5462 1162 5513 crescere,
1195 5449 1252 5502 et
1275 5446 1346 5500 de
1371 5446 1583 5501 intimis
1610 5446 1684 5501 ad
1714 5463 1939 5502 summa
1973 5448 2228 5502 transire.

594 5541 1237 5614 Constantinopolitanae
1291 5557 1421 5597 vero
1485 5542 1692 5613 praesul
1756 5540 2034 5610 Ecclesiae,
2102 5542 2234 5614 quia

599 5638 844 5709 amplius
882 5653 1053 5709 quam
1099 5639 1388 5691 assecutus
1427 5641 1513 5690 est
1551 5635 1916 5708 concupiscit,
1967 5641 2066 5691 aut
2098 5637 2233 5709 quid

597 5731 681 5785 illi
703 5730 1022 5799 satisfaciet,
1063 5730 1111 5783 si
1154 5733 1328 5784 tantae
1376 5728 1531 5783 urbis
1573 5729 1996 5800 magnificentia
2037 5736 2095 5787 et
2131 5732 2237 5786 cla-

601 5822 787 5876 ritudo
829 5838 945 5877 non
973 5822 1200 5877 sufﬁcit.
1246 5821 1573 5893 Superbum
1603 5822 1775 5878 nimis
1819 5829 1903 5879 est
1937 5828 1994 5880 et
2032 5825 2235 5882 immo-

602 5914 861 5970 deratum
902 5916 1050 5980 ultra
1096 5916 1239 5981 ﬁnes
1296 5915 1553 5986 proprios
1577 5994 1585 6001 ‘
1609 5916 1843 5973 tendere
1897 5923 1954 5973 et
1994 5921 2235 5994 antiqui-

2316 1962 2631 2034 plurimum
2660 1961 2978 2017 dilectionis
3023 1960 3304 2032 acquiret,
3354 1976 3464 2014 non
3495 1954 3755 2011 ambiendo
3782 1954 3846 2006 lm-

2316 2072 2507 2127 mana,
2540 2057 2639 2110 sed
2682 2054 3068 2127 promerendo
3099 2054 3312 2109 divina.
3364 2055 3511 2107 Hanc
3537 2054 3703 2106 autem
3722 2047 3850 2102 obser-

2318 2151 2572 2205 vantiam
2598 2166 2731 2204 cum
2759 2166 3003 2222 quicque
3026 2148 3105 2203 illi
3136 2148 3398 2202 animum
3427 2145 3647 2218 spondet
3669 2141 3854 2213 copulan-

2318 2244 2475 2312 dum,
2510 2248 2568 2298 et
2614 2244 2938 2314 apostolicae
2969 2243 3135 2299 Sedis
3176 2242 3556 2307 dilectionem,
3593 2253 3737 2310 quam
3757 2236 3854 2290 Con-

2318 2337 2842 2409 stantinopolitanae
2871 2337 3131 2393 Ecclesiae
3147 2352 3378 2408 semper
3391 2328 3855 2406 impendimus,ana

2318 2432 2632 2487 mobilitate
2664 2431 2951 2487 violanda.
2999 2431 3139 2495 Quia
3176 2430 3222 2485 si
3264 2429 3552 2486 interdum
3586 2420 3856 2481 immoderati

2316 2527 2589 2597 praesules
2608 2525 2829 2597 aliquas
2848 2524 3109 2580 incidunt
3128 2525 3343 2595 culpas,
3375 2522 3715 2578 Ecclesiarum
3728 2521 3857 2570 tamen

2318 2619 2524 2675 Christi
2549 2621 2773 2691 integra
2800 2620 2986 2691 gratia
3019 2623 3369 2690 perseverat.
3400 2614 3757 2671 Consensiones
3772 2624 3858 2661 vero

2319 2714 2721 2786 episcoporum
2768 2717 3096 2768 sanctorum
3142 2728 3435 2767 canonum
3480 2708 3619 2781 apud
3653 2706 3858 2761 Nicena!!!

2319 2807 2684 2863 conditorum
2724 2809 2940 2880 regulis
2978 2812 3392 2879 repugnantes,
3454 2804 3603 2859 unita
3647 2798 3860 2855 nobiscum

2318 2908 2518 2957 vestrae
2565 2901 2697 2957 ﬁdei
2733 2902 2948 2973 pietate
2993 2902 3053 2955 in
3106 2901 3340 2955 irritum
3389 2898 3667 2965 mittimus,
3716 2898 3759 2946 et
3793 2902 3861 2959 per

2319 2996 2722 3051 auctoritatem
2762 2995 2915 3051 beati
2956 2995 3109 3050 Petri
3143 2994 3410 3066 apostoli,
3446 2989 3676 3065 generali
3698 2997 3861 3058 prorsus

2318 3090 2646 3145 deﬁnitione
2688 3106 2992 3145 cassamus.
3038 3091 3100 3144 In
3143 3088 3414 3144 omnibus
3443 3079 3776 3141 ecclesiasticis
3805 3076 3861 3128 his

2318 3184 2542 3255 legibus
2565 3185 3106 3256 obsequentes,quas
3127 3183 3200 3238 ad
3227 3181 3667 3255 paciﬁcationem
3681 3170 3861 3229 omnium
3952 3228 3953 3231 η

2325 3279 2702 3346 sacerdotum,
2750 3295 2853 3350 per
2875 3282 3164 3333 trecentos
3208 3277 3411 3333 decem
3441 3281 3498 3331 et
3521 3277 3632 3329 octo
3665 3265 3861 3323 antistites

2325 3372 2565 3445 Spiritus
2604 3378 2831 3427 sanctus
2877 3372 3144 3441 instituit,
3191 3373 3274 3427 ita
3330 3375 3395 3426 ut
3444 3371 3607 3425 etiam
3658 3365 3698 3418 si
3737 3358 3861 3415 multo
3952 3372 3953 3381 η

2327 3467 2518 3538 plures
2562 3466 2657 3521 alii
2700 3483 2878 3539 quam
2916 3467 3002 3520 illi
3045 3470 3296 3520 statuere
3341 3467 3649 3530 decernere,
3689 3458 3735 3511 in
3760 3451 3861 3507 nulla

2326 3561 2645 3616 reverentia
2684 3561 2754 3614 sit
2788 3554 3136 3629 habendum,
3184 3558 3469 3632 quidquid
3523 3555 3677 3612 fuerit
3708 3568 3735 3605 a
3765 3560 3861 3619 pm

2326 3655 2603 3709 dictorum
2645 3656 3044 3710 constitutione
3088 3655 3401 3709 diversum.
3440 3650 3771 3707 Prolixitatem
3797 3640 3860 3692 ita-

2328 3765 2440 3821 que
2488 3749 2744 3821 epistola:
2804 3765 2949 3804 mea:
3016 3766 3127 3822 qua
3187 3765 3421 3804 necesse
3483 3744 3640 3800 habui
3665 3735 3863 3809 explicare

2327 3843 2467 3915 quid
2497 3843 2762 3913 sentiam,
2791 3860 2930 3915 rogo
2963 3848 3025 3898 ut
3064 3860 3170 3915 per
3206 3843 3453 3897 fratrem
3480 3844 3535 3895 et
3558 3835 3862 3906 coepiscopum

2328 3954 2526 3993 meum
2552 3937 2884 4007 Lucianum,
2915 3938 3035 4010 qui,
3064 3941 3349 4009 quantum
3376 3937 3437 3991 in
3460 3936 3576 4007 ipso
3600 3937 3691 3996 est,
3719 3922 3862 3979 sollict-

2328 4031 2591 4087 tudinem
2630 4036 2906 4104 susceptae
2957 4031 3259 4104 legationis
3309 4035 3398 4087 est
3448 4028 3671 4084 ﬁdeliter
3709 4028 3862 4075 exsecu-

2330 4129 2439 4195 tus,
2482 4130 2541 4181 et
2565 4143 2670 4198 per
2696 4127 2880 4181 ﬁlium
2924 4143 3120 4182 meum
3161 4126 3434 4181 Basilium
3462 4123 3727 4178 diaconem
3745 4110 3867 4185 Ρὶθω

2329 4226 2518 4278 vestra
2563 4224 2868 4295 dignanter
2894 4223 3152 4295 accipiat.
3201 4225 3269 4278 Et
3295 4223 3433 4294 quia
3468 4217 3632 4275 moris
3662 4207 3794 4267 vestri
3811 4206 3866 4256 est

2328 4334 2435 4389 pro
2450 4334 2588 4390 pace
2604 4322 2661 4374 et
2680 4318 2900 4373 unitate
2921 4318 3184 4373 Ecclesiae
3207 4315 3717 4386 laborare,fratrem
3734 4310 3865 4395 me“?

2329 4413 2655 4468 Anatolium
2698 4413 3028 4484 episcopum
3075 4429 3147 4467 ex
3191 4417 3384 4467 vestra
3434 4404 3769 4465 insinuatione
3810 4390 3865 4443 ἀι·

2328 4507 2563 4577 lectum,
2608 4507 2910 4562 salubriter
2945 4508 3006 4560 in
3041 4506 3130 4561 his
3174 4523 3303 4578 quae
3348 4506 3459 4578 ipsi
3509 4501 3766 4575 profutura
3795 4486 3867 4585 sitit

2331 4601 2633 4668 continete,
2662 4606 2728 4657 ut
2754 4601 2936 4673 gloria
2954 4601 3275 4656 clementiae
3305 4605 3524 4668 vestrm,
3554 4596 3682 4650 sicut
3705 4594 3865 4677 mastil‘

2332 4695 2535 4749 ﬁcatur
2577 4695 2646 4750 de
2689 4695 2812 4750 ﬁde‘
2842 4699 3121 4767 reparata,
3166 4694 3243 4749 ita
3289 4694 3625 4766 praedicetur
3659 4686 3717 4741 de
3743 4674 3867 4733 ambi-

2332 4789 2486 4844 tione
2512 4805 2854 4861 compressa.
2885 4791 3029 4844 Data
3052 4806 3111 4845 xi
3146 4789 3421 4844 Kalendas
3446 4785 3609 4851 Junii,
3638 4771 3867 4835 Herculii!lu

2332 4883 2450 4937 viro
2473 4883 2786 4940 clarissimo
2815 4885 3062 4940 consule.

2676 4979 2848 5034 XXXI.
2877 5010 2945 5018 —
2976 4978 3071 5033 Ad
3095 4980 3433 5034 Martianum
3465 4978 3605 5045 Aug.

2403 5074 2514 5127 Leo
2543 5073 2841 5145 episcopus
2865 5074 3148 5129 Maurum
3182 5074 3459 5145 Augusto.

2401 5167 2571 5222 Multa
2612 5166 2755 5222 mihi
2781 5168 2842 5222 in
2885 5168 3151 5223 omnibus
3199 5165 3516 5223 clementiae
3558 5164 3729 5218 vestrae
3764 5150 3868 5247 lii‘f?‘

2332 5263 2409 5318 ris
2451 5278 2623 5318 causa
2671 5261 2866 5332 gaudii
2909 5267 3014 5330 est,
3062 5262 3202 5317 dum
3246 5278 3315 5317 ex
3342 5276 3546 5332 magna
3586 5245 3869 5328 providentia‘

2332 5356 2536 5412 divinae
2581 5355 2972 5412 misericordia
3014 5358 3330 5429 praestitum
3368 5352 3620 5410 humanis
3650 5345 3785 5402 rebus
3808 5347 3867 5434 8ξῇ

2333 5452 2539 5523 perior,
2589 5451 2747 5524 quod
2790 5452 3223 5508 ecclesiasticam
3270 5466 3473 5522 pacem
3504 5448 3638 5518 (quae
3673 5451 3769 5494 non

2331 5545 2554 5613 unitate
2596 5545 3017 5618 praedicationis
3062 5545 3399 5617 evangelicae
3443 5534 3741 5601 custoditur}

2334 5640 2479 5696 simo
2504 5640 2693 5697 studio
2711 5642 2916 5713 juvare
2947 5639 3265 5712 dignamini
3318 5641 3380 5692 ut
3398 5635 3525 5693 ﬁdei
3550 5635 3723 5687 vestrm
3746 5619 3872 5711 810"“

2335 5752 2449 5789 non
2473 5735 2660 5790 solum
2681 5735 2926 5791 utilitate
2954 5716 3299 5808 reipublicae,
3330 5733 3431 5788 sed
3458 5730 3616 5786 etiam
3654 5713 3872 5808 τειίείουξδ

2332 5830 2680 5902 profectibus
2700 5836 2998 5902 augeatur,
3029 5798 3431 5903 gloriosissime
3453 5823 3746 5897 ίωρεταιοτν
3761 5798 3873 5910 δέ

2334 5900 2697 5981 ineﬁ‘abiliter
2722 5900 2838 5982 Deo
2860 5900 3073 5998 gratias
3097 5943 3227 5999 ago,
3248 5926 3344 5998 qui
3372 5918 3695 5995 temporibus
3719 5900 3872 5979 quib“
