4026 6182
181 188 295 237 809

180 384 333 455 perii
358 383 589 454 fastigio
619 383 927 439 collocavit.
974 386 1032 438 In
1063 385 1269 455 quibus
1296 384 1369 439 ad
1396 384 1570 439 totius
1607 384 1810 439 mundi

176 478 449 543 salutem,
496 482 553 532 et
577 477 735 549 regia
762 477 1041 549 potentia,
1088 483 1146 533 et
1192 478 1558 533 sacerdotalis
1596 479 1812 550 vigeret

176 572 480 627 industria.
514 572 655 625 Nam
685 575 872 626 vestro
899 573 1185 644 praecipue
1211 589 1383 644 opere
1413 574 1484 627 sit
1522 573 1809 637 effectum,

176 672 243 720 ut
268 683 374 737 per
402 666 674 737 synodale
703 666 1003 720 concilium
1036 666 1321 721 damnatis
1344 666 1504 738 impii
1533 667 1812 737 dogmatis

177 759 599 825 defensoribus,
640 776 837 815 omnes
877 760 1024 814 vires
1058 741 1365 831 sacrilegus
1404 777 1566 815 error
1589 760 1812 816 amitte-

178 859 289 921 ret,
321 853 395 909 ad
422 853 677 923 ejusdem
699 854 1011 909 devotionis
1042 854 1288 925 pertinet
1316 856 1589 925 palmam,
1617 854 1661 909 si
1688 872 1809 909 ma-

176 950 302 1003 lum
342 947 495 1020 quod
522 948 585 1001 in
612 948 728 1002 suis
753 948 991 1003 ducibus
1036 952 1121 1002 est
1140 965 1502 1020 oppressum,
1533 950 1704 1003 etiam
1753 949 1811 1003 in

176 1041 618 1113 quibuscumque
650 1041 903 1114 reliquiis
928 1042 1198 1097 deleatur.
1238 1043 1400 1107 Quod
1444 1043 1661 1098 facilius
1698 1044 1808 1097 cle-

176 1136 398 1190 mentia
420 1140 604 1190 vestra
632 1134 941 1190 arbitretur
966 1134 1348 1205 implendum,
1382 1136 1426 1191 si
1465 1153 1570 1207 per
1594 1136 1814 1191 univer-

176 1247 269 1282 sas
297 1229 572 1284 Ecclesias
613 1229 975 1284 deﬁnitiones
1020 1234 1230 1284 sancta:
1272 1230 1472 1301 synodi
1515 1230 1814 1285 Chalcedo-

175 1324 379 1378 nensis
403 1322 722 1395 apostolica:
752 1323 878 1378 Sedi
914 1324 1195 1394 placuisse
1225 1324 1552 1393 doceantur,
1588 1324 1657 1378 de
1701 1341 1814 1395 quo

175 1418 413 1489 quidem
449 1416 594 1471 ratio
642 1434 760 1471 non
796 1416 904 1471 fuit
931 1417 1263 1488 ambigendi
1293 1434 1425 1471 cum
1454 1418 1505 1473 ei
1531 1414 1666 1473 ﬁdei
1696 1434 1813 1473 om-

176 1513 337 1566 nium
395 1510 779 1566 subscribendi
833 1528 1141 1567 consensus
1195 1512 1510 1579 accesserit,
1560 1529 1686 1584 quae
1738 1512 1811 1566 ad

176 1622 266 1659 me
321 1604 640 1659 secundum
693 1604 1021 1676 apostolicae
1074 1604 1368 1670 doctrinas,
1430 1622 1493 1659 ac
1556 1609 1811 1677 paternae

178 1698 505 1754 traditionis
543 1672 752 1754 emissa
797 1707 900 1767 est,
952 1702 1009 1753 et
1053 1715 1155 1770 per
1196 1700 1433 1754 fratrem
1480 1672 1670 1755 meum
1700 1672 1888 1754 Lu-B

176 1794 407 1847 cianum
473 1792 797 1864 episcopum
844 1792 983 1847 talia
1024 1793 1095 1848 ad
1141 1793 1380 1864 gloriam
1436 1798 1705 1860 vestram,
1756 1799 1812 1849 et

177 1889 246 1942 ad
275 1887 975 1958 Constantinopolitanum
1003 1886 1315 1942 antistitem
1351 1886 1558 1958 scripta
1586 1887 1807 1943 direxe-

177 1983 308 2047 rim,
365 1998 497 2053 quas
548 1981 843 2035 evidenter
895 1980 1267 2036 ostenderent
1312 1998 1405 2036 me
1443 1998 1511 2035 ea
1562 1998 1688 2053 quae
1741 1982 1811 2036 de

175 2077 283 2130 ﬁde
340 2074 621 2130 catholica
675 2074 732 2129 in
793 2075 1061 2146 praedicta
1113 2075 1333 2146 synodo
1391 2074 1623 2130 deﬁnita
1686 2076 1809 2130 fue-

174 2175 325 2235 rant,
388 2169 732 2241 approbare.
786 2168 896 2224 Sed
947 2168 1082 2241 quia
1133 2169 1191 2223 in
1245 2168 1460 2224 eisdem
1508 2170 1710 2224 litteris
1743 2186 1811 2224 ea

172 2280 301 2335 qua:
360 2279 468 2335 per
516 2261 868 2317 occasionem
905 2262 1108 2334 synodi
1160 2263 1306 2317 male
1358 2264 1489 2316 sunt
1539 2265 1811 2318 attentata

170 2355 689 2429 reprehenderem,
736 2355 934 2410 maluit
988 2355 1293 2426 praedictus
1339 2356 1571 2411 antistes
1618 2373 1807 2411 meam

174 2450 629 2522 gratulationem
672 2453 881 2515 tacere,
927 2466 1100 2521 quam
1130 2460 1298 2504 suum
1322 2450 1603 2505 ambitum
1630 2450 1813 2521 publi-

171 2562 323 2601 care.
361 2544 497 2600 Mihi
527 2550 717 2600 autem
746 2544 993 2599 multum
1018 2543 1243 2599 ﬁduciae
1270 2545 1380 2599 Deo
1410 2560 1514 2616 per
1543 2560 1641 2599 vos
1669 2560 1808 2616 Ope-

173 2645 334 2695 rante
352 2639 627 2695 collatum
649 2642 754 2707 est,
773 2638 925 2711 quod
936 2638 1263 2710 probassem
1278 2655 1377 2693 vos
1392 2637 1809 2694 observantiam

170 2734 237 2789 de
267 2733 531 2788 custodia
584 2749 870 2788 canonum
913 2738 1289 2804 paternorum
1337 2732 1571 2803 pietatis
1614 2737 1811 2787 vestrae

173 2827 443 2882 affatibus
480 2827 788 2895 indicastis,
838 2830 896 2881 et
937 2827 1145 2881 merito
1173 2826 1499 2897 geminatur
1538 2826 1811 2898 gaudium

174 2938 402 2989 meum,
441 2938 572 2975 cum
601 2921 759 2975 vobis
794 2920 1217 2992 religiosissime
1242 2921 1463 2992 placere
1506 2937 1808 2992 cognosco,

172 3019 231 3071 ut
257 3016 412 3071 ﬁdes
441 3015 667 3069 Nicmna
692 3031 853 3069 suam
884 3018 1072 3069 teneat
1106 3014 1461 3080 ﬁrmitatem,
1497 3020 1554 3070 et
1578 3015 1805 3087 privile-
1831 3045 1885 3121 Ο

175 3111 266 3179 gia
305 3108 689 3164 Ecclesiarum
732 3108 946 3163 illibata
978 3112 1373 3178 permaneant.
1408 3108 1674 3173 Quamvis
1707 3126 1807 3163 au-

171 3210 283 3259 tem
343 3203 419 3258 de
469 3204 744 3274 praeclaro
790 3202 925 3256 ﬁdei
981 3211 1179 3257 vestrae
1220 3219 1413 3274 opere,
1458 3202 1601 3257 nihil
1625 3207 1812 3258 vestra

168 3298 356 3369 pietas
386 3295 650 3352 indicarit
674 3296 839 3363 mihi,
878 3301 1073 3351 tamen
1118 3313 1223 3367 per
1256 3301 1655 3352 veneratorem
1691 3314 1810 3352 una

171 3408 408 3447 mecum
480 3390 855 3462 spiritualiter
907 3394 1150 3445 vestram
1207 3390 1473 3461 pietatem
1535 3407 1637 3461 per
1693 3391 1808 3445 fra-

172 3492 320 3541 trem
355 3501 557 3539 meum
586 3484 878 3539 lulianum
918 3484 1251 3556 episcopum
1284 3484 1600 3539 innotuisse
1629 3484 1807 3555 signi-

174 3582 299 3647 ﬁco,
344 3595 523 3650 quam
569 3578 664 3649 pio
688 3577 906 3649 dignati
944 3578 1164 3633 fueritis
1201 3594 1477 3650 responso
1516 3578 1811 3650 imperito-

171 3691 296 3729 rum
316 3672 742 3728 monachorum
758 3672 984 3727 animos
1003 3672 1268 3728 cohibere
1285 3672 1498 3744 pariter
1514 3677 1570 3727 et
1586 3673 1806 3739 docere,

173 3773 231 3823 ut
263 3768 311 3823 si
348 3767 480 3822 illos
505 3783 621 3821 non
657 3766 881 3838 penitus
909 3766 1224 3821 deseruerit
1264 3766 1454 3821 divina
1494 3766 1806 3837 miseratio,

172 3861 431 3917 sentiant
459 3878 515 3915 se
550 3864 607 3915 et
642 3860 905 3915 didicisse
942 3860 1101 3932 quod
1140 3860 1397 3928 credant,
1430 3865 1488 3916 et
1510 3861 1808 3933 agnovisse

172 3956 330 4028 quod
366 3955 627 4009 timeant.
675 3954 818 4018 Quia
855 3970 988 4008 vero
1034 3954 1299 4008 omnibus
1328 3954 1513 4010 modis
1543 3955 1810 4010 obedien-

172 4050 307 4105 dum
342 4052 432 4103 est
466 4048 662 4120 pietati
682 4052 903 4116 vestrae,
927 4047 1475 4120 religiosissimaeque
1508 4050 1806 4115 voluntati,

171 4142 671 4198 constitutionibus
697 4142 1058 4213 synodalibus
1085 4158 1212 4213 quae
1242 4143 1386 4197 mihi
1416 4143 1484 4197 de
1506 4144 1806 4198 conﬁrma—

174 4238 327 4293 tione
373 4236 502 4290 ﬁdei
542 4236 852 4303 catholicae,
900 4240 957 4291 et
996 4236 1397 4291 haereticorum
1440 4236 1809 4292 damnatione

173 4333 530 4402 placuerunt,
562 4330 743 4385 libens
772 4329 955 4400 adjeci
985 4329 1328 4384 sententiam
1358 4346 1567 4384 meam.
1594 4331 1732 4394 Quae
1762 4330 1807 4384 si

1418 181 1890 239 DECRETALIUM
1928 182 2313 238 COLLECTIO.

178 291 454 346 obortura
476 290 872 345 haereticorum
896 290 1166 345 scandala
1198 292 1547 361 praesciebat,
1581 307 1680 345 vos
1704 290 1809 345 im-
1834 300 1892 373 Α

3446 186 3547 238 810

2374 289 2566 345 XXXII.
2601 321 2667 331 —
2698 291 2791 346 Ad
2818 291 3077 347 eumdem.

1984 383 2094 437 Leo
2118 384 2413 455 episcopus
2441 386 2725 440 Msnruxo
2753 389 3025 459 Augusto.

1981 476 2291 532 Puritatem
2320 477 2452 532 ﬁdei
2485 479 2843 548 Christianas,
2879 498 2994 552 qua
3026 481 3329 536 clementia
3360 487 3547 539 vestra

1912 570 2230 641 praefulget,
2286 572 2460 626 etiam
2514 573 2603 627 his
2656 574 2876 644 litteris,
2934 591 3075 646 quas
3113 576 3290 631 frater
3342 581 3399 632 et
3451 595 3545 632 co-

1912 664 2209 736 episcopus
2255 682 2417 723 meus
2452 667 2815 722 Nestorianus
2862 669 3063 725 detulit
3114 669 3542 741 demonstratis,

1904 759 2285 828 justissimum
2316 760 2479 815 fratri
2510 777 2642 816 meo
2677 763 2934 817 Proterio
2968 763 3351 819 Alexandrina:
3392 766 3547 820 urbis

1912 852 2153 907 antistiti
2178 853 2580 924 impendentes
2599 855 2878 923 favorem,
2910 874 3023 929 quo
3054 858 3196 912 mihi
3226 874 3327 929 per
3349 860 3546 914 omnia

1913 950 2059 1001 esset
2116 948 2423 1019 acceptior.
2484 949 2623 1003 Nam
2673 949 2763 1004 cui
2814 954 3001 1005 vestra
3054 952 3233 1023 pietas
3284 952 3542 1008 testimo-

1912 1040 2072 1094 nium
2114 1040 2421 1112 perhibere
2464 1042 2751 1113 dignatur,
2792 1044 3186 1100 indubitanter
3218 1051 3365 1101 esset
3408 1064 3542 1119 pro-

1913 1134 2152 1204 bandus,
2185 1135 2357 1189 etiam
2404 1136 2449 1189 si
2492 1140 2729 1191 taceret.
2774 1137 2883 1193 Sed
2925 1138 3141 1193 accedit
3184 1139 3256 1193 ad
3302 1140 3543 1210 gratiam

1913 1229 2065 1298 quod
2088 1229 2319 1300 proprio
2347 1246 2580 1301 quoque
2609 1246 2870 1285 sermone
2884 1232 3268 1303 cognoscitur,
3300 1238 3356 1287 et
3374 1251 3543 1305 quam

1915 1322 2167 1376 sincerus
2208 1323 2280 1377 sit
2322 1323 2588 1378 catholici
2646 1324 2933 1396 dogmatis
2989 1326 3331 1397 praedicator
3372 1327 3549 1399 ipsius

1912 1416 2262 1487 professione
2295 1416 2573 1473 clarescit.
2601 1418 2761 1473 Unde
2798 1419 3129 1490 plenissimo
3169 1420 3375 1475 affectu
3406 1422 3545 1477 dile-

1912 1508 2161 1565 ctionem
2187 1510 2492 1566 orthodoxi
2522 1511 2717 1566 fratris
2749 1514 3084 1584 amplector,
3113 1518 3170 1569 et
3195 1516 3308 1570 Deo
3336 1516 3547 1587 gratias

1912 1619 2045 1674 ago,
2093 1604 2246 1674 quod
2291 1609 2487 1660 amoto
2538 1622 2605 1660 eo
2648 1606 2746 1676 qui
2788 1608 3095 1680 Evangelio
3133 1609 3341 1665 Christi
3366 1610 3545 1665 voluit

1911 1697 2226 1764 contraire,
2288 1702 2341 1753 et
2405 1716 2440 1753 a
2499 1704 2825 1754 sanctorum
2889 1703 3120 1757 Patrum
3173 1688 3545 1776 intelligentia

1911 1790 2226 1861 dissentire,
2280 1793 2456 1847 talem
2498 1793 2785 1864 prospexit
2839 1795 3234 1851 Alexandrinas
3284 1799 3542 1853 Ecclesia:

1912 1885 2260 1940 sacerdotem
2310 1887 2410 1958 qui
2460 1886 2911 1957 praecedentibus
2965 1889 3276 1944 rectoribus
3328 1894 3384 1946 et
3435 1892 3544 1946 ﬁde

1911 1978 2279 2034 concordaret
2304 1982 2361 2033 et
2386 1980 2521 2035 vita.
2554 1981 2694 2035 Nam
2716 1998 2846 2037 cum
2872 1984 3141 2056 amplecti
3162 2000 3221 2038 se
3250 1985 3545 2056 epistolam

1912 2088 2098 2127 meam
2128 2090 2303 2145 quam
2333 2074 2404 2128 ad
2441 2074 2622 2128 beatae
2654 2076 2952 2131 memoriae
2983 2078 3315 2134 Flavianum
3342 2085 3543 2135 contra

1913 2167 2186 2221 Eutichen
2238 2167 2484 2239 impium
2525 2168 2656 2223 misi
2695 2173 2816 2225 toto
2847 2171 3018 2227 corde
3045 2172 3363 2243 proﬁtetur,
3407 2174 3543 2246 quid

1913 2261 2064 2315 aliud
2106 2277 2278 2332 quam
2320 2264 2709 2333 apostolorum
2766 2281 2825 2319 se
2881 2265 3225 2337 discipulum
3276 2268 3544 2337 ostendit,

1911 2354 2180 2425 quoniam
2211 2355 2467 2411 doctrina
2488 2356 2741 2412 veritatis
2766 2358 2825 2413 in
2852 2359 3071 2413 lumine
3100 2377 3200 2415 suo
3227 2367 3543 2432 permanet,

1913 2451 1971 2502 et
1993 2466 2106 2503 non
2133 2452 2318 2520 potest
2338 2466 2459 2505 esse
2486 2450 2772 2506 diversum
2792 2453 2946 2524 quod
2966 2470 3147 2508 unum
3169 2458 3253 2509 est
3274 2458 3444 2528 atque
3466 2456 3547 2511 di-

1911 2543 2128 2598 vinum.
2158 2543 2435 2615 Rescripsi
2459 2546 2654 2617 itaque
2681 2546 2954 2618 praedicto
2983 2548 3148 2603 fratri
3172 2549 3324 2620 quod
3351 2550 3542 2615 debui,

1910 2640 2081 2708 atque
2111 2636 2170 2690 in
2197 2642 2391 2692 sancto
2415 2639 2601 2693 studio
2631 2642 2695 2693 ut
2714 2645 3098 2711 perseveraret
3127 2641 3419 2698 admonui.
3440 2644 3546 2709 Qui

1911 2729 2032 2784 sine
2095 2730 2267 2785 dubio
2313 2720 2662 2788 constantior
2709 2734 2847 2800 erit,
2902 2734 2947 2789 si
3002 2735 3174 2790 etiam
3223 2737 3545 2792 clementiae

1912 2827 2110 2879 vestrae
2168 2826 2657 2882 cohortationibus
2714 2828 3032 2899 adjuvetur,
3086 2846 3192 2885 nec
3241 2830 3301 2885 in
3355 2832 3546 2904 aliquo

1913 2936 2046 2973 eum
2092 2923 2305 2975 terreat
2352 2921 2735 2993 quorumdam
2782 2922 3048 2993 imperita
3096 2924 3370 2980 dissensio
3404 2943 3544 2998 quos

1910 3030 2227 3086 paucorum
2275 3015 2679 3071 haereticorum
2723 3014 3188 3088 instigationibus
3221 3019 3543 3092 ignorantia

1911 3108 2045 3163 facit
2092 3108 2383 3163 obnoxios.
2429 3109 2589 3174 Quod
2642 3127 2742 3165 sua
2795 3127 2931 3182 ergo
2978 3112 3276 3184 diligentia
3323 3116 3543 3187 assequi

1911 3208 2206 3273 nequeunt
2248 3206 2567 3274 opportune
2608 3220 2804 3258 eorum
2848 3204 3169 3261 insinuetur
3212 3208 3446 3275 auditui,
3490 3214 3547 3263 et

1912 3312 1983 3349 ne
2038 3300 2390 3350 memoratus
2435 3313 2581 3351 nova
2634 3297 2867 3364 inferre,
2920 3302 2976 3352 et
3020 3301 3250 3371 propria
3283 3301 3545 3356 videatur

1911 3393 2188 3455 astruere,
2216 3389 2630 3444 venerabilium
2664 3392 2899 3445 Patrum
2932 3392 3028 3463 qui
3060 3392 3243 3447 eidem
3281 3395 3541 3448 Ecclesia:

1914 3484 2286 3553 praefuerunt,
2311 3482 2518 3554 scripta
2538 3484 2888 3555 relegantur,
2909 3491 2964 3539 et
2988 3484 3123 3556 quid
3151 3485 3350 3540 beatus
3374 3487 3541 3541 Atha-

1915 3577 2127 3641 nasius,
2159 3576 2296 3647 quid
2322 3576 2703 3649 Theophylus,
2745 3578 2878 3649 quid
2911 3579 3173 3650 Cyrillus,
3204 3579 3341 3651 quid
3369 3581 3539 3635 etiam

1911 3674 2212 3729 orientales
2263 3670 2519 3743 magistri
2572 3672 2642 3726 de
2697 3671 3086 3727 incarnatione
3142 3674 3369 3728 Domini
3421 3692 3544 3730 sen-

1910 3771 2069 3838 tiant,
2100 3771 2526 3840 recognoscant.
2554 3766 2665 3820 Nec
2692 3765 3166 3837 repullulantibus
3192 3767 3545 3838 decipiantur

1912 3864 2219 3929 erroribus,
2249 3861 2346 3934 qui
2373 3860 2509 3917 olim
2534 3858 2839 3931 evangelici
2871 3860 3152 3914 sermonis
3178 3864 3310 3915 sunt
3336 3862 3541 3918 virtute

1910 3958 2200 4029 prostrati.
2228 3955 2509 4021 Quoniam
2527 3971 2725 4009 omnes
2744 3954 2862 4008 fere
2889 3954 3135 4008 haereses
3161 3971 3288 4026 quae
3308 3956 3539 4010 diversis

1911 4051 2268 4124 temporibus
2281 4050 2637 4112 exstiterunt,
2655 4048 2793 4102 dum
2810 4051 3232 4102 sacramentum
3253 4066 3539 4120 corporea?

1910 4145 2219 4200 nativitatis
2266 4147 2323 4198 ct
2386 4142 2665 4214 passionis
2713 4157 2777 4195 ac
2826 4142 3254 4196 resurrectionis
3310 4143 3537 4209 Christi,

1909 4256 2022 4294 non
2053 4237 2381 4308 intelligunt
2421 4235 2492 4290 ab
2523 4234 2829 4305 Evangelio
2862 4233 3109 4289 deviare.
3153 4237 3219 4290 Et
3242 4252 3543 4307 possumus

1911 4334 2102 4387 minus
2146 4333 2405 4386 laborare
2444 4331 2501 4384 in
2542 4329 2823 4384 haereticis
2866 4329 3230 4400 repellendis,
3280 4329 3324 4384 si
3370 4330 3544 4385 rudes

172 4430 229 4479 ut
257 4426 316 4479 in
351 4424 617 4479 notitiam
648 4424 909 4478 omnium
939 4424 1295 4479 sacerdotum
1325 4419 1886 4497 ecclesiarumqueD
1910 4427 2130 4482 animos
2172 4426 2294 4496 ipsa
2346 4441 2463 4479 non
2512 4424 2813 4478 turbarent
2871 4422 3189 4490 mendacia,
3248 4440 3377 4495 quae
3420 4441 3546 4496 per-

172 4517 496 4588 perveniat,
554 4521 753 4571 vestras
804 4517 1125 4572 clementiae
1178 4517 1485 4589 praeceptio
1544 4517 1808 4573 ordinare

171 4611 526 4684 dignabitur,
572 4610 875 4666 affuturam
920 4611 1088 4665 credo
1119 4617 1177 4666 et
1212 4628 1379 4682 spero
1415 4611 1661 4682 gratiam
1690 4612 1807 4677 Dei,

172 4723 299 4777 quae
330 4710 455 4759 tam
480 4709 730 4759 sanctam
773 4705 913 4760 tanti
954 4705 1227 4776 principis
1255 4722 1449 4760 curam
1496 4705 1811 4778 plenissimi

175 4798 452 4854 desiderii
490 4799 577 4853 sui
623 4798 871 4853 fructum
919 4798 1086 4853 faciat
1129 4798 1408 4866 obtinere,
1460 4803 1522 4854 ut
1550 4800 1812 4855 omnibus

176 4892 546 4947 dissentiendi
614 4892 1000 4948 occasionibus
1071 4893 1416 4964 amputatis,
1492 4894 1813 4965 apostolicae

180 4987 392 5057 ubique
438 4987 713 5041 doctrinae
762 4989 818 5040 et
866 5003 976 5058 pax
1031 4992 1254 5059 regnet,
1287 4992 1343 5041 et
1373 4987 1599 5041 veritas.
1634 4988 1811 5042 Fratri

178 5087 369 5135 autem
398 5097 529 5135 meo
556 5081 780 5136 Iuliano
807 5081 1069 5153 episcopo
1098 5079 1319 5137 noverit
1343 5084 1532 5135 vestra
1565 5081 1811 5136 clemen-

180 5174 254 5227 tia
300 5174 410 5229 hoc
456 5191 549 5231 me
594 5174 824 5247 proprie
850 5174 1165 5246 delegasse,
1192 5179 1258 5229 ut
1284 5174 1563 5246 quidquid
1598 5175 1712 5229 illic
1744 5176 1816 5231 ad

179 5267 495 5323 custodiam
540 5268 673 5324 ﬁdei
718 5269 1003 5340 pertinere
1040 5269 1376 5339 probaverit,
1415 5284 1545 5324 meo
1585 5269 1815 5324 nomine

181 5366 385 5415 vestrae
418 5361 754 5418 ﬁducialiter
776 5366 1049 5434 suggerat
1076 5363 1292 5435 pietati,
1326 5363 1602 5434 quoniam
1630 5365 1817 5418 certus

183 5470 312 5508 sum
338 5471 436 5510 vos
459 5455 527 5509 ad
568 5456 689 5511 haec
718 5457 913 5511 omnia
943 5456 1307 5512 emendanda
1336 5456 1424 5510 vel
1457 5455 1820 5511 defendenda

186 5548 305 5601 Deo
330 5549 655 5617 auxiliante,
686 5551 968 5606 sufﬁcere.
998 5551 1135 5605 Data
1176 5549 1512 5605 duodecimo
1542 5550 1819 5606 Kalendas

188 5640 414 5710 Aprilis,
486 5643 748 5715 Opilione
810 5644 931 5700 viro
1003 5643 1314 5699 clarissimo
1372 5645 1639 5709 consule,
1708 5660 1819 5699 mra

189 5756 198 5779 σ
221 5749 425 5790 σῖααχγι.

1910 4520 2050 4576 emit
2093 4519 2418 4590 antiquitas.
2482 4517 2592 4572 Sed
2637 4533 2808 4583 nunc,
2871 4521 2930 4569 ut
2983 4516 3119 4581 dixi,
3166 4516 3254 4571 hic
3299 4516 3543 4571 docendi

1911 4613 2156 4685 optimus
2200 4611 2404 4667 modus
2431 4616 2533 4675 est,
2578 4614 2639 4665 ut
2675 4615 3045 4681 paternorum
3090 4625 3359 4664 sensuum
3394 4610 3544 4665 linea

1911 4705 2307 4763 Alexandrinae
2335 4704 2516 4776 plebis
2544 4706 2603 4756 et
2627 4702 2759 4757 cleri
2788 4702 3021 4756 auribus
3046 4703 3382 4771 innotescat,
3413 4721 3477 4759 ac
3500 4705 3547 4759 si

1913 4801 2011 4872 qui
2049 4803 2181 4853 sunt
2222 4798 2320 4870 qui
2355 4803 2548 4852 nostra
2587 4796 2793 4866 scripta
2832 4794 3162 4866 despiciant,
3205 4796 3315 4851 illis
3344 4782 3545 4854 saltem

1914 4894 2011 4965 qui
2054 4892 2349 4948 nobiscum
2394 4889 2714 4962 apostolicis
2757 4888 3016 4943 sensibus
3058 4896 3403 4961 congruunt,
3459 4909 3547 4947 ac-

1914 4987 2227 5059 quiescant.
2267 4988 2328 5039 In
2359 5002 2472 5057 quo
2501 4999 2673 5055 opere
2702 4984 2946 5037 multum
2981 4985 3403 5041 consacerdotis
3432 4986 3543 5041 mei

1916 5080 2217 5136 devotione
2267 5079 2550 5151 gaudebo,
2597 5080 2656 5133 et
2698 5093 2924 5148 semper
2966 5078 3145 5149 ipsius
3175 5080 3547 5135 unanimitate

1914 5175 2169 5243 laetabor,
2202 5172 2337 5245 quia
2362 5173 2616 5227 fraterna
2645 5188 2753 5243 pax
2787 5171 3014 5227 nonnisi
3038 5188 3155 5227 una
3178 5173 3312 5227 ﬁdei
3336 5173 3549 5227 confes-

1914 5270 2069 5324 sione
2118 5271 2391 5323 servatur.
2457 5267 2598 5332 Quia
2637 5282 2770 5320 vero
2809 5266 3190 5338 quorumdam
3242 5266 3541 5320 haeretico-

1916 5380 2043 5418 rum
2089 5366 2315 5418 versuta
2363 5360 2616 5432 nequitia
2669 5360 2740 5414 ad
2799 5359 3253 5415 conturbandam
3308 5358 3547 5413 aliorum

1916 5456 2338 5529 simplicitatem
2367 5454 2663 5526 epistolam
2689 5470 2875 5509 meam
2902 5469 3077 5525 quam
3105 5451 3176 5506 ad
3208 5451 3392 5505 beatae
3422 5467 3544 5506 me-

1917 5550 2115 5605 moria:
2143 5548 2467 5604 Flavianum
2500 5547 2632 5603 dedi
2655 5547 2881 5603 falsasse
2916 5544 3268 5617 perhibetur,
3299 5548 3361 5599 ut
3386 5561 3545 5601 com-

1919 5642 2152 5698 mutatis
2167 5642 2509 5714 quibusdam
2526 5640 2705 5696 verbis
2720 5640 2806 5693 vel
2820 5638 3068 5709 syllabis,
3084 5624 3439 5709 receptorem
3455 5656 3546 5696 me

1921 5735 2237 5793 Nestoriani
2273 5735 2481 5791 erroris
2527 5749 2861 5799 assererem,
2896 5731 3133 5789 obsecro
3164 5731 3550 5790 venerabilem
