4026 6182
562 174 658 227 811

1467 167 1749 222 ΑΡΡΕΝΙ).
1792 166 1878 219 ΑΙ)
1914 167 2074 220 διέΕίί.
2112 165 2198 219 ιιι.
2232 192 2298 202 —-—
2337 164 2574 239 ISIDORI
2608 163 3031 220 MERCATOBJS
3748 178 3834 233 si:

563 277 929 334 clementiam
961 282 1226 342 vestram,
1258 278 1317 329 ul
1354 274 1621 328 eamdem
1651 273 1945 345 epistolam
1969 290 2070 344 per
2089 272 2197 327 fra-
2218 285 2277 358 Α
2298 271 2403 325 bus
2449 272 2845 327 Alexandrium
2885 270 3173 327 mitteritis
3214 274 3283 329 de
3324 291 3505 329 errore
3539 283 3833 347 removendo,

565 378 712 429 trem
738 389 929 426 meum
955 371 1244 425 Iulianum
1274 368 1621 440 episcopum,
1655 368 1743 422 vel
1777 384 1874 422 eos
1900 384 2040 439 quos
2065 367 2190 421 ido-

566 484 701 522 neos
725 467 797 520 ad
816 483 958 537 Opus
983 465 1164 536 pietas
1190 467 1378 517 vestra
1400 462 1696 533 delegerit,
1724 464 1782 515 in
1804 464 2064 516 Graecum
2085 477 2197 515 ser-

568 577 798 615 monem
831 558 1080 629 jubeatis
1134 557 1356 628 integre
1397 557 1817 627 diligenterque
1864 556 2194 611 translatam

564 672 665 726 per
695 653 965 707 idoneum
992 654 1231 707 latorem
1262 652 1365 705 sub
1388 651 1557 705 vestri
1580 650 1854 721 signaculi
1879 649 2198 721 impressio-

568 768 638 804 ne
678 747 903 813 deferri,
953 745 1294 801 tradendam
1333 744 1623 815 judicibus
1665 744 2068 798 Alexandrinis
2099 744 2194 814 qui

563 859 691 898 eam
719 842 885 907 clero,
915 844 971 894 et
990 839 1140 911 plebi
1160 839 1341 910 ipsius
1363 838 1619 907 civitatis,
1642 855 1773 892 cum
1794 838 2194 909 praedictorum

564 936 961 1008 episcoporum
1004 932 1527 1004 prmdicationibus,
1569 932 1667 1003 qui
1711 938 1766 987 et
1816 949 1948 987 meo
1990 932 2196 1003 scripto

566 1030 927 1085 consentiunt
981 1028 1153 1082 faciat
1204 1026 1445 1095 recitari,
1502 1031 1566 1080 ut
1610 1032 1921 1097 agnoscant
1951 1043 2009 1080 se
2042 1026 2197 1080 falla-

565 1126 717 1179 cium
756 1123 1062 1181 hominum
1086 1121 1284 1176 fraude
1313 1120 1550 1174 ulterius
1578 1136 1694 1174 non
1734 1120 1950 1189 deberi,
1980 1125 2038 1174 et
2061 1136 2192 1190 pro-

564 1220 773 1272 bentur
803 1216 1123 1287 apostolicae
1152 1214 1307 1270 Sedis
1333 1214 1538 1268 sinceri
1580 1231 1699 1268 esse
1728 1213 2006 1285 discipuli,
2046 1213 2196 1284 apud

565 1328 739 1383 quam
797 1328 897 1366 nec
955 1309 1237 1377 Eutiches,
1287 1326 1392 1363 nec
1442 1308 1731 1363 Nestorius
1787 1308 1883 1362 ulli
1938 1307 2197 1362 obtinent

564 1409 773 1474 locum,
802 1405 937 1476 quia
963 1404 1105 1458 sicut
1131 1403 1267 1458 alios
1289 1402 1583 1457 haereticos
1610 1402 1689 1455 ita
1715 1405 1772 1455 et
1800 1401 1934 1456 istos
1956 1402 2197 1457 Ecclesia

566 1499 901 1554 universalis
944 1497 1253 1553 damnavit.
1292 1498 1430 1551 Data
1476 1512 1528 1551 vr
1580 1496 1711 1551 ldus
1752 1496 1949 1561 Martii,
1992 1496 2114 1550 Etio
2144 1501 2198 1549 et

565 1593 761 1648 Sludio
796 1592 928 1646 viris
967 1590 1295 1645 clarissimis
1335 1606 1488 1645 cons.
1522 1606 1634 1644 (era
1677 1606 1797 1644 cccc
1825 1589 2199 1660 nonagesima

566 1686 832 1742 secunda.

916 1768 1107 1843 200
1140 1768 1353 1822 XXXIII.
1378 1799 1443 1807 —
1476 1768 1570 1822 Ad
1589 1767 1847 1822 eumdem.

640 1877 748 1928 Leo
771 1873 1064 1945 episcopus
1088 1872 1369 1926 MARTIANO
1392 1873 1669 1943 Augusto.

641 1967 803 2033 Quod
830 1966 1137 2038 saepissime
1169 1982 1272 2038 per
1298 1966 1476 2020 multa
1496 1965 1615 2036 jam
1645 1964 2038 2035 experimenta
2075 1980 2199 2017 san-

565 2068 718 2117 ctum
750 2061 974 2133 pietatis
1004 2063 1207 2114 vestrm
1227 2060 1479 2114 studium
1510 2058 1654 2113 circa
1685 2058 2026 2129 religionem
2045 2057 2199 2112 Chri-

566 2156 807 2210 stianam
839 2153 1095 2225 gloriosis
1123 2156 1449 2223 perseverat
1469 2156 1527 2207 et
1555 2152 1755 2207 crescit
1782 2150 2122 2223 augmentis,
2143 2154 2199 2204 et

566 2250 690 2303 haec
735 2249 875 2303 fides
921 2252 1120 2301 vestrae
1150 2246 1469 2301 clementia:
1510 2262 1626 2301 non
1654 2246 1835 2300 solum
1867 2261 1980 2314 me,
2013 2244 2111 2298 sed
2142 2247 2198 2297 et

567 2359 767 2397 omnes
793 2341 1017 2396 Domini
1036 2341 1353 2395 sacerdotes
1374 2340 1694 2395 consolatur
1710 2343 1767 2394 et
1788 2340 2037 2407 roborat,
2061 2339 2197 2393 dum

569 2438 628 2491 in
655 2434 1138 2493 Christianissimo
1165 2433 1420 2506 principe
1446 2434 1855 2488 sacerdotalem
1876 2432 2202 2505 experimur

564 2531 852 2586 affectum.
889 2530 1067 2594 Quem
1097 2528 1143 2583 si
1190 2528 1553 2583 orientalium
1586 2528 1838 2599 partium
1879 2527 2200 2581 sacerdotes

563 2624 831 2680 studeant
882 2623 1108 2691 imitari,
1166 2622 1307 2677 nihil
1364 2622 1787 2688 scandalorum,
1836 2638 2022 2693 neque
2065 2638 2196 2692 pax,

563 2735 751 2789 neque
776 2718 920 2773 fides
946 2716 1265 2773 Christiana
1297 2717 1566 2787 patietur.
1596 2715 1757 2771 Unde
1784 2732 1913 2769 cum
1935 2716 2201 2769 Constan-

562 2812 975 2882 tinopolitanus
990 2810 1290 2881 episcopus
1303 2810 1371 2863 ad
1391 2826 1625 2865 omnem
1642 2809 1864 2880 pietatis
1880 2809 2199 2879 profectum

562 2904 834 2976 praesenti
851 2903 1169 2959 clementiae
1189 2905 1389 2957 vestrae
1408 2903 1677 2957 doceatur
1695 2904 1980 2974 exemplo,
2005 2903 2050 2956 si
2071 2902 2201 2956 ﬁde-

566 3000 695 3052 liter
724 2997 922 3052 vestris
949 2996 1271 3068 acquiescat
1300 2996 1639 3063 hortatibus,
1672 2996 1838 3051 habet
1863 2997 1922 3051 in
1956 3013 2048 3050 me
2081 2997 2195 3051 sin—

566 3108 709 3146 cerae
738 3091 933 3163 gratiae
960 3089 1240 3159 animum,
1272 3094 1463 3144 tamen
1490 3094 1554 3144 ut
1577 3090 1729 3161 quod
1756 3091 1942 3145 verbis
1962 3091 2201 3162 spondet

566 3186 739 3241 corde
786 3184 1060 3256 perficiat.
1106 3184 1161 3240 Si
1204 3200 1338 3239 vero
1367 3200 1495 3255 quae
1541 3185 1652 3239 Deo
1680 3190 1737 3240 et
1779 3185 1975 3257 pietati
2004 3188 2201 3240 vestrae

565 3279 865 3350 displicent
891 3278 1168 3350 pertinaci
1198 3278 1512 3343 intentione
1540 3279 1819 3351 delegerit
1845 3280 1996 3333 salva
2034 3295 2199 3333 man-

567 3372 881 3428 suetudinis
895 3376 1097 3427 vestrae
1117 3372 1435 3427 reverentia
1450 3375 1577 3427 utar
1589 3390 1719 3427 cum
1734 3373 2013 3442 omnibus,
2029 3378 2087 3428 et
2096 3390 2201 3445 pro

564 3466 831 3521 omnibus
856 3466 1014 3521 vobis
1032 3483 1260 3538 quoque
1281 3466 1673 3521 adnitentibus
1693 3466 1992 3522 adversum
2012 3483 2203 3538 super-

562 3560 815 3616 bientem
862 3560 1131 3615 liberiore
1175 3560 1487 3615 constantia
1529 3576 1721 3631 quem,
1754 3561 1907 3632 quod
1938 3577 2087 3633 saepe
2114 3561 2199 3615 di-

566 3654 815 3710 cendum
858 3658 961 3723 est,
1016 3655 1244 3709 mallem
1294 3670 1399 3726 pro
1441 3654 1648 3709 sanctis
1686 3654 1901 3709 actibus
1948 3655 2203 3709 fraterna

567 3748 846 3804 eharitate
874 3748 1192 3820 complecti,
1228 3748 1638 3821 gloriosissime
1680 3748 2007 3820 imperator.
2063 3749 2203 3813 Quia

569 3858 702 3898 vero
735 3842 1134 3915 suggestiones
1166 3858 1319 3897 meas
1340 3860 1443 3914 pro
1473 3842 1881 3913 tranquillitate
1909 3843 2201 3897 catholicae

566 3936 698 3991 ﬁdei
726 3936 973 3991 libenter
999 3937 1312 4008 accepistis,
1343 3937 1725 4009 signiﬁcatum
1758 3936 1900 3990 mihi
1935 3936 2121 3991 fratris
2147 3941 2205 3991 et

566 4031 883 4103 coepiscopi
914 4031 1030 4085 mei
1054 4031 1257 4085 Juliani
1284 4047 1610 4086 sermonem
1651 4029 1994 4101 cognoscite,
2043 4030 2199 4085 Euti-

565 4125 710 4179 chen
739 4124 983 4195 impium
1012 4141 1115 4195 pro
1144 4125 1259 4179 suis
1284 4125 1517 4195 quidem
1552 4124 1771 4179 meritis
1798 4123 2071 4190 exsulare,
2104 4123 2202 4179 sed

569 4220 627 4274 in
657 4219 778 4289 ipso
804 4234 919 4272 suae
954 4218 1339 4272 damnationis
1371 4219 1498 4273 loco
1541 4219 1723 4272 multa
1763 4218 2027 4273 adversus
2054 4216 2199 4272 inte-

574 4311 842 4384 gritatem
868 4312 1203 4366 catholicam
1225 4311 1709 4383 blasphemiarum
1740 4310 2094 4383 desperatius
2114 4326 2205 4365 ve-

2219 3041 2275 3115 C

2297 382 2468 437 quem
2498 370 2704 420 sanctm
2730 366 3023 420 memorim
3042 366 3339 439 Theophili
3360 368 3654 426 constitutio
3669 372 3838 433 videtur

2295 459 2524 527 inferre,
2554 460 2622 514 de
2653 476 2765 531 qua
2784 477 2846 514 re
2875 459 3018 514 sicut
3039 460 3284 515 scribere
3306 461 3607 533 dignamini
3629 466 3838 538 quidquid

2297 554 2369 607 ad
2399 554 2627 625 pietatis
2655 557 2853 608 vestrae
2886 554 3149 608 notitiam
3179 556 3459 626 perlatum
3490 556 3662 620 fuerit,
3689 560 3839 630 jubere

2297 664 2391 701 me
2419 664 2605 718 nosse,
2638 652 2698 702 ut
2719 648 2789 703 de
2815 648 3176 702 observantia
3202 665 3372 720 quam
3397 666 3506 703 non
3529 651 3642 705 licet
3662 669 3757 707 esse
3778 654 3837 709 di-

2296 756 2538 810 versam,
2572 741 2711 812 quid
2738 742 3097 813 potissimum
3122 742 3191 796 sit
3208 744 3513 797 tenendum
3530 744 3739 801 Ecclesia
3753 749 3840 802 ιιιιί-

2295 834 2527 888 versalis
2540 839 2830 906 agnoscat.
2848 837 3051 890 Precor
3068 838 3262 891 autem
3286 837 3443 907 quod
3458 845 3638 893 vestrae
3649 840 3752 893 novi
3767 842 3841 895 cle-

2297 929 2530 983 mentiae
2565 929 2894 997 convenire,
2926 934 2987 983 ut
3022 947 3118 985 eos
3153 930 3404 985 maxime
3426 932 3676 988 tueamini
3700 942 3839 989 contra

2298 1039 2494 1077 omnes
2525 1023 2760 1078 insidias
2802 1040 2942 1095 quos
2984 1024 3124 1078 mihi
3179 1028 3235 1079 et
3275 1030 3471 1080 vestrae
3502 1027 3840 1082 mansuetudini

2298 1121 2532 1187 propter
2560 1134 2821 1172 amorem
2843 1118 2936 1172 Dei
2968 1118 3190 1189 placere
3212 1118 3562 1189 cognoscitis,
3583 1125 3638 1173 ut
3650 1137 3727 1173 eos
3742 1122 3842 1176 Con-

2298 1211 2840 1282 stantinopolitanus
2866 1211 3162 1283 epiSCOpus
3188 1212 3431 1266 laedendi
3471 1229 3577 1267 non
3610 1213 3842 1268 habentia

2298 1305 2591 1360 cultatem.
2622 1306 2757 1359 Data
2777 1322 2885 1361 xvn
2906 1306 3140 1361 Kalend.
3160 1305 3305 1375 Maii,
3335 1305 3456 1360 Etio
3477 1309 3530 1361 et
3549 1307 3737 1373 Studio,
3752 1308 3840 1361 viris

2297 1398 2654 1453 clarisssimis
2683 1400 3030 1467 consulibus,
3060 1417 3177 1455 mra
3204 1417 3319 1471 qua
3347 1416 3532 1471 supra.

2444 1494 2653 1546 XXXIV.
2679 1525 2744 1531 —
2762 1494 2854 1549 Ad
2880 1495 3161 1549 Iulianum
3189 1497 3494 1565 episcopum
3520 1497 3745 1553 Oeensem.

2372 1588 2477 1640 Leo
2504 1587 2728 1641 JL‘LIANO
2762 1586 3028 1658 episcopo
3053 1587 3254 1642 Coensi
3283 1587 3354 1642 de
3374 1587 3497 1642 Etio
3525 1591 3577 1642 et
3603 1589 3796 1643 Andrea.

2218 1666 2275 1739 Β
2372 1680 2591 1751 Agnovi
2626 1680 2685 1734 in
2728 1680 3046 1735 dilectionis
3083 1684 3196 1736 tuae
3226 1681 3430 1736 litteris
3453 1681 3694 1736 fraternae
3713 1682 3842 1736 chari-

2297 1774 2430 1828 tatis
2473 1774 2737 1829 affectum
2783 1775 2937 1847 quod
2986 1775 3054 1830 de
3096 1775 3293 1830 multis
3329 1775 3494 1829 malis
3520 1792 3636 1846 quae
3660 1776 3842 1830 multaet

2298 1884 2446 1922 saeva
2484 1869 2842 1939 pertulimus,
2871 1869 2964 1940 pio
2990 1868 3288 1924 nobiscum
3315 1869 3508 1925 dolore
3546 1870 3840 1941 compatieris.

2298 1961 2410 2017 Sed
2430 1961 2551 2017 haec
2578 1980 2705 2034 quae
2734 1963 2959 2034 perpeti
2989 1980 3090 2017 nos
3121 1962 3396 2018 Dominus
3420 1966 3514 2017 aut
3531 1963 3765 2034 permisit,
3783 1968 3843 2017 aut

2298 2056 2477 2110 voluit
2517 2056 2588 2110 ad
2630 2057 3043 2112 correctionem
3086 2056 3391 2128 proﬁciant
3421 2057 3721 2124 multorum,
3748 2059 3843 2109 etut

2300 2152 2562 2209 desinant
2637 2150 3033 2218 adversitates,
3111 2150 3386 2205 ﬁniantur
3445 2151 3674 2206 offensae.
3737 2148 3845 2212 Quod

2298 2253 2608 2317 utrumque
2625 2245 2696 2299 de
2718 2261 2928 2317 magna
2947 2246 3055 2299 erit
3069 2244 3464 2300 misericordia
3477 2244 3586 2312 Dei,
3604 2245 3644 2299 si
3655 2247 3703 2299 et
3714 2243 3847 2314 flagel—

2300 2343 2353 2395 la
2380 2342 2690 2404 removeat,
2726 2342 2783 2392 et
2810 2338 2881 2392 ad
2903 2354 2961 2393 se
2988 2355 3223 2393 suorum
3250 2339 3425 2393 corda
3453 2341 3724 2394 convertat.
3743 2337 3845 2393 Sicut

2302 2439 2492 2490 autem
2513 2431 2931 2488 fraternitatem
2951 2448 3015 2487 ea
3028 2449 3154 2504 quae
3177 2434 3334 2505 apud
3353 2450 3456 2488 nos
3474 2432 3592 2502 fuit,
3613 2431 3847 2487 constrista-

2300 2528 2378 2583 vit
2402 2527 2706 2593 hostilitas,
2737 2526 2817 2580 ita
2843 2543 2936 2581 me
2969 2526 3204 2581 anxium
3235 2526 3372 2582 facit
3401 2526 3623 2598 quodin
3643 2528 3844 2582 Constan-

2300 2621 2677 2693 tinopolitana
2705 2620 2964 2687 Ecclesia,
2997 2624 3283 2692 quantum
3312 2626 3429 2676 tum
3448 2620 3677 2675 indicant
3690 2618 3847 2682 littera,

2300 2716 2703 2771 haereticorum
2717 2713 2938 2768 insidiae
2964 2731 3083 2769 non
3099 2714 3421 2785 quiescunt,
3445 2719 3500 2769 et
3519 2714 3736 2786 quaesitis
3748 2727 3850 2765 occa-

2302 2810 2556 2865 sionibus
2603 2808 2663 2863 hi
2706 2807 2804 2879 qui
2861 2808 3157 2863 catholicas
3212 2808 3352 2863 fidei
3403 2807 3701 2863 defensores
3740 2807 3848 2861 fuere

2301 2909 2599 2959 vexantur.
2628 2903 2767 2957 Nam
2793 2902 2931 2956 dum
2962 2901 3119 2957 Etius
3150 2901 3223 2956 ab
3255 2902 3443 2957 ofﬁcio
3462 2901 3850 2957 archidiaconatus

2301 3015 2403 3070 per
2423 2996 2668 3069 speciem
2695 2995 3069 3067 provectionis
3096 2999 3416 3065 amovetur,
3446 2999 3501 3051 et
3524 2995 3755 3051 in'locum
3770 2993 3850 3062 ejus

2302 3092 2550 3148 Andreas
2587 3090 2688 3161 qui
2729 3090 2801 3144 ob
2833 3089 3236 3145 haereticorum
3260 3089 3591 3160 {societatem
3612 3089 3763 3143 fuerat
3782 3084 3847 3138 ah-

2294 3187 2481 3258 jectus
2506 3183 2832 3251 assumitur,
2862 3183 3002 3238 dum
3028 3183 3211 3239 beatas
3240 3184 3537 3240 memoria:
3562 3180 3767 3239 Flaviani
3787 3196 3847 3232 ac-

2303 3278 2654 3335 cusatoribus
2676 3277 2864 3333 honor
2893 3277 3172 3347 redditur,
3215 3282 3276 3333 et
3317 3278 3553 3351 piissimi
3592 3272 3850 3332 confessoris

2302 3373 2621 3446 participes,
2651 3375 2752 3426 aut
2787 3371 3050 3443 discipuli
3090 3376 3489 3440 conteruntur,
3532 3371 3679 3427 nimis
3713 3370 3849 3440 aperte

2303 3468 2400 3540 qui
2413 3466 2633 3523 Christo
2656 3466 2919 3521 Ecclesiae
2939 3465 3115 3537 ipsius
3135 3466 3383 3537 placeat,
3413 3460 3845 3521 demonstratum

2305 3577 2476 3633 quem
2501 3577 2605 3632 pro
2627 3576 2809 3616 causae
2834 3560 3042 3615 merito
3073 3559 3278 3615 differo
3307 3559 3655 3616 commoveri.
3682 3558 3738 3611 Et
3755 3550 3847 3626 quid

2304 3656 2424 3727 ipse
2452 3670 2680 3709 mecum
2708 3652 3095 3724 suisZepistolis
3117 3658 3274 3725 agat,
3302 3671 3446 3727 quas
3472 3654 3741 3709 missurum
3760 3660 3847 3702 eum

2305 3748 2450 3804 ﬁlius
2490 3750 2685 3803 noster
2726 3747 2880 3804 Etius
2917 3747 3207 3817 indicavit,
3251 3754 3535 3821 exspecto,
3575 3748 3697 3802 dans
3718 3744 3848 3798 locum

2304 3842 2634 3897 voluntarias
2667 3841 3076 3910 emendationi,
3122 3858 3240 3914 qua
3266 3843 3519 3898 dolorem
3546 3856 3713 3896 meum
3735 3834 3847 3906 cupio

2304 3935 2574 4007 mitigari.
2605 3934 3055 3991 Clementissimo
3086 3939 3280 3991 tamen
3309 3936 3549 4009 principi
3580 3939 3631 3990 et
3654 3930 3847 4005 piissime

2302 4032 2574 4103 Augustae
2603 4028 2673 4084 de
2700 4029 2787 4083 his
2815 4046 2945 4102 quae
2974 4030 3045 4084 ad
3076 4029 3395 4085 custodiam
3420 4029 3566 4101 pacis
3593 4019 3847 4084 ecclesiasti-

2303 4141 2380 4178 cae
2405 4123 2711 4194 pertinent,
2741 4123 2956 4194 scripsi,
2989 4140 3136 4195 quos
3165 4123 3468 4179 devotione
3497 4140 3603 4179 suae
3639 4119 3744 4176 ﬁdei
3763 4131 3848 4187 pro-

2302 4217 2521 4273 visuros
2559 4233 2678 4272 esse
2722 4233 2837 4272 non
2872 4217 3094 4287 dubito,
3144 4233 3215 4272 ne
3253 4221 3455 4274 contra
3485 4216 3701 4291 gloriam
3721 4207 3848 4282 operi5

2305 4312 2561 4383 ipsorum
2602 4311 2872 4366 damnata
2907 4311 3137 4366 haeresis
3177 4317 3352 4383 queat
3378 4312 3657 4383 pullulare.
3685 4303 3847 4363 Studeat

572 4422 721 4460 uena
744 4405 1108 4476 profundere,
1138 4408 1194 4460 et
1223 4405 1375 4476 quod
1402 4405 1458 4458 in
1492 4405 1588 4459 illo
1608 4408 1763 4459 totus
1795 4404 2042 4459 mundus
2070 4406 2202 4459 hor-
2223 4414 2283 4488 D
2307 4423 2444 4478 ergo
2481 4405 2701 4461 dilectio
2738 4410 2856 4473 tua,
2890 4405 3066 4460 frater
3091 4406 3445 4473 charissima,
3476 4406 3615 4478 piam
3643 4406 3691 4457 et
3710 4409 3846 4453 neces-

567 4499 700 4568 ruit,
723 4504 894 4571 atque
917 4498 1207 4554 damnavit
1224 4499 1580 4571 impudentia
1596 4499 1836 4570 majore,
1862 4503 1924 4553 ut
1940 4498 2206 4554 innocen-

566 4600 651 4648 tcs
682 4594 942 4665 decipere
975 4593 1169 4665 possit,
1197 4610 1481 4648 evomere.
1506 4594 1739 4648 Plenum
1764 4593 1950 4665 itaque
1970 4593 2205 4648 rationis

570 4689 812 4756 aestimo,
854 4693 919 4743 ut
960 4693 1147 4743 vestra
1186 4687 1492 4742 clementia
1535 4688 1605 4742 ad
1635 4687 2039 4759 longinquiora
2071 4704 2202 4743 eum

560 4782 778 4851 jubeat,
805 4787 861 4836 et
886 4782 1194 4836 secretiora
1215 4782 1536 4836 transferri.
1566 4782 1899 4836 Monasterio
1929 4797 2057 4835 vero
2085 4782 2205 4854 ejus

565 4876 1062 4947 Constantinopoli
1090 4876 1395 4930 constituto
1426 4876 1485 4930 in
1514 4893 1627 4947 quo
1656 4875 2003 4930 habitatores
2030 4875 2205 4946 ipsius

566 4970 836 5024 monachi
868 4970 1195 5041 evangelica
1223 4969 1646 5042 apostolicaque
1672 4969 1923 5024 doctrina
1952 4969 2205 5024 crebrius

565 5068 719 5131 sunt,
763 5067 819 5118 et
864 5064 1086 5135 plenius
1140 5064 1463 5131 roborandi,
1494 5064 1815 5129 salubriter,
1843 5068 1909 5119 ut
1935 5064 2201 5134 arbitror,

568 5159 683 5226 tict,
729 5157 776 5212 si
813 5157 860 5212 is
899 5158 997 5229 qui
1034 5158 1144 5229 ipsi
1175 5158 1520 5213 monasterio
1548 5158 1886 5229 praepositus
1917 5175 2037 5212 esse
2063 5158 2200 5213 dici—

566 5256 679 5318 tur,
724 5268 757 5305 a
796 5251 1061 5307 societate
1102 5252 1453 5307 veneratoris
1496 5252 1665 5308 vestri
1700 5252 1903 5307 Juliani
1955 5252 2203 5324 episcopi

566 5363 741 5417 quem
766 5346 827 5401 in
860 5346 1105 5418 speculis
1135 5351 1369 5418 propter
1398 5346 1567 5403 ﬁdem
1604 5347 1718 5402 illic
1756 5363 1875 5400 esse
1913 5346 2201 5413 constitui,

568 5457 684 5495 non
712 5441 957 5508 recedat,
982 5440 1144 5512 cujus
1172 5441 1393 5496 assidua
1424 5441 1743 5496 visitatione
1775 5440 2066 5511 profectus
2092 5457 2206 5494 ser-

564 5550 765 5590 vorum
796 5535 897 5590 Dei
926 5535 1039 5590 illic
1081 5534 1469 5591 habitantium
1496 5536 1672 5608 possit
1708 5534 1927 5606 augeri.
1981 5533 2206 5589 Petitio-

564 5644 697 5682 nem
727 5633 919 5684 autem
948 5628 1017 5684 de
1056 5628 1356 5685 festivitate
1398 5628 1649 5684 Paschali
1677 5628 1918 5699 gaudeo,
1951 5628 2024 5683 ita
2046 5644 2078 5683 a
2105 5644 2201 5681 ve-

564 5726 675 5773 stra
695 5721 899 5790 pietate
922 5726 1266 5794 susceptam,
1297 5727 1359 5777 ut
1381 5722 1679 5777 confestim
1702 5726 1998 5791 urgentem
2030 5722 2087 5776 in
2112 5738 2199 5777 rc-

2307 4500 2514 4555 sariam
2548 4516 2744 4554 curam
2782 4499 3144 4554 sollicitudini
3174 4501 3492 4571 apostolica:
3525 4497 3668 4556 Sedis
3688 4494 3844 4563 impen-

2306 4594 2460 4660 dere,
2500 4610 2629 4664 quae
2674 4592 2777 4647 tibi
2828 4592 2981 4663 apud
3029 4608 3086 4647 se
3127 4594 3345 4649 nutrito
3375 4592 3686 4648 catholicam
3709 4586 3845 4641 contra

2308 4686 2669 4741 Nestorianos
2697 4688 2755 4739 et
2781 4685 3145 4740 Eutichianos
3181 4686 3479 4742 haereticos
3498 4684 3740 4740 actionem
3765 4690 3844 4730 ma-

2308 4783 2469 4834 terno
2485 4780 2617 4850 jure
2648 4780 3033 4847 commendat,
3065 4786 3127 4835 ut
3146 4780 3339 4835 divino
3361 4781 3531 4835 fultus
3552 4774 3747 4839 auxilio,
3769 4780 3846 4839 ερε·

2306 4874 2487 4928 culari
2503 4873 2573 4928 de
2596 4874 3245 4946 Constantinopolitanae
3262 4875 3419 4930 urbis
3439 4863 3846 4946 opportunitatem

2305 4985 2421 5023 non
2453 4968 2698 5037 desinas,
2738 4967 3143 5038 praedictorum
3182 4968 3517 5040 dogmatum
3548 4962 3729 5037 impius
3744 4970 3845 5011 nun-

2306 5079 2475 5134 quam
2505 5062 2673 5117 turbo
2699 5065 3019 5133 consurgat.
3042 5064 3109 5117 Et
3128 5062 3264 5134 quia
3284 5066 3441 5117 tanta
3458 5064 3539 5116 est
3554 5056 3845 5131 glorioson

2308 5156 2631 5228 principum
2668 5156 2988 5223 clementia,
3021 5159 3082 5211 ut
3108 5156 3458 5211 conﬁdenter
3485 5155 3561 5209 eis
3586 5148 3734 5225 possis
3759 5154 3845 5215 (1⁸³³

2306 5256 2437 5306 sunt
2460 5250 2809 5305 insinuanda
2835 5265 3163 5321 suggerere,
3186 5251 3397 5322 pietate
3414 5250 3650 5321 ipsorum
3670 5240 3731 5297 ad
3747 5232 3845 5291 utili-

2304 5348 2481 5399 tatem
2507 5344 2769 5399 Ecclesiae
2796 5343 3130 5398 universalis
3156 5344 3356 5399 utaris.
3383 5341 3689 5399 Consulente
3707 5335 3842 5388 autem

2306 5440 2601 5496 dilectione
2626 5446 2724 5495 tua
2765 5440 2834 5495 de
2880 5439 2967 5494 his
3006 5439 3064 5495 in
3093 5439 3298 5512 quibus
3330 5436 3598 5512 putaveris
3618 5429 3839 5498 ambige“

2305 5534 2461 5602 dum,
2491 5550 2610 5590 non
2638 5534 2822 5589 deerit
2844 5534 3215 5589 relationibus
3242 5533 3352 5588 tuis
3379 5548 3520 5587 meae
3542 5514 3841 5599 responsiollis

2303 5626 2616 5695 instructio,
2645 5630 2709 5682 ut
2739 5631 3090 5701 sequestrata
3121 5644 3313 5683 earum
3333 5627 3562 5691 actione,
3589 5623 3839 5682 οδιιεωίῑυθ

2257 5725 2267 5731 ”
2306 5722 2361 5775 in
2390 5722 2818 5796 quibuscunque
2847 5722 3094 5777 ecclesiis
3116 5721 3417 5795 prarsulmn
3451 5730 3658 5775 suorum
3686 5702 3835 5765 debet!l
