4026 6182
172 133 295 186 813
1436 132 1909 191 DEGRETALIUM
1945 136 2337 193 COLLECTIO.
2506 148 2511 153 ‘
3453 139 3556 194 8H

172 239 523 312 cognitione
548 238 784 307 ﬁrmari,
809 240 914 296 hac
947 240 1170 311 speciali
1205 258 1341 296 cura
1366 241 1485 297 vice
1508 258 1636 299 mea
1658 243 1821 300 func-
1844 254 1903 330 Α
1923 244 2173 301 codicem
2198 245 2465 301 universa
2489 245 2659 302 facias
2684 246 3027 319 congregari
3051 246 3111 302 in
3140 245 3403 302 Latinum
3432 261 3553 303 ser-

170 340 277 388 tus
314 334 509 400 utaris,
539 351 613 390 ne
655 334 888 390 haresis
924 335 1260 391 Nestoriana
1286 336 1372 391 vel
1403 337 1731 393 Eutichiana
1762 339 1823 394 in
1922 355 2156 394 monem
2198 339 2618 395 absolutissima
2657 339 3131 412 interpretatione
3162 341 3458 409 translata,
3492 345 3556 396 ut

173 429 386 500 aliqua
410 433 571 501 parte
602 430 922 498 revirescet,
945 430 1083 501 quia
1110 430 1172 484 in
1203 430 1470 503 episcOpo
1505 433 1823 489 Constanti-
1921 432 1982 487 in
2027 433 2179 487 nulla
2208 436 2372 504 parte
2415 433 2710 489 actionum
2738 433 2999 490 dubitare
3027 434 3332 506 possimus,
3364 451 3554 506 neque

175 523 523 593 impolitano
539 523 848 578 catholicus
868 523 1034 595 vigor
1056 540 1170 578 non
1193 528 1295 590 est,
1321 542 1423 579 nec
1451 526 1698 603 multum
1724 531 1823 581 aut
1923 526 2038 582 ullo
2066 527 2240 583 modo
2271 544 2392 582 esse
2421 528 2596 599 possit
2633 528 2967 601 ambiguum
3012 529 3163 601 quod
3203 529 3274 583 ad
3322 529 3553 600 plenam

172 634 291 688 pro
317 624 674 672 sacramento
693 618 892 673 salutis
912 619 1202 686 humana,
1225 624 1323 674 aut
1339 635 1440 690 pro
1461 636 1560 675 sua
1575 625 1659 676 est
1678 621 1823 675 asti-
1920 621 2357 692 intelligentiam
2398 626 2454 677 te
2498 622 2667 677 fuerit
2709 622 2973 678 studente
3017 622 3379 694 perductum.
3412 624 3553 678 Data

175 712 444 766 matioue
470 712 758 767 sollicitus.
788 712 928 767 Cum
958 712 1003 766 si
1044 712 1182 784 quid
1209 712 1289 768 illi
1323 712 1532 768 inesset
1561 714 1821 786 spiritua-
1920 732 1954 767 v
1980 715 2110 771 ldus
2140 715 2341 783 Martii,
2369 715 2626 787 Opilione
2652 716 2773 771 viro
2798 716 3111 771 clarissimo
3138 717 3392 771 consule.

175 808 247 862 lis
282 807 608 876 industria,
650 807 730 862 ita
770 812 826 861 et
865 824 899 861 a
945 806 1151 878 quibus
1191 806 1490 863 ordinatus
1516 809 1607 876 sit,
1639 813 1696 863 et
1729 810 1819 864 cui
2257 810 2449 865 XXXV.
2478 841 2545 849 —
2579 810 2669 866 Ad
2705 812 3041 866 Martianum
3077 812 3223 881 Aug.

174 903 307 957 viro
342 902 690 968 successerit,
722 901 969 972 cogitare
1000 901 1254 971 deberet,
1284 907 1346 957 ut
1381 902 1560 974 magis
1589 902 1819 958 beatum
1992 906 2103 959 Leo
2130 905 2415 960 MARTIANO
2441 906 2698 977 Augusto
2726 904 2794 960 de
2820 904 2947 959 Etio
2975 909 3029 959 et
3056 904 3297 960 Andrea.

174 997 523 1052 Flavianum
562 1012 735 1068 quam
777 996 866 1051 sui
903 995 1135 1051 honoris
1171 1001 1511 1068 sequeretur
1534 1001 1816 1052 auctores.
1990 1000 2169 1064 Quam
2189 999 2483 1054 excellenti
2505 1000 2717 1070 pietate
2742 1001 2800 1054 et
2823 1014 2995 1069 quam
3025 999 3272 1070 glorioso
3296 1000 3548 1055 clemen-

174 1094 243 1146 Et
298 1092 435 1146 ideo
477 1108 609 1146 cum
648 1090 886 1162 piissimi
913 1090 1200 1162 principes
1223 1090 1539 1146 secundum
1566 1091 1819 1146 obsecra-

171 1187 367 1241 tiones
401 1203 561 1241 meas
598 1186 816 1257 dignati
845 1185 1077 1240 fuerunt
1114 1185 1348 1240 fratrem
1395 1186 1723 1241 Anatolium
1751 1185 1819 1241 de

169 1281 264 1336 his
296 1297 434 1353 qua
464 1280 673 1335 merito
702 1279 762 1334 in
787 1280 1083 1351 querelam
1129 1278 1365 1334 veniunt
1400 1279 1712 1351 increpare,
1746 1279 1820 1335 vi-

175 1381 311 1446 geat
336 1375 584 1430 charitas
612 1380 710 1429 tua
727 1374 1020 1446 diligentia
1040 1390 1160 1441 sua,
1182 1378 1248 1428 ut
1264 1374 1531 1429 universa
1556 1374 1820 1429 scandala

173 1469 444 1524 adhibita
466 1468 798 1540 plenissima
835 1467 1189 1524 correctione
1228 1473 1615 1536 recensentur,
1633 1473 1689 1523 et
1705 1485 1738 1522 a
1759 1468 1818 1523 ﬁo

1919 1094 2013 1149 tia
2036 1097 2238 1148 vestrae
2259 1092 2447 1148 studio
2470 1092 2529 1147 in
2548 1092 2840 1164 integrum
2859 1108 3050 1165 nuper
3073 1092 3211 1148 ﬁdes
3236 1093 3554 1149 Christiana

1921 1192 2187 1243 revocata
2213 1187 2305 1257 sit,
2343 1190 2499 1242 totus
2536 1187 2786 1242 mundus
2829 1188 3106 1259 agnoscit,
3134 1191 3192 1243 et
3235 1187 3398 1243 saluti
3436 1204 3551 1243 sua

1919 1282 2210 1350 singulare
2239 1280 2567 1352 prasidium
2598 1297 2699 1352 per
2724 1297 2823 1336 vos
2852 1298 2886 1335 a
2911 1281 3153 1337 Domino
3180 1298 3302 1336 esse
3328 1298 3555 1354 repara-

1918 1380 2066 1430 tum.
2088 1378 2167 1430 Ac
2188 1375 2233 1430 si
2255 1375 2392 1447 quid
2413 1374 2713 1431 adversum
2737 1376 2879 1430 tanti
2902 1376 3089 1447 aperis
3114 1375 3556 1432 consummatio-

1921 1487 2055 1525 nem
2075 1470 2145 1525 de
2167 1468 2451 1525 contrario
2473 1469 2674 1541 spiritu
2694 1469 2939 1525 sentitur
2959 1470 3189 1542 oboriri,
3214 1486 3443 1526 necesse
3470 1475 3557 1527 est

177 1563 445 1619 lii'nostri
477 1580 543 1618 ac
566 1566 666 1617 tua
693 1566 874 1617 cesset
904 1562 1134 1633 injuria.
1162 1563 1298 1617 Nam
1318 1562 1467 1633 apud
1481 1562 1819 1617 catholicum
1842 1632 1881 1635 _
1924 1568 1986 1619 ut
2005 1564 2076 1619 ad
2093 1567 2291 1619 vestra
2312 1566 2613 1618 revocetur
2633 1562 2864 1634 pietatis
2879 1564 3174 1631 auxilium,
3190 1564 3342 1635 quod
3363 1564 3438 1619 ad
3456 1581 3553 1620 cu-

176 1658 541 1730 episcopum,
566 1657 735 1712 etiam
757 1657 803 1711 si
828 1661 949 1712 erat
968 1662 1256 1728 utcunque
1277 1632 1451 1711 decus
1476 1656 1824 1713 sacerdotale
1841 1632 1901 1705 B
1925 1657 2173 1713 stodiam
2190 1657 2487 1712 catholica
2507 1632 2760 1711 veritatis
2772 1657 2963 1712 divina
2976 1632 3331 1729 providentia
3344 1675 3559 1731 prapa-

175 1752 465 1807 sacerdoti
504 1751 936 1806 archidiaconus
979 1756 1218 1823 propter
1254 1750 1386 1806 ﬁdei
1415 1750 1821 1818 reverentiam,

180 1846 389 1901 debuit
404 1845 676 1918 pramitti
692 1845 885 1917 potius
905 1862 1078 1917 quam
1103 1846 1292 1900 locum
1318 1845 1579 1900 catholici
1600 1845 1827 1916 nequis-

179 1941 367 1995 simus
399 1940 702 1995 hareticus
733 1940 1036 1995 obtineret.
1063 1941 1206 1995 Cum
1226 1940 1420 2011 itaque
1440 1956 1567 2011 qua
1582 1955 1826 2011 sequan-

1925 1752 2086 1819 ravit,
2120 1755 2184 1805 ut
2219 1767 2351 1805 cum
2395 1750 2622 1823 pietatis
2655 1754 2854 1806 vestra
2888 1751 2959 1806 sit
2997 1752 3269 1807 scandala
3294 1753 3467 1808 etiam
3500 1753 3558 1809 in

1925 1846 2311 1918 longinquum
2330 1851 2464 1900 nata
2485 1861 2759 1915 resecare,
2778 1846 2960 1901 multo
2992 1846 3178 1918 magis
3204 1864 3270 1903 ea
3292 1864 3425 1919 qua
3453 1847 3557 1903 sub

1924 1940 2124 1995 vestris
2160 1939 2371 1994 audent
2398 1939 2571 1995 oculis
2598 1956 2831 2011 surgere
2857 1956 2975 1995 non
3002 1939 3195 1995 sinatis
3218 1957 3558 1999 accrescere.

177 2040 276 2090 tur
314 2051 633 2107 agnovero,
664 2039 801 2088 tunc
840 2033 1195 2088 manifestius
1241 2033 1376 2105 quid
1419 2034 1513 2105 agi
1561 2036 1828 2104 oporteat
1924 2032 2171 2089 Anatolii
2220 2033 2473 2106 episcopi
2520 2033 2961 2101 ordinationem,
3005 2034 3151 2089 sicut
3188 2033 3425 2090 scientia
3458 2036 3555 2090 Dei

178 2129 508 2184 astimabo.
551 2130 693 2183 Nam
737 2128 966 2183 interim
996 2128 1188 2182 dolore
1215 2127 1484 2197 cohibito,
1518 2127 1716 2181 malim
1742 2126 1825 2181 in-

177 2224 429 2294 dulgere
458 2223 767 2295 patientia,
797 2226 860 2277 ut
898 2224 1055 2278 locus
1084 2227 1230 2277 esset
1254 2222 1455 2291 venia,
1487 2221 1554 2277 de
1580 2222 1827 2276 Palaesti-

177 2318 266 2372 nis
286 2334 431 2373 vero
455 2317 753 2373 monachis
768 2319 866 2388 qui
879 2316 1227 2389 jampridem
1250 2317 1310 2370 in
1340 2316 1591 2369 tumultu
1617 2314 1826 2370 dissen-

179 2412 362 2468 sionis
407 2428 527 2467 esse
566 2412 851 2477 dicuntur,
887 2428 1000 2483 quo
1028 2411 1215 2465 adhuc
1243 2409 1436 2464 animo
1461 2413 1821 2479 moveantur,

1924 2127 2084 2183 testis
2116 2133 2218 2195 est,
2250 2132 2571 2199 suspectam
2600 2127 2757 2200 quod
2782 2128 3109 2184 faciendum
3137 2134 3220 2184 est
3243 2129 3388 2185 mihi
3413 2129 3559 2185 fece-

1926 2225 2054 2277 rant
2079 2221 2513 2278 consecrationis
2540 2222 2662 2293 ejus
2686 2226 2966 2293 auctores,
2991 2239 3098 2277 nec
3123 2221 3456 2280 dissimilem
3486 2224 3557 2280 ab

1926 2316 2281 2388 elegeutibus
2312 2315 2632 2371 arbitrabar
2669 2316 2932 2384 electum,
2964 2321 3335 2389 secutumque
3364 2323 3467 2389 est,
3496 2325 3561 2375 ut

1925 2410 2063 2465 dum
2103 2408 2506 2464 communione
2552 2409 2881 2482 apostolica
2916 2410 3077 2465 Sedis
3119 2411 3390 2467 existeret
3416 2412 3555 2468 alie-

178 2508 414 2577 ignoro.
438 2506 631 2577 Neque
648 2506 987 2576 cujusquam
1006 2520 1274 2560 sermone
1304 2503 1448 2558 mihi
1479 2503 1822 2575 patefactum
1924 2520 2052 2570 nus,
2082 2502 2179 2557 diu
2206 2502 2407 2557 dandis
2446 2503 2519 2557 ad
2554 2519 2689 2557 eum
2720 2502 2973 2574 epistolis
3001 2504 3159 2575 pacis
3187 2522 3284 2560 me
3309 2505 3556 2562 abstine-

179 2604 281 2668 est,
313 2617 467 2672 quas
501 2616 693 2654 causas
737 2600 1039 2655 videantur
1082 2599 1380 2654 antefacta
1418 2598 1691 2669 praferre
1720 2598 1826 2653 dis-
1926 2597 2202 2653 rem.Sed
2220 2613 2351 2652 cum
2371 2597 2453 2652 illi
2469 2596 2696 2669 pietatis
2713 2602 2916 2652 vestra
2936 2598 3330 2655 testimonium
3356 2600 3555 2656 suﬁ‘ra-

179 2695 425 2763 cordia,
453 2697 670 2759 utrum,
700 2693 926 2761 scilicet,
962 2693 1312 2748 Eutichiana
1346 2691 1700 2763 perversitati
1727 2692 1826 2748 tali
1926 2694 2181 2764 geretur,
2204 2707 2335 2745 cum
2358 2690 2426 2745 de
2447 2689 2558 2745 ﬁde
2574 2694 2743 2761 atque
2760 2691 3141 2747 unanimitate
3167 2693 3290 2763 ejus
3314 2694 3559 2766 optanda

180 2792 380 2844 furore
414 2788 788 2853 famulentur,
818 2803 891 2841 an
922 2786 1362 2858 implacabiliter
1391 2786 1619 2841 doleant
1636 2785 1824 2858 ipsum
1925 2801 2169 2857 quaque
2187 2788 2245 2839 et
2261 2784 2546 2857 placitura
2571 2785 2949 2856 promitteret,
2974 2786 3392 2857 professionem
3412 2789 3555 2860 ejus,

181 2900 353 2938 suum
388 2882 446 2936 in
477 2883 623 2936 hanc
649 2882 1006 2953 impietatem
1024 2898 1190 2953 posse
1217 2881 1461 2949 traduci,
1484 2897 1611 2952 qua
1632 2882 1827 2936 contra
1923 2879 2006 2933 ita
2034 2878 2248 2934 credidi
2275 2895 2396 2934 esse
2426 2879 2728 2947 sinceram,
2757 2882 2821 2934 ut
2843 2879 3076 2935 tandem
3113 2897 3227 2953 qua
3257 2882 3559 2938 observan-

180 2979 444 3049 ipsorum
486 2977 745 3032 locorum
786 2980 1109 3031 sanctorum
1139 2975 1479 3045 testimonia,
1515 2974 1722 3047 quibus
1747 2977 1827 3028 to-
1846 3008 1898 3049 ρ
1928 2973 2007 3028 tia
2037 2990 2094 3027 se
2121 2989 2292 3044 agere
2322 2973 2554 3028 deberet
2571 2990 2688 3028 non
2710 2973 3031 3029 desinerem
3057 2992 3443 3046 commovere,
3471 2994 3554 3034 se-

182 3078 270 3126 tus
315 3071 578 3127 mundus
625 3070 944 3139 instruitur,
979 3070 1050 3124 ab
1081 3068 1491 3124 incarnationis
1521 3068 1825 3124 Dominica
1851 3066 1902 3083 “'
1927 3067 2060 3123 dulo
2083 3066 2189 3138 ipsi
2210 3084 2273 3121 ac
2293 3067 2599 3139 diligenter
2618 3068 3559 3142 inculcaus,utdepersecutoribus

183 3166 426 3222 veritate
445 3164 762 3232 desciverit,
782 3168 840 3220 et
866 3164 1018 3236 quod
1046 3164 1104 3218 in
1140 3162 1261 3217 aliis
1280 3179 1383 3235 per
1407 3162 1827 3233 indulgentiam
1924 3161 2103 3216 beata
2149 3162 2449 3216 memoria
2490 3161 2739 3216 Flaviani
2780 3162 3072 3218 neminem
3100 3164 3339 3219 auderet
3362 3165 3420 3220 in
3452 3183 3557 3221 suo

181 3276 391 3315 curare
418 3258 651 3331 placuit,
674 3259 733 3312 in
763 3258 864 3313 illo
891 3261 1093 3330 putent
1111 3274 1224 3311 non
1247 3273 1367 3313 esse
1386 3256 1625 3311 veniale.
1662 3256 1825 3312 Unde
1927 3256 2137 3310 habere
2150 3254 2516 3323 consortio,ct
2530 3255 2879 3312 Eutichiana
2896 3258 3179 3312 hareseos
3199 3258 3556 3315 defensorem

183 3355 356 3426 cupio
394 3369 486 3408 me
505 3369 677 3425 super
704 3352 794 3407 his
811 3351 1036 3423 plenius
1063 3352 1305 3421 edoceri,
1328 3355 1390 3405 ut
1419 3350 1595 3405 etiam
1626 3350 1824 3405 talium

185 3446 528 3503 correctioni
552 3462 823 3518 congrua
844 3445 1160 3513 studeatur,
1184 3445 1317 3516 quia
1345 3444 1501 3499 aliud
1521 3448 1605 3500 est
1632 3447 1828 3499 contra

186 3542 365 3597 ﬁdem
385 3540 562 3611 impie
586 3539 814 3607 armari,
836 3539 990 3594 aliud
1022 3539 1080 3594 in
1103 3554 1360 3594 errorem
1377 3537 1706 3609 quempiam
1734 3537 1827 3592 de-

187 3635 387 3691 tineri.
418 3634 650 3690 Charias
676 3634 848 3689 etiam
880 3649 1017 3705 quas
1050 3632 1241 3688 Actius
1268 3631 1562 3704 presbyter
1587 3635 1719 3687 ante
1744 3631 1828 3686 in-

186 3729 400 3784 dicavit
423 3744 545 3783 esse
577 3727 839 3797 directas,
864 3732 920 3782 et
937 3725 1283 3782 breviarium
1302 3725 1438 3780 ﬁdei
1467 3726 1621 3798 quod
1647 3731 1701 3782 te
1724 3725 1827 3781 mi-

187 3824 319 3878 sisse
359 3821 671 3895 signiﬁcas,
699 3837 807 3876 nec
834 3821 970 3876 dum
1005 3820 1078 3876 ad
1108 3836 1200 3876 me
1227 3820 1449 3876 noveris
1477 3820 1824 3892 pervenisse.

188 3918 344 3972 Unde
378 3916 422 3970 si
457 3916 778 3987 expeditior
820 3916 1038 3971 occasio
1080 3931 1139 3969 se
1174 3914 1485 3987 prabuerit
1514 3915 1827 3986 perlatores

188 4012 438 4066 libenter
479 4010 682 4078 habeo,
725 4013 790 4065 ut
836 4009 881 4063 si
932 4026 1045 4081 qua
1090 4012 1174 4063 est
1209 4025 1335 4080 qua
1378 4007 1536 4063 utilis
1571 4008 1829 4063 videatur

189 4103 621 4177 quamprimum
669 4103 743 4158 ad
782 4119 875 4157 me
920 4103 1185 4157 mittatur
1210 4102 1531 4158 instructio.
1562 4103 1640 4157 De
1667 4103 1827 4174 Egy-

192 4200 314 4268 ptiis
364 4198 666 4253 monachis
713 4214 889 4268 quam
939 4196 1156 4267 quieti,
1202 4199 1300 4251 aut
1341 4196 1501 4266 cujus
1549 4194 1662 4250 sint
1695 4195 1826 4251 ﬁdei

192 4294 327 4348 scire
359 4291 647 4357 desidero,
676 4295 733 4346 et
747 4291 815 4346 de
834 4289 1239 4346 Alexandrina
1262 4289 1520 4345 Ecclesia
1536 4306 1673 4362 pace
1690 4289 1825 4362 quid

1925 3365 1958 3403 a
1983 3365 2043 3403 se
2071 3348 2349 3403 indicaret
2383 3365 2503 3403 esse
2543 3348 2853 3420 dejectum.
2884 3351 3261 3422 Secutumque
3285 3358 3369 3406 est
3394 3358 3458 3407 ut
3488 3354 3557 3408 de

1926 3442 2015 3497 his
2044 3458 2173 3514 qua
2210 3459 2317 3513 pro
2361 3442 2638 3497 catholica
2664 3441 2774 3497 ﬁde
2804 3444 2864 3498 in
2890 3443 3150 3515 synodali
3172 3445 3415 3501 concilio
3439 3447 3559 3501 fue-

1926 3542 2055 3592 rant
2080 3535 2331 3604 deﬁnita,
2364 3536 2498 3592 talia
2521 3536 2595 3591 ad
2624 3553 2720 3591 me
2748 3536 3057 3608 scripserit,
3088 3538 3281 3610 qualia
3315 3541 3553 3596 catholi-

1927 3647 2060 3686 cum
2088 3630 2447 3685 sacerdotem
2472 3629 2718 3686 scribere
2751 3631 3122 3703 congruebat.
3143 3635 3285 3689 Cum
3314 3650 3450 3706 ergo
3481 3636 3554 3690 ad

1927 3723 2390 3781 commendanda
2428 3724 2603 3795 ipsius
2645 3724 2962 3796 primordia
3014 3726 3119 3780 ista
3165 3728 3557 3798 pracesserint

1925 3818 2063 3891 quid
2083 3835 2265 3874 causa
2293 3821 2392 3874 aut
2411 3818 2716 3874 occasionis
2733 3820 3045 3888 emerserit,
3070 3823 3132 3874 ut
3149 3821 3334 3876 virum
3359 3823 3550 3878 catho-

1925 3912 2048 3967 lica
2074 3912 2207 3968 ﬁdei
2235 3917 2293 3968 et
2317 3911 2666 3968 Nestorianis
2698 3915 2869 3985 atque
2902 3914 3248 3969 Eutichianis
3274 3915 3556 3971 hareticis

1928 4009 2258 4063 constanter
2270 4006 2440 4061 etiam
2459 4007 2759 4062 adversum
2771 4007 3239 4063 archidiaconum
3260 4009 3363 4064 sub
3383 4010 3558 4065 hono-

1927 4102 2004 4156 ris
2025 4100 2207 4173 specie
2228 4101 2587 4171 degradaret,
2606 4104 2663 4155 et
2680 4100 3158 4172 dispensationem
3176 4102 3349 4158 totius
3370 4119 3555 4159 causa

1929 4200 1986 4250 et
2030 4211 2179 4250 cura
2220 4194 2610 4250 ecclesiasticae
2649 4194 2708 4250 in
2760 4196 3042 4251 Andream
3087 4196 3555 4253 Eutichianistam

1928 4294 2165 4362 repente
2198 4289 2551 4359 transferret,
2576 4290 2721 4345 adeo
2748 4289 2933 4345 nimia
2960 4291 3344 4347 commotione
3369 4292 3560 4348 turba-

192 4387 254 4439 ad
280 4403 389 4441 vos
420 4385 569 4440 veris
597 4384 811 4440 nuntiis
838 4386 1160 4457 perferatur
1194 4384 1264 4439 ad
1303 4385 1464 4455 cujus
1496 4384 1827 4455 episcopum
1846 4385 1904 4457 D
1929 4390 2018 4439 tus
2037 4387 2104 4438 ut
2123 4384 2604 4439 consecrationem
2620 4401 2793 4456 quam
2824 4401 2926 4456 pro
2949 4384 3160 4456 injuria
3179 4385 3371 4453 dabat,
3404 4391 3557 4443 sexta

196 4481 277 4535 vel
302 4480 668 4535 ordinatores
696 4479 891 4550 ipsius,
921 4495 1016 4533 seu
1046 4477 1279 4534 clericos
1303 4479 1455 4549 quod
1475 4477 1589 4532 alia
1619 4478 1827 4549 scripta

196 4573 527 4641 direxerim,
568 4573 752 4628 missis
795 4573 1211 4645 exemplaribus
1256 4572 1397 4627 scire
1444 4578 1499 4628 te
1541 4571 1713 4628 volui.
1744 4572 1825 4627 Ad

197 4667 709 4724 clementissimum
746 4683 975 4739 quoque
1017 4667 1359 4739 principem,
1389 4669 1446 4722 et
1484 4666 1829 4739 religiosissi-

202 4778 356 4818 mam
398 4764 710 4833 Augustam
758 4762 885 4833 quis
930 4777 1083 4816 nunc
1127 4777 1287 4815 meus
1324 4777 1510 4815 sermo
1536 4761 1628 4828 sit,
1658 4761 1829 4816 missa

200 4856 547 4928 exemplaria
567 4855 876 4911 docebunt.
899 4857 1100 4911 Utrum
1130 4858 1323 4909 autem
1344 4855 1575 4926 epistola
1607 4871 1733 4909 mea
1760 4854 1829 4909 de

201 4949 598 5006 incarnationis
616 4949 926 5005 Dominica
960 4948 1075 5004 ﬁde
1104 4948 1377 5003 incolumi
1408 4948 1592 5004 adhuc
1623 4951 1830 5003 sancta

202 5044 495 5099 memoria
542 5043 807 5098 Flaviano
849 5042 923 5098 ad
966 5042 1328 5099 dilectionem
1358 5044 1518 5097 tuam
1546 5058 1648 5114 per
1676 5042 1826 5096 Basi-

203 5136 340 5192 linm
359 5137 660 5193 diaconum
686 5136 978 5205 miseram,
1002 5135 1347 5191 fraternitati
1380 5141 1495 5190 tua
1526 5135 1732 5191 tradita
1761 5135 1834 5190 sit

205 5230 342 5286 scire
363 5231 642 5299 desidero,
676 5231 952 5303 quoniam
992 5233 1320 5302 suspectum
1349 5229 1557 5299 habeo,
1581 5229 1734 5301 quod
1761 5229 1830 5283 de

206 5323 326 5394 ejus
353 5329 509 5380 textu
540 5325 765 5380 nullum
801 5341 1055 5396 unquam
1079 5323 1362 5396 judicium
1392 5322 1709 5379 reddidisti.
1737 5323 1833 5378 Ge-

210 5420 420 5473 storum
450 5419 812 5490 synodalium
848 5434 977 5491 qua
1006 5417 1276 5474 omnibus
1299 5417 1499 5474 diebus
1528 5416 1749 5472 concilii
1774 5416 1834 5471 in

209 5510 648 5568 Chalcedonensi
659 5513 883 5569 civitate
904 5513 1153 5568 confecta
1171 5516 1531 5583 sunt,parum
1556 5512 1706 5566 clara
1734 5510 1835 5565 lin-

215 5621 337 5671 gua
361 5606 742 5663 diversitatem
788 5607 940 5679 apud
988 5623 1095 5662 nos
1146 5606 1390 5663 habetur
1426 5604 1745 5673 instructio,
1780 5610 1835 5659 et

216 5697 337 5754 ideo
358 5700 700 5758 fraternitati
715 5706 827 5759 tua
844 5700 1164 5777 specialiter
1194 5700 1451 5773 injungo,
1474 5702 1538 5754 ut
1563 5699 1622 5755 in
1651 5714 1832 5756 unum

1929 4477 2146 4533 sabbati
2167 4477 2491 4541 traditionis
2515 4478 2851 4549 Apostolica
2879 4481 2945 4532 ut
2965 4479 3189 4533 nescius
3223 4483 3322 4533 aut
3352 4480 3559 4535 oblitus

1929 4572 2181 4638 inferret,
2217 4571 2378 4641 quasi
2421 4587 2537 4626 non
2580 4571 2650 4626 ad
2695 4570 3026 4642 episcopum
3056 4571 3244 4643 magis
3281 4589 3449 4644 quam
3484 4575 3556 4630 ad

1930 4665 2325 4738 presbyterum
2376 4663 2751 4719 ordinationis
2798 4664 2947 4718 illius
2986 4665 3188 4719 vitium
3227 4667 3556 4736 pertineret,
3620 4660 3624 4664 ”

1930 4759 2029 4831 qui
2057 4775 2168 4813 non
2198 4758 2493 4813 inveniens
2519 4757 2655 4829 quid
2675 4758 3012 4829 argueretin
3027 4758 3324 4831 ﬁde,quod
3340 4761 3556 4833 impro-

1929 4854 2096 4909 baret
2119 4852 2178 4906 in
2209 4852 2485 4920 moribus,
2517 4851 2893 4923 dejectionem
2923 4853 3244 4908 innocentis
3286 4871 3392 4926 per
3430 4873 3558 4928 spe-

1932 4948 2077 5002 ciem
2118 4945 2497 5017 provectionis
2536 4945 2814 5017 implevit,
2846 4946 3057 5002 addens
3099 4948 3397 5004 sententia
3422 4950 3561 5005 illud

1931 5039 2177 5112 injuria,
2209 5044 2271 5094 ut
2296 5056 2427 5095 eum
2452 5040 2777 5095 cameterio
2810 5040 3132 5111 deputanda
3155 5042 3558 5098 condemnaret

1934 5134 2153 5189 exsilio.
2192 5134 2376 5199 Quem
2422 5138 2617 5189 tamen
2663 5134 2863 5206 pietati
2905 5143 3107 5191 vestra
3159 5137 3561 5192 commendare

1934 5238 2242 5300 prasumo,
2271 5244 2343 5282 ne
2370 5228 2503 5283 ullis
2528 5228 2769 5284 ulterius
2808 5229 2993 5284 noxiis
3037 5229 3334 5301 ingravare
3364 5228 3561 5300 possit,

1935 5324 2035 5377 aut
2064 5321 2285 5377 insidiis
2315 5338 2489 5393 quem
2528 5322 2821 5391 Dominus,
2849 5328 2914 5378 ut
2942 5323 3213 5395 comperi,
3247 5321 3352 5376 sub
3380 5324 3563 5377 vestra

1933 5415 2269 5472 defensione
2283 5416 2594 5472 constituit.
2613 5416 2716 5488 Adi
2724 5415 2830 5472 icio
2841 5420 3034 5471 autem
3049 5416 3220 5470 etiam
3235 5415 3385 5470 hanc
3400 5414 3559 5471 obse-

1935 5510 2247 5566 crationem
2286 5513 2349 5565 ut
2392 5510 2731 5582 pradictum
2777 5509 3105 5581 episcopum
3145 5525 3179 5563 a
3211 5508 3562 5581 professione

1935 5621 2036 5659 sua
2054 5605 2370 5675 dissonum,
2389 5609 2448 5661 et
2473 5604 2717 5661 nimium
2747 5602 3056 5658 testimonii
3076 5602 3243 5658 vestri
3267 5619 3331 5658 ac
3360 5604 3562 5660 favoris

1936 5699 2177 5756 oblitum
2244 5698 2563 5755 necessarie
2628 5698 2919 5769 increpare
2978 5695 3316 5767 dignemini.
3375 5698 3561 5756 Cesset
