  <div class='ocr_page' id='page_1' title='image "/cluster/home/n/w/nwhite01/storage/ocr_20150623/130/hvd.32044054759915/437.png"; bbox 0 0 4026 6182; ppageno 0'>
   <div class='ocr_carea' id='block_1_1' title="bbox 520 167 645 223">
    <p class='ocr_par' dir='ltr' id='par_1_1' title="bbox 520 167 645 223">
     <span class='ocr_line' id='line_1_1' title="bbox 520 167 645 223; baseline 0.016 -2"><span class='ocrx_word' id='word_1_1' title='bbox 520 167 645 223; x_wconf 68' lang='grc'><strong>815</strong></span> 
     </span>
    </p>
   </div>
   <div class='ocr_carea' id='block_1_2' title="bbox 1413 168 2162 233">
    <p class='ocr_par' dir='ltr' id='par_1_2' title="bbox 1413 169 2146 226">
     <span class='ocr_line' id='line_1_2' title="bbox 1413 169 2146 226; baseline 0 -2"><span class='ocrx_word' id='word_1_2' title='bbox 1413 170 1694 225; x_wconf 81' lang='grc' dir='ltr'><strong>ΑΡΡΕΝΙ).</strong></span> <span class='ocrx_word' id='word_1_3' title='bbox 1735 171 1821 225; x_wconf 83' lang='lat' dir='ltr'><strong>AD</strong></span> <span class='ocrx_word' id='word_1_4' title='bbox 1858 169 2016 226; x_wconf 73' lang='lat' dir='ltr'><strong>S/EC.</strong></span> <span class='ocrx_word' id='word_1_5' title='bbox 2058 171 2146 225; x_wconf 84' lang='lat' dir='ltr'><strong>IX.</strong></span> 
     </span>
    </p>
   </div>
   <div class='ocr_carea' id='block_1_3' title="bbox 2264 168 3810 233">
    <p class='ocr_par' dir='ltr' id='par_1_3' title="bbox 2285 168 3810 233">
     <span class='ocr_line' id='line_1_3' title="bbox 2285 168 3810 233; baseline 0.005 -8"><span class='ocrx_word' id='word_1_6' title='bbox 2285 168 2531 226; x_wconf 83' lang='lat' dir='ltr'><strong>ISIDORI</strong></span> <span class='ocrx_word' id='word_1_7' title='bbox 2569 170 2993 227; x_wconf 81' lang='lat' dir='ltr'><strong>MERCATORIS</strong></span> <span class='ocrx_word' id='word_1_8' title='bbox 3728 180 3810 233; x_wconf 75' lang='grc'><strong>816</strong></span> 
     </span>
    </p>
   </div>
   <div class='ocr_carea' id='block_1_4' title="bbox 525 276 3806 364">
    <p class='ocr_par' dir='ltr' id='par_1_4' title="bbox 525 276 3806 364">
     <span class='ocr_line' id='line_1_4' title="bbox 525 276 3806 364; baseline 0.003 -34"><span class='ocrx_word' id='word_1_9' title='bbox 525 276 824 333; x_wconf 82' lang='lat' dir='ltr'><strong>catholicos</strong></span> <span class='ocrx_word' id='word_1_10' title='bbox 850 277 1344 333; x_wconf 84' lang='lat' dir='ltr'><strong>infestare.Cesset</strong></span> <span class='ocrx_word' id='word_1_11' title='bbox 1369 294 1467 332; x_wconf 89' lang='lat' dir='ltr'><strong>eos</strong></span> <span class='ocrx_word' id='word_1_12' title='bbox 1492 277 1589 349; x_wconf 87' lang='lat' dir='ltr'><strong>qui</strong></span> <span class='ocrx_word' id='word_1_13' title='bbox 1617 281 1824 333; x_wconf 84' lang='lat' dir='ltr'><strong>sanctae</strong></span> <span class='ocrx_word' id='word_1_14' title='bbox 1857 279 2151 335; x_wconf 81' lang='lat' dir='ltr'><strong>memoriae</strong></span> <span class='ocrx_word' id='word_1_15' title='bbox 2173 291 2232 364; x_wconf 79' lang='grc' dir='ltr'><strong>Α</strong></span> <span class='ocrx_word' id='word_1_16' title='bbox 2252 296 2422 352; x_wconf 86' lang='lat' dir='ltr'><strong>quem</strong></span> <span class='ocrx_word' id='word_1_17' title='bbox 2455 280 2671 335; x_wconf 88' lang='lat' dir='ltr'><strong>dudum</strong></span> <span class='ocrx_word' id='word_1_18' title='bbox 2706 297 2739 335; x_wconf 90' lang='lat' dir='ltr'><strong>a</strong></span> <span class='ocrx_word' id='word_1_19' title='bbox 2780 295 2840 335; x_wconf 91' lang='lat' dir='ltr'><strong>se</strong></span> <span class='ocrx_word' id='word_1_20' title='bbox 2874 278 3137 346; x_wconf 80' lang='lat' dir='ltr'><strong>removit,</strong></span> <span class='ocrx_word' id='word_1_21' title='bbox 3169 278 3477 335; x_wconf 78' lang='lat' dir='ltr'><strong>abscindat.</strong></span> <span class='ocrx_word' id='word_1_22' title='bbox 3500 281 3653 353; x_wconf 87' lang='lat' dir='ltr'><strong>Cujus</strong></span> <span class='ocrx_word' id='word_1_23' title='bbox 3676 283 3806 341; x_wconf 88' lang='lat' dir='ltr'><strong>inno-</strong></span> 
     </span>
    </p>
   </div>
   <div class='ocr_carea' id='block_1_5' title="bbox 529 371 2152 443">
    <p class='ocr_par' dir='ltr' id='par_1_5' title="bbox 529 371 2152 443">
     <span class='ocr_line' id='line_1_5' title="bbox 529 371 2152 443; baseline 0.001 -16"><span class='ocrx_word' id='word_1_24' title='bbox 529 371 789 427; x_wconf 68' lang='lat' dir='ltr'><strong>I‘laviano</strong></span> <span class='ocrx_word' id='word_1_25' title='bbox 820 373 1084 443; x_wconf 83' lang='lat' dir='ltr'><strong>placuere</strong></span> <span class='ocrx_word' id='word_1_26' title='bbox 1115 376 1434 440; x_wconf 82' lang='lat' dir='ltr'><strong>conterere,</strong></span> <span class='ocrx_word' id='word_1_27' title='bbox 1476 378 1549 427; x_wconf 83' lang='lat' dir='ltr'><strong>et&#39;</strong></span> <span class='ocrx_word' id='word_1_28' title='bbox 1576 389 1773 427; x_wconf 90' lang='lat' dir='ltr'><strong>eorum</strong></span> <span class='ocrx_word' id='word_1_29' title='bbox 1821 374 2152 428; x_wconf 86' lang='lat' dir='ltr'><strong>societatem</strong></span> 
     </span>
    </p>
   </div>
   <div class='ocr_carea' id='block_1_6' title="bbox 523 465 2155 537">
    <p class='ocr_par' dir='ltr' id='par_1_6' title="bbox 523 465 2155 537">
     <span class='ocr_line' id='line_1_6' title="bbox 523 465 2155 537; baseline 0.001 -17"><span class='ocrx_word' id='word_1_30' title='bbox 523 483 664 537; x_wconf 86' lang='lat' dir='ltr'><strong>quos</strong></span> <span class='ocrx_word' id='word_1_31' title='bbox 686 465 1026 536; x_wconf 81' lang='lat' dir='ltr'><strong>improbavit</strong></span> <span class='ocrx_word' id='word_1_32' title='bbox 1045 465 1278 537; x_wconf 78' lang='lat' dir='ltr'><strong>eligere,</strong></span> <span class='ocrx_word' id='word_1_33' title='bbox 1300 466 1617 521; x_wconf 84' lang='lat' dir='ltr'><strong>fraternam</strong></span> <span class='ocrx_word' id='word_1_34' title='bbox 1640 467 1795 521; x_wconf 90' lang='lat' dir='ltr'><strong>enim</strong></span> <span class='ocrx_word' id='word_1_35' title='bbox 1818 467 1900 521; x_wconf 88' lang='lat' dir='ltr'><strong>illi</strong></span> <span class='ocrx_word' id='word_1_36' title='bbox 1922 467 2155 521; x_wconf 79' lang='lat' dir='ltr'><strong>Charita-</strong></span> 
     </span>
    </p>
   </div>
   <div class='ocr_carea' id='block_1_7' title="bbox 524 558 2154 631">
    <p class='ocr_par' dir='ltr' id='par_1_7' title="bbox 524 558 2154 631">
     <span class='ocr_line' id='line_1_7' title="bbox 524 558 2154 631; baseline 0.002 -20"><span class='ocrx_word' id='word_1_37' title='bbox 524 566 641 613; x_wconf 77' lang='lat' dir='ltr'><strong>tem</strong></span> <span class='ocrx_word' id='word_1_38' title='bbox 671 573 787 613; x_wconf 89' lang='lat' dir='ltr'><strong>non</strong></span> <span class='ocrx_word' id='word_1_39' title='bbox 814 558 980 613; x_wconf 82' lang='lat' dir='ltr'><strong>aliter</strong></span> <span class='ocrx_word' id='word_1_40' title='bbox 1014 560 1326 630; x_wconf 83' lang='lat' dir='ltr'><strong>poterimus</strong></span> <span class='ocrx_word' id='word_1_41' title='bbox 1349 560 1682 630; x_wconf 83' lang='lat' dir='ltr'><strong>impendere</strong></span> <span class='ocrx_word' id='word_1_42' title='bbox 1714 577 1889 631; x_wconf 88' lang='lat' dir='ltr'><strong>quam</strong></span> <span class='ocrx_word' id='word_1_43' title='bbox 1919 564 1981 615; x_wconf 92' lang='lat' dir='ltr'><strong>ut</strong></span> <span class='ocrx_word' id='word_1_44' title='bbox 2003 578 2062 615; x_wconf 89' lang='lat' dir='ltr'><strong>se</strong></span> <span class='ocrx_word' id='word_1_45' title='bbox 2085 562 2154 615; x_wconf 91' lang='lat' dir='ltr'><strong>ab</strong></span> 
     </span>
    </p>
   </div>
   <div class='ocr_carea' id='block_1_8' title="bbox 526 652 2154 725">
    <p class='ocr_par' dir='ltr' id='par_1_8' title="bbox 526 652 2154 725">
     <span class='ocr_line' id='line_1_8' title="bbox 526 652 2154 725; baseline 0.002 -20"><span class='ocrx_word' id='word_1_46' title='bbox 526 652 767 707; x_wconf 87' lang='lat' dir='ltr'><strong>inimicis</strong></span> <span class='ocrx_word' id='word_1_47' title='bbox 796 652 1091 707; x_wconf 58' lang='lat' dir='ltr'><strong>catholicas</strong></span> <span class='ocrx_word' id='word_1_48' title='bbox 1120 653 1251 708; x_wconf 82' lang='lat' dir='ltr'><strong>fidei</strong></span> <span class='ocrx_word' id='word_1_49' title='bbox 1280 654 1560 725; x_wconf 85' lang='lat' dir='ltr'><strong>approbet</strong></span> <span class='ocrx_word' id='word_1_50' title='bbox 1590 654 1890 723; x_wconf 88' lang='lat' dir='ltr'><strong>exsecrari,</strong></span> <span class='ocrx_word' id='word_1_51' title='bbox 1923 672 2154 710; x_wconf 89' lang='lat' dir='ltr'><strong>eorum-</strong></span> 
     </span>
    </p>
   </div>
   <div class='ocr_carea' id='block_1_9' title="bbox 522 748 2152 819">
    <p class='ocr_par' dir='ltr' id='par_1_9' title="bbox 522 748 2152 819">
     <span class='ocr_line' id='line_1_9' title="bbox 522 748 2152 819; baseline 0.002 -18"><span class='ocrx_word' id='word_1_52' title='bbox 522 764 630 818; x_wconf 89' lang='lat' dir='ltr'><strong>que</strong></span> <span class='ocrx_word' id='word_1_53' title='bbox 660 765 692 801; x_wconf 91' lang='lat' dir='ltr'><strong>a</strong></span> <span class='ocrx_word' id='word_1_54' title='bbox 721 764 777 801; x_wconf 87' lang='lat' dir='ltr'><strong>se</strong></span> <span class='ocrx_word' id='word_1_55' title='bbox 809 748 1158 802; x_wconf 84' lang='lat' dir='ltr'><strong>consortium</strong></span> <span class='ocrx_word' id='word_1_56' title='bbox 1187 750 1361 819; x_wconf 90' lang='lat' dir='ltr'><strong>atque</strong></span> <span class='ocrx_word' id='word_1_57' title='bbox 1399 748 1809 803; x_wconf 88' lang='lat' dir='ltr'><strong>commercium</strong></span> <span class='ocrx_word' id='word_1_58' title='bbox 1840 749 2152 818; x_wconf 86' lang='lat' dir='ltr'><strong>abscindat,</strong></span> 
     </span>
    </p>
   </div>
   <div class='ocr_carea' id='block_1_10' title="bbox 522 841 2157 913">
    <p class='ocr_par' dir='ltr' id='par_1_10' title="bbox 522 841 2157 913">
     <span class='ocr_line' id='line_1_10' title="bbox 522 841 2157 913; baseline 0.001 -17"><span class='ocrx_word' id='word_1_59' title='bbox 522 841 617 913; x_wconf 85' lang='lat' dir='ltr'><strong>qui</strong></span> <span class='ocrx_word' id='word_1_60' title='bbox 633 841 801 896; x_wconf 89' lang='lat' dir='ltr'><strong>etiam</strong></span> <span class='ocrx_word' id='word_1_61' title='bbox 817 841 861 894; x_wconf 87' lang='lat' dir='ltr'><strong>si</strong></span> <span class='ocrx_word' id='word_1_62' title='bbox 876 857 1090 912; x_wconf 86' lang='lat' dir='ltr'><strong>magna</strong></span> <span class='ocrx_word' id='word_1_63' title='bbox 1106 841 1305 896; x_wconf 80' lang='lat' dir='ltr'><strong>fuisset</strong></span> <span class='ocrx_word' id='word_1_64' title='bbox 1323 841 1701 897; x_wconf 85' lang='lat' dir='ltr'><strong>satisfactione</strong></span> <span class='ocrx_word' id='word_1_65' title='bbox 1723 845 2017 913; x_wconf 86' lang='lat' dir='ltr'><strong>purgatus,</strong></span> <span class='ocrx_word' id='word_1_66' title='bbox 2034 848 2157 913; x_wconf 90' lang='lat' dir='ltr'><strong>post</strong></span> 
     </span>
    </p>
   </div>
   <div class='ocr_carea' id='block_1_11' title="bbox 524 933 2157 1008">
    <p class='ocr_par' dir='ltr' id='par_1_11' title="bbox 524 933 2157 1008">
     <span class='ocr_line' id='line_1_11' title="bbox 524 933 2157 1008; baseline -0.002 -16"><span class='ocrx_word' id='word_1_67' title='bbox 524 933 706 1008; x_wconf 77' lang='grc'><strong>201</strong></span> <span class='ocrx_word' id='word_1_68' title='bbox 748 934 985 989; x_wconf 91' lang='lat' dir='ltr'><strong>dubium</strong></span> <span class='ocrx_word' id='word_1_69' title='bbox 1015 937 1208 989; x_wconf 90' lang='lat' dir='ltr'><strong>tamen</strong></span> <span class='ocrx_word' id='word_1_70' title='bbox 1243 952 1500 990; x_wconf 87' lang='lat' dir='ltr'><strong>reversus</strong></span> <span class='ocrx_word' id='word_1_71' title='bbox 1538 952 1813 990; x_wconf 91' lang='lat' dir='ltr'><strong>errorem.</strong></span> <span class='ocrx_word' id='word_1_72' title='bbox 1852 936 2157 993; x_wconf 89' lang='lat' dir='ltr'><strong>Catholicis</strong></span> 
     </span>
    </p>
   </div>
   <div class='ocr_carea' id='block_1_12' title="bbox 523 1028 2155 1102">
    <p class='ocr_par' dir='ltr' id='par_1_12' title="bbox 523 1028 2155 1102">
     <span class='ocr_line' id='line_1_12' title="bbox 523 1028 2155 1102; baseline 0.001 -20"><span class='ocrx_word' id='word_1_73' title='bbox 523 1028 854 1084; x_wconf 84' lang='lat' dir='ltr'><strong>diaconibus</strong></span> <span class='ocrx_word' id='word_1_74' title='bbox 874 1028 1140 1100; x_wconf 86' lang='lat' dir='ltr'><strong>postponi</strong></span> <span class='ocrx_word' id='word_1_75' title='bbox 1155 1028 1341 1095; x_wconf 88' lang='lat' dir='ltr'><strong>debet,</strong></span> <span class='ocrx_word' id='word_1_76' title='bbox 1355 1046 1469 1083; x_wconf 91' lang='lat' dir='ltr'><strong>non</strong></span> <span class='ocrx_word' id='word_1_77' title='bbox 1487 1030 1913 1101; x_wconf 64' lang='lat' dir='ltr'><strong>praeponiJllud</strong></span> <span class='ocrx_word' id='word_1_78' title='bbox 1927 1046 2155 1102; x_wconf 89' lang='lat' dir='ltr'><strong>quoque</strong></span> 
     </span>
    </p>
   </div>
   <div class='ocr_carea' id='block_1_13' title="bbox 525 1122 2154 1195">
    <p class='ocr_par' dir='ltr' id='par_1_13' title="bbox 525 1122 2154 1195">
     <span class='ocr_line' id='line_1_13' title="bbox 525 1122 2154 1195; baseline 0.002 -20"><span class='ocrx_word' id='word_1_79' title='bbox 525 1123 841 1177; x_wconf 74' lang='lat' dir='ltr'><strong>clementiae</strong></span> <span class='ocrx_word' id='word_1_80' title='bbox 860 1124 1063 1176; x_wconf 68' lang='lat' dir='ltr'><strong>vestrae</strong></span> <span class='ocrx_word' id='word_1_81' title='bbox 1086 1122 1545 1177; x_wconf 83' lang='lat' dir='ltr'><strong>benevolentiam</strong></span> <span class='ocrx_word' id='word_1_82' title='bbox 1576 1126 1727 1195; x_wconf 88' lang='lat' dir='ltr'><strong>peto,</strong></span> <span class='ocrx_word' id='word_1_83' title='bbox 1756 1128 1818 1177; x_wconf 90' lang='lat' dir='ltr'><strong>ut</strong></span> <span class='ocrx_word' id='word_1_84' title='bbox 1854 1128 2154 1178; x_wconf 88' lang='lat' dir='ltr'><strong>venerato-</strong></span> 
     </span>
    </p>
   </div>
   <div class='ocr_carea' id='block_1_14' title="bbox 526 1216 2157 1289">
    <p class='ocr_par' dir='ltr' id='par_1_14' title="bbox 526 1216 2157 1289">
     <span class='ocr_line' id='line_1_14' title="bbox 526 1216 2157 1289; baseline 0.002 -20"><span class='ocrx_word' id='word_1_85' title='bbox 526 1233 646 1271; x_wconf 84' lang='lat' dir='ltr'><strong>rem</strong></span> <span class='ocrx_word' id='word_1_86' title='bbox 676 1221 934 1271; x_wconf 89' lang='lat' dir='ltr'><strong>nostrum</strong></span> <span class='ocrx_word' id='word_1_87' title='bbox 967 1216 1205 1271; x_wconf 85' lang='lat' dir='ltr'><strong>fratrem</strong></span> <span class='ocrx_word' id='word_1_88' title='bbox 1250 1233 1445 1271; x_wconf 89' lang='lat' dir='ltr'><strong>meum</strong></span> <span class='ocrx_word' id='word_1_89' title='bbox 1493 1217 1783 1271; x_wconf 89' lang='lat' dir='ltr'><strong>Julianum</strong></span> <span class='ocrx_word' id='word_1_90' title='bbox 1829 1218 2157 1289; x_wconf 85' lang='lat' dir='ltr'><strong>episcopum</strong></span> 
     </span>
    </p>
   </div>
   <div class='ocr_carea' id='block_1_15' title="bbox 525 1309 2155 1381">
    <p class='ocr_par' dir='ltr' id='par_1_15' title="bbox 525 1309 2155 1381">
     <span class='ocr_line' id='line_1_15' title="bbox 525 1309 2155 1381; baseline 0.001 -17"><span class='ocrx_word' id='word_1_91' title='bbox 525 1312 584 1365; x_wconf 87' lang='lat' dir='ltr'><strong>in</strong></span> <span class='ocrx_word' id='word_1_92' title='bbox 614 1313 823 1379; x_wconf 90' lang='lat' dir='ltr'><strong>vestro,</strong></span> <span class='ocrx_word' id='word_1_93' title='bbox 854 1310 998 1365; x_wconf 89' lang='lat' dir='ltr'><strong>sicut</strong></span> <span class='ocrx_word' id='word_1_94' title='bbox 1037 1309 1220 1365; x_wconf 89' lang='lat' dir='ltr'><strong>facere</strong></span> <span class='ocrx_word' id='word_1_95' title='bbox 1263 1311 1601 1381; x_wconf 80' lang='lat' dir='ltr'><strong>dignemini,</strong></span> <span class='ocrx_word' id='word_1_96' title='bbox 1640 1311 1899 1366; x_wconf 82' lang='lat' dir='ltr'><strong>habeati‘s</strong></span> <span class='ocrx_word' id='word_1_97' title='bbox 1931 1311 2155 1378; x_wconf 82' lang='lat' dir='ltr'><strong>affectu,</strong></span> 
     </span>
    </p>
   </div>
   <div class='ocr_carea' id='block_1_16' title="bbox 525 1404 2159 1476">
    <p class='ocr_par' dir='ltr' id='par_1_16' title="bbox 525 1404 2159 1476">
     <span class='ocr_line' id='line_1_16' title="bbox 525 1404 2159 1476; baseline 0.002 -20"><span class='ocrx_word' id='word_1_98' title='bbox 525 1405 687 1476; x_wconf 84' lang='lat' dir='ltr'><strong>cujus</strong></span> <span class='ocrx_word' id='word_1_99' title='bbox 717 1404 1005 1475; x_wconf 90' lang='lat' dir='ltr'><strong>obsequiis</strong></span> <span class='ocrx_word' id='word_1_100' title='bbox 1040 1404 1362 1475; x_wconf 72' lang='lat' dir='ltr'><strong>praesentiae</strong></span> <span class='ocrx_word' id='word_1_101' title='bbox 1389 1421 1535 1459; x_wconf 70' lang='lat' dir='ltr'><strong>mete</strong></span> <span class='ocrx_word' id='word_1_102' title='bbox 1560 1404 1718 1459; x_wconf 86' lang='lat' dir='ltr'><strong>vobis</strong></span> <span class='ocrx_word' id='word_1_103' title='bbox 1744 1404 1934 1476; x_wconf 82' lang='lat' dir='ltr'><strong>imago</strong></span> <span class='ocrx_word' id='word_1_104' title='bbox 1966 1406 2159 1460; x_wconf 89' lang='lat' dir='ltr'><strong>redda-</strong></span> 
     </span>
    </p>
   </div>
   <div class='ocr_carea' id='block_1_17' title="bbox 528 1498 2159 1569">
    <p class='ocr_par' dir='ltr' id='par_1_17' title="bbox 528 1498 2159 1569">
     <span class='ocr_line' id='line_1_17' title="bbox 528 1498 2159 1569; baseline 0.002 -19"><span class='ocrx_word' id='word_1_105' title='bbox 528 1503 639 1552; x_wconf 85' lang='lat' dir='ltr'><strong>tur.</strong></span> <span class='ocrx_word' id='word_1_106' title='bbox 669 1500 807 1553; x_wconf 88' lang='lat' dir='ltr'><strong>Nam</strong></span> <span class='ocrx_word' id='word_1_107' title='bbox 835 1506 891 1553; x_wconf 88' lang='lat' dir='ltr'><strong>et</strong></span> <span class='ocrx_word' id='word_1_108' title='bbox 917 1498 986 1552; x_wconf 92' lang='lat' dir='ltr'><strong>de</strong></span> <span class='ocrx_word' id='word_1_109' title='bbox 1012 1498 1147 1552; x_wconf 83' lang='lat' dir='ltr'><strong>ﬁdei</strong></span> <span class='ocrx_word' id='word_1_110' title='bbox 1166 1498 1289 1569; x_wconf 85' lang='lat' dir='ltr'><strong>ejus</strong></span> <span class='ocrx_word' id='word_1_111' title='bbox 1309 1498 1630 1553; x_wconf 87' lang='lat' dir='ltr'><strong>sinceritate</strong></span> <span class='ocrx_word' id='word_1_112' title='bbox 1650 1499 2159 1567; x_wconf 83' lang='lat' dir='ltr'><strong>confidens,vicem</strong></span> 
     </span>
    </p>
   </div>
   <div class='ocr_carea' id='block_1_18' title="bbox 527 1591 2157 1664">
    <p class='ocr_par' dir='ltr' id='par_1_18' title="bbox 527 1591 2157 1664">
     <span class='ocr_line' id='line_1_18' title="bbox 527 1591 2157 1664; baseline 0.001 -19"><span class='ocrx_word' id='word_1_113' title='bbox 527 1591 638 1663; x_wconf 91' lang='lat' dir='ltr'><strong>ipsi</strong></span> <span class='ocrx_word' id='word_1_114' title='bbox 686 1608 879 1646; x_wconf 89' lang='lat' dir='ltr'><strong>meam</strong></span> <span class='ocrx_word' id='word_1_115' title='bbox 927 1595 1126 1646; x_wconf 89' lang='lat' dir='ltr'><strong>contra</strong></span> <span class='ocrx_word' id='word_1_116' title='bbox 1173 1592 1450 1664; x_wconf 89' lang='lat' dir='ltr'><strong>temporis</strong></span> <span class='ocrx_word' id='word_1_117' title='bbox 1478 1592 1658 1646; x_wconf 88' lang='lat' dir='ltr'><strong>nostri</strong></span> <span class='ocrx_word' id='word_1_118' title='bbox 1684 1592 1979 1647; x_wconf 66' lang='lat' dir='ltr'><strong>haereticos</strong></span> <span class='ocrx_word' id='word_1_119' title='bbox 2007 1592 2157 1647; x_wconf 89' lang='lat' dir='ltr'><strong>dele-</strong></span> 
     </span>
    </p>
   </div>
   <div class='ocr_carea' id='block_1_19' title="bbox 2253 372 3812 449">
    <p class='ocr_par' dir='ltr' id='par_1_19' title="bbox 2253 372 3812 449">
     <span class='ocr_line' id='line_1_19' title="bbox 2253 372 3812 449; baseline 0.004 -22"><span class='ocrx_word' id='word_1_120' title='bbox 2253 373 2455 429; x_wconf 83' lang='lat' dir='ltr'><strong>centiee</strong></span> <span class='ocrx_word' id='word_1_121' title='bbox 2502 373 2577 428; x_wconf 87' lang='lat' dir='ltr'><strong>ita</strong></span> <span class='ocrx_word' id='word_1_122' title='bbox 2635 372 2885 427; x_wconf 87' lang='lat' dir='ltr'><strong>adfuisse</strong></span> <span class='ocrx_word' id='word_1_123' title='bbox 2942 389 3042 427; x_wconf 91' lang='lat' dir='ltr'><strong>vos</strong></span> <span class='ocrx_word' id='word_1_124' title='bbox 3092 373 3327 445; x_wconf 82' lang='lat' dir='ltr'><strong>gaudeo,</strong></span> <span class='ocrx_word' id='word_1_125' title='bbox 3370 377 3437 430; x_wconf 89' lang='lat' dir='ltr'><strong>ut</strong></span> <span class='ocrx_word' id='word_1_126' title='bbox 3480 377 3683 431; x_wconf 66' lang='lat' dir='ltr'><strong>moueri</strong></span> <span class='ocrx_word' id='word_1_127' title='bbox 3717 380 3812 449; x_wconf 84' lang='lat' dir='ltr'><strong>ejus</strong></span> 
     </span>
    </p>
   </div>
   <div class='ocr_carea' id='block_1_20' title="bbox 2254 466 3813 538">
    <p class='ocr_par' dir='ltr' id='par_1_20' title="bbox 2254 466 3813 538">
     <span class='ocr_line' id='line_1_20' title="bbox 2254 466 3813 538; baseline 0.003 -16"><span class='ocrx_word' id='word_1_128' title='bbox 2254 468 2427 538; x_wconf 89' lang='lat' dir='ltr'><strong>digna</strong></span> <span class='ocrx_word' id='word_1_129' title='bbox 2468 466 2855 522; x_wconf 89' lang='lat' dir='ltr'><strong>consolatione</strong></span> <span class='ocrx_word' id='word_1_130' title='bbox 2901 469 3090 521; x_wconf 88' lang='lat' dir='ltr'><strong>vestra</strong></span> <span class='ocrx_word' id='word_1_131' title='bbox 3125 466 3301 538; x_wconf 88' lang='lat' dir='ltr'><strong>pietas</strong></span> <span class='ocrx_word' id='word_1_132' title='bbox 3329 467 3650 524; x_wconf 83' lang='lat' dir='ltr'><strong>subveniret.</strong></span> <span class='ocrx_word' id='word_1_133' title='bbox 3691 471 3813 527; x_wconf 77' lang='lat' dir='ltr'><strong>Circa</strong></span> 
     </span>
    </p>
   </div>
   <div class='ocr_carea' id='block_1_21' title="bbox 2255 562 3817 636">
    <p class='ocr_par' dir='ltr' id='par_1_21' title="bbox 2255 562 3817 636">
     <span class='ocr_line' id='line_1_21' title="bbox 2255 562 3817 636; baseline 0.003 -21"><span class='ocrx_word' id='word_1_134' title='bbox 2255 562 2492 615; x_wconf 87' lang='lat' dir='ltr'><strong>fratrem</strong></span> <span class='ocrx_word' id='word_1_135' title='bbox 2519 577 2714 616; x_wconf 90' lang='lat' dir='ltr'><strong>meum</strong></span> <span class='ocrx_word' id='word_1_136' title='bbox 2742 566 3142 616; x_wconf 89' lang='lat' dir='ltr'><strong>veneratorem</strong></span> <span class='ocrx_word' id='word_1_137' title='bbox 3170 566 3421 616; x_wconf 90' lang='lat' dir='ltr'><strong>vestrum</strong></span> <span class='ocrx_word' id='word_1_138' title='bbox 3454 562 3709 618; x_wconf 77' lang='lat' dir='ltr'><strong>lulianum</strong></span> <span class='ocrx_word' id='word_1_139' title='bbox 3730 566 3817 636; x_wconf 76' lang='lat' dir='ltr'><strong>epi-</strong></span> 
     </span>
    </p>
   </div>
   <div class='ocr_carea' id='block_1_22' title="bbox 2255 654 3815 729">
    <p class='ocr_par' dir='ltr' id='par_1_22' title="bbox 2255 654 3815 729">
     <span class='ocr_line' id='line_1_22' title="bbox 2255 654 3815 729; baseline 0.003 -20"><span class='ocrx_word' id='word_1_140' title='bbox 2255 671 2512 726; x_wconf 80' lang='lat' dir='ltr'><strong>SCOpum,</strong></span> <span class='ocrx_word' id='word_1_141' title='bbox 2545 657 2824 727; x_wconf 89' lang='lat' dir='ltr'><strong>quantum</strong></span> <span class='ocrx_word' id='word_1_142' title='bbox 2869 654 3073 709; x_wconf 86' lang='lat' dir='ltr'><strong>debeat</strong></span> <span class='ocrx_word' id='word_1_143' title='bbox 3114 671 3366 711; x_wconf 87' lang='lat' dir='ltr'><strong>crescere</strong></span> <span class='ocrx_word' id='word_1_144' title='bbox 3412 660 3586 710; x_wconf 89' lang='lat' dir='ltr'><strong>vestra</strong></span> <span class='ocrx_word' id='word_1_145' title='bbox 3615 657 3815 729; x_wconf 87' lang='lat' dir='ltr'><strong>dignatio</strong></span> 
     </span>
    </p>
   </div>
   <div class='ocr_carea' id='block_1_23' title="bbox 2255 748 3817 820">
    <p class='ocr_par' dir='ltr' id='par_1_23' title="bbox 2255 748 3817 820">
     <span class='ocr_line' id='line_1_23' title="bbox 2255 748 3817 820; baseline 0.003 -17"><span class='ocrx_word' id='word_1_146' title='bbox 2255 749 2577 820; x_wconf 74' lang='lat' dir='ltr'><strong>apostolicae</strong></span> <span class='ocrx_word' id='word_1_147' title='bbox 2625 749 2779 804; x_wconf 87' lang='lat' dir='ltr'><strong>Sedis</strong></span> <span class='ocrx_word' id='word_1_148' title='bbox 2825 748 3144 804; x_wconf 84' lang='lat' dir='ltr'><strong>existimate</strong></span> <span class='ocrx_word' id='word_1_149' title='bbox 3182 748 3420 820; x_wconf 91' lang='lat' dir='ltr'><strong>judicio,</strong></span> <span class='ocrx_word' id='word_1_150' title='bbox 3446 766 3571 804; x_wconf 90' lang='lat' dir='ltr'><strong>cum</strong></span> <span class='ocrx_word' id='word_1_151' title='bbox 3611 751 3663 805; x_wconf 89' lang='lat' dir='ltr'><strong>in</strong></span> <span class='ocrx_word' id='word_1_152' title='bbox 3694 769 3817 807; x_wconf 81' lang='lat' dir='ltr'><strong>causa</strong></span> 
     </span>
    </p>
   </div>
   <div class='ocr_carea' id='block_1_24' title="bbox 2257 842 3815 916">
    <p class='ocr_par' dir='ltr' id='par_1_24' title="bbox 2257 842 3815 916">
     <span class='ocr_line' id='line_1_24' title="bbox 2257 842 3815 916; baseline 0.003 -20"><span class='ocrx_word' id='word_1_153' title='bbox 2257 842 2391 896; x_wconf 84' lang='lat' dir='ltr'><strong>fidei</strong></span> <span class='ocrx_word' id='word_1_154' title='bbox 2436 842 2525 897; x_wconf 89' lang='lat' dir='ltr'><strong>cui</strong></span> <span class='ocrx_word' id='word_1_155' title='bbox 2571 843 2750 914; x_wconf 88' lang='lat' dir='ltr'><strong>gloria</strong></span> <span class='ocrx_word' id='word_1_156' title='bbox 2797 846 2981 897; x_wconf 87' lang='lat' dir='ltr'><strong>vestra</strong></span> <span class='ocrx_word' id='word_1_157' title='bbox 3008 843 3318 898; x_wconf 90' lang='lat' dir='ltr'><strong>famulatur</strong></span> <span class='ocrx_word' id='word_1_158' title='bbox 3345 843 3523 898; x_wconf 86' lang='lat' dir='ltr'><strong>vicem</strong></span> <span class='ocrx_word' id='word_1_159' title='bbox 3551 844 3647 916; x_wconf 86' lang='lat' dir='ltr'><strong>ipsi</strong></span> <span class='ocrx_word' id='word_1_160' title='bbox 3670 861 3815 900; x_wconf 81' lang='lat' dir='ltr'><strong>meam</strong></span> 
     </span>
    </p>
   </div>
   <div class='ocr_carea' id='block_1_25' title="bbox 2257 937 3819 1009">
    <p class='ocr_par' dir='ltr' id='par_1_25' title="bbox 2257 937 3819 1009">
     <span class='ocr_line' id='line_1_25' title="bbox 2257 937 3819 1009; baseline 0.001 -18"><span class='ocrx_word' id='word_1_161' title='bbox 2257 940 2492 991; x_wconf 88' lang='lat' dir='ltr'><strong>eatenus</strong></span> <span class='ocrx_word' id='word_1_162' title='bbox 2540 937 2890 1007; x_wconf 89' lang='lat' dir='ltr'><strong>delegaram,</strong></span> <span class='ocrx_word' id='word_1_163' title='bbox 2940 940 3006 991; x_wconf 91' lang='lat' dir='ltr'><strong>ut</strong></span> <span class='ocrx_word' id='word_1_164' title='bbox 3055 937 3125 991; x_wconf 92' lang='lat' dir='ltr'><strong>ab</strong></span> <span class='ocrx_word' id='word_1_165' title='bbox 3175 953 3241 991; x_wconf 90' lang='lat' dir='ltr'><strong>ea</strong></span> <span class='ocrx_word' id='word_1_166' title='bbox 3281 954 3409 1009; x_wconf 73' lang='lat' dir='ltr'><strong>quae</strong></span> <span class='ocrx_word' id='word_1_167' title='bbox 3446 938 3594 992; x_wconf 84' lang='lat' dir='ltr'><strong>vobis</strong></span> <span class='ocrx_word' id='word_1_168' title='bbox 3630 938 3819 994; x_wconf 82' lang='lat' dir='ltr'><strong>debetur</strong></span> 
     </span>
    </p>
   </div>
   <div class='ocr_carea' id='block_1_26' title="bbox 2258 1030 3819 1103">
    <p class='ocr_par' dir='ltr' id='par_1_26' title="bbox 2258 1030 3819 1103">
     <span class='ocr_line' id='line_1_26' title="bbox 2258 1030 3819 1103; baseline 0.003 -19"><span class='ocrx_word' id='word_1_169' title='bbox 2258 1030 2613 1085; x_wconf 80' lang='lat' dir='ltr'><strong>observantia</strong></span> <span class='ocrx_word' id='word_1_170' title='bbox 2638 1047 2758 1085; x_wconf 91' lang='lat' dir='ltr'><strong>non</strong></span> <span class='ocrx_word' id='word_1_171' title='bbox 2783 1031 3059 1086; x_wconf 87' lang='lat' dir='ltr'><strong>recedens</strong></span> <span class='ocrx_word' id='word_1_172' title='bbox 3078 1031 3280 1102; x_wconf 87' lang='lat' dir='ltr'><strong>pietati</strong></span> <span class='ocrx_word' id='word_1_173' title='bbox 3301 1048 3396 1086; x_wconf 89' lang='lat' dir='ltr'><strong>me</strong></span> <span class='ocrx_word' id='word_1_174' title='bbox 3420 1034 3611 1085; x_wconf 67' lang='lat' dir='ltr'><strong>vestras</strong></span> <span class='ocrx_word' id='word_1_175' title='bbox 3631 1049 3819 1103; x_wconf 61' lang='lat' dir='ltr'><strong>prasen-</strong></span> 
     </span>
    </p>
   </div>
   <div class='ocr_carea' id='block_1_27' title="bbox 2256 1123 3819 1196">
    <p class='ocr_par' dir='ltr' id='par_1_27' title="bbox 2256 1123 3819 1196">
     <span class='ocr_line' id='line_1_27' title="bbox 2256 1123 3819 1196; baseline 0.001 -17"><span class='ocrx_word' id='word_1_176' title='bbox 2256 1129 2375 1179; x_wconf 84' lang='lat' dir='ltr'><strong>tare</strong></span> <span class='ocrx_word' id='word_1_177' title='bbox 2405 1141 2518 1177; x_wconf 89' lang='lat' dir='ltr'><strong>non</strong></span> <span class='ocrx_word' id='word_1_178' title='bbox 2545 1123 2786 1192; x_wconf 89' lang='lat' dir='ltr'><strong>desinat,</strong></span> <span class='ocrx_word' id='word_1_179' title='bbox 2819 1140 3136 1196; x_wconf 89' lang='lat' dir='ltr'><strong>exsequens</strong></span> <span class='ocrx_word' id='word_1_180' title='bbox 3180 1124 3240 1179; x_wconf 90' lang='lat' dir='ltr'><strong>in</strong></span> <span class='ocrx_word' id='word_1_181' title='bbox 3284 1124 3537 1180; x_wconf 88' lang='lat' dir='ltr'><strong>custodia</strong></span> <span class='ocrx_word' id='word_1_182' title='bbox 3574 1124 3690 1179; x_wconf 81' lang='lat' dir='ltr'><strong>fidei</strong></span> <span class='ocrx_word' id='word_1_183' title='bbox 3713 1131 3757 1180; x_wconf 90' lang='lat' dir='ltr'><strong>et</strong></span> <span class='ocrx_word' id='word_1_184' title='bbox 3777 1126 3819 1180; x_wconf 89' lang='lat' dir='ltr'><strong>in</strong></span> 
     </span>
    </p>
   </div>
   <div class='ocr_carea' id='block_1_28' title="bbox 2259 1217 3820 1289">
    <p class='ocr_par' dir='ltr' id='par_1_28' title="bbox 2259 1217 3820 1289">
     <span class='ocr_line' id='line_1_28' title="bbox 2259 1217 3820 1289; baseline 0.001 -17"><span class='ocrx_word' id='word_1_185' title='bbox 2259 1217 2645 1272; x_wconf 87' lang='lat' dir='ltr'><strong>ecclesiasticis</strong></span> <span class='ocrx_word' id='word_1_186' title='bbox 2666 1217 2978 1289; x_wconf 87' lang='lat' dir='ltr'><strong>disciplinis</strong></span> <span class='ocrx_word' id='word_1_187' title='bbox 3004 1235 3106 1289; x_wconf 88' lang='lat' dir='ltr'><strong>per</strong></span> <span class='ocrx_word' id='word_1_188' title='bbox 3133 1219 3324 1274; x_wconf 90' lang='lat' dir='ltr'><strong>omnia</strong></span> <span class='ocrx_word' id='word_1_189' title='bbox 3346 1217 3763 1285; x_wconf 87' lang='lat' dir='ltr'><strong>sollicitudinem,</strong></span> <span class='ocrx_word' id='word_1_190' title='bbox 3781 1224 3820 1273; x_wconf 87' lang='lat' dir='ltr'><strong>et</strong></span> 
     </span>
    </p>
   </div>
   <div class='ocr_carea' id='block_1_29' title="bbox 2259 1311 3821 1383">
    <p class='ocr_par' dir='ltr' id='par_1_29' title="bbox 2259 1311 3821 1383">
     <span class='ocr_line' id='line_1_29' title="bbox 2259 1311 3821 1383; baseline 0 -18"><span class='ocrx_word' id='word_1_191' title='bbox 2259 1311 2597 1383; x_wconf 83' lang='lat' dir='ltr'><strong>Opportunis</strong></span> <span class='ocrx_word' id='word_1_192' title='bbox 2625 1311 3085 1383; x_wconf 90' lang='lat' dir='ltr'><strong>suggestionibus</strong></span> <span class='ocrx_word' id='word_1_193' title='bbox 3116 1312 3268 1383; x_wconf 91' lang='lat' dir='ltr'><strong>quod</strong></span> <span class='ocrx_word' id='word_1_194' title='bbox 3297 1312 3593 1367; x_wconf 81' lang='lat' dir='ltr'><strong>universali</strong></span> <span class='ocrx_word' id='word_1_195' title='bbox 3619 1313 3821 1368; x_wconf 71' lang='lat' dir='ltr'><strong>Ecclesiae</strong></span> 
     </span>
    </p>
   </div>
   <div class='ocr_carea' id='block_1_30' title="bbox 2260 1405 3821 1477">
    <p class='ocr_par' dir='ltr' id='par_1_30' title="bbox 2260 1405 3821 1477">
     <span class='ocr_line' id='line_1_30' title="bbox 2260 1405 3821 1477; baseline 0.001 -19"><span class='ocrx_word' id='word_1_196' title='bbox 2260 1405 2440 1477; x_wconf 89' lang='lat' dir='ltr'><strong>prosit</strong></span> <span class='ocrx_word' id='word_1_197' title='bbox 2476 1405 2791 1473; x_wconf 87' lang='lat' dir='ltr'><strong>insinuans,</strong></span> <span class='ocrx_word' id='word_1_198' title='bbox 2816 1410 2882 1460; x_wconf 91' lang='lat' dir='ltr'><strong>ut</strong></span> <span class='ocrx_word' id='word_1_199' title='bbox 2920 1405 2980 1459; x_wconf 92' lang='lat' dir='ltr'><strong>in</strong></span> <span class='ocrx_word' id='word_1_200' title='bbox 3014 1405 3139 1477; x_wconf 89' lang='lat' dir='ltr'><strong>ipso</strong></span> <span class='ocrx_word' id='word_1_201' title='bbox 3181 1423 3287 1460; x_wconf 90' lang='lat' dir='ltr'><strong>nec</strong></span> <span class='ocrx_word' id='word_1_202' title='bbox 3327 1406 3610 1462; x_wconf 86' lang='lat' dir='ltr'><strong>catholicis</strong></span> <span class='ocrx_word' id='word_1_203' title='bbox 3628 1412 3821 1461; x_wconf 84' lang='lat' dir='ltr'><strong>vestrum</strong></span> 
     </span>
    </p>
   </div>
   <div class='ocr_carea' id='block_1_31' title="bbox 2260 1498 3823 1570">
    <p class='ocr_par' dir='ltr' id='par_1_31' title="bbox 2260 1498 3823 1570">
     <span class='ocr_line' id='line_1_31' title="bbox 2260 1498 3823 1570; baseline -0.001 -17"><span class='ocrx_word' id='word_1_204' title='bbox 2260 1499 2593 1570; x_wconf 63' lang='lat' dir='ltr'><strong>praesidium</strong></span> <span class='ocrx_word' id='word_1_205' title='bbox 2642 1498 2848 1570; x_wconf 91' lang='lat' dir='ltr'><strong>quibus</strong></span> <span class='ocrx_word' id='word_1_206' title='bbox 2902 1499 3161 1554; x_wconf 89' lang='lat' dir='ltr'><strong>volumus</strong></span> <span class='ocrx_word' id='word_1_207' title='bbox 3210 1500 3537 1567; x_wconf 90' lang='lat' dir='ltr'><strong>subvenire,</strong></span> <span class='ocrx_word' id='word_1_208' title='bbox 3575 1517 3670 1554; x_wconf 90' lang='lat' dir='ltr'><strong>nec</strong></span> <span class='ocrx_word' id='word_1_209' title='bbox 3706 1499 3823 1553; x_wconf 83' lang='lat' dir='ltr'><strong>vobis</strong></span> 
     </span>
    </p>
   </div>
   <div class='ocr_carea' id='block_1_32' title="bbox 2261 1590 3821 1664">
    <p class='ocr_par' dir='ltr' id='par_1_32' title="bbox 2261 1590 3821 1664">
     <span class='ocr_line' id='line_1_32' title="bbox 2261 1590 3821 1664; baseline -0.001 -17"><span class='ocrx_word' id='word_1_210' title='bbox 2261 1609 2456 1647; x_wconf 92' lang='lat' dir='ltr'><strong>meum</strong></span> <span class='ocrx_word' id='word_1_211' title='bbox 2483 1593 2629 1647; x_wconf 88' lang='lat' dir='ltr'><strong>desit</strong></span> <span class='ocrx_word' id='word_1_212' title='bbox 2657 1590 3015 1664; x_wconf 85' lang='lat' dir='ltr'><strong>obsequium.</strong></span> <span class='ocrx_word' id='word_1_213' title='bbox 3065 1594 3200 1648; x_wconf 89' lang='lat' dir='ltr'><strong>Data</strong></span> <span class='ocrx_word' id='word_1_214' title='bbox 3247 1610 3303 1648; x_wconf 84' lang='lat' dir='ltr'><strong>v1</strong></span> <span class='ocrx_word' id='word_1_215' title='bbox 3348 1594 3478 1648; x_wconf 90' lang='lat' dir='ltr'><strong>Idus</strong></span> <span class='ocrx_word' id='word_1_216' title='bbox 3516 1592 3695 1658; x_wconf 82' lang='lat' dir='ltr'><strong>Martii,</strong></span> <span class='ocrx_word' id='word_1_217' title='bbox 3726 1592 3821 1664; x_wconf 88' lang='lat' dir='ltr'><strong>Opi-</strong></span> 
     </span>
    </p>
   </div>
   <div class='ocr_carea' id='block_1_33' title="bbox 528 1666 3177 1757">
    <p class='ocr_par' dir='ltr' id='par_1_33' title="bbox 528 1666 3177 1757">
     <span class='ocr_line' id='line_1_33' title="bbox 528 1666 3177 1757; baseline 0.001 -18"><span class='ocrx_word' id='word_1_218' title='bbox 528 1685 673 1756; x_wconf 82' lang='lat' dir='ltr'><strong>gavi,</strong></span> <span class='ocrx_word' id='word_1_219' title='bbox 689 1689 859 1757; x_wconf 88' lang='lat' dir='ltr'><strong>atque</strong></span> <span class='ocrx_word' id='word_1_220' title='bbox 874 1690 1109 1757; x_wconf 88' lang='lat' dir='ltr'><strong>propter</strong></span> <span class='ocrx_word' id='word_1_221' title='bbox 1129 1685 1507 1740; x_wconf 89' lang='lat' dir='ltr'><strong>Ecclesiarum</strong></span> <span class='ocrx_word' id='word_1_222' title='bbox 1527 1685 1793 1757; x_wconf 90' lang='lat' dir='ltr'><strong>pacisque</strong></span> <span class='ocrx_word' id='word_1_223' title='bbox 1823 1686 2156 1754; x_wconf 89' lang='lat' dir='ltr'><strong>custodiam,</strong></span> <span class='ocrx_word' id='word_1_224' title='bbox 2181 1666 2237 1738; x_wconf 88' lang='grc' dir='ltr'>Β</span> <span class='ocrx_word' id='word_1_225' title='bbox 2262 1686 2412 1741; x_wconf 90' lang='lat' dir='ltr'><strong>lione</strong></span> <span class='ocrx_word' id='word_1_226' title='bbox 2442 1686 2560 1741; x_wconf 91' lang='lat' dir='ltr'><strong>viro</strong></span> <span class='ocrx_word' id='word_1_227' title='bbox 2586 1686 2897 1741; x_wconf 90' lang='lat' dir='ltr'><strong>clarissimo</strong></span> <span class='ocrx_word' id='word_1_228' title='bbox 2923 1687 3177 1742; x_wconf 89' lang='lat' dir='ltr'><strong>consule.</strong></span> 
     </span>
    </p>
   </div>
   <div class='ocr_carea' id='block_1_34' title="bbox 524 1779 2156 1852">
    <p class='ocr_par' dir='ltr' id='par_1_34' title="bbox 524 1779 2156 1852">
     <span class='ocr_line' id='line_1_34' title="bbox 524 1779 2156 1852; baseline 0.001 -19"><span class='ocrx_word' id='word_1_229' title='bbox 524 1782 592 1834; x_wconf 90' lang='lat' dir='ltr'><strong>ut</strong></span> <span class='ocrx_word' id='word_1_230' title='bbox 620 1796 653 1833; x_wconf 88' lang='lat' dir='ltr'><strong>a</strong></span> <span class='ocrx_word' id='word_1_231' title='bbox 681 1779 953 1834; x_wconf 91' lang='lat' dir='ltr'><strong>comitatu</strong></span> <span class='ocrx_word' id='word_1_232' title='bbox 981 1782 1169 1833; x_wconf 90' lang='lat' dir='ltr'><strong>vestro</strong></span> <span class='ocrx_word' id='word_1_233' title='bbox 1213 1796 1327 1834; x_wconf 90' lang='lat' dir='ltr'><strong>non</strong></span> <span class='ocrx_word' id='word_1_234' title='bbox 1361 1780 1585 1834; x_wconf 90' lang='lat' dir='ltr'><strong>abesset</strong></span> <span class='ocrx_word' id='word_1_235' title='bbox 1610 1780 1805 1851; x_wconf 84' lang='lat' dir='ltr'><strong>exegi;</strong></span> <span class='ocrx_word' id='word_1_236' title='bbox 1838 1781 1997 1851; x_wconf 87' lang='lat' dir='ltr'><strong>cujus</strong></span> <span class='ocrx_word' id='word_1_237' title='bbox 2022 1797 2156 1852; x_wconf 88' lang='lat' dir='ltr'><strong>sug-</strong></span> 
     </span>
    </p>
   </div>
   <div class='ocr_carea' id='block_1_35' title="bbox 462 1867 2156 1945">
    <p class='ocr_par' dir='ltr' id='par_1_35' title="bbox 462 1867 2156 1945">
     <span class='ocr_line' id='line_1_35' title="bbox 462 1867 2156 1945; baseline 0.001 -17"><span class='ocrx_word' id='word_1_238' title='bbox 462 1867 480 1874; x_wconf 83' lang='grc'><em>’</em></span> <span class='ocrx_word' id='word_1_239' title='bbox 526 1873 813 1943; x_wconf 87' lang='lat' dir='ltr'><strong>gestiones</strong></span> <span class='ocrx_word' id='word_1_240' title='bbox 865 1890 967 1945; x_wconf 90' lang='lat' dir='ltr'><strong>pro</strong></span> <span class='ocrx_word' id='word_1_241' title='bbox 1025 1873 1333 1929; x_wconf 89' lang='lat' dir='ltr'><strong>concordia</strong></span> <span class='ocrx_word' id='word_1_242' title='bbox 1389 1874 1682 1929; x_wconf 67' lang='lat' dir='ltr'><strong>catholicas</strong></span> <span class='ocrx_word' id='word_1_243' title='bbox 1730 1873 1986 1943; x_wconf 89' lang='lat' dir='ltr'><strong>unitatis,</strong></span> <span class='ocrx_word' id='word_1_244' title='bbox 2026 1878 2156 1929; x_wconf 89' lang='lat' dir='ltr'><strong>tan-</strong></span> 
     </span>
    </p>
   </div>
   <div class='ocr_carea' id='block_1_36' title="bbox 523 1967 2161 2041">
    <p class='ocr_par' dir='ltr' id='par_1_36' title="bbox 523 1967 2161 2041">
     <span class='ocr_line' id='line_1_36' title="bbox 523 1967 2161 2041; baseline 0.001 -19"><span class='ocrx_word' id='word_1_245' title='bbox 523 1984 696 2039; x_wconf 83' lang='lat' dir='ltr'><strong>quam</strong></span> <span class='ocrx_word' id='word_1_246' title='bbox 727 1976 905 2022; x_wconf 79' lang='lat' dir='ltr'><strong>‘meas</strong></span> <span class='ocrx_word' id='word_1_247' title='bbox 960 1967 1158 2022; x_wconf 85' lang='lat' dir='ltr'><strong>audire</strong></span> <span class='ocrx_word' id='word_1_248' title='bbox 1212 1967 1553 2037; x_wconf 90' lang='lat' dir='ltr'><strong>dignemini,</strong></span> <span class='ocrx_word' id='word_1_249' title='bbox 1592 1968 1881 2038; x_wconf 90' lang='lat' dir='ltr'><strong>placentes</strong></span> <span class='ocrx_word' id='word_1_250' title='bbox 1921 1969 2030 2023; x_wconf 92' lang='lat' dir='ltr'><strong>Deo</strong></span> <span class='ocrx_word' id='word_1_251' title='bbox 2064 1969 2161 2041; x_wconf 91' lang='lat' dir='ltr'><strong>qui</strong></span> 
     </span>
    </p>
   </div>
   <div class='ocr_carea' id='block_1_37' title="bbox 524 2061 2160 2133">
    <p class='ocr_par' dir='ltr' id='par_1_37' title="bbox 524 2061 2160 2133">
     <span class='ocr_line' id='line_1_37' title="bbox 524 2061 2160 2133; baseline 0.001 -18"><span class='ocrx_word' id='word_1_252' title='bbox 524 2061 685 2116; x_wconf 87' lang='lat' dir='ltr'><strong>vobis</strong></span> <span class='ocrx_word' id='word_1_253' title='bbox 729 2064 943 2133; x_wconf 84' lang='lat' dir='ltr'><strong>praeter</strong></span> <span class='ocrx_word' id='word_1_254' title='bbox 984 2061 1202 2133; x_wconf 83' lang='lat' dir='ltr'><strong>regiam</strong></span> <span class='ocrx_word' id='word_1_255' title='bbox 1249 2078 1518 2117; x_wconf 88' lang='lat' dir='ltr'><strong>coronam</strong></span> <span class='ocrx_word' id='word_1_256' title='bbox 1550 2063 1724 2117; x_wconf 90' lang='lat' dir='ltr'><strong>etiam</strong></span> <span class='ocrx_word' id='word_1_257' title='bbox 1751 2063 2160 2118; x_wconf 89' lang='lat' dir='ltr'><strong>sacerdotalem</strong></span> 
     </span>
    </p>
   </div>
   <div class='ocr_carea' id='block_1_38' title="bbox 527 2155 2161 2227">
    <p class='ocr_par' dir='ltr' id='par_1_38' title="bbox 527 2155 2161 2227">
     <span class='ocr_line' id='line_1_38' title="bbox 527 2155 2161 2227; baseline 0.001 -18"><span class='ocrx_word' id='word_1_258' title='bbox 527 2155 782 2210; x_wconf 88' lang='lat' dir='ltr'><strong>conferat</strong></span> <span class='ocrx_word' id='word_1_259' title='bbox 806 2156 1078 2226; x_wconf 88' lang='lat' dir='ltr'><strong>palmam.</strong></span> <span class='ocrx_word' id='word_1_260' title='bbox 1109 2156 1254 2210; x_wconf 89' lang='lat' dir='ltr'><strong>Data</strong></span> <span class='ocrx_word' id='word_1_261' title='bbox 1280 2172 1336 2209; x_wconf 77' lang='lat' dir='ltr'><strong>vt</strong></span> <span class='ocrx_word' id='word_1_262' title='bbox 1369 2156 1495 2210; x_wconf 87' lang='lat' dir='ltr'><strong>Idus</strong></span> <span class='ocrx_word' id='word_1_263' title='bbox 1523 2155 1724 2223; x_wconf 86' lang='lat' dir='ltr'><strong>Martii,</strong></span> <span class='ocrx_word' id='word_1_264' title='bbox 1752 2156 2016 2227; x_wconf 90' lang='lat' dir='ltr'><strong>Opilione</strong></span> <span class='ocrx_word' id='word_1_265' title='bbox 2040 2157 2161 2211; x_wconf 89' lang='lat' dir='ltr'><strong>viro</strong></span> 
     </span>
    </p>
   </div>
   <div class='ocr_carea' id='block_1_39' title="bbox 528 2248 1025 2303">
    <p class='ocr_par' dir='ltr' id='par_1_39' title="bbox 528 2248 1025 2303">
     <span class='ocr_line' id='line_1_39' title="bbox 528 2248 1025 2303; baseline 0.002 -1"><span class='ocrx_word' id='word_1_266' title='bbox 528 2248 839 2303; x_wconf 84' lang='lat' dir='ltr'><strong>clarissimo</strong></span> <span class='ocrx_word' id='word_1_267' title='bbox 870 2266 1025 2303; x_wconf 91' lang='lat' dir='ltr'><strong>cons.</strong></span> 
     </span>
    </p>
   </div>
   <div class='ocr_carea' id='block_1_40' title="bbox 851 2343 1839 2413">
    <p class='ocr_par' dir='ltr' id='par_1_40' title="bbox 851 2343 1839 2413">
     <span class='ocr_line' id='line_1_40' title="bbox 851 2343 1839 2413; baseline 0 -16"><span class='ocrx_word' id='word_1_268' title='bbox 851 2343 1068 2397; x_wconf 86' lang='lat' dir='ltr'><strong>XXXVI.</strong></span> <span class='ocrx_word' id='word_1_269' title='bbox 1099 2373 1167 2382; x_wconf 92' lang='lat'><strong>-—</strong></span> <span class='ocrx_word' id='word_1_270' title='bbox 1198 2343 1289 2398; x_wconf 86' lang='lat' dir='ltr'><strong>Ad</strong></span> <span class='ocrx_word' id='word_1_271' title='bbox 1324 2343 1668 2398; x_wconf 79' lang='lat' dir='ltr'><strong>Pulcheriam</strong></span> <span class='ocrx_word' id='word_1_272' title='bbox 1695 2345 1839 2413; x_wconf 85' lang='lat' dir='ltr'><strong>Aug.</strong></span> 
     </span>
    </p>
   </div>
   <div class='ocr_carea' id='block_1_41' title="bbox 601 2436 1970 2507">
    <p class='ocr_par' dir='ltr' id='par_1_41' title="bbox 601 2436 1970 2507">
     <span class='ocr_line' id='line_1_41' title="bbox 601 2436 1970 2507; baseline -0.001 -14"><span class='ocrx_word' id='word_1_273' title='bbox 601 2440 710 2493; x_wconf 72' lang='lat' dir='ltr'><strong>Leo</strong></span> <span class='ocrx_word' id='word_1_274' title='bbox 744 2438 1064 2492; x_wconf 72' lang='lat' dir='ltr'><strong>Pomm-uua:</strong></span> <span class='ocrx_word' id='word_1_275' title='bbox 1091 2439 1365 2507; x_wconf 82' lang='lat' dir='ltr'><strong>Augustae</strong></span> <span class='ocrx_word' id='word_1_276' title='bbox 1394 2436 1465 2490; x_wconf 92' lang='lat' dir='ltr'><strong>de</strong></span> <span class='ocrx_word' id='word_1_277' title='bbox 1491 2436 1614 2492; x_wconf 87' lang='lat' dir='ltr'><strong>Etio</strong></span> <span class='ocrx_word' id='word_1_278' title='bbox 1643 2440 1700 2492; x_wconf 92' lang='lat' dir='ltr'><strong>et</strong></span> <span class='ocrx_word' id='word_1_279' title='bbox 1724 2438 1970 2493; x_wconf 87' lang='lat' dir='ltr'><strong>Andrea.</strong></span> 
     </span>
    </p>
   </div>
   <div class='ocr_carea' id='block_1_42' title="bbox 597 2530 2164 2602">
    <p class='ocr_par' dir='ltr' id='par_1_42' title="bbox 597 2530 2164 2602">
     <span class='ocr_line' id='line_1_42' title="bbox 597 2530 2164 2602; baseline -0.001 -16"><span class='ocrx_word' id='word_1_280' title='bbox 597 2531 782 2586; x_wconf 85' lang='lat' dir='ltr'><strong>Multis</strong></span> <span class='ocrx_word' id='word_1_281' title='bbox 809 2530 1162 2585; x_wconf 83' lang='lat' dir='ltr'><strong>exstantibus</strong></span> <span class='ocrx_word' id='word_1_282' title='bbox 1200 2530 1555 2585; x_wconf 89' lang='lat' dir='ltr'><strong>documentis</strong></span> <span class='ocrx_word' id='word_1_283' title='bbox 1582 2530 1785 2602; x_wconf 90' lang='lat' dir='ltr'><strong>quibus</strong></span> <span class='ocrx_word' id='word_1_284' title='bbox 1819 2531 1877 2586; x_wconf 91' lang='lat' dir='ltr'><strong>in</strong></span> <span class='ocrx_word' id='word_1_285' title='bbox 1914 2531 2164 2586; x_wconf 87' lang='lat' dir='ltr'><strong>dilectio-</strong></span> 
     </span>
    </p>
   </div>
   <div class='ocr_carea' id='block_1_43' title="bbox 530 2624 2162 2695">
    <p class='ocr_par' dir='ltr' id='par_1_43' title="bbox 530 2624 2162 2695">
     <span class='ocr_line' id='line_1_43' title="bbox 530 2624 2162 2695; baseline 0 -16"><span class='ocrx_word' id='word_1_286' title='bbox 530 2642 665 2681; x_wconf 91' lang='lat' dir='ltr'><strong>nem</strong></span> <span class='ocrx_word' id='word_1_287' title='bbox 700 2625 958 2679; x_wconf 77' lang='lat' dir='ltr'><strong>Ecclesiae</strong></span> <span class='ocrx_word' id='word_1_288' title='bbox 987 2624 1084 2679; x_wconf 88' lang='lat' dir='ltr'><strong>Dei</strong></span> <span class='ocrx_word' id='word_1_289' title='bbox 1112 2624 1336 2695; x_wconf 89' lang='lat' dir='ltr'><strong>pietatis</strong></span> <span class='ocrx_word' id='word_1_290' title='bbox 1371 2628 1573 2679; x_wconf 69' lang='lat' dir='ltr'><strong>vestras</strong></span> <span class='ocrx_word' id='word_1_291' title='bbox 1605 2625 2000 2680; x_wconf 87' lang='lat' dir='ltr'><strong>manifestatur</strong></span> <span class='ocrx_word' id='word_1_292' title='bbox 2026 2624 2162 2679; x_wconf 77' lang='lat' dir='ltr'><strong>affe-</strong></span> 
     </span>
    </p>
   </div>
   <div class='ocr_carea' id='block_1_44' title="bbox 526 2718 2161 2789">
    <p class='ocr_par' dir='ltr' id='par_1_44' title="bbox 526 2718 2161 2789">
     <span class='ocr_line' id='line_1_44' title="bbox 526 2718 2161 2789; baseline 0 -17"><span class='ocrx_word' id='word_1_293' title='bbox 526 2720 659 2788; x_wconf 87' lang='lat' dir='ltr'><strong>ctio,</strong></span> <span class='ocrx_word' id='word_1_294' title='bbox 693 2719 901 2773; x_wconf 88' lang='lat' dir='ltr'><strong>merito</strong></span> <span class='ocrx_word' id='word_1_295' title='bbox 944 2718 1165 2789; x_wconf 92' lang='lat' dir='ltr'><strong>quoties</strong></span> <span class='ocrx_word' id='word_1_296' title='bbox 1205 2718 1423 2789; x_wconf 90' lang='lat' dir='ltr'><strong>aliquid</strong></span> <span class='ocrx_word' id='word_1_297' title='bbox 1458 2719 1714 2774; x_wconf 88' lang='lat' dir='ltr'><strong>noscitur</strong></span> <span class='ocrx_word' id='word_1_298' title='bbox 1740 2719 2161 2787; x_wconf 89' lang='lat' dir='ltr'><strong>scandalorum,</strong></span> 
     </span>
    </p>
   </div>
   <div class='ocr_carea' id='block_1_45' title="bbox 528 2811 2166 2882">
    <p class='ocr_par' dir='ltr' id='par_1_45' title="bbox 528 2811 2166 2882">
     <span class='ocr_line' id='line_1_45' title="bbox 528 2811 2166 2882; baseline 0.001 -17"><span class='ocrx_word' id='word_1_299' title='bbox 528 2816 782 2868; x_wconf 87' lang='lat' dir='ltr'><strong>vestrum</strong></span> <span class='ocrx_word' id='word_1_300' title='bbox 808 2811 1166 2867; x_wconf 87' lang='lat' dir='ltr'><strong>desideratur</strong></span> <span class='ocrx_word' id='word_1_301' title='bbox 1194 2811 1498 2881; x_wconf 84' lang='lat' dir='ltr'><strong>auxilium,</strong></span> <span class='ocrx_word' id='word_1_302' title='bbox 1517 2811 1741 2866; x_wconf 85' lang='lat' dir='ltr'><strong>utﬁdes</strong></span> <span class='ocrx_word' id='word_1_303' title='bbox 1761 2829 1889 2882; x_wconf 65' lang='lat' dir='ltr'><strong>quae</strong></span> <span class='ocrx_word' id='word_1_304' title='bbox 1908 2811 2166 2867; x_wconf 86' lang='lat' dir='ltr'><strong>adniten-</strong></span> 
     </span>
    </p>
   </div>
   <div class='ocr_carea' id='block_1_46' title="bbox 530 2904 2166 2962">
    <p class='ocr_par' dir='ltr' id='par_1_46' title="bbox 530 2904 2166 2962">
     <span class='ocr_line' id='line_1_46' title="bbox 530 2904 2166 2962; baseline 0 -3"><span class='ocrx_word' id='word_1_305' title='bbox 530 2906 680 2962; x_wconf 83' lang='lat' dir='ltr'><strong>tibus</strong></span> <span class='ocrx_word' id='word_1_306' title='bbox 706 2905 866 2961; x_wconf 89' lang='lat' dir='ltr'><strong>vobis</strong></span> <span class='ocrx_word' id='word_1_307' title='bbox 908 2911 1108 2960; x_wconf 90' lang='lat' dir='ltr'><strong>contra</strong></span> <span class='ocrx_word' id='word_1_308' title='bbox 1136 2904 1541 2960; x_wconf 78' lang='lat' dir='ltr'><strong>haereticorum</strong></span> <span class='ocrx_word' id='word_1_309' title='bbox 1575 2910 1903 2960; x_wconf 89' lang='lat' dir='ltr'><strong>commenta</strong></span> <span class='ocrx_word' id='word_1_310' title='bbox 1934 2905 2166 2960; x_wconf 91' lang='lat' dir='ltr'><strong>defensa</strong></span> 
     </span>
    </p>
   </div>
   <div class='ocr_carea' id='block_1_47' title="bbox 527 2999 2162 3070">
    <p class='ocr_par' dir='ltr' id='par_1_47' title="bbox 527 2999 2162 3070">
     <span class='ocr_line' id='line_1_47' title="bbox 527 2999 2162 3070; baseline 0.001 -17"><span class='ocrx_word' id='word_1_311' title='bbox 527 3007 630 3067; x_wconf 87' lang='lat' dir='ltr'><strong>est,</strong></span> <span class='ocrx_word' id='word_1_312' title='bbox 647 3017 864 3055; x_wconf 75' lang='lat' dir='ltr'><strong>securae</strong></span> <span class='ocrx_word' id='word_1_313' title='bbox 886 2999 1038 3070; x_wconf 88' lang='lat' dir='ltr'><strong>pacis</strong></span> <span class='ocrx_word' id='word_1_314' title='bbox 1058 3003 1357 3070; x_wconf 89' lang='lat' dir='ltr'><strong>perpetem</strong></span> <span class='ocrx_word' id='word_1_315' title='bbox 1374 2999 1633 3054; x_wconf 87' lang='lat' dir='ltr'><strong>obtineat</strong></span> <span class='ocrx_word' id='word_1_316' title='bbox 1648 2999 1999 3055; x_wconf 83' lang='lat' dir='ltr'><strong>firmitatem.</strong></span> <span class='ocrx_word' id='word_1_317' title='bbox 2022 3002 2162 3055; x_wconf 86' lang='lat' dir='ltr'><strong>Nam</strong></span> 
     </span>
    </p>
   </div>
   <div class='ocr_carea' id='block_1_48' title="bbox 528 3092 2161 3166">
    <p class='ocr_par' dir='ltr' id='par_1_48' title="bbox 528 3092 2161 3166">
     <span class='ocr_line' id='line_1_48' title="bbox 528 3092 2161 3166; baseline 0.001 -18"><span class='ocrx_word' id='word_1_318' title='bbox 528 3094 666 3165; x_wconf 88' lang='lat' dir='ltr'><strong>quid</strong></span> <span class='ocrx_word' id='word_1_319' title='bbox 714 3094 948 3166; x_wconf 87' lang='lat' dir='ltr'><strong>prodest</strong></span> <span class='ocrx_word' id='word_1_320' title='bbox 988 3093 1127 3147; x_wconf 92' lang='lat' dir='ltr'><strong>foris</strong></span> <span class='ocrx_word' id='word_1_321' title='bbox 1168 3092 1516 3148; x_wconf 88' lang='lat' dir='ltr'><strong>adversarios</strong></span> <span class='ocrx_word' id='word_1_322' title='bbox 1555 3093 1808 3149; x_wconf 88' lang='lat' dir='ltr'><strong>veritatis</strong></span> <span class='ocrx_word' id='word_1_323' title='bbox 1837 3110 2161 3166; x_wconf 89' lang='lat' dir='ltr'><strong>oppressos,</strong></span> 
     </span>
    </p>
   </div>
   <div class='ocr_carea' id='block_1_49' title="bbox 528 3186 2162 3259">
    <p class='ocr_par' dir='ltr' id='par_1_49' title="bbox 528 3186 2162 3259">
     <span class='ocr_line' id='line_1_49' title="bbox 528 3186 2162 3259; baseline 0.001 -19"><span class='ocrx_word' id='word_1_324' title='bbox 528 3189 573 3241; x_wconf 89' lang='lat' dir='ltr'><strong>si</strong></span> <span class='ocrx_word' id='word_1_325' title='bbox 601 3188 834 3242; x_wconf 91' lang='lat' dir='ltr'><strong>eosdem</strong></span> <span class='ocrx_word' id='word_1_326' title='bbox 878 3186 1193 3242; x_wconf 90' lang='lat' dir='ltr'><strong>habeamus</strong></span> <span class='ocrx_word' id='word_1_327' title='bbox 1236 3187 1389 3241; x_wconf 90' lang='lat' dir='ltr'><strong>intra</strong></span> <span class='ocrx_word' id='word_1_328' title='bbox 1434 3186 1731 3242; x_wconf 89' lang='lat' dir='ltr'><strong>Dominica</strong></span> <span class='ocrx_word' id='word_1_329' title='bbox 1765 3191 1925 3259; x_wconf 91' lang='lat' dir='ltr'><strong>septa</strong></span> <span class='ocrx_word' id='word_1_330' title='bbox 1952 3188 2162 3243; x_wconf 88' lang='lat' dir='ltr'><strong>redivi—</strong></span> 
     </span>
    </p>
   </div>
   <div class='ocr_carea' id='block_1_50' title="bbox 528 3280 2162 3353">
    <p class='ocr_par' dir='ltr' id='par_1_50' title="bbox 528 3280 2162 3353">
     <span class='ocr_line' id='line_1_50' title="bbox 528 3280 2162 3353; baseline 0.001 -19"><span class='ocrx_word' id='word_1_331' title='bbox 528 3283 661 3335; x_wconf 85' lang='lat' dir='ltr'><strong>vos?</strong></span> <span class='ocrx_word' id='word_1_332' title='bbox 686 3280 846 3345; x_wconf 87' lang='lat' dir='ltr'><strong>Quod</strong></span> <span class='ocrx_word' id='word_1_333' title='bbox 877 3280 1070 3353; x_wconf 91' lang='lat' dir='ltr'><strong>itaque</strong></span> <span class='ocrx_word' id='word_1_334' title='bbox 1097 3281 1245 3335; x_wconf 89' lang='lat' dir='ltr'><strong>circa</strong></span> <span class='ocrx_word' id='word_1_335' title='bbox 1279 3296 1581 3352; x_wconf 90' lang='lat' dir='ltr'><strong>personam</strong></span> <span class='ocrx_word' id='word_1_336' title='bbox 1616 3281 1717 3335; x_wconf 84' lang='lat' dir='ltr'><strong>ﬁlii</strong></span> <span class='ocrx_word' id='word_1_337' title='bbox 1750 3281 1864 3336; x_wconf 91' lang='lat' dir='ltr'><strong>mei</strong></span> <span class='ocrx_word' id='word_1_338' title='bbox 1900 3281 2007 3336; x_wconf 88' lang='lat' dir='ltr'><strong>Etii</strong></span> <span class='ocrx_word' id='word_1_339' title='bbox 2036 3298 2162 3353; x_wconf 87' lang='lat' dir='ltr'><strong>ges-</strong></span> 
     </span>
    </p>
   </div>
   <div class='ocr_carea' id='block_1_51' title="bbox 530 3374 2167 3447">
    <p class='ocr_par' dir='ltr' id='par_1_51' title="bbox 530 3374 2167 3447">
     <span class='ocr_line' id='line_1_51' title="bbox 530 3374 2167 3447; baseline 0.001 -17"><span class='ocrx_word' id='word_1_340' title='bbox 530 3381 656 3430; x_wconf 90' lang='lat' dir='ltr'><strong>tum</strong></span> <span class='ocrx_word' id='word_1_341' title='bbox 718 3392 840 3429; x_wconf 84' lang='lat' dir='ltr'><strong>esse</strong></span> <span class='ocrx_word' id='word_1_342' title='bbox 890 3374 1153 3447; x_wconf 88' lang='lat' dir='ltr'><strong>cognovi,</strong></span> <span class='ocrx_word' id='word_1_343' title='bbox 1196 3374 1442 3429; x_wconf 89' lang='lat' dir='ltr'><strong>nimium</strong></span> <span class='ocrx_word' id='word_1_344' title='bbox 1485 3391 1579 3428; x_wconf 92' lang='lat' dir='ltr'><strong>me</strong></span> <span class='ocrx_word' id='word_1_345' title='bbox 1626 3376 1863 3430; x_wconf 85' lang='lat' dir='ltr'><strong>anxium</strong></span> <span class='ocrx_word' id='word_1_346' title='bbox 1923 3375 2077 3445; x_wconf 88' lang='lat' dir='ltr'><strong>facit,</strong></span> <span class='ocrx_word' id='word_1_347' title='bbox 2110 3381 2167 3432; x_wconf 89' lang='lat' dir='ltr'><strong>et</strong></span> 
     </span>
    </p>
   </div>
   <div class='ocr_carea' id='block_1_52' title="bbox 528 3468 2165 3540">
    <p class='ocr_par' dir='ltr' id='par_1_52' title="bbox 528 3468 2165 3540">
     <span class='ocr_line' id='line_1_52' title="bbox 528 3468 2165 3540; baseline 0.001 -16"><span class='ocrx_word' id='word_1_348' title='bbox 528 3473 790 3525; x_wconf 89' lang='lat' dir='ltr'><strong>metuere</strong></span> <span class='ocrx_word' id='word_1_349' title='bbox 841 3473 997 3524; x_wconf 86' lang='lat' dir='ltr'><strong>certa</strong></span> <span class='ocrx_word' id='word_1_350' title='bbox 1042 3468 1261 3523; x_wconf 90' lang='lat' dir='ltr'><strong>ratione</strong></span> <span class='ocrx_word' id='word_1_351' title='bbox 1304 3468 1616 3540; x_wconf 88' lang='lat' dir='ltr'><strong>compellit,</strong></span> <span class='ocrx_word' id='word_1_352' title='bbox 1654 3486 1727 3523; x_wconf 89' lang='lat' dir='ltr'><strong>ne</strong></span> <span class='ocrx_word' id='word_1_353' title='bbox 1774 3470 2165 3540; x_wconf 81' lang='lat' dir='ltr'><strong>paenitendum</strong></span> 
     </span>
    </p>
   </div>
   <div class='ocr_carea' id='block_1_53' title="bbox 532 3562 2165 3635">
    <p class='ocr_par' dir='ltr' id='par_1_53' title="bbox 532 3562 2165 3635">
     <span class='ocr_line' id='line_1_53' title="bbox 532 3562 2165 3635; baseline -0.001 -16"><span class='ocrx_word' id='word_1_354' title='bbox 532 3563 678 3619; x_wconf 89' lang='lat' dir='ltr'><strong>mihi</strong></span> <span class='ocrx_word' id='word_1_355' title='bbox 717 3564 788 3617; x_wconf 91' lang='lat' dir='ltr'><strong>sit</strong></span> <span class='ocrx_word' id='word_1_356' title='bbox 814 3563 964 3634; x_wconf 91' lang='lat' dir='ltr'><strong>quod</strong></span> <span class='ocrx_word' id='word_1_357' title='bbox 990 3563 1059 3618; x_wconf 90' lang='lat' dir='ltr'><strong>de</strong></span> <span class='ocrx_word' id='word_1_358' title='bbox 1087 3562 1353 3634; x_wconf 90' lang='lat' dir='ltr'><strong>episcopo</strong></span> <span class='ocrx_word' id='word_1_359' title='bbox 1388 3563 2036 3634; x_wconf 81' lang='lat' dir='ltr'><strong>ConstantinOpolitano,</strong></span> <span class='ocrx_word' id='word_1_360' title='bbox 2067 3564 2165 3635; x_wconf 92' lang='lat' dir='ltr'><strong>qui</strong></span> 
     </span>
    </p>
   </div>
   <div class='ocr_carea' id='block_1_54' title="bbox 530 3656 2167 3728">
    <p class='ocr_par' dir='ltr' id='par_1_54' title="bbox 530 3656 2167 3728">
     <span class='ocr_line' id='line_1_54' title="bbox 530 3656 2167 3728; baseline -0.001 -16"><span class='ocrx_word' id='word_1_361' title='bbox 530 3659 599 3712; x_wconf 86' lang='lat' dir='ltr'><strong>ab</strong></span> <span class='ocrx_word' id='word_1_362' title='bbox 656 3656 1155 3728; x_wconf 88' lang='lat' dir='ltr'><strong>impugnatoribus</strong></span> <span class='ocrx_word' id='word_1_363' title='bbox 1208 3657 1396 3711; x_wconf 82' lang='lat' dir='ltr'><strong>fuerat</strong></span> <span class='ocrx_word' id='word_1_364' title='bbox 1450 3656 1740 3712; x_wconf 87' lang='lat' dir='ltr'><strong>ordinatus</strong></span> <span class='ocrx_word' id='word_1_365' title='bbox 1787 3657 1919 3713; x_wconf 85' lang='lat' dir='ltr'><strong>fidei</strong></span> <span class='ocrx_word' id='word_1_366' title='bbox 1947 3700 1960 3726; x_wconf 90' lang='lat'><strong>,</strong></span> <span class='ocrx_word' id='word_1_367' title='bbox 2005 3657 2167 3713; x_wconf 89' lang='lat' dir='ltr'><strong>vobis</strong></span> 
     </span>
    </p>
   </div>
   <div class='ocr_carea' id='block_1_55' title="bbox 533 3750 2166 3822">
    <p class='ocr_par' dir='ltr' id='par_1_55' title="bbox 533 3750 2166 3822">
     <span class='ocr_line' id='line_1_55' title="bbox 533 3750 2166 3822; baseline -0.001 -15"><span class='ocrx_word' id='word_1_368' title='bbox 533 3750 970 3807; x_wconf 81' lang='lat' dir='ltr'><strong>adhortantibus</strong></span> <span class='ocrx_word' id='word_1_369' title='bbox 1014 3750 1271 3822; x_wconf 89' lang='lat' dir='ltr'><strong>acquievi</strong></span> <span class='ocrx_word' id='word_1_370' title='bbox 1313 3750 1552 3805; x_wconf 90' lang='lat' dir='ltr'><strong>meliora</strong></span> <span class='ocrx_word' id='word_1_371' title='bbox 1597 3750 1810 3806; x_wconf 89' lang='lat' dir='ltr'><strong>sentire</strong></span> <span class='ocrx_word' id='word_1_372' title='bbox 1846 3768 1974 3805; x_wconf 90' lang='lat' dir='ltr'><strong>cum</strong></span> <span class='ocrx_word' id='word_1_373' title='bbox 2010 3755 2166 3806; x_wconf 83' lang='lat' dir='ltr'><strong>tanto</strong></span> 
     </span>
    </p>
   </div>
   <div class='ocr_carea' id='block_1_56' title="bbox 532 3844 2163 3917">
    <p class='ocr_par' dir='ltr' id='par_1_56' title="bbox 532 3844 2163 3917">
     <span class='ocr_line' id='line_1_56' title="bbox 532 3844 2163 3917; baseline -0.002 -16"><span class='ocrx_word' id='word_1_374' title='bbox 532 3845 759 3917; x_wconf 88' lang='lat' dir='ltr'><strong>pietatis</strong></span> <span class='ocrx_word' id='word_1_375' title='bbox 781 3848 977 3900; x_wconf 63' lang='lat' dir='ltr'><strong>vestras</strong></span> <span class='ocrx_word' id='word_1_376' title='bbox 996 3844 1330 3900; x_wconf 87' lang='lat' dir='ltr'><strong>testimonio</strong></span> <span class='ocrx_word' id='word_1_377' title='bbox 1352 3844 1668 3915; x_wconf 87' lang='lat' dir='ltr'><strong>juvaretur,</strong></span> <span class='ocrx_word' id='word_1_378' title='bbox 1696 3860 1766 3899; x_wconf 91' lang='lat' dir='ltr'><strong>ne</strong></span> <span class='ocrx_word' id='word_1_379' title='bbox 1786 3845 1947 3900; x_wconf 90' lang='lat' dir='ltr'><strong>illum</strong></span> <span class='ocrx_word' id='word_1_380' title='bbox 1970 3862 2163 3917; x_wconf 87' lang='lat' dir='ltr'><strong>grava-</strong></span> 
     </span>
    </p>
   </div>
   <div class='ocr_carea' id='block_1_57' title="bbox 530 3937 2168 4007">
    <p class='ocr_par' dir='ltr' id='par_1_57' title="bbox 530 3937 2168 4007">
     <span class='ocr_line' id='line_1_57' title="bbox 530 3937 2168 4007; baseline 0 -13"><span class='ocrx_word' id='word_1_381' title='bbox 530 3944 625 3995; x_wconf 77' lang='lat' dir='ltr'><strong>ret.</strong></span> <span class='ocrx_word' id='word_1_382' title='bbox 655 3956 771 3994; x_wconf 77' lang='lat' dir='ltr'><strong>suae</strong></span> <span class='ocrx_word' id='word_1_383' title='bbox 808 3939 1180 3994; x_wconf 88' lang='lat' dir='ltr'><strong>ordinationis</strong></span> <span class='ocrx_word' id='word_1_384' title='bbox 1218 3938 1535 4007; x_wconf 82' lang='lat' dir='ltr'><strong>infirmitas,</strong></span> <span class='ocrx_word' id='word_1_385' title='bbox 1554 3937 1651 3993; x_wconf 91' lang='lat' dir='ltr'><strong>ubi</strong></span> <span class='ocrx_word' id='word_1_386' title='bbox 1678 3942 1862 3993; x_wconf 91' lang='lat' dir='ltr'><strong>vestra</strong></span> <span class='ocrx_word' id='word_1_387' title='bbox 1887 3939 2168 3994; x_wconf 88' lang='lat' dir='ltr'><strong>interven-</strong></span> 
     </span>
    </p>
   </div>
   <div class='ocr_carea' id='block_1_58' title="bbox 528 4032 2167 4106">
    <p class='ocr_par' dir='ltr' id='par_1_58' title="bbox 528 4032 2167 4106">
     <span class='ocr_line' id='line_1_58' title="bbox 528 4032 2167 4106; baseline -0.001 -17"><span class='ocrx_word' id='word_1_388' title='bbox 528 4035 608 4089; x_wconf 91' lang='lat' dir='ltr'><strong>tio</strong></span> <span class='ocrx_word' id='word_1_389' title='bbox 624 4035 1017 4106; x_wconf 76' lang='lat' dir='ltr'><strong>praestaretur.</strong></span> <span class='ocrx_word' id='word_1_390' title='bbox 1038 4033 1196 4087; x_wconf 88' lang='lat' dir='ltr'><strong>Unde</strong></span> <span class='ocrx_word' id='word_1_391' title='bbox 1218 4032 1491 4103; x_wconf 89' lang='lat' dir='ltr'><strong>gratulari</strong></span> <span class='ocrx_word' id='word_1_392' title='bbox 1521 4049 1826 4103; x_wconf 62' lang='lat' dir='ltr'><strong>coeperam,</strong></span> <span class='ocrx_word' id='word_1_393' title='bbox 1844 4033 1998 4104; x_wconf 92' lang='lat' dir='ltr'><strong>quod</strong></span> <span class='ocrx_word' id='word_1_394' title='bbox 2017 4032 2167 4087; x_wconf 82' lang='lat' dir='ltr'><strong>beati</strong></span> 
     </span>
    </p>
   </div>
   <div class='ocr_carea' id='block_1_59' title="bbox 536 4126 2166 4195">
    <p class='ocr_par' dir='ltr' id='par_1_59' title="bbox 536 4126 2166 4195">
     <span class='ocr_line' id='line_1_59' title="bbox 536 4126 2166 4195; baseline -0.001 -13"><span class='ocrx_word' id='word_1_395' title='bbox 536 4126 783 4182; x_wconf 86' lang='lat' dir='ltr'><strong>Flaviani</strong></span> <span class='ocrx_word' id='word_1_396' title='bbox 822 4127 1129 4181; x_wconf 89' lang='lat' dir='ltr'><strong>honoraret</strong></span> <span class='ocrx_word' id='word_1_397' title='bbox 1172 4126 1530 4195; x_wconf 88' lang='lat' dir='ltr'><strong>memoriam,</strong></span> <span class='ocrx_word' id='word_1_398' title='bbox 1562 4131 1619 4181; x_wconf 84' lang='lat' dir='ltr'><strong>et</strong></span> <span class='ocrx_word' id='word_1_399' title='bbox 1649 4126 2046 4181; x_wconf 72' lang='lat' dir='ltr'><strong>haereticorum</strong></span> <span class='ocrx_word' id='word_1_400' title='bbox 2074 4144 2166 4181; x_wconf 90' lang='lat' dir='ltr'><strong>co-</strong></span> 
     </span>
    </p>
   </div>
   <div class='ocr_carea' id='block_1_60' title="bbox 532 4219 2170 4288">
    <p class='ocr_par' dir='ltr' id='par_1_60' title="bbox 532 4219 2170 4288">
     <span class='ocr_line' id='line_1_60' title="bbox 532 4219 2170 4288; baseline -0.001 -13"><span class='ocrx_word' id='word_1_401' title='bbox 532 4220 759 4275; x_wconf 90' lang='lat' dir='ltr'><strong>natibus</strong></span> <span class='ocrx_word' id='word_1_402' title='bbox 804 4219 1076 4274; x_wconf 87' lang='lat' dir='ltr'><strong>obsistere</strong></span> <span class='ocrx_word' id='word_1_403' title='bbox 1117 4219 1422 4275; x_wconf 89' lang='lat' dir='ltr'><strong>diceretur.</strong></span> <span class='ocrx_word' id='word_1_404' title='bbox 1457 4220 1568 4275; x_wconf 92' lang='lat' dir='ltr'><strong>Sed</strong></span> <span class='ocrx_word' id='word_1_405' title='bbox 1610 4220 1773 4274; x_wconf 90' lang='lat' dir='ltr'><strong>doleo</strong></span> <span class='ocrx_word' id='word_1_406' title='bbox 1812 4220 1993 4288; x_wconf 91' lang='lat' dir='ltr'><strong>illum,</strong></span> <span class='ocrx_word' id='word_1_407' title='bbox 2027 4220 2170 4274; x_wconf 90' lang='lat' dir='ltr'><strong>sicut</strong></span> 
     </span>
    </p>
   </div>
   <div class='ocr_carea' id='block_1_61' title="bbox 536 4312 2165 4385">
    <p class='ocr_par' dir='ltr' id='par_1_61' title="bbox 536 4312 2165 4385">
     <span class='ocr_line' id='line_1_61' title="bbox 536 4312 2165 4385; baseline 0 -18"><span class='ocrx_word' id='word_1_408' title='bbox 536 4313 794 4385; x_wconf 67' lang='lat' dir='ltr'><strong>prmdicti</strong></span> <span class='ocrx_word' id='word_1_409' title='bbox 820 4312 1201 4384; x_wconf 87' lang='lat' dir='ltr'><strong>lacrymabilis</strong></span> <span class='ocrx_word' id='word_1_410' title='bbox 1241 4314 1472 4384; x_wconf 89' lang='lat' dir='ltr'><strong>querela</strong></span> <span class='ocrx_word' id='word_1_411' title='bbox 1516 4314 1887 4380; x_wconf 87' lang='lat' dir='ltr'><strong>demonstrat,</strong></span> <span class='ocrx_word' id='word_1_412' title='bbox 1920 4313 1977 4367; x_wconf 89' lang='lat' dir='ltr'><strong>in</strong></span> <span class='ocrx_word' id='word_1_413' title='bbox 2009 4315 2165 4369; x_wconf 90' lang='lat' dir='ltr'><strong>dete-</strong></span> 
     </span>
    </p>
   </div>
   <div class='ocr_carea' id='block_1_62' title="bbox 2186 3043 2241 3118">
    <p class='ocr_par' dir='ltr' id='par_1_62' title="bbox 2186 3043 2241 3118">
     <span class='ocr_line' id='line_1_62' title="bbox 2186 3043 2241 3118; baseline 0 -2"><span class='ocrx_word' id='word_1_414' title='bbox 2186 3043 2241 3118; x_wconf 89' lang='lat' dir='ltr'><strong><em>C</em></strong></span> 
     </span>
    </p>
   </div>
   <div class='ocr_carea' id='block_1_63' title="bbox 2697 1780 3444 1837">
    <p class='ocr_par' dir='ltr' id='par_1_63' title="bbox 2697 1780 3444 1837">
     <span class='ocr_line' id='line_1_63' title="bbox 2697 1780 3444 1837; baseline 0.001 -3"><span class='ocrx_word' id='word_1_415' title='bbox 2697 1781 2935 1836; x_wconf 83' lang='lat' dir='ltr'><strong>XXXVII.</strong></span> <span class='ocrx_word' id='word_1_416' title='bbox 2964 1813 3029 1822; x_wconf 89' lang='lat'><strong><em>—</em></strong></span> <span class='ocrx_word' id='word_1_417' title='bbox 3058 1780 3153 1836; x_wconf 85' lang='lat' dir='ltr'><strong>Ad</strong></span> <span class='ocrx_word' id='word_1_418' title='bbox 3180 1782 3444 1837; x_wconf 82' lang='lat' dir='ltr'><strong>eamdem.</strong></span> 
     </span>
    </p>
   </div>
   <div class='ocr_carea' id='block_1_64' title="bbox 2336 1875 3447 1947">
    <p class='ocr_par' dir='ltr' id='par_1_64' title="bbox 2336 1875 3447 1947">
     <span class='ocr_line' id='line_1_64' title="bbox 2336 1875 3447 1947; baseline 0.001 -18"><span class='ocrx_word' id='word_1_419' title='bbox 2336 1876 2444 1929; x_wconf 69' lang='lat' dir='ltr'><strong>Leo</strong></span> <span class='ocrx_word' id='word_1_420' title='bbox 2475 1875 2776 1947; x_wconf 89' lang='lat' dir='ltr'><strong>episc0pus</strong></span> <span class='ocrx_word' id='word_1_421' title='bbox 2801 1876 3126 1930; x_wconf 71' lang='lat' dir='ltr'><strong>PULcuanm</strong></span> <span class='ocrx_word' id='word_1_422' title='bbox 3150 1877 3447 1947; x_wconf 70' lang='lat' dir='ltr'><strong>Augustae.</strong></span> 
     </span>
    </p>
   </div>
   <div class='ocr_carea' id='block_1_65' title="bbox 2334 1969 3820 2041">
    <p class='ocr_par' dir='ltr' id='par_1_65' title="bbox 2334 1969 3820 2041">
     <span class='ocr_line' id='line_1_65' title="bbox 2334 1969 3820 2041; baseline -0.001 -16"><span class='ocrx_word' id='word_1_423' title='bbox 2334 1969 2488 2034; x_wconf 88' lang='lat' dir='ltr'><strong>Quod</strong></span> <span class='ocrx_word' id='word_1_424' title='bbox 2513 1986 2743 2041; x_wconf 89' lang='lat' dir='ltr'><strong>semper</strong></span> <span class='ocrx_word' id='word_1_425' title='bbox 2756 1969 2825 2025; x_wconf 89' lang='lat' dir='ltr'><strong>de</strong></span> <span class='ocrx_word' id='word_1_426' title='bbox 2842 1969 3074 2041; x_wconf 87' lang='lat' dir='ltr'><strong>pietatis</strong></span> <span class='ocrx_word' id='word_1_427' title='bbox 3089 1974 3293 2025; x_wconf 74' lang='lat' dir='ltr'><strong>vestrae</strong></span> <span class='ocrx_word' id='word_1_428' title='bbox 3314 1973 3510 2025; x_wconf 86' lang='lat' dir='ltr'><strong>mente</strong></span> <span class='ocrx_word' id='word_1_429' title='bbox 3531 1969 3820 2041; x_wconf 63' lang='lat' dir='ltr'><strong>praesumpsi-</strong></span> 
     </span>
    </p>
   </div>
   <div class='ocr_carea' id='block_1_66' title="bbox 2263 2063 3819 2134">
    <p class='ocr_par' dir='ltr' id='par_1_66' title="bbox 2263 2063 3819 2134">
     <span class='ocr_line' id='line_1_66' title="bbox 2263 2063 3819 2134; baseline 0.001 -17"><span class='ocrx_word' id='word_1_430' title='bbox 2263 2081 2408 2132; x_wconf 89' lang='lat' dir='ltr'><strong>mus,</strong></span> <span class='ocrx_word' id='word_1_431' title='bbox 2426 2064 2481 2117; x_wconf 91' lang='lat' dir='ltr'><strong>id</strong></span> <span class='ocrx_word' id='word_1_432' title='bbox 2504 2063 2827 2134; x_wconf 89' lang='lat' dir='ltr'><strong>plenissime</strong></span> <span class='ocrx_word' id='word_1_433' title='bbox 2849 2063 3194 2134; x_wconf 86' lang='lat' dir='ltr'><strong>experiendo</strong></span> <span class='ocrx_word' id='word_1_434' title='bbox 3207 2063 3593 2133; x_wconf 85' lang='lat' dir='ltr'><strong>cognovimus,</strong></span> <span class='ocrx_word' id='word_1_435' title='bbox 3613 2064 3819 2119; x_wconf 83' lang='lat' dir='ltr'><strong>Christia-</strong></span> 
     </span>
    </p>
   </div>
   <div class='ocr_carea' id='block_1_67' title="bbox 2264 2157 3826 2229">
    <p class='ocr_par' dir='ltr' id='par_1_67' title="bbox 2264 2157 3826 2229">
     <span class='ocr_line' id='line_1_67' title="bbox 2264 2157 3826 2229; baseline -0.001 -18"><span class='ocrx_word' id='word_1_436' title='bbox 2264 2174 2396 2211; x_wconf 89' lang='lat' dir='ltr'><strong>nam</strong></span> <span class='ocrx_word' id='word_1_437' title='bbox 2437 2157 2608 2211; x_wconf 87' lang='lat' dir='ltr'><strong>ﬁdem</strong></span> <span class='ocrx_word' id='word_1_438' title='bbox 2638 2157 2901 2229; x_wconf 88' lang='lat' dir='ltr'><strong>quamvis</strong></span> <span class='ocrx_word' id='word_1_439' title='bbox 2925 2157 3160 2212; x_wconf 84' lang='lat' dir='ltr'><strong>diversis</strong></span> <span class='ocrx_word' id='word_1_440' title='bbox 3190 2174 3501 2229; x_wconf 88' lang='lat' dir='ltr'><strong>pravorum</strong></span> <span class='ocrx_word' id='word_1_441' title='bbox 3533 2160 3826 2229; x_wconf 88' lang='lat' dir='ltr'><strong>appeteretur</strong></span> 
     </span>
    </p>
   </div>
   <div class='ocr_carea' id='block_1_68' title="bbox 2264 2250 3822 2323">
    <p class='ocr_par' dir='ltr' id='par_1_68' title="bbox 2264 2250 3822 2323">
     <span class='ocr_line' id='line_1_68' title="bbox 2264 2250 3822 2323; baseline -0.002 -18"><span class='ocrx_word' id='word_1_442' title='bbox 2264 2251 2501 2317; x_wconf 88' lang='lat' dir='ltr'><strong>insidiis,</strong></span> <span class='ocrx_word' id='word_1_443' title='bbox 2518 2250 2678 2305; x_wconf 88' lang='lat' dir='ltr'><strong>vobis</strong></span> <span class='ocrx_word' id='word_1_444' title='bbox 2696 2256 2889 2307; x_wconf 90' lang='lat' dir='ltr'><strong>tamen</strong></span> <span class='ocrx_word' id='word_1_445' title='bbox 2916 2251 3308 2323; x_wconf 70' lang='lat' dir='ltr'><strong>praesentibus,</strong></span> <span class='ocrx_word' id='word_1_446' title='bbox 3337 2255 3395 2306; x_wconf 88' lang='lat' dir='ltr'><strong>et</strong></span> <span class='ocrx_word' id='word_1_447' title='bbox 3418 2252 3477 2306; x_wconf 90' lang='lat' dir='ltr'><strong>in</strong></span> <span class='ocrx_word' id='word_1_448' title='bbox 3504 2251 3822 2306; x_wconf 84' lang='lat' dir='ltr'><strong>defensionem</strong></span> 
     </span>
    </p>
   </div>
   <div class='ocr_carea' id='block_1_69' title="bbox 2264 2343 3822 2417">
    <p class='ocr_par' dir='ltr' id='par_1_69' title="bbox 2264 2343 3822 2417">
     <span class='ocr_line' id='line_1_69' title="bbox 2264 2343 3822 2417; baseline -0.001 -17"><span class='ocrx_word' id='word_1_449' title='bbox 2264 2346 2385 2416; x_wconf 89' lang='lat' dir='ltr'><strong>ejus</strong></span> <span class='ocrx_word' id='word_1_450' title='bbox 2400 2362 2433 2399; x_wconf 90' lang='lat' dir='ltr'><strong>a</strong></span> <span class='ocrx_word' id='word_1_451' title='bbox 2448 2345 2684 2400; x_wconf 91' lang='lat' dir='ltr'><strong>Domino</strong></span> <span class='ocrx_word' id='word_1_452' title='bbox 2697 2345 3166 2417; x_wconf 67' lang='lat' dir='ltr'><strong>praeparatismon</strong></span> <span class='ocrx_word' id='word_1_453' title='bbox 3179 2362 3351 2417; x_wconf 89' lang='lat' dir='ltr'><strong>posse</strong></span> <span class='ocrx_word' id='word_1_454' title='bbox 3364 2345 3593 2400; x_wconf 87' lang='lat' dir='ltr'><strong>turbari.</strong></span> <span class='ocrx_word' id='word_1_455' title='bbox 3605 2343 3822 2400; x_wconf 86' lang='lat' dir='ltr'><strong>Nonenim</strong></span> 
     </span>
    </p>
   </div>
   <div class='ocr_carea' id='block_1_70' title="bbox 2265 2436 3823 2507">
    <p class='ocr_par' dir='ltr' id='par_1_70' title="bbox 2265 2436 3823 2507">
     <span class='ocr_line' id='line_1_70' title="bbox 2265 2436 3823 2507; baseline -0.001 -13"><span class='ocrx_word' id='word_1_456' title='bbox 2265 2442 2411 2494; x_wconf 90' lang='lat' dir='ltr'><strong>Deus</strong></span> <span class='ocrx_word' id='word_1_457' title='bbox 2439 2443 2539 2494; x_wconf 91' lang='lat' dir='ltr'><strong>aut</strong></span> <span class='ocrx_word' id='word_1_458' title='bbox 2567 2456 2682 2494; x_wconf 61' lang='lat' dir='ltr'><strong>sure</strong></span> <span class='ocrx_word' id='word_1_459' title='bbox 2707 2440 3117 2495; x_wconf 69' lang='lat' dir='ltr'><strong>misericordiae</strong></span> <span class='ocrx_word' id='word_1_460' title='bbox 3142 2444 3689 2507; x_wconf 88' lang='lat' dir='ltr'><strong>sacramentum,aut</strong></span> <span class='ocrx_word' id='word_1_461' title='bbox 3703 2436 3823 2492; x_wconf 85' lang='lat' dir='ltr'><strong>vestri</strong></span> 
     </span>
    </p>
   </div>
   <div class='ocr_carea' id='block_1_71' title="bbox 2265 2533 3826 2605">
    <p class='ocr_par' dir='ltr' id='par_1_71' title="bbox 2265 2533 3826 2605">
     <span class='ocr_line' id='line_1_71' title="bbox 2265 2533 3826 2605; baseline -0.002 -18"><span class='ocrx_word' id='word_1_462' title='bbox 2265 2534 2472 2589; x_wconf 88' lang='lat' dir='ltr'><strong>laboris</strong></span> <span class='ocrx_word' id='word_1_463' title='bbox 2501 2533 2708 2588; x_wconf 90' lang='lat' dir='ltr'><strong>deserit</strong></span> <span class='ocrx_word' id='word_1_464' title='bbox 2734 2533 3024 2603; x_wconf 90' lang='lat' dir='ltr'><strong>meritum,</strong></span> <span class='ocrx_word' id='word_1_465' title='bbox 3056 2551 3168 2605; x_wconf 88' lang='lat' dir='ltr'><strong>quo</strong></span> <span class='ocrx_word' id='word_1_466' title='bbox 3197 2533 3419 2589; x_wconf 91' lang='lat' dir='ltr'><strong>dudum</strong></span> <span class='ocrx_word' id='word_1_467' title='bbox 3448 2533 3718 2588; x_wconf 89' lang='lat' dir='ltr'><strong>subdolum</strong></span> <span class='ocrx_word' id='word_1_468' title='bbox 3740 2546 3826 2584; x_wconf 85' lang='lat' dir='ltr'><strong>san-</strong></span> 
     </span>
    </p>
   </div>
   <div class='ocr_carea' id='block_1_72' title="bbox 2265 2624 3823 2699">
    <p class='ocr_par' dir='ltr' id='par_1_72' title="bbox 2265 2624 3823 2699">
     <span class='ocr_line' id='line_1_72' title="bbox 2265 2624 3823 2699; baseline -0.003 -18"><span class='ocrx_word' id='word_1_469' title='bbox 2265 2632 2366 2682; x_wconf 84' lang='lat' dir='ltr'><strong>ctae</strong></span> <span class='ocrx_word' id='word_1_470' title='bbox 2405 2627 2711 2699; x_wconf 63' lang='lat' dir='ltr'><strong>religionis</strong></span> <span class='ocrx_word' id='word_1_471' title='bbox 2741 2628 2968 2682; x_wconf 88' lang='lat' dir='ltr'><strong>hostem</strong></span> <span class='ocrx_word' id='word_1_472' title='bbox 3014 2627 3084 2682; x_wconf 92' lang='lat' dir='ltr'><strong>ab</strong></span> <span class='ocrx_word' id='word_1_473' title='bbox 3131 2627 3272 2699; x_wconf 90' lang='lat' dir='ltr'><strong>ipsis</strong></span> <span class='ocrx_word' id='word_1_474' title='bbox 3308 2627 3607 2683; x_wconf 84' lang='lat' dir='ltr'><strong>visceribus</strong></span> <span class='ocrx_word' id='word_1_475' title='bbox 3628 2624 3823 2681; x_wconf 69' lang='lat' dir='ltr'><strong>Ecclesia</strong></span> 
     </span>
    </p>
   </div>
   <div class='ocr_carea' id='block_1_73' title="bbox 2265 2719 3823 2793">
    <p class='ocr_par' dir='ltr' id='par_1_73' title="bbox 2265 2719 3823 2793">
     <span class='ocr_line' id='line_1_73' title="bbox 2265 2719 3823 2793; baseline -0.003 -18"><span class='ocrx_word' id='word_1_476' title='bbox 2265 2721 2582 2793; x_wconf 88' lang='lat' dir='ltr'><strong>depulistis,</strong></span> <span class='ocrx_word' id='word_1_477' title='bbox 2611 2738 2742 2776; x_wconf 92' lang='lat' dir='ltr'><strong>cum</strong></span> <span class='ocrx_word' id='word_1_478' title='bbox 2762 2720 3027 2776; x_wconf 59' lang='lat' dir='ltr'><strong>haeresim</strong></span> <span class='ocrx_word' id='word_1_479' title='bbox 3057 2738 3217 2776; x_wconf 88' lang='lat' dir='ltr'><strong>suam</strong></span> <span class='ocrx_word' id='word_1_480' title='bbox 3243 2723 3397 2777; x_wconf 90' lang='lat' dir='ltr'><strong>tueri</strong></span> <span class='ocrx_word' id='word_1_481' title='bbox 3423 2721 3667 2793; x_wconf 89' lang='lat' dir='ltr'><strong>impietas</strong></span> <span class='ocrx_word' id='word_1_482' title='bbox 3680 2719 3823 2773; x_wconf 80' lang='lat' dir='ltr'><strong>Nesto-</strong></span> 
     </span>
    </p>
   </div>
   <div class='ocr_carea' id='block_1_74' title="bbox 2264 2810 3826 2887">
    <p class='ocr_par' dir='ltr' id='par_1_74' title="bbox 2264 2810 3826 2887">
     <span class='ocr_line' id='line_1_74' title="bbox 2264 2810 3826 2887; baseline -0.003 -18"><span class='ocrx_word' id='word_1_483' title='bbox 2264 2816 2424 2870; x_wconf 89' lang='lat' dir='ltr'><strong>riana</strong></span> <span class='ocrx_word' id='word_1_484' title='bbox 2449 2832 2567 2870; x_wconf 91' lang='lat' dir='ltr'><strong>non</strong></span> <span class='ocrx_word' id='word_1_485' title='bbox 2593 2815 2799 2887; x_wconf 88' lang='lat' dir='ltr'><strong>potuit,</strong></span> <span class='ocrx_word' id='word_1_486' title='bbox 2818 2814 2952 2886; x_wconf 90' lang='lat' dir='ltr'><strong>quia</strong></span> <span class='ocrx_word' id='word_1_487' title='bbox 2976 2832 3091 2870; x_wconf 90' lang='lat' dir='ltr'><strong>non</strong></span> <span class='ocrx_word' id='word_1_488' title='bbox 3121 2815 3328 2870; x_wconf 86' lang='lat' dir='ltr'><strong>fefellit</strong></span> <span class='ocrx_word' id='word_1_489' title='bbox 3354 2816 3617 2870; x_wconf 88' lang='lat' dir='ltr'><strong>famulam</strong></span> <span class='ocrx_word' id='word_1_490' title='bbox 3639 2818 3687 2867; x_wconf 90' lang='lat' dir='ltr'><strong>et</strong></span> <span class='ocrx_word' id='word_1_491' title='bbox 3709 2810 3826 2865; x_wconf 86' lang='lat' dir='ltr'><strong>disci-</strong></span> 
     </span>
    </p>
   </div>
   <div class='ocr_carea' id='block_1_75' title="bbox 2264 2906 3825 2981">
    <p class='ocr_par' dir='ltr' id='par_1_75' title="bbox 2264 2906 3825 2981">
     <span class='ocr_line' id='line_1_75' title="bbox 2264 2906 3825 2981; baseline -0.004 -18"><span class='ocrx_word' id='word_1_492' title='bbox 2264 2909 2459 2980; x_wconf 91' lang='lat' dir='ltr'><strong>pulam</strong></span> <span class='ocrx_word' id='word_1_493' title='bbox 2488 2908 2759 2977; x_wconf 89' lang='lat' dir='ltr'><strong>veritatis,</strong></span> <span class='ocrx_word' id='word_1_494' title='bbox 2788 2913 3066 2981; x_wconf 88' lang='lat' dir='ltr'><strong>quantum</strong></span> <span class='ocrx_word' id='word_1_495' title='bbox 3104 2909 3462 2981; x_wconf 88' lang='lat' dir='ltr'><strong>simplicibus</strong></span> <span class='ocrx_word' id='word_1_496' title='bbox 3499 2906 3825 2963; x_wconf 82' lang='lat' dir='ltr'><strong>infunderetur</strong></span> 
     </span>
    </p>
   </div>
   <div class='ocr_carea' id='block_1_76' title="bbox 2266 2997 3821 3074">
    <p class='ocr_par' dir='ltr' id='par_1_76' title="bbox 2266 2997 3821 3074">
     <span class='ocr_line' id='line_1_76' title="bbox 2266 2997 3821 3074; baseline 0.001 -17"><span class='ocrx_word' id='word_1_497' title='bbox 2266 3003 2471 3057; x_wconf 88' lang='lat' dir='ltr'><strong>veneni</strong></span> <span class='ocrx_word' id='word_1_498' title='bbox 2498 3019 2601 3074; x_wconf 91' lang='lat' dir='ltr'><strong>per</strong></span> <span class='ocrx_word' id='word_1_499' title='bbox 2628 3003 2726 3057; x_wconf 90' lang='lat' dir='ltr'><strong>illa</strong></span> <span class='ocrx_word' id='word_1_500' title='bbox 2749 3003 3005 3074; x_wconf 91' lang='lat' dir='ltr'><strong>loquacis</strong></span> <span class='ocrx_word' id='word_1_501' title='bbox 3031 3003 3286 3058; x_wconf 89' lang='lat' dir='ltr'><strong>hominis</strong></span> <span class='ocrx_word' id='word_1_502' title='bbox 3306 3005 3555 3059; x_wconf 81' lang='lat' dir='ltr'><strong>colorata</strong></span> <span class='ocrx_word' id='word_1_503' title='bbox 3572 2997 3821 3058; x_wconf 84' lang='lat' dir='ltr'><strong>mendacia.</strong></span> 
     </span>
    </p>
   </div>
   <div class='ocr_carea' id='block_1_77' title="bbox 2268 3089 3826 3170">
    <p class='ocr_par' dir='ltr' id='par_1_77' title="bbox 2268 3089 3826 3170">
     <span class='ocr_line' id='line_1_77' title="bbox 2268 3089 3826 3170; baseline -0.006 -18"><span class='ocrx_word' id='word_1_504' title='bbox 2268 3097 2337 3152; x_wconf 91' lang='lat' dir='ltr'><strong>de</strong></span> <span class='ocrx_word' id='word_1_505' title='bbox 2366 3114 2477 3169; x_wconf 92' lang='lat' dir='ltr'><strong>quo</strong></span> <span class='ocrx_word' id='word_1_506' title='bbox 2510 3098 2785 3152; x_wconf 90' lang='lat' dir='ltr'><strong>virtutum</strong></span> <span class='ocrx_word' id='word_1_507' title='bbox 2811 3113 2996 3168; x_wconf 86' lang='lat' dir='ltr'><strong>agone</strong></span> <span class='ocrx_word' id='word_1_508' title='bbox 3025 3097 3323 3168; x_wconf 90' lang='lat' dir='ltr'><strong>processit,</strong></span> <span class='ocrx_word' id='word_1_509' title='bbox 3358 3102 3421 3153; x_wconf 89' lang='lat' dir='ltr'><strong>ut</strong></span> <span class='ocrx_word' id='word_1_510' title='bbox 3448 3113 3550 3170; x_wconf 89' lang='lat' dir='ltr'><strong>per</strong></span> <span class='ocrx_word' id='word_1_511' title='bbox 3573 3089 3826 3150; x_wconf 85' lang='lat' dir='ltr'><strong>sollicitudi-</strong></span> 
     </span>
    </p>
   </div>
   <div class='ocr_carea' id='block_1_78' title="bbox 2266 3185 3825 3263">
    <p class='ocr_par' dir='ltr' id='par_1_78' title="bbox 2266 3185 3825 3263">
     <span class='ocr_line' id='line_1_78' title="bbox 2266 3185 3825 3263; baseline -0.006 -18"><span class='ocrx_word' id='word_1_512' title='bbox 2266 3207 2400 3245; x_wconf 91' lang='lat' dir='ltr'><strong>nem</strong></span> <span class='ocrx_word' id='word_1_513' title='bbox 2424 3196 2668 3246; x_wconf 87' lang='lat' dir='ltr'><strong>vestram</strong></span> <span class='ocrx_word' id='word_1_514' title='bbox 2695 3207 2763 3245; x_wconf 91' lang='lat' dir='ltr'><strong>ea</strong></span> <span class='ocrx_word' id='word_1_515' title='bbox 2788 3207 2917 3263; x_wconf 60' lang='lat' dir='ltr'><strong>quia</strong></span> <span class='ocrx_word' id='word_1_516' title='bbox 2942 3207 3049 3262; x_wconf 91' lang='lat' dir='ltr'><strong>per</strong></span> <span class='ocrx_word' id='word_1_517' title='bbox 3076 3191 3362 3247; x_wconf 87' lang='lat' dir='ltr'><strong>Eutichen</strong></span> <span class='ocrx_word' id='word_1_518' title='bbox 3391 3190 3631 3246; x_wconf 89' lang='lat' dir='ltr'><strong>diabolus</strong></span> <span class='ocrx_word' id='word_1_519' title='bbox 3655 3185 3825 3241; x_wconf 77' lang='lat' dir='ltr'><strong>molitus</strong></span> 
     </span>
    </p>
   </div>
   <div class='ocr_carea' id='block_1_79' title="bbox 2266 3273 3821 3352">
    <p class='ocr_par' dir='ltr' id='par_1_79' title="bbox 2266 3273 3821 3352">
     <span class='ocr_line' id='line_1_79' title="bbox 2266 3273 3821 3352; baseline -0.003 -18"><span class='ocrx_word' id='word_1_520' title='bbox 2266 3282 2351 3334; x_wconf 86' lang='lat' dir='ltr'><strong>est</strong></span> <span class='ocrx_word' id='word_1_521' title='bbox 2376 3296 2491 3334; x_wconf 90' lang='lat' dir='ltr'><strong>non</strong></span> <span class='ocrx_word' id='word_1_522' title='bbox 2517 3279 2779 3348; x_wconf 88' lang='lat' dir='ltr'><strong>laterent,</strong></span> <span class='ocrx_word' id='word_1_523' title='bbox 2804 3284 2865 3334; x_wconf 88' lang='lat' dir='ltr'><strong>ut</strong></span> <span class='ocrx_word' id='word_1_524' title='bbox 2891 3279 2988 3350; x_wconf 93' lang='lat' dir='ltr'><strong>qui</strong></span> <span class='ocrx_word' id='word_1_525' title='bbox 3018 3279 3122 3334; x_wconf 90' lang='lat' dir='ltr'><strong>sibi</strong></span> <span class='ocrx_word' id='word_1_526' title='bbox 3154 3280 3410 3350; x_wconf 90' lang='lat' dir='ltr'><strong>singulas</strong></span> <span class='ocrx_word' id='word_1_527' title='bbox 3436 3281 3614 3352; x_wconf 85' lang='lat' dir='ltr'><strong>partes</strong></span> <span class='ocrx_word' id='word_1_528' title='bbox 3639 3273 3821 3348; x_wconf 64' lang='lat' dir='ltr'><strong>gemine</strong></span> 
     </span>
    </p>
   </div>
   <div class='ocr_carea' id='block_1_80' title="bbox 2265 3372 3823 3445">
    <p class='ocr_par' dir='ltr' id='par_1_80' title="bbox 2265 3372 3823 3445">
     <span class='ocr_line' id='line_1_80' title="bbox 2265 3372 3823 3445; baseline -0.004 -18"><span class='ocrx_word' id='word_1_529' title='bbox 2265 3373 2571 3445; x_wconf 87' lang='lat' dir='ltr'><strong>impietatis</strong></span> <span class='ocrx_word' id='word_1_530' title='bbox 2591 3375 2903 3444; x_wconf 88' lang='lat' dir='ltr'><strong>elegerant,</strong></span> <span class='ocrx_word' id='word_1_531' title='bbox 2926 3390 3041 3428; x_wconf 89' lang='lat' dir='ltr'><strong>una</strong></span> <span class='ocrx_word' id='word_1_532' title='bbox 3067 3374 3364 3429; x_wconf 58' lang='lat' dir='ltr'><strong>catholica</strong></span> <span class='ocrx_word' id='word_1_533' title='bbox 3391 3374 3523 3429; x_wconf 79' lang='lat' dir='ltr'><strong>fidei</strong></span> <span class='ocrx_word' id='word_1_534' title='bbox 3541 3372 3718 3426; x_wconf 85' lang='lat' dir='ltr'><strong>virtute</strong></span> <span class='ocrx_word' id='word_1_535' title='bbox 3733 3382 3823 3439; x_wconf 73' lang='lat' dir='ltr'><strong>pro</strong></span> 
     </span>
    </p>
   </div>
   <div class='ocr_carea' id='block_1_81' title="bbox 2266 3460 3821 3539">
    <p class='ocr_par' dir='ltr' id='par_1_81' title="bbox 2266 3460 3821 3539">
     <span class='ocr_line' id='line_1_81' title="bbox 2266 3460 3821 3539; baseline -0.005 -17"><span class='ocrx_word' id='word_1_536' title='bbox 2266 3467 2618 3522; x_wconf 89' lang='lat' dir='ltr'><strong>cumberent.</strong></span> <span class='ocrx_word' id='word_1_537' title='bbox 2640 3467 2893 3523; x_wconf 89' lang='lat' dir='ltr'><strong>Secunda</strong></span> <span class='ocrx_word' id='word_1_538' title='bbox 2916 3484 3052 3539; x_wconf 88' lang='lat' dir='ltr'><strong>ergo</strong></span> <span class='ocrx_word' id='word_1_539' title='bbox 3072 3467 3193 3523; x_wconf 63' lang='lat' dir='ltr'><strong>haec</strong></span> <span class='ocrx_word' id='word_1_540' title='bbox 3214 3467 3376 3523; x_wconf 90' lang='lat' dir='ltr'><strong>vobis</strong></span> <span class='ocrx_word' id='word_1_541' title='bbox 3393 3468 3462 3522; x_wconf 92' lang='lat' dir='ltr'><strong>de</strong></span> <span class='ocrx_word' id='word_1_542' title='bbox 3482 3468 3738 3539; x_wconf 88' lang='lat' dir='ltr'><strong>perempto</strong></span> <span class='ocrx_word' id='word_1_543' title='bbox 3752 3460 3821 3515; x_wconf 43' lang='lat' dir='ltr'><strong>Eu.</strong></span> 
     </span>
    </p>
   </div>
   <div class='ocr_carea' id='block_1_82' title="bbox 2266 3552 3822 3633">
    <p class='ocr_par' dir='ltr' id='par_1_82' title="bbox 2266 3552 3822 3633">
     <span class='ocr_line' id='line_1_82' title="bbox 2266 3552 3822 3633; baseline -0.004 -17"><span class='ocrx_word' id='word_1_544' title='bbox 2266 3560 2492 3616; x_wconf 88' lang='lat' dir='ltr'><strong>tichetis</strong></span> <span class='ocrx_word' id='word_1_545' title='bbox 2521 3578 2714 3617; x_wconf 91' lang='lat' dir='ltr'><strong>errore</strong></span> <span class='ocrx_word' id='word_1_546' title='bbox 2737 3561 2968 3616; x_wconf 90' lang='lat' dir='ltr'><strong>victoria</strong></span> <span class='ocrx_word' id='word_1_547' title='bbox 2995 3564 3099 3629; x_wconf 90' lang='lat' dir='ltr'><strong>est,</strong></span> <span class='ocrx_word' id='word_1_548' title='bbox 3121 3578 3301 3633; x_wconf 90' lang='lat' dir='ltr'><strong>quem</strong></span> <span class='ocrx_word' id='word_1_549' title='bbox 3333 3562 3381 3616; x_wconf 91' lang='lat' dir='ltr'><strong>si</strong></span> <span class='ocrx_word' id='word_1_550' title='bbox 3410 3560 3542 3633; x_wconf 92' lang='lat' dir='ltr'><strong>quid</strong></span> <span class='ocrx_word' id='word_1_551' title='bbox 3565 3559 3671 3614; x_wconf 89' lang='lat' dir='ltr'><strong>sani</strong></span> <span class='ocrx_word' id='word_1_552' title='bbox 3686 3552 3822 3611; x_wconf 87' lang='lat' dir='ltr'><strong>cordis</strong></span> 
     </span>
    </p>
   </div>
   <div class='ocr_carea' id='block_1_83' title="bbox 2268 3650 3820 3726">
    <p class='ocr_par' dir='ltr' id='par_1_83' title="bbox 2268 3650 3820 3726">
     <span class='ocr_line' id='line_1_83' title="bbox 2268 3650 3820 3726; baseline 0 -17"><span class='ocrx_word' id='word_1_553' title='bbox 2268 3655 2575 3724; x_wconf 86' lang='lat' dir='ltr'><strong>habuisset,</strong></span> <span class='ocrx_word' id='word_1_554' title='bbox 2627 3656 2847 3710; x_wconf 91' lang='lat' dir='ltr'><strong>dudum</strong></span> <span class='ocrx_word' id='word_1_555' title='bbox 2897 3654 2956 3709; x_wconf 89' lang='lat' dir='ltr'><strong>in</strong></span> <span class='ocrx_word' id='word_1_556' title='bbox 3011 3653 3344 3711; x_wconf 89' lang='lat' dir='ltr'><strong>auctoribus</strong></span> <span class='ocrx_word' id='word_1_557' title='bbox 3393 3656 3507 3710; x_wconf 89' lang='lat' dir='ltr'><strong>suis</strong></span> <span class='ocrx_word' id='word_1_558' title='bbox 3546 3650 3820 3726; x_wconf 64' lang='lat' dir='ltr'><strong>perculsum.</strong></span> 
     </span>
    </p>
   </div>
   <div class='ocr_carea' id='block_1_84' title="bbox 2268 3739 3822 3821">
    <p class='ocr_par' dir='ltr' id='par_1_84' title="bbox 2268 3739 3822 3821">
     <span class='ocr_line' id='line_1_84' title="bbox 2268 3739 3822 3821; baseline -0.006 -18"><span class='ocrx_word' id='word_1_559' title='bbox 2268 3749 2517 3821; x_wconf 89' lang='lat' dir='ltr'><strong>olimque</strong></span> <span class='ocrx_word' id='word_1_560' title='bbox 2543 3753 2891 3821; x_wconf 87' lang='lat' dir='ltr'><strong>prostratum</strong></span> <span class='ocrx_word' id='word_1_561' title='bbox 2920 3749 3080 3804; x_wconf 89' lang='lat' dir='ltr'><strong>facile</strong></span> <span class='ocrx_word' id='word_1_562' title='bbox 3110 3753 3380 3821; x_wconf 87' lang='lat' dir='ltr'><strong>potuerat</strong></span> <span class='ocrx_word' id='word_1_563' title='bbox 3407 3747 3758 3813; x_wconf 88' lang='lat' dir='ltr'><strong>declinare,ne</strong></span> <span class='ocrx_word' id='word_1_564' title='bbox 3775 3739 3822 3793; x_wconf 77' lang='lat' dir='ltr'><strong>de</strong></span> 
     </span>
    </p>
   </div>
   <div class='ocr_carea' id='block_1_85' title="bbox 2268 3841 3823 3914">
    <p class='ocr_par' dir='ltr' id='par_1_85' title="bbox 2268 3841 3823 3914">
     <span class='ocr_line' id='line_1_85' title="bbox 2268 3841 3823 3914; baseline -0.008 -13"><span class='ocrx_word' id='word_1_565' title='bbox 2268 3842 2504 3914; x_wconf 87' lang='lat' dir='ltr'><strong>sepultis</strong></span> <span class='ocrx_word' id='word_1_566' title='bbox 2522 3842 2807 3898; x_wconf 88' lang='lat' dir='ltr'><strong>cineribus</strong></span> <span class='ocrx_word' id='word_1_567' title='bbox 2827 3843 3077 3899; x_wconf 89' lang='lat' dir='ltr'><strong>rediviva</strong></span> <span class='ocrx_word' id='word_1_568' title='bbox 3099 3846 3351 3898; x_wconf 87' lang='lat' dir='ltr'><strong>tentaret</strong></span> <span class='ocrx_word' id='word_1_569' title='bbox 3370 3841 3619 3898; x_wconf 89' lang='lat' dir='ltr'><strong>incendia</strong></span> <span class='ocrx_word' id='word_1_570' title='bbox 3633 3848 3823 3893; x_wconf 84' lang='lat' dir='ltr'><strong>commo-</strong></span> 
     </span>
    </p>
   </div>
   <div class='ocr_carea' id='block_1_86' title="bbox 2267 3936 3822 4007">
    <p class='ocr_par' dir='ltr' id='par_1_86' title="bbox 2267 3936 3822 4007">
     <span class='ocr_line' id='line_1_86' title="bbox 2267 3936 3822 4007; baseline -0.004 -17"><span class='ocrx_word' id='word_1_571' title='bbox 2267 3952 2418 4002; x_wconf 89' lang='lat' dir='ltr'><strong>vere,</strong></span> <span class='ocrx_word' id='word_1_572' title='bbox 2445 3939 2511 3991; x_wconf 91' lang='lat' dir='ltr'><strong>ut</strong></span> <span class='ocrx_word' id='word_1_573' title='bbox 2535 3937 2593 3990; x_wconf 90' lang='lat' dir='ltr'><strong>in</strong></span> <span class='ocrx_word' id='word_1_574' title='bbox 2629 3952 2827 3991; x_wconf 90' lang='lat' dir='ltr'><strong>eorum</strong></span> <span class='ocrx_word' id='word_1_575' title='bbox 2854 3936 3149 3992; x_wconf 89' lang='lat' dir='ltr'><strong>transisset</strong></span> <span class='ocrx_word' id='word_1_576' title='bbox 3176 3938 3528 3993; x_wconf 89' lang='lat' dir='ltr'><strong>consortium</strong></span> <span class='ocrx_word' id='word_1_577' title='bbox 3547 3945 3749 4007; x_wconf 86' lang='lat' dir='ltr'><strong>quorum</strong></span> <span class='ocrx_word' id='word_1_578' title='bbox 3768 3941 3822 3979; x_wconf 77' lang='lat' dir='ltr'><strong>se-</strong></span> 
     </span>
    </p>
   </div>
   <div class='ocr_carea' id='block_1_87' title="bbox 2269 4019 3821 4102">
    <p class='ocr_par' dir='ltr' id='par_1_87' title="bbox 2269 4019 3821 4102">
     <span class='ocr_line' id='line_1_87' title="bbox 2269 4019 3821 4102; baseline -0.004 -18"><span class='ocrx_word' id='word_1_579' title='bbox 2269 4033 2432 4085; x_wconf 86' lang='lat' dir='ltr'><strong>cutus</strong></span> <span class='ocrx_word' id='word_1_580' title='bbox 2459 4034 2610 4085; x_wconf 90' lang='lat' dir='ltr'><strong>esset</strong></span> <span class='ocrx_word' id='word_1_581' title='bbox 2641 4032 2972 4101; x_wconf 85' lang='lat' dir='ltr'><strong>exemplum</strong></span> <span class='ocrx_word' id='word_1_582' title='bbox 3004 4030 3412 4102; x_wconf 88' lang='lat' dir='ltr'><strong>gloriosissima</strong></span> <span class='ocrx_word' id='word_1_583' title='bbox 3439 4030 3687 4102; x_wconf 85' lang='lat' dir='ltr'><strong>Augusta.</strong></span> <span class='ocrx_word' id='word_1_584' title='bbox 3710 4019 3821 4078; x_wconf 61' lang='lat' dir='ltr'><strong>libet</strong></span> 
     </span>
    </p>
   </div>
   <div class='ocr_carea' id='block_1_88' title="bbox 2268 4119 3820 4196">
    <p class='ocr_par' dir='ltr' id='par_1_88' title="bbox 2268 4119 3820 4196">
     <span class='ocr_line' id='line_1_88' title="bbox 2268 4119 3820 4196; baseline -0.008 -18"><span class='ocrx_word' id='word_1_585' title='bbox 2268 4123 2445 4193; x_wconf 84' lang='lat' dir='ltr'><strong>igitur</strong></span> <span class='ocrx_word' id='word_1_586' title='bbox 2469 4124 2755 4179; x_wconf 83' lang='lat' dir='ltr'><strong>exsultare</strong></span> <span class='ocrx_word' id='word_1_587' title='bbox 2782 4139 2909 4178; x_wconf 90' lang='lat' dir='ltr'><strong>cum</strong></span> <span class='ocrx_word' id='word_1_588' title='bbox 2938 4124 3169 4196; x_wconf 88' lang='lat' dir='ltr'><strong>gaudio,</strong></span> <span class='ocrx_word' id='word_1_589' title='bbox 3203 4127 3262 4178; x_wconf 88' lang='lat' dir='ltr'><strong>et</strong></span> <span class='ocrx_word' id='word_1_590' title='bbox 3293 4141 3398 4195; x_wconf 91' lang='lat' dir='ltr'><strong>pro</strong></span> <span class='ocrx_word' id='word_1_591' title='bbox 3426 4128 3613 4178; x_wconf 73' lang='lat' dir='ltr'><strong>vestra:</strong></span> <span class='ocrx_word' id='word_1_592' title='bbox 3634 4119 3820 4173; x_wconf 85' lang='lat' dir='ltr'><strong>clemen-</strong></span> 
     </span>
    </p>
   </div>
   <div class='ocr_carea' id='block_1_89' title="bbox 2270 4201 3818 4290">
    <p class='ocr_par' dir='ltr' id='par_1_89' title="bbox 2270 4201 3818 4290">
     <span class='ocr_line' id='line_1_89' title="bbox 2270 4201 3818 4290; baseline -0.006 -19"><span class='ocrx_word' id='word_1_593' title='bbox 2270 4217 2362 4270; x_wconf 69' lang='lat' dir='ltr'><strong>tiae</strong></span> <span class='ocrx_word' id='word_1_594' title='bbox 2388 4204 2766 4289; x_wconf 80' lang='lat' dir='ltr'><strong>prosperitate</strong></span> <span class='ocrx_word' id='word_1_595' title='bbox 2801 4216 2978 4288; x_wconf 91' lang='lat' dir='ltr'><strong>digna</strong></span> <span class='ocrx_word' id='word_1_596' title='bbox 3006 4218 3117 4272; x_wconf 92' lang='lat' dir='ltr'><strong>Deo</strong></span> <span class='ocrx_word' id='word_1_597' title='bbox 3136 4220 3267 4272; x_wconf 88' lang='lat' dir='ltr'><strong>vota</strong></span> <span class='ocrx_word' id='word_1_598' title='bbox 3296 4218 3631 4290; x_wconf 89' lang='lat' dir='ltr'><strong>persolvere,</strong></span> <span class='ocrx_word' id='word_1_599' title='bbox 3650 4210 3730 4283; x_wconf 85' lang='lat' dir='ltr'><strong>qui</strong></span> <span class='ocrx_word' id='word_1_600' title='bbox 3752 4201 3818 4260; x_wconf 77' lang='lat' dir='ltr'><strong>tibi</strong></span> 
     </span>
    </p>
   </div>
   <div class='ocr_carea' id='block_1_90' title="bbox 2272 4307 3820 4383">
    <p class='ocr_par' dir='ltr' id='par_1_90' title="bbox 2272 4307 3820 4383">
     <span class='ocr_line' id='line_1_90' title="bbox 2272 4307 3820 4383; baseline -0.002 -19"><span class='ocrx_word' id='word_1_601' title='bbox 2272 4327 2371 4381; x_wconf 92' lang='lat' dir='ltr'><strong>per</strong></span> <span class='ocrx_word' id='word_1_602' title='bbox 2398 4327 2603 4365; x_wconf 89' lang='lat' dir='ltr'><strong>omnes</strong></span> <span class='ocrx_word' id='word_1_603' title='bbox 2624 4310 2827 4365; x_wconf 89' lang='lat' dir='ltr'><strong>mundi</strong></span> <span class='ocrx_word' id='word_1_604' title='bbox 2854 4314 3060 4381; x_wconf 91' lang='lat' dir='ltr'><strong>partes,</strong></span> <span class='ocrx_word' id='word_1_605' title='bbox 3085 4311 3140 4366; x_wconf 88' lang='lat' dir='ltr'><strong>in</strong></span> <span class='ocrx_word' id='word_1_606' title='bbox 3169 4312 3375 4383; x_wconf 91' lang='lat' dir='ltr'><strong>quibus</strong></span> <span class='ocrx_word' id='word_1_607' title='bbox 3402 4308 3616 4367; x_wconf 90' lang='lat' dir='ltr'><strong>Domini</strong></span> <span class='ocrx_word' id='word_1_608' title='bbox 3637 4307 3820 4370; x_wconf 45' lang='lat' dir='ltr'><strong>Evanges</strong></span> 
     </span>
    </p>
   </div>
   <div class='ocr_carea' id='block_1_91' title="bbox 536 4389 3817 4487">
    <p class='ocr_par' dir='ltr' id='par_1_91' title="bbox 536 4389 3817 4487">
     <span class='ocr_line' id='line_1_91' title="bbox 536 4389 3817 4487; baseline -0.003 -26"><span class='ocrx_word' id='word_1_609' title='bbox 536 4407 687 4462; x_wconf 88' lang='lat' dir='ltr'><strong>riora</strong></span> <span class='ocrx_word' id='word_1_610' title='bbox 706 4409 1015 4472; x_wconf 91' lang='lat' dir='ltr'><strong>mutatum,</strong></span> <span class='ocrx_word' id='word_1_611' title='bbox 1035 4410 1091 4462; x_wconf 91' lang='lat' dir='ltr'><strong>et</strong></span> <span class='ocrx_word' id='word_1_612' title='bbox 1105 4423 1238 4462; x_wconf 89' lang='lat' dir='ltr'><strong>eum</strong></span> <span class='ocrx_word' id='word_1_613' title='bbox 1266 4422 1419 4461; x_wconf 90' lang='lat' dir='ltr'><strong>nunc</strong></span> <span class='ocrx_word' id='word_1_614' title='bbox 1444 4406 1797 4462; x_wconf 89' lang='lat' dir='ltr'><strong>constituisse</strong></span> <span class='ocrx_word' id='word_1_615' title='bbox 1815 4407 2165 4463; x_wconf 88' lang='lat' dir='ltr'><strong>archidiaco-</strong></span> <span class='ocrx_word' id='word_1_616' title='bbox 2186 4416 2247 4487; x_wconf 83' lang='lat' dir='ltr'>D</span> <span class='ocrx_word' id='word_1_617' title='bbox 2270 4405 2407 4459; x_wconf 88' lang='lat' dir='ltr'><strong>lium</strong></span> <span class='ocrx_word' id='word_1_618' title='bbox 2437 4404 2794 4477; x_wconf 83' lang='lat' dir='ltr'><strong>praedicatur,</strong></span> <span class='ocrx_word' id='word_1_619' title='bbox 2825 4404 3111 4476; x_wconf 90' lang='lat' dir='ltr'><strong>duplicem</strong></span> <span class='ocrx_word' id='word_1_620' title='bbox 3142 4405 3267 4477; x_wconf 84' lang='lat' dir='ltr'><strong>jam</strong></span> <span class='ocrx_word' id='word_1_621' title='bbox 3300 4409 3358 4461; x_wconf 92' lang='lat' dir='ltr'><strong>et</strong></span> <span class='ocrx_word' id='word_1_622' title='bbox 3383 4406 3616 4478; x_wconf 90' lang='lat' dir='ltr'><strong>palmam</strong></span> <span class='ocrx_word' id='word_1_623' title='bbox 3642 4389 3817 4455; x_wconf 61' lang='lat' dir='ltr'><strong>contulit</strong></span> 
     </span>
    </p>
   </div>
   <div class='ocr_carea' id='block_1_92' title="bbox 533 4501 2168 4574">
    <p class='ocr_par' dir='ltr' id='par_1_92' title="bbox 533 4501 2168 4574">
     <span class='ocr_line' id='line_1_92' title="bbox 533 4501 2168 4574; baseline -0.001 -17"><span class='ocrx_word' id='word_1_624' title='bbox 533 4517 687 4571; x_wconf 89' lang='lat' dir='ltr'><strong>nem,</strong></span> <span class='ocrx_word' id='word_1_625' title='bbox 716 4518 890 4574; x_wconf 91' lang='lat' dir='ltr'><strong>quem</strong></span> <span class='ocrx_word' id='word_1_626' title='bbox 934 4501 1055 4572; x_wconf 91' lang='lat' dir='ltr'><strong>ipse</strong></span> <span class='ocrx_word' id='word_1_627' title='bbox 1102 4501 1388 4572; x_wconf 87' lang='lat' dir='ltr'><strong>professus</strong></span> <span class='ocrx_word' id='word_1_628' title='bbox 1431 4506 1515 4557; x_wconf 91' lang='lat' dir='ltr'><strong>est</strong></span> <span class='ocrx_word' id='word_1_629' title='bbox 1553 4518 1587 4555; x_wconf 94' lang='lat' dir='ltr'><strong>a</strong></span> <span class='ocrx_word' id='word_1_630' title='bbox 1624 4518 1682 4556; x_wconf 89' lang='lat' dir='ltr'><strong>se</strong></span> <span class='ocrx_word' id='word_1_631' title='bbox 1722 4518 1841 4556; x_wconf 90' lang='lat' dir='ltr'><strong>esse</strong></span> <span class='ocrx_word' id='word_1_632' title='bbox 1874 4501 2168 4573; x_wconf 86' lang='lat' dir='ltr'><strong>rejectum,</strong></span> 
     </span>
    </p>
   </div>
   <div class='ocr_carea' id='block_1_93' title="bbox 533 4595 2172 4668">
    <p class='ocr_par' dir='ltr' id='par_1_93' title="bbox 533 4595 2172 4668">
     <span class='ocr_line' id='line_1_93' title="bbox 533 4595 2172 4668; baseline -0.001 -17"><span class='ocrx_word' id='word_1_633' title='bbox 533 4596 633 4667; x_wconf 86' lang='lat' dir='ltr'><strong>qui</strong></span> <span class='ocrx_word' id='word_1_634' title='bbox 650 4596 999 4651; x_wconf 81' lang='lat' dir='ltr'><strong>Eutichianae</strong></span> <span class='ocrx_word' id='word_1_635' title='bbox 1019 4595 1249 4649; x_wconf 65' lang='lat' dir='ltr'><strong>haeresis</strong></span> <span class='ocrx_word' id='word_1_636' title='bbox 1270 4612 1330 4649; x_wconf 92' lang='lat' dir='ltr'><strong>se</strong></span> <span class='ocrx_word' id='word_1_637' title='bbox 1342 4596 1495 4668; x_wconf 88' lang='lat' dir='ltr'><strong>apud</strong></span> <span class='ocrx_word' id='word_1_638' title='bbox 1512 4612 1618 4650; x_wconf 90' lang='lat' dir='ltr'><strong>nos</strong></span> <span class='ocrx_word' id='word_1_639' title='bbox 1634 4595 1966 4667; x_wconf 66' lang='lat' dir='ltr'><strong>prodiderat</strong></span> <span class='ocrx_word' id='word_1_640' title='bbox 1980 4596 2172 4650; x_wconf 90' lang='lat' dir='ltr'><strong>defen-</strong></span> 
     </span>
    </p>
   </div>
   <div class='ocr_carea' id='block_1_94' title="bbox 535 4689 2171 4761">
    <p class='ocr_par' dir='ltr' id='par_1_94' title="bbox 535 4689 2171 4761">
     <span class='ocr_line' id='line_1_94' title="bbox 535 4689 2171 4761; baseline -0.001 -17"><span class='ocrx_word' id='word_1_641' title='bbox 535 4706 740 4745; x_wconf 88' lang='lat' dir='ltr'><strong>sorem.</strong></span> <span class='ocrx_word' id='word_1_642' title='bbox 772 4692 976 4757; x_wconf 86' lang='lat' dir='ltr'><strong>Quem,</strong></span> <span class='ocrx_word' id='word_1_643' title='bbox 1001 4690 1136 4761; x_wconf 86' lang='lat' dir='ltr'><strong>quia</strong></span> <span class='ocrx_word' id='word_1_644' title='bbox 1161 4705 1313 4744; x_wconf 89' lang='lat' dir='ltr'><strong>nunc</strong></span> <span class='ocrx_word' id='word_1_645' title='bbox 1340 4689 1731 4744; x_wconf 89' lang='lat' dir='ltr'><strong>ecclesiasticis</strong></span> <span class='ocrx_word' id='word_1_646' title='bbox 1758 4689 2004 4760; x_wconf 88' lang='lat' dir='ltr'><strong>negotiis</strong></span> <span class='ocrx_word' id='word_1_647' title='bbox 2031 4706 2171 4761; x_wconf 70' lang='lat' dir='ltr'><strong>prae-</strong></span> 
     </span>
    </p>
   </div>
   <div class='ocr_carea' id='block_1_95' title="bbox 536 4783 2172 4855">
    <p class='ocr_par' dir='ltr' id='par_1_95' title="bbox 536 4783 2172 4855">
     <span class='ocr_line' id='line_1_95' title="bbox 536 4783 2172 4855; baseline -0.001 -16"><span class='ocrx_word' id='word_1_648' title='bbox 536 4783 746 4853; x_wconf 88' lang='lat' dir='ltr'><strong>posuit,</strong></span> <span class='ocrx_word' id='word_1_649' title='bbox 807 4787 1042 4854; x_wconf 82' lang='lat' dir='ltr'><strong>prepter</strong></span> <span class='ocrx_word' id='word_1_650' title='bbox 1104 4784 1430 4838; x_wconf 63' lang='lat' dir='ltr'><strong>haereticam</strong></span> <span class='ocrx_word' id='word_1_651' title='bbox 1492 4784 1923 4855; x_wconf 87' lang='lat' dir='ltr'><strong>perversitatem</strong></span> <span class='ocrx_word' id='word_1_652' title='bbox 1988 4784 2172 4838; x_wconf 84' lang='lat' dir='ltr'><strong>eidem</strong></span> 
     </span>
    </p>
   </div>
   <div class='ocr_carea' id='block_1_96' title="bbox 534 4876 2170 4947">
    <p class='ocr_par' dir='ltr' id='par_1_96' title="bbox 534 4876 2170 4947">
     <span class='ocr_line' id='line_1_96' title="bbox 534 4876 2170 4947; baseline 0.001 -18"><span class='ocrx_word' id='word_1_653' title='bbox 534 4878 786 4931; x_wconf 81' lang='lat' dir='ltr'><strong>favorem</strong></span> <span class='ocrx_word' id='word_1_654' title='bbox 832 4893 1001 4933; x_wconf 90' lang='lat' dir='ltr'><strong>suum</strong></span> <span class='ocrx_word' id='word_1_655' title='bbox 1055 4881 1322 4947; x_wconf 83' lang='lat' dir='ltr'><strong>praestare</strong></span> <span class='ocrx_word' id='word_1_656' title='bbox 1372 4877 1744 4932; x_wconf 91' lang='lat' dir='ltr'><strong>convincitur.</strong></span> <span class='ocrx_word' id='word_1_657' title='bbox 1792 4877 1897 4941; x_wconf 88' lang='lat' dir='ltr'><strong>Qui</strong></span> <span class='ocrx_word' id='word_1_658' title='bbox 1946 4876 2170 4931; x_wconf 88' lang='lat' dir='ltr'><strong>etiamsi</strong></span> 
     </span>
    </p>
   </div>
   <div class='ocr_carea' id='block_1_97' title="bbox 535 4970 2168 5043">
    <p class='ocr_par' dir='ltr' id='par_1_97' title="bbox 535 4970 2168 5043">
     <span class='ocr_line' id='line_1_97' title="bbox 535 4970 2168 5043; baseline 0.001 -19"><span class='ocrx_word' id='word_1_659' title='bbox 535 4987 746 5042; x_wconf 89' lang='lat' dir='ltr'><strong>magna</strong></span> <span class='ocrx_word' id='word_1_660' title='bbox 772 4970 1152 5025; x_wconf 83' lang='lat' dir='ltr'><strong>satisfactione</strong></span> <span class='ocrx_word' id='word_1_661' title='bbox 1184 4972 1459 5042; x_wconf 87' lang='lat' dir='ltr'><strong>potuisset</strong></span> <span class='ocrx_word' id='word_1_662' title='bbox 1487 4971 1906 5043; x_wconf 88' lang='lat' dir='ltr'><strong>indulgentiam</strong></span> <span class='ocrx_word' id='word_1_663' title='bbox 1937 4987 2168 5042; x_wconf 88' lang='lat' dir='ltr'><strong>prome-</strong></span> 
     </span>
    </p>
   </div>
   <div class='ocr_carea' id='block_1_98' title="bbox 534 5064 2168 5136">
    <p class='ocr_par' dir='ltr' id='par_1_98' title="bbox 534 5064 2168 5136">
     <span class='ocr_line' id='line_1_98' title="bbox 534 5064 2168 5136; baseline 0 -18"><span class='ocrx_word' id='word_1_664' title='bbox 534 5064 670 5133; x_wconf 90' lang='lat' dir='ltr'><strong>reri,</strong></span> <span class='ocrx_word' id='word_1_665' title='bbox 700 5080 1061 5135; x_wconf 90' lang='lat' dir='ltr'><strong>nequaquam</strong></span> <span class='ocrx_word' id='word_1_666' title='bbox 1107 5064 1305 5119; x_wconf 89' lang='lat' dir='ltr'><strong>debuit</strong></span> <span class='ocrx_word' id='word_1_667' title='bbox 1348 5064 1435 5118; x_wconf 88' lang='lat' dir='ltr'><strong>his</strong></span> <span class='ocrx_word' id='word_1_668' title='bbox 1486 5065 1581 5136; x_wconf 88' lang='lat' dir='ltr'><strong>qui</strong></span> <span class='ocrx_word' id='word_1_669' title='bbox 1608 5064 1665 5119; x_wconf 91' lang='lat' dir='ltr'><strong>in</strong></span> <span class='ocrx_word' id='word_1_670' title='bbox 1697 5064 1808 5119; x_wconf 82' lang='lat' dir='ltr'><strong>fide</strong></span> <span class='ocrx_word' id='word_1_671' title='bbox 1835 5081 2168 5136; x_wconf 90' lang='lat' dir='ltr'><strong>permanse-</strong></span> 
     </span>
    </p>
   </div>
   <div class='ocr_carea' id='block_1_99' title="bbox 533 5157 2170 5230">
    <p class='ocr_par' dir='ltr' id='par_1_99' title="bbox 533 5157 2170 5230">
     <span class='ocr_line' id='line_1_99' title="bbox 533 5157 2170 5230; baseline 0 -17"><span class='ocrx_word' id='word_1_672' title='bbox 533 5162 666 5213; x_wconf 88' lang='lat' dir='ltr'><strong>rant</strong></span> <span class='ocrx_word' id='word_1_673' title='bbox 708 5157 1003 5213; x_wconf 88' lang='lat' dir='ltr'><strong>anteferri.</strong></span> <span class='ocrx_word' id='word_1_674' title='bbox 1059 5158 1216 5213; x_wconf 89' lang='lat' dir='ltr'><strong>Unde</strong></span> <span class='ocrx_word' id='word_1_675' title='bbox 1271 5159 1407 5230; x_wconf 90' lang='lat' dir='ltr'><strong>quia</strong></span> <span class='ocrx_word' id='word_1_676' title='bbox 1460 5175 1573 5213; x_wconf 91' lang='lat' dir='ltr'><strong>non</strong></span> <span class='ocrx_word' id='word_1_677' title='bbox 1618 5161 1757 5214; x_wconf 87' lang='lat' dir='ltr'><strong>latet</strong></span> <span class='ocrx_word' id='word_1_678' title='bbox 1808 5158 2170 5214; x_wconf 89' lang='lat' dir='ltr'><strong>clementiam</strong></span> 
     </span>
    </p>
   </div>
   <div class='ocr_carea' id='block_1_100' title="bbox 535 5252 2166 5325">
    <p class='ocr_par' dir='ltr' id='par_1_100' title="bbox 535 5252 2166 5325">
     <span class='ocr_line' id='line_1_100' title="bbox 535 5252 2166 5325; baseline 0.001 -20"><span class='ocrx_word' id='word_1_679' title='bbox 535 5256 798 5317; x_wconf 85' lang='lat' dir='ltr'><strong>vestram,</strong></span> <span class='ocrx_word' id='word_1_680' title='bbox 841 5254 1125 5323; x_wconf 88' lang='lat' dir='ltr'><strong>quantum</strong></span> <span class='ocrx_word' id='word_1_681' title='bbox 1168 5252 1425 5323; x_wconf 88' lang='lat' dir='ltr'><strong>periculi,</strong></span> <span class='ocrx_word' id='word_1_682' title='bbox 1457 5256 1556 5308; x_wconf 89' lang='lat' dir='ltr'><strong>aut</strong></span> <span class='ocrx_word' id='word_1_683' title='bbox 1588 5269 1687 5325; x_wconf 91' lang='lat' dir='ltr'><strong>per</strong></span> <span class='ocrx_word' id='word_1_684' title='bbox 1714 5253 2044 5324; x_wconf 89' lang='lat' dir='ltr'><strong>pudendam</strong></span> <span class='ocrx_word' id='word_1_685' title='bbox 2078 5269 2166 5307; x_wconf 92' lang='lat' dir='ltr'><strong>so-</strong></span> 
     </span>
    </p>
   </div>
   <div class='ocr_carea' id='block_1_101' title="bbox 533 5345 2167 5419">
    <p class='ocr_par' dir='ltr' id='par_1_101' title="bbox 533 5345 2167 5419">
     <span class='ocr_line' id='line_1_101' title="bbox 533 5345 2167 5419; baseline -0.002 -18"><span class='ocrx_word' id='word_1_686' title='bbox 533 5346 811 5414; x_wconf 89' lang='lat' dir='ltr'><strong>cordiam,</strong></span> <span class='ocrx_word' id='word_1_687' title='bbox 843 5351 942 5401; x_wconf 91' lang='lat' dir='ltr'><strong>aut</strong></span> <span class='ocrx_word' id='word_1_688' title='bbox 977 5355 1080 5417; x_wconf 86' lang='lat' dir='ltr'><strong>per</strong></span> <span class='ocrx_word' id='word_1_689' title='bbox 1105 5345 1360 5401; x_wconf 87' lang='lat' dir='ltr'><strong>dolosam</strong></span> <span class='ocrx_word' id='word_1_690' title='bbox 1395 5347 1709 5419; x_wconf 89' lang='lat' dir='ltr'><strong>nequitiam</strong></span> <span class='ocrx_word' id='word_1_691' title='bbox 1738 5346 2044 5411; x_wconf 90' lang='lat' dir='ltr'><strong>nutriatur,</strong></span> <span class='ocrx_word' id='word_1_692' title='bbox 2080 5345 2167 5400; x_wconf 89' lang='lat' dir='ltr'><strong>di-</strong></span> 
     </span>
    </p>
   </div>
   <div class='ocr_carea' id='block_1_102' title="bbox 534 5440 2167 5513">
    <p class='ocr_par' dir='ltr' id='par_1_102' title="bbox 534 5440 2167 5513">
     <span class='ocr_line' id='line_1_102' title="bbox 534 5440 2167 5513; baseline -0.002 -17"><span class='ocrx_word' id='word_1_693' title='bbox 534 5440 790 5513; x_wconf 83' lang='lat' dir='ltr'><strong>gnemini</strong></span> <span class='ocrx_word' id='word_1_694' title='bbox 810 5440 1143 5512; x_wconf 89' lang='lat' dir='ltr'><strong>episcopum</strong></span> <span class='ocrx_word' id='word_1_695' title='bbox 1155 5440 1227 5495; x_wconf 91' lang='lat' dir='ltr'><strong>ad</strong></span> <span class='ocrx_word' id='word_1_696' title='bbox 1241 5440 1660 5511; x_wconf 90' lang='lat' dir='ltr'><strong>professionem</strong></span> <span class='ocrx_word' id='word_1_697' title='bbox 1682 5457 1798 5495; x_wconf 66' lang='lat' dir='ltr'><strong>suae</strong></span> <span class='ocrx_word' id='word_1_698' title='bbox 1820 5440 1953 5494; x_wconf 88' lang='lat' dir='ltr'><strong>fidei</strong></span> <span class='ocrx_word' id='word_1_699' title='bbox 1972 5441 2167 5493; x_wconf 87' lang='lat' dir='ltr'><strong>aucto-</strong></span> 
     </span>
    </p>
   </div>
   <div class='ocr_carea' id='block_1_103' title="bbox 530 5533 2169 5591">
    <p class='ocr_par' dir='ltr' id='par_1_103' title="bbox 530 5533 2169 5591">
     <span class='ocr_line' id='line_1_103' title="bbox 530 5533 2169 5591; baseline 0.001 -4"><span class='ocrx_word' id='word_1_700' title='bbox 530 5534 699 5590; x_wconf 88' lang='lat' dir='ltr'><strong>ritate</strong></span> <span class='ocrx_word' id='word_1_701' title='bbox 719 5540 923 5590; x_wconf 75' lang='lat' dir='ltr'><strong>vestree</strong></span> <span class='ocrx_word' id='word_1_702' title='bbox 944 5534 1265 5590; x_wconf 73' lang='lat' dir='ltr'><strong>clementiae</strong></span> <span class='ocrx_word' id='word_1_703' title='bbox 1285 5551 1549 5591; x_wconf 87' lang='lat' dir='ltr'><strong>revocare</strong></span> <span class='ocrx_word' id='word_1_704' title='bbox 1570 5552 1643 5590; x_wconf 90' lang='lat' dir='ltr'><strong>ne</strong></span> <span class='ocrx_word' id='word_1_705' title='bbox 1661 5534 1767 5590; x_wconf 88' lang='lat' dir='ltr'><strong>sibi</strong></span> <span class='ocrx_word' id='word_1_706' title='bbox 1792 5534 1897 5590; x_wconf 89' lang='lat' dir='ltr'><strong>has</strong></span> <span class='ocrx_word' id='word_1_707' title='bbox 1919 5533 2169 5588; x_wconf 89' lang='lat' dir='ltr'><strong>maculas</strong></span> 
     </span>
    </p>
   </div>
   <div class='ocr_carea' id='block_1_104' title="bbox 531 5627 2168 5700">
    <p class='ocr_par' dir='ltr' id='par_1_104' title="bbox 531 5627 2168 5700">
     <span class='ocr_line' id='line_1_104' title="bbox 531 5627 2168 5700; baseline 0.002 -21"><span class='ocrx_word' id='word_1_708' title='bbox 531 5627 892 5697; x_wconf 87' lang='lat' dir='ltr'><strong>superducat,</strong></span> <span class='ocrx_word' id='word_1_709' title='bbox 939 5644 1011 5683; x_wconf 90' lang='lat' dir='ltr'><strong>ne</strong></span> <span class='ocrx_word' id='word_1_710' title='bbox 1057 5629 1497 5685; x_wconf 66' lang='lat' dir='ltr'><strong>mstimatiouem</strong></span> <span class='ocrx_word' id='word_1_711' title='bbox 1552 5645 1713 5684; x_wconf 89' lang='lat' dir='ltr'><strong>suam</strong></span> <span class='ocrx_word' id='word_1_712' title='bbox 1757 5645 1931 5700; x_wconf 90' lang='lat' dir='ltr'><strong>quam</strong></span> <span class='ocrx_word' id='word_1_713' title='bbox 1979 5629 2168 5682; x_wconf 87' lang='lat' dir='ltr'><strong>vestro</strong></span> 
     </span>
    </p>
   </div>
   <div class='ocr_carea' id='block_1_105' title="bbox 531 5719 2167 5788">
    <p class='ocr_par' dir='ltr' id='par_1_105' title="bbox 531 5719 2167 5788">
     <span class='ocr_line' id='line_1_105' title="bbox 531 5719 2167 5788; baseline 0.003 -17"><span class='ocrx_word' id='word_1_714' title='bbox 531 5719 824 5788; x_wconf 85' lang='lat' dir='ltr'><strong>acquisivit</strong></span> <span class='ocrx_word' id='word_1_715' title='bbox 870 5720 1080 5787; x_wconf 81' lang='lat' dir='ltr'><strong>favore,</strong></span> <span class='ocrx_word' id='word_1_716' title='bbox 1131 5725 1482 5787; x_wconf 85' lang='lat' dir='ltr'><strong>contemnat,</strong></span> <span class='ocrx_word' id='word_1_717' title='bbox 1535 5721 1864 5777; x_wconf 87' lang='lat' dir='ltr'><strong>societatem</strong></span> <span class='ocrx_word' id='word_1_718' title='bbox 1912 5720 2167 5777; x_wconf 66' lang='lat' dir='ltr'><strong>hazretici</strong></span> 
     </span>
    </p>
   </div>
   <div class='ocr_carea' id='block_1_106' title="bbox 2272 4497 3817 4571">
    <p class='ocr_par' dir='ltr' id='par_1_106' title="bbox 2272 4497 3817 4571">
     <span class='ocr_line' id='line_1_106' title="bbox 2272 4497 3817 4571; baseline -0.005 -19"><span class='ocrx_word' id='word_1_719' title='bbox 2272 4501 2328 4552; x_wconf 89' lang='lat' dir='ltr'><strong>et</strong></span> <span class='ocrx_word' id='word_1_720' title='bbox 2340 4514 2633 4553; x_wconf 90' lang='lat' dir='ltr'><strong>coronam.</strong></span> <span class='ocrx_word' id='word_1_721' title='bbox 2653 4497 2966 4553; x_wconf 89' lang='lat' dir='ltr'><strong>Clementia</strong></span> <span class='ocrx_word' id='word_1_722' title='bbox 2983 4498 3163 4569; x_wconf 87' lang='lat' dir='ltr'><strong>igitur</strong></span> <span class='ocrx_word' id='word_1_723' title='bbox 3174 4501 3359 4554; x_wconf 85' lang='lat' dir='ltr'><strong>vestra</strong></span> <span class='ocrx_word' id='word_1_724' title='bbox 3374 4498 3630 4571; x_wconf 88' lang='lat' dir='ltr'><strong>agnoscat</strong></span> <span class='ocrx_word' id='word_1_725' title='bbox 3645 4500 3817 4548; x_wconf 81' lang='lat' dir='ltr'><strong>omnem</strong></span> 
     </span>
    </p>
   </div>
   <div class='ocr_carea' id='block_1_107' title="bbox 2270 4580 3818 4654">
    <p class='ocr_par' dir='ltr' id='par_1_107' title="bbox 2270 4580 3818 4654">
     <span class='ocr_line' id='line_1_107' title="bbox 2270 4580 3818 4654; baseline -0.001 -8"><span class='ocrx_word' id='word_1_726' title='bbox 2270 4593 2582 4646; x_wconf 84' lang='lat' dir='ltr'><strong>Romanam</strong></span> <span class='ocrx_word' id='word_1_727' title='bbox 2622 4592 2923 4646; x_wconf 88' lang='lat' dir='ltr'><strong>Ecclesiam</strong></span> <span class='ocrx_word' id='word_1_728' title='bbox 2958 4591 3238 4647; x_wconf 90' lang='lat' dir='ltr'><strong>universis</strong></span> <span class='ocrx_word' id='word_1_729' title='bbox 3281 4593 3417 4648; x_wconf 85' lang='lat' dir='ltr'><strong>tidei</strong></span> <span class='ocrx_word' id='word_1_730' title='bbox 3455 4595 3638 4647; x_wconf 65' lang='lat' dir='ltr'><strong>vestrae</strong></span> <span class='ocrx_word' id='word_1_731' title='bbox 3672 4580 3818 4654; x_wconf 63' lang='lat' dir='ltr'><strong>opim&quot;</strong></span> 
     </span>
    </p>
   </div>
   <div class='ocr_carea' id='block_1_108' title="bbox 2270 4680 3815 4760">
    <p class='ocr_par' dir='ltr' id='par_1_108' title="bbox 2270 4680 3815 4760">
     <span class='ocr_line' id='line_1_108' title="bbox 2270 4680 3815 4760; baseline -0.008 -21"><span class='ocrx_word' id='word_1_732' title='bbox 2270 4685 2580 4756; x_wconf 90' lang='lat' dir='ltr'><strong>plurimum</strong></span> <span class='ocrx_word' id='word_1_733' title='bbox 2615 4686 2905 4756; x_wconf 87' lang='lat' dir='ltr'><strong>gratulari,</strong></span> <span class='ocrx_word' id='word_1_734' title='bbox 2937 4686 3051 4741; x_wconf 85' lang='lat' dir='ltr'><strong>sive</strong></span> <span class='ocrx_word' id='word_1_735' title='bbox 3088 4687 3239 4758; x_wconf 91' lang='lat' dir='ltr'><strong>quod</strong></span> <span class='ocrx_word' id='word_1_736' title='bbox 3265 4686 3604 4760; x_wconf 84' lang='lat' dir='ltr'><strong>legationem</strong></span> <span class='ocrx_word' id='word_1_737' title='bbox 3628 4680 3815 4734; x_wconf 80' lang='lat' dir='ltr'><strong>nostram</strong></span> 
     </span>
    </p>
   </div>
   <div class='ocr_carea' id='block_1_109' title="bbox 2271 4768 3815 4852">
    <p class='ocr_par' dir='ltr' id='par_1_109' title="bbox 2271 4768 3815 4852">
     <span class='ocr_line' id='line_1_109' title="bbox 2271 4768 3815 4852; baseline -0.006 -19"><span class='ocrx_word' id='word_1_738' title='bbox 2271 4779 2363 4849; x_wconf 90' lang='lat' dir='ltr'><strong>pio</strong></span> <span class='ocrx_word' id='word_1_739' title='bbox 2390 4795 2492 4850; x_wconf 83' lang='lat' dir='ltr'><strong>per</strong></span> <span class='ocrx_word' id='word_1_740' title='bbox 2516 4778 2712 4834; x_wconf 89' lang='lat' dir='ltr'><strong>omnia</strong></span> <span class='ocrx_word' id='word_1_741' title='bbox 2739 4780 2829 4851; x_wconf 90' lang='lat' dir='ltr'><strong>adj</strong></span> <span class='ocrx_word' id='word_1_742' title='bbox 2840 4780 3030 4834; x_wconf 90' lang='lat' dir='ltr'><strong>uvistis</strong></span> <span class='ocrx_word' id='word_1_743' title='bbox 3055 4780 3279 4849; x_wconf 78' lang='lat' dir='ltr'><strong>affectu,</strong></span> <span class='ocrx_word' id='word_1_744' title='bbox 3303 4787 3359 4837; x_wconf 89' lang='lat' dir='ltr'><strong>et</strong></span> <span class='ocrx_word' id='word_1_745' title='bbox 3384 4779 3532 4852; x_wconf 89' lang='lat' dir='ltr'><strong>quod</strong></span> <span class='ocrx_word' id='word_1_746' title='bbox 3566 4768 3815 4831; x_wconf 66' lang='lat' dir='ltr'><strong>sacerdotes</strong></span> 
     </span>
    </p>
   </div>
   <div class='ocr_carea' id='block_1_110' title="bbox 2271 4854 3814 4946">
    <p class='ocr_par' dir='ltr' id='par_1_110' title="bbox 2271 4854 3814 4946">
     <span class='ocr_line' id='line_1_110' title="bbox 2271 4854 3814 4946; baseline 0.005 -20"><span class='ocrx_word' id='word_1_747' title='bbox 2271 4872 2578 4927; x_wconf 90' lang='lat' dir='ltr'><strong>catholicos</strong></span> <span class='ocrx_word' id='word_1_748' title='bbox 2607 4872 2707 4944; x_wconf 89' lang='lat' dir='ltr'><strong>qui</strong></span> <span class='ocrx_word' id='word_1_749' title='bbox 2736 4873 2805 4928; x_wconf 91' lang='lat' dir='ltr'><strong>de</strong></span> <span class='ocrx_word' id='word_1_750' title='bbox 2831 4873 3077 4929; x_wconf 89' lang='lat' dir='ltr'><strong>ecclesiis</strong></span> <span class='ocrx_word' id='word_1_751' title='bbox 3104 4875 3220 4929; x_wconf 83' lang='lat' dir='ltr'><strong>suis</strong></span> <span class='ocrx_word' id='word_1_752' title='bbox 3244 4874 3450 4946; x_wconf 79' lang='lat' dir='ltr'><strong>injuste</strong></span> <span class='ocrx_word' id='word_1_753' title='bbox 3472 4871 3678 4927; x_wconf 69' lang='lat' dir='ltr'><strong>fuerunt</strong></span> <span class='ocrx_word' id='word_1_754' title='bbox 3699 4854 3814 4933; x_wconf 58' lang='lat' dir='ltr'><strong>eiem</strong></span> 
     </span>
    </p>
   </div>
   <div class='ocr_carea' id='block_1_111' title="bbox 2271 4964 3811 5040">
    <p class='ocr_par' dir='ltr' id='par_1_111' title="bbox 2271 4964 3811 5040">
     <span class='ocr_line' id='line_1_111' title="bbox 2271 4964 3811 5040; baseline -0.003 -21"><span class='ocrx_word' id='word_1_755' title='bbox 2271 4966 2552 5021; x_wconf 87' lang='lat' dir='ltr'><strong>sententia</strong></span> <span class='ocrx_word' id='word_1_756' title='bbox 2577 4967 2894 5035; x_wconf 82' lang='lat' dir='ltr'><strong>reduxistis,</strong></span> <span class='ocrx_word' id='word_1_757' title='bbox 2927 4967 3042 5022; x_wconf 89' lang='lat' dir='ltr'><strong>sive</strong></span> <span class='ocrx_word' id='word_1_758' title='bbox 3065 4967 3218 5039; x_wconf 91' lang='lat' dir='ltr'><strong>quod</strong></span> <span class='ocrx_word' id='word_1_759' title='bbox 3242 4968 3505 5040; x_wconf 89' lang='lat' dir='ltr'><strong>reliquias</strong></span> <span class='ocrx_word' id='word_1_760' title='bbox 3525 4964 3703 5019; x_wconf 73' lang='lat' dir='ltr'><strong>sanctae</strong></span> <span class='ocrx_word' id='word_1_761' title='bbox 3723 4967 3811 5008; x_wconf 70' lang='lat' dir='ltr'><strong>me&#39;</strong></span> 
     </span>
    </p>
   </div>
   <div class='ocr_carea' id='block_1_112' title="bbox 2273 5045 3811 5117">
    <p class='ocr_par' dir='ltr' id='par_1_112' title="bbox 2273 5045 3811 5117">
     <span class='ocr_line' id='line_1_112' title="bbox 2273 5045 3811 5117; baseline -0.008 -2"><span class='ocrx_word' id='word_1_762' title='bbox 2273 5061 2467 5115; x_wconf 70' lang='lat' dir='ltr'><strong>moriaa</strong></span> <span class='ocrx_word' id='word_1_763' title='bbox 2509 5060 2758 5115; x_wconf 78' lang='lat' dir='ltr'><strong>Flaviani</strong></span> <span class='ocrx_word' id='word_1_764' title='bbox 2800 5061 3125 5116; x_wconf 90' lang='lat' dir='ltr'><strong>innocentis</strong></span> <span class='ocrx_word' id='word_1_765' title='bbox 3170 5067 3226 5117; x_wconf 91' lang='lat' dir='ltr'><strong>et</strong></span> <span class='ocrx_word' id='word_1_766' title='bbox 3265 5060 3518 5117; x_wconf 88' lang='lat' dir='ltr'><strong>catholici</strong></span> <span class='ocrx_word' id='word_1_767' title='bbox 3552 5045 3811 5111; x_wconf 71' lang='lat' dir='ltr'><strong>sacerdotis,</strong></span> 
     </span>
    </p>
   </div>
   <div class='ocr_carea' id='block_1_113' title="bbox 2270 5147 3811 5228">
    <p class='ocr_par' dir='ltr' id='par_1_113' title="bbox 2270 5147 3811 5228">
     <span class='ocr_line' id='line_1_113' title="bbox 2270 5147 3811 5228; baseline -0.01 -17"><span class='ocrx_word' id='word_1_768' title='bbox 2270 5155 2340 5211; x_wconf 91' lang='lat' dir='ltr'><strong>ad</strong></span> <span class='ocrx_word' id='word_1_769' title='bbox 2367 5154 2689 5224; x_wconf 88' lang='lat' dir='ltr'><strong>ecclesiam,</strong></span> <span class='ocrx_word' id='word_1_770' title='bbox 2717 5154 2808 5210; x_wconf 90' lang='lat' dir='ltr'><strong>cui</strong></span> <span class='ocrx_word' id='word_1_771' title='bbox 2833 5155 2978 5210; x_wconf 91' lang='lat' dir='ltr'><strong>bene</strong></span> <span class='ocrx_word' id='word_1_772' title='bbox 3005 5156 3256 5228; x_wconf 67' lang='lat' dir='ltr'><strong>praefuit,</strong></span> <span class='ocrx_word' id='word_1_773' title='bbox 3287 5154 3489 5211; x_wconf 87' lang='lat' dir='ltr'><strong>fecistis</strong></span> <span class='ocrx_word' id='word_1_774' title='bbox 3512 5165 3629 5207; x_wconf 88' lang='lat' dir='ltr'><strong>cum</strong></span> <span class='ocrx_word' id='word_1_775' title='bbox 3651 5147 3811 5201; x_wconf 77' lang='lat' dir='ltr'><strong>honore</strong></span> 
     </span>
    </p>
   </div>
   <div class='ocr_carea' id='block_1_114' title="bbox 2270 5231 3809 5323">
    <p class='ocr_par' dir='ltr' id='par_1_114' title="bbox 2270 5231 3809 5323">
     <span class='ocr_line' id='line_1_114' title="bbox 2270 5231 3809 5323; baseline -0.01 -20"><span class='ocrx_word' id='word_1_776' title='bbox 2270 5248 2462 5303; x_wconf 90' lang='lat' dir='ltr'><strong>debito</strong></span> <span class='ocrx_word' id='word_1_777' title='bbox 2491 5249 2765 5303; x_wconf 87' lang='lat' dir='ltr'><strong>revocari.</strong></span> <span class='ocrx_word' id='word_1_778' title='bbox 2817 5251 2874 5303; x_wconf 87' lang='lat' dir='ltr'><strong>In</strong></span> <span class='ocrx_word' id='word_1_779' title='bbox 2925 5250 3133 5320; x_wconf 90' lang='lat' dir='ltr'><strong>quibus</strong></span> <span class='ocrx_word' id='word_1_780' title='bbox 3175 5251 3370 5323; x_wconf 90' lang='lat' dir='ltr'><strong>utique</strong></span> <span class='ocrx_word' id='word_1_781' title='bbox 3405 5244 3645 5303; x_wconf 88' lang='lat' dir='ltr'><strong>omnibus</strong></span> <span class='ocrx_word' id='word_1_782' title='bbox 3664 5231 3809 5309; x_wconf 75' lang='lat' dir='ltr'><strong>gloria‘</strong></span> 
     </span>
    </p>
   </div>
   <div class='ocr_carea' id='block_1_115' title="bbox 2268 5328 3809 5416">
    <p class='ocr_par' dir='ltr' id='par_1_115' title="bbox 2268 5328 3809 5416">
     <span class='ocr_line' id='line_1_115' title="bbox 2268 5328 3809 5416; baseline -0.005 -19"><span class='ocrx_word' id='word_1_783' title='bbox 2268 5347 2469 5397; x_wconf 68' lang='lat' dir='ltr'><strong>vestrae</strong></span> <span class='ocrx_word' id='word_1_784' title='bbox 2515 5341 2927 5414; x_wconf 88' lang='lat' dir='ltr'><strong>multiplicatur</strong></span> <span class='ocrx_word' id='word_1_785' title='bbox 2966 5348 3362 5416; x_wconf 85' lang='lat' dir='ltr'><strong>augmentum,</strong></span> <span class='ocrx_word' id='word_1_786' title='bbox 3391 5344 3520 5399; x_wconf 88' lang='lat' dir='ltr'><strong>dum</strong></span> <span class='ocrx_word' id='word_1_787' title='bbox 3559 5341 3609 5392; x_wconf 88' lang='lat' dir='ltr'><strong>et</strong></span> <span class='ocrx_word' id='word_1_788' title='bbox 3643 5328 3809 5387; x_wconf 64' lang='grc' dir='ltr'><strong>επηοιοε</strong></span> 
     </span>
    </p>
   </div>
   <div class='ocr_carea' id='block_1_116' title="bbox 2269 5420 3806 5510">
    <p class='ocr_par' dir='ltr' id='par_1_116' title="bbox 2269 5420 3806 5510">
     <span class='ocr_line' id='line_1_116' title="bbox 2269 5420 3806 5510; baseline 0.002 -19"><span class='ocrx_word' id='word_1_789' title='bbox 2269 5453 2371 5509; x_wconf 92' lang='lat' dir='ltr'><strong>pro</strong></span> <span class='ocrx_word' id='word_1_790' title='bbox 2391 5436 2506 5491; x_wconf 89' lang='lat' dir='ltr'><strong>suis</strong></span> <span class='ocrx_word' id='word_1_791' title='bbox 2520 5436 2740 5491; x_wconf 86' lang='lat' dir='ltr'><strong>meritis</strong></span> <span class='ocrx_word' id='word_1_792' title='bbox 2750 5437 3127 5505; x_wconf 89' lang='lat' dir='ltr'><strong>veneramini,</strong></span> <span class='ocrx_word' id='word_1_793' title='bbox 3145 5442 3203 5494; x_wconf 90' lang='lat' dir='ltr'><strong>et</strong></span> <span class='ocrx_word' id='word_1_794' title='bbox 3216 5439 3285 5493; x_wconf 88' lang='lat' dir='ltr'><strong>ab</strong></span> <span class='ocrx_word' id='word_1_795' title='bbox 3299 5452 3433 5510; x_wconf 85' lang='lat' dir='ltr'><strong>agro</strong></span> <span class='ocrx_word' id='word_1_796' title='bbox 3454 5426 3655 5489; x_wconf 81' lang='lat' dir='ltr'><strong>Domini</strong></span> <span class='ocrx_word' id='word_1_797' title='bbox 3671 5420 3806 5494; x_wconf 53' lang='lat' dir='ltr'><strong>spinas</strong></span> 
     </span>
    </p>
   </div>
   <div class='ocr_carea' id='block_1_117' title="bbox 2270 5519 3804 5597">
    <p class='ocr_par' dir='ltr' id='par_1_117' title="bbox 2270 5519 3804 5597">
     <span class='ocr_line' id='line_1_117' title="bbox 2270 5519 3804 5597; baseline -0.002 -11"><span class='ocrx_word' id='word_1_798' title='bbox 2270 5536 2326 5586; x_wconf 89' lang='lat' dir='ltr'><strong>et</strong></span> <span class='ocrx_word' id='word_1_799' title='bbox 2348 5530 2590 5586; x_wconf 89' lang='lat' dir='ltr'><strong>tribulos</strong></span> <span class='ocrx_word' id='word_1_800' title='bbox 2628 5530 2796 5585; x_wconf 88' lang='lat' dir='ltr'><strong>vultis</strong></span> <span class='ocrx_word' id='word_1_801' title='bbox 2834 5532 3068 5587; x_wconf 84' lang='lat' dir='ltr'><strong>auferri.</strong></span> <span class='ocrx_word' id='word_1_802' title='bbox 3098 5532 3380 5597; x_wconf 89' lang='lat' dir='ltr'><strong>Quosdam</strong></span> <span class='ocrx_word' id='word_1_803' title='bbox 3415 5544 3540 5584; x_wconf 85' lang='lat' dir='ltr'><strong>sane</strong></span> <span class='ocrx_word' id='word_1_804' title='bbox 3580 5519 3804 5593; x_wconf 65' lang='grc' dir='ltr'><strong>ϐρίδοοροδ</strong></span> 
     </span>
    </p>
   </div>
   <div class='ocr_carea' id='block_1_118' title="bbox 2270 5618 3804 5699">
    <p class='ocr_par' dir='ltr' id='par_1_118' title="bbox 2270 5618 3804 5699">
     <span class='ocr_line' id='line_1_118' title="bbox 2270 5618 3804 5699; baseline -0.004 -20"><span class='ocrx_word' id='word_1_805' title='bbox 2270 5625 2340 5679; x_wconf 90' lang='lat' dir='ltr'><strong>de</strong></span> <span class='ocrx_word' id='word_1_806' title='bbox 2374 5624 2462 5680; x_wconf 90' lang='lat' dir='ltr'><strong>his</strong></span> <span class='ocrx_word' id='word_1_807' title='bbox 2488 5624 2587 5697; x_wconf 90' lang='lat' dir='ltr'><strong>qui</strong></span> <span class='ocrx_word' id='word_1_808' title='bbox 2617 5624 2786 5681; x_wconf 89' lang='lat' dir='ltr'><strong>rebus</strong></span> <span class='ocrx_word' id='word_1_809' title='bbox 2811 5625 3001 5697; x_wconf 89' lang='lat' dir='ltr'><strong>impiis</strong></span> <span class='ocrx_word' id='word_1_810' title='bbox 3028 5626 3294 5682; x_wconf 90' lang='lat' dir='ltr'><strong>videntur</strong></span> <span class='ocrx_word' id='word_1_811' title='bbox 3328 5620 3609 5699; x_wconf 63' lang='lat' dir='ltr'><strong>praebuisse</strong></span> <span class='ocrx_word' id='word_1_812' title='bbox 3632 5618 3804 5667; x_wconf 67' lang='grc' dir='ltr'><strong>οοιιεθη·</strong></span> 
     </span>
    </p>
   </div>
   <div class='ocr_carea' id='block_1_119' title="bbox 2270 5705 3798 5792">
    <p class='ocr_par' dir='ltr' id='par_1_119' title="bbox 2270 5705 3798 5792">
     <span class='ocr_line' id='line_1_119' title="bbox 2270 5705 3798 5792; baseline -0.009 -19"><span class='ocrx_word' id='word_1_813' title='bbox 2270 5735 2425 5787; x_wconf 86' lang='lat' dir='ltr'><strong>sum,</strong></span> <span class='ocrx_word' id='word_1_814' title='bbox 2468 5718 2982 5775; x_wconf 88' lang='lat' dir='ltr'><strong>reconciliationem</strong></span> <span class='ocrx_word' id='word_1_815' title='bbox 3027 5720 3338 5792; x_wconf 88' lang='lat' dir='ltr'><strong>reposceri,</strong></span> <span class='ocrx_word' id='word_1_816' title='bbox 3377 5721 3429 5773; x_wconf 91' lang='lat' dir='ltr'><strong>et</strong></span> <span class='ocrx_word' id='word_1_817' title='bbox 3476 5705 3798 5769; x_wconf 75' lang='lat' dir='ltr'><strong>catholicorum</strong></span> 
     </span>
    </p>
   </div>
  </div>
