4026 6182
157 248 264 298 817

1351 246 1824 304 DECRETALIUM
1862 248 2244 304 COLLECTIO.

3417 256 3519 308 818

147 353 616 408 communionem
662 354 1011 423 desiderare,
1075 361 1187 409 tam
1241 358 1566 411 nostrorum
1610 374 1779 430 quam
1803 356 2169 440 Aresistere,
2211 374 2283 411 ne
2325 374 2391 412 ea
2440 374 2569 429 qua:
2599 359 2668 413 ad
2715 359 3040 414 sacerdotes
3074 359 3384 431 pertinent,
3417 360 3521 414 sibi

147 448 341 502 fratris
367 451 422 502 et
450 448 771 520 coepiscopi
809 449 924 503 mei
953 449 1225 518 Anatolii,
1273 450 1362 504 cui
1389 451 1779 508 testimonium

146 543 296 596 ferre
321 542 662 613 dignemini,
695 543 967 598 relatione
995 543 1387 614 cognovimus,
1414 562 1661 616 quorum
1691 547 1782 602 de-

147 635 372 690 sideriis
398 637 474 690 sic
505 635 827 706 praebemus
857 636 1143 705 effectum,
1177 642 1239 691 ut
1279 640 1545 693 correctis
1571 643 1628 694 et
1654 657 1781 711 quas

145 729 294 784 male
320 733 453 784 sunt
479 730 626 783 facta
659 731 890 801 propria
921 731 1337 802 subscriptione
1374 733 1781 788 damnantibus

147 824 488 894 participata
528 827 854 879 nostrorum
893 843 1032 898 quos
1060 826 1322 880 misimus
1353 843 1489 882 cura
1515 845 1645 882 cum
1685 845 1779 882 su-

147 918 401 988 pradicto
433 917 698 989 episcopo
723 919 876 990 pacis
898 920 1082 989 gratia
1111 919 1412 988 tribuatur,
1445 921 1578 993 quia
1605 921 1776 976 devo-

145 1012 316 1066 tionis
368 1016 674 1083 utrumque
723 1017 806 1068 est
844 1012 1196 1083 Christiana),
1247 1020 1307 1070 ut
1355 1020 1410 1069 et
1461 1016 1779 1086 pertinaces

145 1107 354 1159 veritas
372 1107 528 1176 justa
548 1112 820 1172 coerceat,
851 1111 906 1161 et
936 1123 1240 1163 conversos
1263 1109 1511 1164 charitas
1545 1127 1659 1164 non
1687 1127 1777 1164 re-

147 1201 337 1269 pellat.
373 1199 518 1264 Quia
543 1217 675 1254 vero
704 1200 967 1255 novimus
998 1206 1274 1272 quantum
1302 1203 1411 1275 piae
1441 1203 1773 1259 sollicitudi-

143 1295 226 1347 nis
245 1294 542 1348 catholicis
562 1295 949 1350 sacerdotibus
976 1298 1358 1352 mansuetudo
1378 1301 1560 1352 vestra
1581 1297 1780 1369 digne-

143 1393 233 1442 tur
261 1388 628 1460 impendere,
647 1389 1021 1444 indicandum
1049 1407 1171 1445 esse
1197 1392 1520 1447 curavimus
1544 1393 1778 1448 fratrem

143 1486 192 1537 et
229 1483 634 1553 coepiscopum
681 1488 959 1538 mostrum
1009 1485 1315 1539 Eusebium
1349 1486 1645 1542 nobiscum
1676 1487 1774 1542 de-

144 1593 295 1646 gere,
338 1579 395 1630 et
422 1581 630 1630 nostra:
649 1578 1074 1632 communionis
1101 1595 1218 1634 esse
1245 1585 1584 1647 consortem,
1618 1581 1778 1652 cujus

140 1671 622 1724 commendamus
649 1671 966 1739 ecclesiam,
1000 1689 1174 1742 quam
1200 1673 1408 1727 dicitur
1428 1678 1649 1729 vastare
1677 1675 1774 1747 qui

1881 449 2129 504 audeant
2171 450 2476 505 vindicare.
2515 451 2677 506 Unde
2718 452 3000 506 miramur
3039 454 3276 508 fratrem
3314 453 3515 508 Thala-

1881 543 2028 598 sium
2072 544 2398 614 episcopum
2441 546 2590 616 quod
2618 545 2886 617 Georgio,
2917 546 3105 601 nescio
3142 547 3252 616 cui,
3298 564 3515 618 praesu-

1882 639 2086 692 mendo
2099 638 2312 707 illicita,
2331 643 2387 694 et
2405 640 2756 710 propositum
2775 640 3058 709 monachi,
3078 646 3135 696 et
3154 658 3360 696 nomen
3379 642 3519 696 ami-

1880 732 1969 798 sit,
1990 731 2268 787 scribendi
2302 733 2385 786 vel
2422 733 2770 803 praedicandi
2804 734 3052 806 aliquam
3075 736 3400 806 permiserit
3433 737 3515 790 fa-

1880 827 2171 881 cultatem.
2207 826 2289 880 Ad
2316 843 2491 897 quem
2521 827 2876 898 episcopum,
2919 828 2964 881 si
2996 828 3282 884 dilectioni
3309 833 3421 883 tua!
3443 830 3517 882 vi-

1881 936 2005 973 sum
2027 919 2218 987 fuerit,
2250 937 2316 974 ex
2348 921 2454 974 hac
2492 925 2648 990 parte
2677 922 3061 992 competentia
3087 923 3295 994 scripta
3322 924 3512 978 mitta-

1880 1029 2025 1067 mus.
2054 1017 2197 1084 Agat
2225 1014 2412 1085 itaque
2436 1014 2762 1068 fraternitas
2788 1020 2882 1068 tua
2913 1017 3248 1086 opportunis
3273 1033 3512 1088 sugges-

1878 1107 2146 1174 tionibus,
2185 1113 2243 1162 ut
2287 1107 2762 1163 clementissimus
2807 1108 3074 1180 princeps
3113 1127 3238 1182 qua».
3277 1111 3516 1165 Domino

1879 1201 1990 1254 sint
2028 1201 2301 1271 placitura
2333 1202 2643 1272 praecipiat,
2692 1206 2749 1256 et
2788 1201 3114 1257 incentores
3143 1209 3510 1258 cruentarum

1879 1295 2221 1350 seditionum
2245 1296 2444 1366 jubeat
2471 1297 2889 1367 competentius
2915 1297 3187 1365 coerceri,
3211 1302 3274 1352 ut
3305 1314 3408 1351 nec
3436 1298 3516 1352 illi

1878 1389 2150 1460 impuniti
2179 1389 2310 1456 sint,
2344 1405 2592 1460 quorum
2621 1406 2822 1444 manus
2855 1392 3067 1445 scelera
3093 1395 3512 1462 perpetrarunt,

1877 1499 1982 1537 nec
2015 1483 2090 1537 illi
2118 1483 2217 1554 qui
2239 1483 2441 1538 talium
2464 1487 2702 1538 utuntur
2722 1483 2961 1538 insania.
2991 1485 3044 1539 Si
3069 1490 3264 1538 autem
3287 1485 3518 1556 inquisi-

1879 1577 1954 1630 tio
1985 1576 2307 1647 judiciaria,
2343 1581 2400 1631 et
2424 1578 2702 1632 confessio
2737 1595 2970 1633 reorum
3009 1579 3082 1633 ad
3122 1596 3218 1634 eas
3253 1596 3523 1650 personas

1877 1671 2152 1742 pervenit,
2176 1687 2424 1742 quarum
2444 1671 2529 1726 vel
2556 1672 2809 1739 consilio,
2835 1673 2920 1725 vel
2943 1672 3192 1743 impulsu
3213 1673 3361 1727 mala
3390 1676 3512 1728 tan-

144 1765 218 1818 illi
265 1764 481 1834 injuste
525 1765 794 1820 asseritur
838 1766 1194 1836 subrogatus.
1235 1767 1374 1821 Illud
1402 1769 1572 1822 etiam
1615 1785 1649 1822 α
1677 1743 1775 1825 tua
1797 1743 1851 1814 Β
1876 1771 1998 1818 tum
2013 1765 2317 1819 commissa
2333 1769 2485 1833 sunt,
2500 1765 2712 1822 nullius
2726 1767 2930 1820 favoris
2947 1766 3026 1820 eis
3043 1767 3364 1836 prsestanda
3384 1771 3517 1821 sunt

141 1858 355 1927 pietate
403 1862 717 1928 poscentes,
763 1859 918 1931 quod
957 1876 1053 1914 vos
1089 1865 1396 1930 spontaneo
1435 1862 1620 1916 facere
1657 1880 1772 1918 non

141 1951 475 2005 dubitamus
505 1952 756 2018 arbitrio,
791 1957 851 2007 ut
879 1957 996 2008 tam
1027 1954 1258 2008 fratrem
1290 1958 1347 2009 et
1377 1956 1772 2028 coepiscopum

143 2061 332 2098 meum
376 2045 682 2108 Iulianum,
730 2063 903 2117 quam
936 2048 1594 2120 Constantinopolitanos
1618 2051 1775 2106 cleri-

140 2156 249 2205 cos,
284 2139 388 2210 qui
420 2143 632 2194 sancta:
665 2141 960 2196 memoria:
996 2141 1258 2197 Flaviano
1285 2142 1547 2198 ﬁdelibus
1575 2143 1776 2198 ofﬁciis

138 2233 453 2299 adhaesere,
487 2250 554 2287 ea
592 2251 706 2304 qua
732 2234 952 2288 debetis
985 2235 1168 2306 gratia
1193 2236 1443 2291 faveatis.
1478 2239 1558 2292 De
1589 2239 1771 2292 omni-

141 2328 239 2380 bus
315 2343 451 2380 vero
513 2327 780 2398 pietatem
849 2332 1098 2383 vestram
1160 2347 1263 2400 per
1324 2337 1573 2399 nostros,
1638 2332 1774 2403 quid

139 2421 253 2474 fieri
288 2427 394 2475 aut
438 2421 710 2475 declinari
748 2421 1001 2488 deberet,
1047 2423 1437 2480 instruximus.
1479 2427 1615 2480 Data
1649 2427 1777 2482 ldus

139 2515 379 2585 Aprilis,
441 2514 718 2586 Adelphio
777 2514 895 2570 viro
959 2517 1272 2572 clarissimo
1330 2519 1590 2585 consule,
1663 2537 1778 2574 mra

139 2625 330 2664 CCCCL!
338 2624 405 2664 XX
413 2625 509 2663 VIII
520 2651 532 2663 .

237 2703 514 2758 XXXVIII.
543 2732 610 2744 —
643 2703 732 2758 Ad
757 2705 1042 2758 Iulianum
1065 2707 1374 2775 episcopum
1405 2710 1669 2764 Coenscm.

203 2797 315 2851 [ιεο
346 2797 576 2852 JrLIAxo
604 2797 869 2868 episcopo
897 2799 1115 2852 Coensi.

204 2891 453 2945 Litteras
497 2890 814 2945 dilectionis
861 2896 974 2946 tua:
1023 2910 1161 2964 quas
1202 2910 1304 2964 per
1351 2894 1555 2949 Filium
1585 2913 1774 2950 meum

141 2985 322 3038 virum
395 2985 668 3039 illustrem
739 2985 963 3040 Isicium
1027 2987 1316 3056 direxisti,
1388 3005 1453 3042 eo
1515 2994 1776 3061 tempore

1876 1859 2087 1913 solatia.
2108 1860 2398 1923 Quantum
2419 1859 2574 1914 enim
2597 1859 2839 1914 meliora
2856 1861 2924 1914 de
2953 1859 3086 1930 ipsis
3114 1864 3247 1914 sunt
3268 1861 3509 1920 credita,

1879 1956 2098 2007 tantum
2128 1958 2259 2008 sunt
2287 1954 2532 2024 amplius
2561 1954 2900 2020 detestandi,
2937 1970 3181 2025 quorum
3207 1971 3360 2007 nunc
3399 1954 3511 2008 im-

1875 2047 2054 2118 pietas
2077 2064 2205 2118 quze
2227 2064 2330 2118 per
2343 2047 2688 2119 hypocrisim
2707 2049 2894 2103 fuerat
2907 2048 3089 2102 velata
3111 2047 3418 2118 detegitur.
3446 2049 3512 2102 Et

1878 2141 2004 2195 ideo
2045 2144 2178 2212 agat
2217 2141 2730 2196 Christianissimus
2765 2146 2819 2196 et
2855 2141 3144 2212 piissimus
3171 2143 3509 2213 imperator,

1876 2235 2028 2305 quod
2057 2235 2178 2306 paci
2207 2235 2596 2290 ecclesiasticae
2622 2235 2891 2306 intelligit
2919 2236 3304 2306 profuturum.
3333 2237 3513 2300 Quem

1877 2346 2122 2400 superna
2156 2329 2530 2401 inspiratione
2571 2331 2648 2385 ita
2675 2329 3074 2384 instruendum
3102 2346 3242 2395 esse,
3270 2330 3516 2395 conﬁde,

1881 2427 1937 2477 ut
1982 2426 2040 2476 et
2086 2423 2379 2494 disciplina
2425 2424 2707 2495 inquietos
2748 2440 3034 2491 revocare,
3077 2430 3132 2478 et
3161 2441 3194 2477 a
3235 2425 3516 2495 sanguine

1880 2533 2082 2571 eorum
2108 2517 2313 2587 jubeat
2347 2518 2644 2587 abstineri,
2670 2517 2928 2589 quamvis
2960 2519 3038 2572 nil
3078 2519 3358 2573 ultionum
3402 2535 3514 2572 non

1879 2616 2206 2666 mereantur
2229 2611 2440 2680 subire,
2474 2611 2572 2682 qui
2598 2611 2716 2666 ausi
2740 2615 2872 2666 sunt
2902 2614 2959 2665 et
2989 2611 3192 2666 divinis
3225 2616 3283 2666 et
3308 2612 3512 2666 huma-

1881 2704 1965 2758 nis
1997 2704 2495 2759 constitutionibus
2521 2721 2863 2776 repugnare.

2200 2799 2414 2853 XXXIX.
2459 2831 2523 2838 ——
2571 2799 2658 2854 Ad
2685 2799 3018 2854 Eudochiam
3050 2802 3190 2869 Aug.

1949 2894 2055 2948 LE0
2127 2894 2422 2948 Ennocnw
2487 2896 2757 2964 Augustae
2814 2893 2884 2946 de
2942 2891 3257 2947 Palaestinis
3326 2909 3521 2946 mona-

1877 2988 2020 3042 chis.

136 3079 350 3151 accepi,
397 3095 510 3149 quo
551 3078 962 3134 recentioribus
1005 3081 1259 3152 epistolis
1286 3081 1396 3137 tuis
1429 3083 1624 3137 iterata
1649 3084 1774 3154 jam
1797 3116 1851 3190 Ο
1951 3083 2174 3146 Quanta
2195 3081 2340 3136 mihi
2365 3081 2657 3136 catholicae
2687 3098 2819 3136 cura
2853 3081 2923 3135 sit
2953 3081 3102 3147 ﬁdei,
3129 3086 3184 3135 et
3214 3097 3327 3152 qua
3356 3081 3513 3135 solli-

136 3173 432 3227 nccasione
461 3173 886 3244 responderem.
917 3173 1073 3228 Unde
1104 3174 1239 3246 quia
1263 3175 1437 3230 etiam
1479 3176 1537 3230 in
1570 3177 1658 3231 his
1689 3178 1772 3231 al-

135 3267 347 3337 loquiis
393 3266 504 3320 tuis
547 3266 752 3321 eadem
801 3267 870 3322 de
912 3267 1265 3339 impiissimis
1309 3269 1590 3324 hiereticis
1617 3271 1775 3342 justo

136 3360 327 3414 dolore
378 3364 718 3432 conquestus
754 3379 833 3427 es,
884 3379 1205 3432 congruum
1252 3364 1374 3429 fuit,
1423 3365 1609 3435 quoad
1637 3365 1774 3419 scri-

134 3455 297 3509 bendi
351 3455 748 3525 opportunitas
797 3456 1033 3522 exstitit,
1089 3474 1200 3511 non
1246 3462 1454 3513 tacere.
1509 3460 1566 3512 In
1608 3476 1776 3513 causa

137 3549 326 3620 itaque
360 3547 490 3603 ﬁdei
520 3549 803 3620 quidquid
835 3567 936 3621 pro
963 3557 1158 3606 nostro
1191 3551 1376 3606 ofﬁcio
1408 3553 1680 3623 oportuit,
1711 3571 1776 3608 ac

136 3646 318 3710 potest
348 3642 582 3712 juvante
614 3643 878 3713 Domino,
913 3648 970 3698 et
998 3643 1233 3699 sollicite
1259 3649 1315 3700 et
1341 3645 1585 3700 libenter
1615 3664 1772 3701 exse-

135 3737 390 3806 quimur,
422 3739 482 3789 ut
517 3737 823 3807 Evangelio
869 3742 920 3791 et
957 3738 1536 3808 irreprehcnsibiliter
1565 3740 1773 3794 servia-

138 3847 273 3898 mus,
313 3846 389 3884 ne
422 3847 523 3900 per
563 3831 835 3885 desidiam
869 3835 1125 3885 nostram
1179 3833 1293 3886 ulla
1338 3849 1467 3903 pars
1513 3835 1773 3889 Ecclesiae

136 3924 431 3977 catholicae
479 3924 741 3994 neglecta
795 3923 1073 3978 videatur.
1137 3927 1370 3996 Propter
1425 3927 1577 3998 quod
1633 3928 1775 3982 sicut

138 4018 408 4072 omnibus
441 4021 641 4072 notum
682 4021 786 4084 est,
823 4035 936 4072 non
971 4018 1162 4073 destiti
1188 4019 1469 4089 laborare,
1501 4025 1561 4075 ut
1587 4022 1770 4076 mani-

139 4110 336 4165 festata
371 4115 540 4181 atque
585 4111 815 4164 defensa
846 4111 1251 4166 incarnationis
1288 4113 1597 4168 Dominicce
1625 4116 1770 4170 veri-

141 4210 258 4273 tate,
325 4205 515 4258 omnis
569 4205 927 4273 fraternitas,
997 4205 1133 4277 quid
1187 4205 1396 4278 ubique
1459 4209 1773 4263 secundum

140 4297 452 4352 doctrinam
483 4299 871 4368 apostolicam,
903 4303 961 4352 et
994 4300 1304 4355 tenendum
1353 4303 1410 4352 et
1455 4301 1773 4356 docendum

141 4398 292 4457 esset,
331 4398 688 4463 agnosceret,
713 4393 1018 4448 accedente
1046 4393 1583 4464 gloriosissimorum
1610 4396 1770 4466 prin-

1878 3175 2149 3241 citudine,
2185 3175 2240 3228 in
2270 3179 2545 3245 quantum
2575 3174 2849 3229 Dominus
2870 3175 3120 3245 adjuvat,
3154 3174 3360 3229 debeat
3377 3191 3516 3245 prae-

1876 3269 2078 3337 caveri,
2127 3285 2200 3322 ne
2243 3284 2498 3338 unquam
2529 3268 2600 3321 ab
2631 3267 2916 3339 imperitis
2952 3272 3008 3322 et
3047 3268 3234 3338 impiis
3259 3268 3516 3322 veritatis

1876 3362 2180 3433 Evangelia
2233 3362 2544 3426 resistatur,
2592 3362 2860 3432 pietatem
2914 3367 3156 3416 vestram
3203 3362 3344 3414 scire
3399 3379 3516 3416 non

1877 3457 2093 3512 dubito.
2124 3457 2190 3510 Et
2218 3455 2350 3510 ideo
2381 3472 2512 3508 cum
2540 3455 2894 3510 salutationis
2919 3455 3122 3520 officio,
3153 3471 3265 3524 quo
3292 3470 3518 3525 semper

1879 3551 2021 3605 mihi
2049 3556 2133 3605 est
2172 3549 2393 3604 oranda
2437 3549 2765 3614 clementia,
2803 3549 3034 3602 obsecro
3075 3548 3400 3616 Dominum,
3451 3554 3517 3603 ut

1875 3661 1965 3699 me
1996 3650 2150 3700 tuam
2180 3643 2631 3698 incolumitatem
2657 3643 2715 3696 in
2746 3659 2911 3696 causa
2941 3641 3096 3708 ﬁdei,
3132 3642 3189 3696 in
3226 3659 3339 3712 quo
3369 3660 3512 3714 quo-

1877 3739 2141 3792 rumdam
2169 3737 2522 3808 provinciam
2542 3737 2689 3791 intra
2714 3735 3075 3790 Palaestinam
3099 3737 3515 3791 monachorum

1875 3833 2102 3885 fuerant
2129 3831 2300 3885 corda
2331 3831 2575 3896 turbata,
2610 3829 2794 3900 magis
2838 3828 3131 3900 magisque
3157 3829 3325 3884 faciat
3350 3829 3513 3899 adju-

1874 3942 2026 3990 vare,
2059 3930 2119 3979 ut
2143 3930 2367 3980 tantum
2391 3924 2544 3995 quod
2571 3924 2793 3994 pietatis
2815 3928 2927 3977 tua:
2951 3923 3140 3977 studio
3163 3923 3285 3976 ﬁeri
3307 3926 3514 3993 potest,

1875 4019 2151 4074 luereticae
2209 4019 2566 4089 perversitati
2619 4017 2804 4071 omnis
2862 4016 3066 4070 ﬁducia
3123 4017 3507 4071 subtrahatur.

1874 4113 2025 4178 Quos
2049 4113 2204 4167 enim
2228 4129 2329 4167 nec
2361 4113 2502 4166 ratio
2537 4116 3048 4175 sacramentorum,
3082 4127 3184 4164 nec
3204 4110 3512 4164 auctoritas

1873 4207 2231 4278 scriptorum,
2258 4223 2361 4260 nec
2388 4207 2508 4276 ipsa
2534 4209 2885 4260 sacratorum
2907 4207 3162 4259 locorum
3183 4204 3514 4258 testimonia

1873 4301 2328 4369 commovebant,
2377 4299 2514 4371 quid
2552 4299 2632 4354 eis
2674 4299 2780 4353 nisi
2829 4299 3138 4370 abruptum
3195 4299 3512 4370 periculum

1872 4395 2172 4450 timeretur
2197 4395 2224 4449 ?
2271 4394 2451 4449 Prosit
2481 4410 2621 4465 ergo
2649 4393 2897 4448 ecclesiis
2927 4394 3093 4459 sicut,
3123 4393 3351 4447 favente
3377 4393 3510 4457 Deo,

142 4486 325 4555 «'ipum
359 4486 550 4540 studio
570 4486 840 4540 divinitus
869 4487 1162 4558 inspirato,
1195 4491 1257 4542 ut
1276 4488 1334 4542 in
1356 4489 1579 4543 civitate
1604 4491 1769 4544 Chal-
1791 4488 1851 4560 D
1874 4493 1931 4544 et
1958 4489 2207 4560 prodest,
2251 4495 2307 4542 et
2340 4488 2520 4559 prosit
2549 4487 2744 4559 generi
2776 4488 3046 4552 humano,
3081 4487 3137 4540 in
3182 4486 3369 4540 verbis
3409 4485 3510 4539 Dei

142 4579 452 4634 i-edonensi
481 4580 700 4650 synodo
729 4585 1096 4651 congregata,
1127 4582 1389 4636 haeretica
1410 4583 1778 4638 damnaretur

146 4672 420 4743 impietas,
476 4691 546 4726 ne
597 4675 683 4727 vel
738 4675 1044 4745 quisquam
1091 4679 1334 4731 sectator
1380 4677 1643 4746 Nestorii,
1688 4679 1772 4734 vel

141 4765 279 4819 ullus
304 4765 616 4837 discipulus
636 4767 885 4822 Eutichis
910 4768 1152 4823 liberum
1180 4770 1355 4840 possit
1379 4787 1510 4826 cum
1535 4773 1774 4826 catholi-

141 4858 211 4910 cis
239 4860 454 4914 habere
482 4861 855 4927 consortium,
880 4879 1031 4929 cum,
1061 4863 1214 4934 quod
1239 4864 1311 4918 ad
1341 4865 1519 4918 sancti
1551 4866 1772 4920 concilii

141 4953 536 5008 auctoritatem
561 4955 827 5025 pertinet,
859 4957 1013 5010 nulla
1047 4973 1285 5028 usquam
1316 4958 1659 5013 remanserit
1685 4959 1772 5014 di-

143 5047 383 5101 scordia.
432 5048 619 5118 Siqui
661 5052 851 5103 autem
884 5067 983 5104 sua
1027 5050 1405 5105 obduratione
1439 5053 1651 5118 caecati,
1695 5053 1773 5107 ita

145 5141 194 5192 in
217 5141 450 5210 reprobi
480 5158 681 5196 sensus
705 5143 1021 5198 amentiam
1055 5145 1424 5212 transierunt,
1455 5148 1518 5200 ut
1538 5147 1782 5201 mallent

143 5233 325 5288 furere
354 5252 523 5306 quam
547 5236 756 5304 sanari,
783 5237 850 5292 ad
881 5238 1232 5308 imperialem
1255 5239 1507 5310 pertinet
1533 5245 1772 5310 potesta-

145 5330 272 5392 tem,
307 5333 372 5382 ut
399 5330 824 5399 perturbatores
851 5331 1114 5385 Ecclesiae
1147 5332 1321 5402 pacis,
1354 5336 1409 5386 et
1439 5333 1768 5404 republicze,

146 5435 265 5486 qum
315 5421 648 5477 Christianis
699 5424 1052 5494 principibus
1084 5425 1288 5480 merito
1323 5426 1621 5496 gloriatur,
1662 5426 1769 5480 ini-

147 5513 266 5567 mici
301 5516 592 5570 sollicitius
631 5518 1108 5588 comprimantur.
1138 5520 1208 5573 Ut
1237 5523 1431 5574 autem
1458 5519 1772 5591 imperialis

145 5612 239 5670 est,
293 5613 354 5661 ut
405 5610 672 5678 diximus,
719 5611 1034 5683 potestatis,
1081 5613 1355 5667 tumultus
1398 5613 1656 5684 publicos
1707 5631 1770 5668 ac

147 5700 441 5757 seditiones
468 5705 766 5775 sacrilegas
793 5706 1041 5760 severius
1058 5723 1334 5775 coercere,
1363 5707 1442 5761 ita
1463 5708 1768 5763 auctorita-

151 5793 215 5843 iis
244 5801 332 5846 est.
373 5799 732 5853 sacerdotalis
771 5801 1071 5855 monachis
1119 5801 1465 5872 praedicandi
1517 5801 1766 5874 aliquam

146 5891 339 5941 contra
359 5889 527 5947 ﬁdem
546 5893 831 5950 licentiam
862 5911 978 5950 non
1007 5895 1282 5967 prtebere,
1309 5899 1364 5950 et
1391 5896 1548 5952 omni
1575 5895 1768 5951 virtuti

1876 4587 2121 4637 vestram
2148 4580 2224 4635 ibi
2244 4598 2365 4636 esse
2393 4581 2772 4645 voluntatem,
2802 4580 2901 4634 ubi
2922 4579 3225 4633 Dominum
3247 4581 3511 4632 nostrum

1873 4679 2064 4731 Jesum
2095 4674 2381 4730 Christum
2411 4674 2572 4728 vobis
2601 4674 2742 4727 sicut
2772 4674 2949 4726 Deum
2980 4688 3200 4738 verum,
3231 4675 3287 4726 et
3315 4688 3514 4725 verum

1876 4787 2101 4841 quoque
2128 4769 2422 4823 hominem
2449 4769 2507 4821 in
2535 4767 2752 4821 unitate
2773 4783 3055 4836 personas,
3085 4769 3142 4819 et
3163 4765 3512 4820 mirabilium

1867 4864 2102 4935 judicia,
2134 4867 2190 4916 et
2220 4861 2548 4933 passionum
2567 4860 3260 4931 documentaloquuntur.
3291 4859 3349 4914 Si
3375 4876 3512 4932 ergo

1873 4958 2126 5029 praedicti
2155 4973 2368 5010 nomen
2399 4954 2742 5009 catholicum
2778 4958 3127 5008 venerantur
3154 4956 3210 5008 et
3239 4953 3508 5025 diligunt,

1875 5057 1931 5106 et
1954 5052 2102 5105 inter
2125 5049 2348 5105 Domini
2380 5066 2583 5119 corpus
2606 5064 2664 5102 se
2691 5048 2888 5102 volunt
2911 5048 3170 5102 membra
3200 5047 3508 5114 nominari,

1875 5162 2074 5216 pravos
2120 5160 2342 5197 errores
2385 5159 2528 5213 quos
2578 5145 2792 5196 temere
2834 5141 3185 5196 admiserant
3227 5142 3507 5196 detesten-

1872 5245 1985 5304 tur,
2027 5243 2084 5292 et
2125 5241 2299 5306 agant
2345 5235 2738 5306 paenitentiam
2778 5235 3084 5306 impiarum
3129 5233 3506 5306 blasphemia-

1875 5349 2023 5398 rum,
2053 5329 2245 5403 202
2275 5334 2762 5401 cruentorumque
2793 5330 3095 5384 factorum.
3124 5327 3511 5382 Succumbant

1874 5442 1974 5497 pro
2000 5426 2178 5479 salute
2200 5424 2522 5478 animarum
2542 5440 2772 5478 suarum
2790 5422 3152 5494 synodalibus
3167 5437 3292 5490 qua:
3308 5419 3366 5473 in
3383 5418 3512 5472 civi-

1874 5524 1985 5574 tate
2005 5517 2452 5573 Chalcedonensi
2489 5522 2621 5572 sunt
2646 5517 2982 5572 conﬁrmata
3010 5511 3266 5568 decretis.
3295 5513 3358 5566 Et
3375 5512 3508 5583 quia

1871 5614 1939 5668 ad
1957 5611 2399 5683 intelligendum
2420 5615 2844 5666 sacramentum
2866 5608 3062 5663 salutis
3084 5607 3376 5672 humanae,
3398 5606 3505 5660 nisi

1873 5707 2011 5761 ﬁdes
2036 5722 2188 5773 vera,
2210 5711 2267 5761 et
2287 5705 2588 5760 humilitas
2615 5705 2809 5776 quieta
2834 5719 2945 5756 non
2971 5699 3250 5772 pervenit,
3272 5700 3508 5754 credant

1872 5802 1931 5855 in
1959 5799 2285 5870 Evangelio,
2315 5801 2465 5870 quod
2493 5800 2839 5853 conﬁtentur
2863 5796 2922 5850 in
2956 5793 3239 5865 symbolo,
3267 5809 3370 5848 nec
3393 5794 3502 5848 im-

1871 5894 1977 5966 piis
2022 5893 2388 5965 dogmatibus
2437 5892 2798 5946 misceantur.
2834 5888 2998 5944 Fides
3041 5887 3196 5944 enim
3230 5888 3502 5944 catholica
