4026 6182
553 218 655 274 819

1449 221 1730 277 .tPPEND.
1771 222 1856 279 AD
1894 222 2053 277 SA'JC.
2101 220 2184 277 IX.
2215 248 2281 258 -—
2325 219 2563 276 lSlDORl
2601 218 3022 275 MEBCATORIS

3738 228 3815 281 820

551 326 693 381 sicut
737 325 971 381 damnat
1016 328 1335 383 Nestorium
1361 329 1460 400 qui
1489 329 1547 384 in
1576 346 1689 384 uno
1718 331 1955 387 Domino
1976 335 2173 386 nostro
2197 339 2256 414 Α
2275 328 2487 383 multos
2518 328 2723 383 Christi
2754 327 2993 399 populos
3024 327 3510 394 conturbaverunt,
3546 329 3809 399 disserendi,

548 422 672 475 Jesu
706 420 928 476 Christo
960 421 1098 475 duas
1125 438 1296 476 ausus
1325 428 1410 477 est
1440 424 1748 494 praedicare
1778 442 2067 497 personas,
2098 427 2179 482 ita

552 514 784 569 damnat
808 514 977 569 etiam
1005 516 1284 570 Eutichen
1312 533 1443 572 cum
1464 518 1746 589 Dioscoro,
1770 520 1927 591 quod
1948 522 2019 576 ab
2048 522 2175 576 uni-

552 607 742 678 genito
771 608 868 663 Dei
895 609 1074 664 Verbo
1103 615 1315 681 negant
1337 612 1395 665 in
1426 618 1585 667 utero
1606 614 1847 685 Virginis
1867 615 2063 670 matris
2079 632 2175 670 ve-

550 701 774 757 ritatem
814 702 1000 757 carnis
1041 704 1310 759 humanas
1353 710 1688 777 susceptam.
1723 707 1779 763 Si
1810 708 1949 780 quid
1989 715 2179 764 autem

551 811 685 866 erga
714 797 1121 867 praedictorum
1158 800 1579 855 conversionem
1632 802 1949 857 exhortatio
1997 808 2180 859 vestra

549 889 877 959 profecerit,
910 892 1064 962 quod
1093 893 1329 963 gloriam
1362 894 1520 948 vobis
1560 896 1854 966 praestabit
1881 903 2177 961 aeternam,

552 990 682 1054 pcto
710 984 817 1039 hoc
837 985 982 1042 mihi
1006 987 1323 1043 clementia:
1352 994 1550 1043 vestrae
1578 990 1781 1045 litteris
1805 991 2083 1061 indicetis,
2117 997 2182 1047 ut

550 1082 607 1133 et
633 1079 692 1132 in
718 1079 873 1134 vobis
895 1080 1031 1134 boni
1057 1082 1242 1152 operis
1266 1083 1535 1151 fructum,
1566 1090 1622 1138 et
1637 1084 1743 1139 illis
1763 1086 2048 1155 gaudeam
2070 1088 2179 1141 mi-

551 1172 917 1229 sericordiam
946 1176 1177 1230 Domini
1206 1194 1318 1231 non
1346 1178 1603 1247 periisse.
1638 1180 1775 1234 Data
1804 1181 2042 1251 septimo
2072 1182 2179 1236 Ka-

552 1265 748 1322 lendas
769 1268 921 1337 Julii,
953 1270 1206 1340 Opilione
1234 1271 1352 1326 viro
1376 1272 1687 1328 clarissimo
1714 1275 1965 1331 consule.

910 1364 1012 1417 XL.
1047 1396 1114 1404 --
1149 1368 1396 1436 Epistola
1432 1368 1620 1422 Leonis
1649 1385 1828 1439 papae.

627 1457 1097 1528 Frequentissime
1128 1459 1491 1517 dilectionem
1520 1466 1679 1517 tuam
1711 1462 1784 1517 ad
1814 1463 1962 1517 hanc
1986 1480 2183 1518 curam

554 1555 611 1605 et
630 1550 985 1622 diligentiam
1007 1553 1151 1608 meis
1171 1571 1300 1610 sum
1326 1556 1529 1611 litteris
1549 1557 1897 1626 cohortatus,
1919 1560 1985 1612 ut
2004 1558 2074 1612 de
2094 1557 2184 1611 his

556 1661 684 1715 quin
709 1645 854 1700 circa
873 1646 1048 1701 ﬁnem
1067 1652 1338 1719 aguntur,
1359 1650 1794 1707 sollicitudinem
1817 1668 2007 1707 meam
2030 1652 2185 1707 inde-

2279 426 2336 477 et
2358 422 2815 477 clementissimis
2840 421 3211 493 principibus,
3252 425 3308 478 et
3332 426 3510 478 sancto
3535 425 3734 481 concilio
3750 443 3817 497 sy-

2281 517 2488 583 nodali,
2520 522 2576 571 et
2602 515 3244 587 Constantinopolitanae
3272 516 3510 571 Ecclesia
3542 518 3660 588 quid
3681 518 3735 573 de
3755 519 3819 574 in-

2279 610 2604 666 carnatione
2617 610 2779 665 Verbi
2797 609 3112 665 secundum
3123 609 3492 681 evangelicam
3505 612 3820 681 apostolicam-

2281 722 2391 775 que
2429 704 2747 759 doctrinam
2789 703 3129 759 deberemus
3169 720 3366 774 sapere
3405 720 3466 757 ac
3502 705 3685 759 sentire
3706 710 3822 777 pate-

2281 798 2408 866 faci,
2456 803 2512 853 et
2560 797 2619 852 in
2666 798 2826 853 nullo
2867 814 2899 852 a
2936 802 3263 853 sanctorum
3293 799 3512 853 Patrum
3539 798 3821 853 confessione

2281 892 2526 959 discessi,
2559 892 2696 963 quia
2721 908 2836 947 una
2861 895 2964 959 est,
2990 908 3143 959 vera,
3174 890 3491 961 singularis,
3518 893 3745 962 perfecta,
3766 893 3825 947 in-

2282 985 2555 1041 violabilis
2599 986 2873 1041 catholica
2907 986 3062 1055 tides,
3099 985 3188 1040 cui
3224 984 3363 1040 nihil
3406 984 3549 1053 addi,
3574 1002 3666 1039 nec
3689 986 3824 1041 minui

2280 1065 2685 1151 potest.iQuam
2716 1080 3001 1135 Nestorius
3028 1080 3204 1151 prius,
3238 1084 3293 1134 et
3334 1095 3479 1133 nunc
3505 1079 3733 1133 Eutiches
3764 1080 3825 1134 di-

2282 1191 2437 1229 versa
2463 1173 2694 1245 quidem
2722 1173 3053 1242 assertione,
3093 1173 3192 1228 sed
3219 1172 3383 1227 simili
3406 1172 3666 1243 impietate
3687 1172 3826 1243 impu-

2284 1284 2456 1340 gnare
2502 1268 2691 1323 conati
2731 1273 2891 1335 sunt,
2938 1270 2996 1323 et
3037 1267 3296 1323 Ecclesiae
3351 1266 3445 1321 Dei
3479 1266 3609 1321 duas
3643 1266 3827 1321 haereses

2283 1362 2507 1418 sibimet
2549 1362 2854 1416 contrarias
2894 1361 3106 1417 inferre
3160 1364 3473 1427 tentarunt,
3516 1364 3577 1415 ut
3596 1365 3830 1431 uterquea

2285 1456 2567 1528 discipulis
2583 1455 2833 1510 veritatis
2853 1456 3061 1510 merito
3082 1455 3471 1522 damnaretur,
3484 1454 3609 1526 quia
3625 1454 3829 1508 insanum

2281 1551 2454 1606 nimis
2480 1554 2537 1605 et
2564 1549 2900 1621 sacrilegum
2932 1550 3038 1604 fuit
3067 1549 3218 1621 quod
3266 1548 3418 1603 varia
3457 1548 3681 1603 falsitate
3711 1546 3831 1602 ambo

2283 1662 2507 1700 sensere
2516 1687 2527 1699 .

558 1738 812 1794 sinenter
854 1740 1183 1812 instrueres,
1232 1748 1289 1798 et
1334 1761 1464 1799 cum
1501 1746 1766 1800 omnibus
1799 1715 2260 1801 occasionibusB
2351 1743 2876 1799 Anathematizetur
2898 1760 3036 1816 ergo
3058 1742 3352 1799 Nestorius
3377 1741 3473 1813 qui
3493 1742 3691 1797 beatam
3710 1740 3835 1809 virgio

557 1833 799 1889 scribere
846 1851 966 1891 non
1002 1837 1308 1908 quiescam.
1354 1840 1703 1907 Quibusdam
1742 1846 1933 1896 tamen
1964 1841 2185 1912 scriptis

556 1927 700 1982 meis
719 1928 871 1983 idem
889 1947 992 2000 per
1009 1930 1189 1987 ﬁlium
1206 1938 1464 1988 nostrum
1486 1934 1784 1990 Rodanum
1804 1936 2182 1991 domesticum

557 2022 656 2076 ﬂlii
698 2023 881 2078 nostri
926 2024 1033 2079 viri
1059 2025 1425 2082 illustrissimi
1463 2028 1727 2099 Aspiratii
1757 2030 1920 2097 datis,
1960 2030 2187 2085 nullum

454 2176 457 2183 η
558 2132 897 2189 responsum
936 2124 1050 2174 tua:
1089 2120 1461 2177 fraternitatis
1490 2123 1700 2193 accepi,
1738 2127 2011 2195 tanquam
2039 2124 2185 2179 ratio

558 2211 832 2281 temporis
860 2228 973 2266 non
1001 2213 1285 2282 habuerit,
1314 2220 1379 2269 ut
1407 2217 1544 2287 quid
1569 2220 1693 2288 post
1720 2234 1850 2272 mea
1877 2218 2087 2289 scripta
2116 2218 2188 2272 sit

560 2307 784 2373 gestum
809 2306 1065 2375 potueris
1098 2306 1367 2375 indicare,
1411 2314 1468 2363 et
1492 2310 1618 2365 ideo
1649 2327 1751 2381 per
1780 2311 1961 2365 filium
1993 2327 2188 2366 meum

561 2396 866 2454 Rodanum
920 2400 1009 2454 his
1064 2401 1264 2457 litteris
1300 2403 1503 2471 saluto,
1532 2409 1587 2458 et
1611 2408 1675 2458 nt
1707 2405 2187 2476 opportunitatem

558 2492 837 2548 scribendi
864 2511 982 2550 non
1002 2496 1281 2568 negligas,
1312 2497 1369 2552 in
1404 2515 1517 2570 quo
1538 2502 1773 2571 questus
1790 2499 2188 2555 sollicitudinis

559 2601 702 2641 mea:
728 2589 1015 2644 reveletur
1039 2590 1341 2647 admoneo.
1370 2595 1513 2650 Cum
1536 2594 1693 2648 enim
1716 2594 1778 2648 in
1808 2598 1861 2649 te
1882 2595 2188 2665 quamdam

559 2680 673 2734 mei
696 2680 1307 2756 Constantinopolitani
1323 2687 1566 2743 habeant
1589 2687 1925 2758 portionem,
1950 2688 2188 2758 dignum

556 2791 658 2845 pro
684 2778 972 2831 communi
998 2779 1248 2834 amicitia
1279 2786 1381 2849 est,
1403 2786 1459 2835 et
1488 2798 1591 2852 pro
1618 2781 1789 2836 totius
1815 2781 2078 2837 Ecclesiae
2101 2782 2186 2837 di-

557 2868 816 2936 lectione,
859 2869 1178 2927 incessabili
1225 2876 1280 2928 te
1328 2874 1523 2945 vigore
1568 2875 1913 2946 prospicere,
1948 2892 2020 2930 ne
2052 2876 2189 2947 quid

557 2962 736 3033 possit
764 2962 834 3017 de
869 2969 1020 3019 statu
1047 2965 1180 3020 fidei
1212 2984 1303 3022 mc
1330 2968 1523 3023 latere.
1558 2970 1691 3033 Qum
1730 2986 1868 3040 ergo
1903 2986 2004 3041 per
2043 2987 2187 3041 pree-

559 3055 739 3112 dictos
767 3058 853 3113 vel
878 3058 951 3112 ad
978 3060 1447 3131 gloriosissimum
1468 3062 1811 3134 principem,
1835 3064 1920 3119 vel
1939 3065 2008 3119 ad
2031 3070 2187 3119 tuam
2210 3092 2263 3166 C

556 3149 920 3206 dilectionem
948 3153 1165 3224 scripsi,
1197 3158 1259 3208 ut
1287 3156 1585 3210 celerrime
1617 3157 1929 3212 tradandur
1961 3158 2184 3213 effectui

557 3246 894 3315 opportunis
915 3248 1375 3319 suggestionibus
1404 3249 1647 3305 elabora.
1672 3252 1739 3306 Et
1767 3252 2040 3323 quidquid
2074 3252 2188 3307 fue-

554 3339 644 3405 rit,
690 3340 803 3394 Deo
852 3341 1180 3410 auxiliante,
1234 3343 1568 3414 dispositum
1620 3345 1760 3400 scire
1787 3362 1881 3400 me
1906 3346 2093 3414 facito,
2129 3352 2190 3401 ut

556 3433 840 3503 perductis
862 3435 920 3488 in
944 3435 1213 3491 effectum
1234 3437 1321 3492 his
1344 3454 1473 3508 quae
1494 3439 1909 3495 rationabiliter
1926 3440 2189 3495 ordinata

554 3532 705 3597 sunt,
731 3544 841 3599 pax
862 3529 994 3584 ﬁdei
1014 3547 1416 3605 canonumque
1429 3533 1705 3600 custodia,
1718 3535 1969 3589 securior
1981 3534 2189 3606 ubique

556 3621 831 3677 habeatur
853 3626 911 3678 et
934 3624 1150 3681 fortior.
1178 3627 1324 3681 Data
1344 3643 1419 3683 vn
1450 3628 1833 3683 Kalendarum
1865 3629 2018 3699 Julii,
2056 3629 2185 3701 Opi-

556 3714 707 3772 lione
737 3716 856 3772 viro
884 3718 1196 3775 clarissimo
1226 3722 1473 3776 consule.

1009 3814 1138 3870 XLI.
1180 3846 1247 3854 ——
1287 3815 1379 3870 Ad
1408 3816 1743 3871 Palaestinos.

628 3908 736 3962 Leo
767 3908 837 3964 ad
873 3910 1240 3965 Panasrnvos.

625 4001 996 4057 Sollicitudini
1016 4019 1161 4058 meae
1186 4020 1363 4076 quam
1393 4003 1691 4059 universali
1718 4003 1985 4058 Ecclesia:
2012 4004 2193 4058 omni-

558 4096 773 4168 busque
813 4096 934 4167 ejus
964 4097 1090 4151 flliis
1131 4097 1332 4165 debeo,
1362 4097 1679 4152 multorum
1715 4096 1997 4152 relatione
2028 4101 2190 4168 pate-

557 4191 771 4243 factum
804 4192 889 4243 est
915 4190 1230 4245 dilectionis
1259 4195 1461 4246 vestrae
1491 4192 1697 4246 animis
1719 4190 1995 4263 quiddam
2016 4190 2190 4245 offen-

558 4282 727 4335 sionis
766 4281 1005 4347 illatum,
1054 4286 1190 4339 dum
1226 4290 1324 4340 aut
1352 4284 1623 4356 imperiti,
1655 4290 1714 4340 ut
1737 4288 1976 4356 apparet
2013 4284 2190 4339 inter-

558 4380 763 4446 pretes,
808 4382 908 4432 aut
951 4378 1210 4449 maligni,
1240 4379 1503 4451 quaedam
1532 4393 1631 4433 vos
1661 4378 1829 4433 aliter
1854 4378 2193 4451 intelligere,

2286 1856 2420 1893 nem
2448 1838 2680 1894 Mariam
2707 1837 2955 1892 hominis
2984 1838 3386 1893 tantummodo
3407 1835 3635 1891 credidit
3660 1832 3832 1905 genitri-

2285 1950 2409 1988 cem
2420 1976 2434 2003 ,
2453 1935 2518 1987 ut
2531 1932 2703 1987 aliam
2716 1948 3022 2003 personam
3033 1931 3237 2000 carnis,
3254 1930 3429 1986 aliam
3442 1930 3638 1985 faceret
3651 1926 3831 1985 deitatis.

2288 2044 2389 2081 nec
2419 2043 2596 2081 unum
2620 2026 2907 2083 Christum
2938 2026 2996 2080 in
3023 2025 3205 2080 Verbo
3235 2026 3358 2093 Dei,
3388 2028 3444 2080 et
3467 2038 3621 2079 carne
3639 2020 3831 2082 sentiret,

2287 2122 2383 2176 sed
2413 2121 2721 2193 separatim
2742 2137 2806 2176 ac
2828 2120 2903 2192 sej
2913 2123 3148 2175 unctum
3166 2119 3347 2174 alium
3376 2119 3574 2174 Filium
3591 2118 3697 2181 Dei,
3713 2115 3834 2169 alium

2287 2215 2534 2271 hominis
2560 2214 2916 2286 praedicaret,
2946 2231 3077 2269 cum
3108 2217 3380 2269 manente
3411 2213 3503 2267 illa
3532 2212 3834 2266 incommuta-

2287 2310 2415 2365 bilis
2460 2310 2627 2365 Verbi
2679 2309 2944 2377 essentia,
2997 2325 3129 2379 quae
3160 2309 3210 2363 ei
3250 2324 3385 2363 cum
3429 2309 3581 2363 Patre
3613 2312 3664 2360 et
3684 2304 3837 2375 Spiritu

2289 2407 2482 2459 sancto
2526 2402 2916 2474 intemporalis
2960 2407 3130 2475 atque
3180 2406 3469 2457 coasterna
3511 2406 3605 2469 est,
3643 2400 3712 2453 ita
3734 2398 3838 2452 intra

2288 2503 2541 2573 virginea
2581 2504 2797 2557 viscera
2843 2502 3089 2557 Verbum
3128 2518 3258 2556 caro
3309 2502 3384 2557 sit
3418 2501 3636 2565 factum,
3674 2496 3739 2551 uti
3759 2509 3839 2548 uno

2288 2602 2594 2669 conceptu,
2654 2613 2887 2668 unoque
2938 2602 3106 2668 parlu
3150 2595 3353 2650 eadem
3400 2596 3564 2667 Virgo
3606 2589 3839 2647 secundum

2290 2692 2557 2747 unionem
2606 2691 2900 2763 utriusque
2940 2690 3289 2756 substantiae,
3347 2693 3405 2744 et
3455 2687 3643 2744 ancilla
3676 2681 3840 2739 Domini

2289 2791 2457 2853 esset,
2486 2790 2545 2840 et
2567 2790 2769 2840 mater.
2792 2785 2953 2850 Quod
2980 2784 3148 2840 etiam
3170 2784 3481 2851 Elisabeth,
3503 2783 3637 2837 sicut
3654 2780 3840 2845 Evange-

2289 2880 2416 2934 lista
2437 2880 2702 2949 declarat,
2723 2878 3021 2945 intellexit,
3048 2881 3104 2933 et
3126 2878 3268 2933 dixit
3301 2895 3316 2933 :
3351 2898 3379 2930 α
3400 2878 3553 2933 Unde
3573 2877 3665 2930 hoc
3681 2870 3791 2927 mihi
3804 2871 3843 2921 ul

2290 2975 2478 3030 veniat
2502 2977 2687 3028 mater
2711 2973 2940 3029 Domini
2966 2972 3078 3027 mei
3106 2972 3180 3027 ad
3205 2988 3301 3027 me
3322 2972 3351 3026 ε)
3380 2995 3405 3021 ››
3437 2974 3573 3042 (Luc.
3602 2987 3634 3035 ι,
3658 2965 3747 3037 i3.)
3767 2965 3842 3018 Eu-

2289 3069 2467 3125 tiches
2511 3084 2739 3141 quoque
2783 3068 2985 3123 eodem
3030 3066 3379 3139 percellatur
3404 3056 3843 3131 anathemate,qui

2288 3180 2390 3235 per
2414 3163 2617 3234 impios
2647 3165 2905 3216 veterum
2926 3161 3335 3217 hmreticorum
3371 3160 3639 3215 volutatus
3666 3166 3842 3216 errores,

2286 3257 2519 3312 tertium
2534 3256 2875 3327 Apollinaris
2888 3256 3098 3327 dogma
3108 3254 3344 3325 delegit,
3360 3259 3423 3309 ut
3432 3257 3621 3323 negata
3640 3250 3842 3304 humane

2288 3350 2474 3404 carnis
2522 3352 2691 3421 atque
2738 3350 2946 3404 animae
2976 3349 3231 3415 veritate,
3263 3352 3456 3403 totum
3483 3344 3747 3400 Dominum
3771 3353 3841 3391 no-

2290 3450 2467 3498 strum
2512 3446 2704 3499 Jesum
2750 3443 3036 3499 Christum
3084 3442 3254 3497 unius
3296 3444 3517 3497 asserat
3557 3454 3664 3494 esse
3685 3439 3842 3490 natura

2290 3545 2561 3610 tanquam
2597 3535 2761 3592 Verbi
2794 3537 2969 3592 deitas
2986 3537 3110 3609 ipsa
3130 3553 3188 3591 se
3207 3536 3267 3591 in
3290 3551 3528 3591 carnem
3554 3532 3845 3596 animamque

2291 3632 2653 3700 converterit,
2683 3635 2740 3685 et
2762 3631 2979 3702 concipi
3001 3647 3063 3685 ac
3086 3630 3261 3697 nasci,
3294 3629 3523 3696 nutriri,
3559 3644 3618 3681 ac
3641 3634 3843 3679 crescere.

2292 3725 2566 3797 cruciﬁgi,
2597 3743 2662 3780 ac
2687 3724 2855 3793 mori,
2898 3723 3146 3796 sepeliri,
3175 3740 3238 3778 ac
3275 3739 3596 3795 resurgere,
3637 3722 3685 3774 et
3706 3727 3843 3771 ascen-

2294 3820 2426 3874 dere
2466 3820 2523 3873 in
2561 3820 2789 3886 ccelum,
2818 3822 2877 3873 et
2917 3819 2977 3873 in
3003 3818 3182 3874 Patris
3212 3818 3473 3886 dextera,
3505 3814 3648 3871 unde
3668 3804 3843 3878 adjudi'

2292 3914 2502 3969 candos
2525 3914 2677 3968 vivos
2706 3916 2763 3967 et
2786 3915 3046 3967 mortuos
3072 3911 3280 3980 veniet,
3319 3910 3626 3975 considere,
3648 3905 3746 3977 ejus
3760 3905 3844 3954 tau-

2294 4011 2415 4061 tum
2443 4007 2704 4061 essentia:
2732 4005 2925 4073 fuerit,
2949 4022 3077 4078 quae
3100 4005 3242 4060 nihil
3258 4005 3471 4060 horum
3491 4004 3546 4058 in
3571 4018 3625 4056 se
3650 3999 3748 4053 sine
3764 4006 3843 4047 car-

2293 4101 2382 4157 nis
2400 4102 2631 4157 veritate
2657 4099 2889 4170 recepit,
2918 4100 3192 4171 quoniam
3218 4104 3427 4153 natura
3445 4092 3722 4168 unigeniti,
3739 4088 3847 4142 θείω·

2296 4213 2358 4250 ra
2385 4198 2470 4249 est
2497 4194 2693 4264 Patris,
2741 4198 2945 4248 natura
2985 4197 3069 4247 est
3112 4191 3362 4265 Spiritus
3410 4190 3601 4257 sancti,
3637 4181 3842 4249 εἱωυὶφιθ

2297 4291 2371 4343 im
2380 4288 2733 4361 passibiliter,
2766 4288 2931 4341 simul
2952 4289 3035 4341 est
3056 4284 3617 4350 incommutabiliter,
3633 4274 3847 4347 sempitel“

2296 4399 2386 4437 me
2420 4381 2710 4437 Trinitatis
2740 4380 2981 4435 indivisa
3026 4379 3234 4444 unitas,
3276 4384 3336 4433 et
3381 4365 3848 4434 consubstantialer

559 4487 728 4541 quam
760 4488 791 4525 a
836 4488 929 4528 me
959 4477 1091 4527 sunt
1114 4473 1387 4544 praedicta
1411 4474 1693 4541 fecerunt,
1724 4489 1836 4528 non
1862 4474 2114 4529 valentes
2141 4474 2197 4529 in
2216 4479 2276 4552 D
2298 4476 2615 4548 aequalitas.
2647 4474 2805 4530 Unde
2827 4490 2886 4529 se
2909 4474 2980 4528 ab
3003 4473 3346 4545 Apollinaris
3369 4469 3708 4545 perversitate
3731 4463 3849 4552 hri?

559 4568 813 4621 tirmcum
844 4566 1134 4639 eloquium
1166 4571 1295 4639 apte
1318 4574 1373 4623 et
1394 4568 1625 4640 proprie
1649 4568 1846 4623 Latina
1863 4568 2193 4635 transferre,

559 4678 688 4715 rum
720 4662 778 4716 in
819 4662 989 4717 rebus
1031 4662 1336 4717 subtilibus
1381 4667 1438 4717 et
1474 4661 1802 4717 difficilibus
1828 4662 2193 4735 explicandis,

559 4756 645 4810 vix
686 4756 789 4810 sibi
817 4756 985 4811 etiam
1016 4758 1075 4811 in
1102 4773 1205 4812 sua
1235 4756 1432 4829 lingua
1454 4757 1779 4829 disputator
1803 4757 2044 4829 quisque
2077 4757 2195 4811 suf-

560 4849 724 4904 liciat.
758 4849 918 4915 Quod
950 4857 1140 4906 tamen
1168 4852 1317 4922 apud
1347 4867 1438 4905 me
1471 4868 1539 4905 eo
1570 4850 1828 4922 profecit,
1863 4855 1927 4905 ut
1954 4851 2091 4905 dum
2130 4867 2199 4904 ea

559 4960 686 5015 quae
700 4943 973 4999 catholica
994 4946 1137 4999 fides
1156 4945 1370 5017 respuit
1388 4944 1791 5016 improbitatis,
1812 4944 2200 5016 intelligamus

564 5055 660 5092 vos
703 5039 848 5093 veris
888 5038 1190 5094 amiciores
1220 5056 1361 5109 esse,
1393 5056 1567 5111 quam
1605 5038 1783 5105 falsis,
1813 5043 1868 5092 et
1897 5037 1956 5092 id
1992 5039 2197 5092 merito

565 5133 832 5200 refutare,
849 5133 999 5204 quod
1019 5150 1083 5187 ex
1100 5133 1352 5205 antiquas
1366 5132 1721 5187 institutione
1741 5132 2011 5187 doctrinm
2029 5132 2199 5185 etiam

565 5229 683 5300 ipse
706 5226 969 5283 Eutiches
992 5227 1322 5282 detestatur.
1352 5227 1616 5292 Quamvis
1637 5226 1791 5281 enim
1814 5226 2052 5297 epistola
2072 5241 2201 5280 mea

563 5322 631 5376 ad
654 5324 863 5377 sanctas
884 5321 1181 5377 memorim
1198 5322 1527 5376 Flavianum
1550 5321 1883 5392 episcopum
1900 5320 2045 5385 data,
2065 5318 2201 5373 satis

562 5415 666 5470 sibi
691 5415 763 5471 ad
802 5415 1338 5471 manifestationem
1369 5415 1458 5469 sui
1486 5414 1605 5485 ipsa
1632 5413 1899 5478 sulliciat,
1932 5428 2115 5483 neque
2142 5412 2201 5467 in

559 5510 753 5581 aliquo
787 5514 884 5565 aut
914 5510 1272 5582 purgationis
1297 5511 1398 5563 aut
1440 5506 1814 5579 expositionis
1840 5506 2120 5577 indigeat,
2148 5509 2205 5561 et

565 5603 676 5658 alia
692 5609 889 5660 tamen
930 5621 1059 5660 cum
1105 5605 1308 5660 eadem
1349 5618 1478 5657 mea
1506 5601 1714 5673 scripta
1746 5599 2115 5666 concordant,
2144 5600 2202 5654 in

528 5690 770 5767 ‘quibus
791 5699 1053 5754 similiter
1081 5696 1503 5771 praedicationis
1534 5711 1678 5751 mea:
1701 5711 1899 5752 sensus
1919 5694 1976 5749 in
2006 5698 2203 5766 aperto

569 5795 672 5844 est.
704 5792 1103 5849 Necessitatem
1126 5793 1281 5849 enim
1303 5792 1523 5847 habens
1552 5794 1749 5846 contra
1768 5789 2084 5859 haireticos,
2108 5789 2203 5863 qui

2296 4571 2439 4626 ticus
2466 4570 2571 4624 iste
2602 4568 2880 4637 desciscit,
2911 4584 2982 4622 ne
3010 4567 3389 4622 convincatur
3414 4566 3669 4621 deitatem
3686 4550 3848 4629 paSSlbl-

2297 4666 2411 4720 ]em
2440 4662 2673 4730 sentire,
2705 4667 2877 4734 atque
2905 4662 3229 4729 mortalem,
3259 4666 3318 4715 et
3344 4667 3534 4715 tamen
3560 4652 3704 4711 Verbi
3728 4650 3848 4703 iurar-

2297 4758 2434 4827 nati,
2480 4756 2539 4811 id
2575 4760 2679 4825 est,
2726 4754 2893 4811 Verbi
2921 4757 2978 4809 et
3004 4754 3191 4809 carnis
3223 4770 3397 4809 unam
3428 4752 3636 4807 audens
3658 4753 3845 4818 pronun-

2296 4852 2438 4908 tiare
2483 4855 2771 4919 naturam,
2820 4866 2931 4904 non
2964 4848 3135 4903 dubie
3167 4848 3225 4902 in
3254 4846 3545 4905 Manichazi
3572 4849 3622 4899 et
3648 4830 3846 4929 Μενοδῇ

2297 4946 2386 5001 nis
2424 4944 2627 5000 transit
2664 4943 2967 5012 insaniam,
3007 4948 3063 4997 et
3090 4942 3469 4997 mediatorem
3509 4938 3600 4994 Dei
3642 4938 3691 4988 et
3716 4931 3848 5021 hom}:

2299 5056 2438 5095 num
2466 5038 2767 5093 hominem
2806 5039 2997 5092 Jesum
3041 5036 3328 5091 Christum
3370 5027 3695 5089 simulatorie

2301 5132 2506 5205 egisse,
2539 5147 2642 5186 nec
2672 5131 2992 5184 humanum
3017 5130 3076 5183 in
3104 5129 3227 5200 ipso
3247 5145 3473 5200 corpus,
3496 5124 3590 5180 sed
3610 5112 3849 5193 pbanlaw‘

2301 5243 2428 5283 cam
2456 5226 2709 5298 corporis
2730 5223 2977 5296 speciem
3000 5223 3181 5278 oculis
3199 5222 3525 5294 apparuisse
3552 5207 3849 5298 cernentium.

2300 5323 2434 5386 Quae
2468 5297 2773 5391 impietatis
2798 5316 3113 5386 mendacia,
3145 5316 3417 5388 quoniam
3438 5314 3565 5369 olim
3588 5309 3705 5364 fides
3722 5297 3850 5356 cattle

2301 5414 2407 5469 lica
2433 5414 2763 5481 detestatur,
2795 5416 2853 5467 et
2879 5411 3079 5467 talium
3107 5408 3403 5481 sacrilegia
3432 5398 3765 5462 concordibus
3785 5402 3852 5461 ρετ

2301 5513 2484 5563 totum
2546 5506 2827 5561 mundum
2877 5505 3177 5560 beatorum
3230 5505 3455 5559 Patrum
3504 5501 3627 5554 sunt
3660 5484 3850 5547 damna”

2304 5601 2619 5667 sententiis,
2652 5599 2978 5671 quicunque
3006 5598 3087 5653 illi
3121 5603 3253 5653 sunt
3279 5597 3359 5652 ita
3385 5589 3655 5655 obcaecati,
3680 5589 3726 5640 et
3747 5597 3771 5634 a
3793 5576 3849 5630 ια’

2305 5695 2459 5751 mine
2489 5694 2738 5750 veritatis
2762 5692 2951 5761 alieni,
2982 5696 3043 5747 ut
3071 5693 3254 5747 Verbo
3281 5690 3379 5746 Dei
3408 5707 3439 5745 a
3468 5692 3697 5757 tempore
3718 5676 3849 5729 incar-

2305 5788 2549 5847 nationis
2569 5789 2901 5849 humanam,
2927 5786 2980 5842 id
3005 5791 3090 5843 est
3109 5790 3382 5856 nostram,
3408 5783 3605 5854 negent
3625 5776 3772 5830 inesse
3786 5776 3852 5818 ηδ·
