4026 6182
177 238 281 293 821

1409 237 1880 331 ΒΕΟΒῌΤΑΒΙΙΞΗ
1917 234 2307 291 COLLECTIO.

3437 234 3538 286 822

172 344 765 407 hiram,ostendantin
781 361 898 417 quo
909 346 1015 401 sibi
1025 346 1408 402 Christianum
1421 363 1634 404 nomen
1648 365 1805 404 usur-
1825 357 1884 432 Α
1904 344 2146 400 veritate
2167 341 2353 400 carnis
2380 340 2649 398 obvoluta
2674 339 2881 413 pannis
2905 338 3147 396 infantia
3170 355 3285 396 non
3301 340 3537 411 jaceret.

174 444 329 509 pent,
355 443 412 493 et
429 454 559 493 cum
574 439 882 509 Evangelio
896 440 1153 495 veritatis
1170 457 1285 513 qua
1310 441 1529 497 ratione
1549 443 1797 511 deitatis,

170 536 271 587 aut
300 532 479 587 deitas
527 537 609 588 est
641 535 767 588 orta
809 532 931 589 sine
955 550 1145 589 carne.
1175 535 1233 591 Si
1269 536 1421 591 enim
1454 536 1655 607 negari
1684 554 1801 593 non

167 630 355 697 potest
383 626 536 697 quod
570 648 597 675 ‹‹
622 627 869 682 Verbum
896 644 1025 683 caro
1054 628 1265 684 factum
1299 635 1399 697 est,
1437 634 1496 685 et
1529 630 1803 687 habitavit

169 721 227 774 in
258 720 417 775 nobis
445 722 656 777 (Matth.
689 738 725 787 1,
761 722 866 789 14),
904 743 930 769 ι)
959 721 1038 777 ita
1067 723 1266 794 negari
1292 740 1407 779 non
1439 727 1625 795 potest
1647 726 1801 796 quod

170 815 318 868 Deus
337 817 457 868 erat
480 813 539 869 in
565 814 786 870 Christo
813 816 1092 871 mundum
1124 818 1499 872 reconcilians
1531 818 1801 884 sibi.Qum

167 912 363 962 autem
394 908 782 963 reconciliatio
810 926 930 964 esse
963 914 1165 981 potest,
1200 928 1309 982 qua
1326 912 1578 968 humano
1605 915 1801 983 generi

166 1002 577 1073 pmpitiaretur
592 1004 868 1069 Deus,nisi
889 1005 1147 1060 omnium
1166 1022 1392 1061 causam
1411 1007 1691 1062 mediator
1707 1008 1800 1062 Dei

167 1095 534 1166 hominisque
562 1096 910 1167 susciperet?
944 1099 1064 1163 Qua
1092 1114 1223 1153 vero
1259 1099 1476 1154 ratione
1507 1100 1800 1155 veritatem

166 1189 503 1244 mediatoris
526 1189 812 1261 impleret,
853 1190 961 1247 nisi
999 1192 1099 1264 qui
1138 1192 1197 1247 in
1228 1194 1412 1248 forma
1448 1194 1593 1250 servi
1622 1195 1797 1266 parti-

166 1301 302 1354 ceps
327 1288 479 1339 esset
505 1288 562 1339 et
590 1285 770 1340 nostri
787 1285 816 1340 ‘?
839 1291 905 1341 ut
934 1303 1035 1358 per
1057 1304 1239 1342 unum
1266 1304 1474 1343 novum
1506 1289 1801 1344 hominem

166 1376 331 1432 ﬁeret
357 1378 654 1433 renovatio
681 1380 993 1448 vetustatis,
1016 1385 1073 1436 et
1102 1382 1304 1436 mortis
1322 1382 1613 1438 vinculum
1634 1384 1803 1439 unius

166 1470 634 1543 prmvaricatione
661 1478 1033 1541 contractum,
1080 1476 1250 1529 unius
1288 1481 1490 1543 morte,
1523 1478 1621 1549 qui
1653 1478 1804 1533 solus

167 1566 343 1620 morti
375 1565 518 1620 nihil
548 1566 742 1621 debuit
768 1568 1083 1623 solveretur
1101 1570 1129 1623 ?
1153 1568 1365 1625 Eﬁ’usio
1394 1572 1550 1626 enim
1582 1588 1683 1642 pro
1711 1572 1798 1627 in-

161 1664 330 1734 justis
356 1664 652 1735 sanguinis
670 1664 953 1735 justi,tam
974 1671 1175 1737 potens
1196 1668 1303 1722 fuit
1326 1668 1399 1723 ad
1415 1668 1799 1741 privilegium,

166 1763 281 1812 tam
312 1758 473 1813 dives
502 1757 574 1813 ad
609 1759 859 1831 pretium
901 1764 962 1814 ut
1003 1760 1051 1814 si
1080 1761 1413 1817 universitas
1454 1763 1801 1835 captivorum
1822 1736 1879 1809 Β

169 1851 224 1905 in
264 1851 711 1923 Redemptorem
743 1869 907 1907 suum
944 1854 1218 1924 crederet,
1252 1856 1472 1910 nullum
1508 1858 1802 1928 tyrannica

167 1945 396 1999 vincula
441 1946 772 2014 retinerent,
816 1947 1091 2019 quoniam
1135 1949 1281 2003 sicut
1337 1951 1636 2020 Apostolus
1675 1951 1798 2006 ait:

174 2062 198 2085 ‹‹
227 2038 332 2094 Ubi
355 2039 666 2094 abundavit
690 2044 1009 2111 peccatum,
1032 2042 1519 2113 superabundavit
1545 2049 1600 2099 et
1620 2045 1805 2116 gratia

168 2131 336 2201 (Rom.
374 2149 426 2197 ν,
474 2132 585 2202 20),
621 2155 648 2181 ››
681 2137 738 2188 et
767 2150 896 2188 cum
935 2134 1037 2189 sub
1081 2136 1293 2207 peccati
1324 2137 1654 2209 praejudicio
1684 2138 1803 2193 nati

167 2229 511 2297 potestatem
540 2227 863 2298 acceperint
892 2228 964 2282 ad
986 2228 1267 2299 justitiam
1298 2231 1648 2299 renascendi,
1675 2232 1805 2286 vali-

165 2320 287 2374 dius
300 2319 521 2375 factum
545 2323 629 2375 est
647 2320 866 2375 donum
883 2321 1158 2377 libertatis
1188 2339 1359 2395 quam
1402 2324 1659 2380 debitum
1694 2341 1806 2381 ser-

164 2414 383 2469 vitutis.
411 2415 587 2478 Quam
621 2414 811 2487 itaque
839 2415 943 2470 sibi
961 2416 1019 2471 in
1047 2416 1215 2487 hujus
1242 2419 1577 2475 sacramenti
1605 2421 1802 2492 praesi-

165 2508 257 2562 dio
284 2525 455 2578 spem
473 2508 823 2579 relinquunt,
851 2510 951 2581 qui
971 2510 1030 2565 in
1047 2510 1349 2566 Salvatoris
1375 2514 1551 2568 nostri
1573 2531 1805 2586 corpore

164 2606 388 2673 negant
406 2602 669 2657 humanm
689 2603 1019 2659 substantiae
1034 2605 1332 2660 veritatem
1353 2606 1381 2661 ?
1400 2607 1595 2663 Dicant
1613 2608 1671 2662 in
1691 2626 1804 2680 quo

166 2696 445 2751 sacriﬁcio
488 2696 858 2767 reconciliati,
891 2698 1084 2753 dicant
1115 2716 1228 2771 quo
1274 2701 1550 2773 sanguine
1577 2702 1691 2756 sint
1714 2719 1801 2757 re-

165 2790 408 2861 dempti.
456 2791 590 2855 Quis
650 2795 733 2846 est
788 2813 814 2839 ‹‹
864 2791 963 2863 qui
1013 2792 1245 2848 tradidit
1292 2794 1661 2866 semetipsum
1702 2813 1807 2867 pro

161 2884 326 2938 nobis
357 2882 728 2950 oblationem,
772 2888 829 2939 et
856 2884 1097 2940 hostiam
1123 2886 1235 2940 Deo
1268 2886 1326 2941 in
1355 2888 1592 2943 odorem
1619 2890 1804 2945 suavi-

168 2978 291 3031 tatis
342 2977 557 3047 (Ephes.
590 2995 641 3047 v,
679 2978 756 3049 2),
790 2999 818 3030 »
863 2983 963 3034 aut
1011 2979 1149 3051 quid
1182 2997 1435 3053 unquam
1464 2982 1804 3039 sacriﬁcium

165 3071 445 3126 sacratius
469 3072 594 3140 fuit,
616 3089 786 3144 quam
816 3074 969 3144 quod
994 3091 1161 3129 verus
1177 3075 1432 3146 pontifex
1447 3077 1608 3132 altari
1628 3079 1808 3133 crucis
1829 3111 1883 3185 C

164 3182 263 3235 per
274 3167 739 3222 immolationem
755 3184 871 3222 sua:
885 3169 1070 3223 carnis
1083 3169 1325 3241 imposui
1334 3171 1645 3236 t?Quamvis
1656 3173 1809 3227 enim

168 3286 189 3307 ‹‹
220 3261 543 3315 multorum
562 3265 885 3317 sanctorum
902 3263 960 3317 in
977 3267 1283 3336 conspectu
1309 3265 1534 3320 Domini
1559 3267 1811 3338 pretiosa

164 3371 316 3410 mors
358 3354 533 3409 fuerit
570 3353 734 3423 (Psal'.
774 3373 897 3425 κείν,
943 3357 1050 3427 15),
1085 3378 1113 3407 »
1148 3358 1303 3413 illius
1341 3364 1533 3415 tamen
1572 3360 1811 3416 insontis

163 3449 395 3517 occisio,
448 3448 770 3521 propitiatio
812 3450 921 3505 fuit
948 3451 1167 3506 mundi.
1208 3454 1485 3524 Accepere
1507 3454 1667 3524 justi,
1694 3472 1809 3510 non

164 3543 458 3599 dederunt
472 3559 735 3610 coronas,
750 3549 807 3599 et
825 3544 893 3599 de
912 3545 1251 3601 fortitudine
1273 3545 1529 3602 ﬁdelium
1550 3549 1812 3621 exempla

164 3644 291 3693 nata
332 3639 475 3691 sunt
516 3636 803 3709 patientia:
841 3654 956 3694 non
994 3639 1146 3695 dona
1181 3640 1437 3712 justitias.
1488 3641 1812 3715 Singulares

165 3732 384 3804 quippe
422 3731 483 3785 in
514 3731 756 3802 singulis
783 3736 993 3788 mortes
1025 3734 1204 3801 fuere,
1253 3751 1356 3790 nec
1391 3736 1623 3791 alterius
1657 3737 1808 3808 quis-

164 3842 339 3896 quam
382 3824 637 3880 debitum
674 3842 775 3880 suo
802 3826 917 3881 ﬁne
967 3827 1252 3899 persolvit,
1301 3845 1431 3884 cum
1481 3829 1631 3885 inter
1670 3830 1814 3885 ﬁlios

164 3920 476 3975 hominum
500 3935 652 3975 unus
677 3920 830 3974 solus
859 3921 1136 3977 Dominus
1161 3925 1355 3977 noster
1382 3924 1541 3979 Jesus
1559 3924 1814 3980 Christus

166 4013 474 4079 exstiterit,
516 4013 573 4068 in
618 4029 733 4085 quo
775 4031 977 4070 omnes
1022 4015 1289 4083 cruciﬁxi,
1336 4033 1535 4072 omnes
1581 4019 1811 4084 mortui,

164 4123 372 4162 omnes
392 4106 620 4178 sepulti,
647 4124 847 4162 omnes
877 4108 1198 4163 suntetiam
1228 4110 1499 4177 suscitati,
1518 4110 1589 4165 de
1610 4111 1815 4182 quibus

168 4201 279 4269 ipse
314 4198 584 4255 dicebat:
621 4220 648 4251 α
679 4201 821 4257 Cum
853 4203 1134 4256 exaltatus
1160 4202 1341 4269 fuero,
1370 4204 1566 4258 omnia
1588 4205 1815 4260 traham

167 4294 229 4348 ad
260 4311 368 4349 me
413 4296 586 4361 (Joan.
618 4312 714 4363 xu,
764 4297 872 4365 32).
909 4318 935 4343 ››
986 4296 1146 4351 Fides
1185 4297 1402 4352 etenim
1432 4313 1566 4352 vera
1602 4298 1812 4369 justiﬁ-

164 4403 294 4442 cans
322 4387 558 4458 impios,
610 4394 669 4443 et
714 4405 916 4444 creans
951 4390 1134 4461 justos
1186 4391 1256 4446 ad
1302 4391 1669 4446 humanitatis
1698 4409 1814 4447 suae

1902 439 2034 496 Sine
2051 437 2217 494 Verbi
2232 436 2490 509 potentia
2507 451 2624 491 non
2638 435 2950 491 adorarent
2960 434 3115 507 magi
3130 450 3379 506 puerum
3394 449 3540 490 novo

1902 533 2085 589 sidere
2110 532 2476 599 declaratum,
2512 533 2570 586 et
2593 530 2716 585 sine
2742 529 2975 585 veritate
3010 528 3194 585 carnis
3230 544 3346 584 non
3377 528 3542 599 jube-

1902 632 2060 683 retur
2099 626 2400 681 transferri
2441 625 2502 679 in
2546 626 2852 696 Egyptum
2889 639 3053 695 puer,
3098 626 3157 678 et
3197 622 3269 677 ab
3303 621 3542 678 Herodis

1896 721 2294 795 persecutione
2321 718 2579 774 subduci.
2610 718 2741 774 Sine
2765 717 2936 772 Verbi
2961 716 3217 788 potentia
3242 733 3360 773 non
3388 716 3534 772 dice-

1900 820 1991 871 ret
2015 832 2122 870 vox
2151 813 2327 869 Patris
2354 812 2529 868 missa
2554 812 2623 867 de
2661 810 2825 878 coelo,
2859 832 2887 862 ‹‹
2920 810 3012 866 hic
3042 816 3128 866 est
3165 810 3335 866 Filius
3376 827 3539 867 meus

1901 910 2159 975 dilectus,
2188 907 2246 963 in
2276 924 2391 979 quo
2432 905 2575 962 mihi
2611 905 2936 977 complacui
2976 905 3186 967 (Matth.
3234 921 3316 973 ιιι,
3365 903 3471 976 t7),
3506 927 3533 955 »

1901 1008 1957 1059 et
1985 1004 2106 1058 sine
2138 1001 2374 1057 veritate
2414 1000 2603 1056 carnis
2631 1016 2745 1055 non
2786 1002 3204 1071 protestaretur
3243 1000 3493 1055 Joannes
3522 1016 3535 1053 :

1905 1122 1931 1147 ε(
1964 1100 2103 1154 Ecce
2144 1112 2325 1167 agnus
2374 1094 2495 1161 Dei,
2542 1110 2670 1149 ecce
2714 1092 2815 1165 qui
2867 1092 3016 1148 tollit
3056 1094 3290 1164 peccata
3334 1091 3538 1148 mundi

1905 1195 2077 1262 (Joan.
2120 1209 2159 1260 ι,
2206 1190 2316 1261 29).
2367 1212 2393 1238 »ι
2444 1188 2575 1245 Sine
2621 1187 2789 1242 Verbi
2835 1187 3085 1258 potentia
3132 1187 3537 1258 redintegratio

1903 1286 2198 1352 debilium,
2227 1289 2286 1339 et
2320 1282 2615 1339 viviﬁcatio
2658 1285 3041 1349 mortuorum,
3066 1284 3124 1337 et
3152 1281 3273 1337 sine
3300 1280 3536 1335 veritate

1902 1377 2105 1443 carnis,
2137 1392 2243 1431 nec
2272 1376 2429 1431 cibus
2445 1375 2664 1447 jejuno,
2698 1390 2803 1430 nec
2823 1390 3081 1429 sommus
3108 1377 3254 1429 esset
3275 1388 3535 1427 necessa-

1903 1476 2021 1531 rius
2050 1474 2306 1547 fatigato.
2340 1476 2631 1530 Postremo
2671 1472 2793 1528 sine
2834 1472 3002 1527 Verbi
3031 1471 3287 1544 potentia
3324 1487 3438 1525 non
3478 1487 3536 1525 se

1905 1570 2176 1624 Dominus
2203 1568 2354 1623 Patri
2396 1568 2764 1639 proﬁteretur
2803 1566 3102 1638 aequalem,
3144 1565 3265 1621 sine
3299 1565 3539 1620 veritate

1902 1663 2089 1718 carnis
2116 1679 2228 1718 non
2259 1662 2411 1717 idem
2433 1661 2647 1716 diceret
2676 1662 2898 1715 Patrem
2925 1677 3043 1715 esse
3074 1660 3378 1731 majorem,
3406 1674 3535 1714 cum

1904 1757 2178 1813 catholica
2202 1755 2345 1812 ﬁdes
2371 1759 2680 1827 utrumque
2713 1754 2981 1826 suscipiat
3003 1756 3313 1825 utrumque
3342 1752 3535 1808 defen-

1903 1852 2150 1924 dat,quae
2166 1851 2477 1907 secundum
2502 1850 2910 1923 proprietatem
2928 1848 3133 1904 divinm
3152 1848 3539 1918 humanaque

1904 1946 2260 2013 substantiae,
2292 1961 2470 2000 unum
2498 1944 2598 1999 Dei
2626 1943 2829 2000 Filium
2864 1947 2921 1998 et
2945 1941 3240 1998 hominem
3268 1939 3446 1996 credit
3485 1945 3540 1995 et

1906 2040 2171 2096 Verbum.
2219 2038 2490 2104 Quamvis
2519 2055 2657 2110 ergo
2695 2038 2765 2093 ab
2789 2037 2888 2092 illo
2932 2035 3115 2106 initio,
3147 2052 3260 2107 quo
3290 2035 3351 2089 in
3376 2037 3539 2089 utero

1906 2134 2146 2206 virginis
2164 2133 2412 2188 Verbum
2436 2149 2566 2188 caro
2588 2133 2801 2187 factum
2830 2134 2933 2199 est,
2947 2130 3091 2185 nihil
3116 2145 3371 2201 unquam
3392 2128 3541 2183 inter

1904 2229 2159 2283 divinam
2196 2227 2627 2299 humanamque
2657 2225 3030 2281 substantiam
3057 2224 3345 2280 divisionis
3368 2223 3535 2278 exsti-

1906 2323 2061 2390 terit,
2093 2327 2157 2377 ut
2184 2338 2287 2394 per
2317 2322 2514 2377 omnia
2544 2322 2901 2376 incrementa
2924 2335 3202 2390 corporea
3230 2317 3397 2372 unius
3415 2333 3540 2389 per-

1908 2434 2060 2472 sonae
2084 2416 2299 2472 fuerint
2327 2417 2505 2473 totius
2524 2415 2805 2488 temporis
2829 2415 3099 2481 actiones,
3122 2418 3181 2469 et
3205 2412 3330 2484 ipsa
3349 2416 3542 2467 tamen

1907 2528 2035 2583 quas
2078 2510 2529 2582 inseparabiliter
2575 2511 2727 2565 facta
2782 2514 2917 2565 sunt
2963 2508 3119 2563 nulla
3172 2505 3542 2579 permistione

1906 2605 2348 2673 confundamus,
2378 2605 2475 2661 sed
2503 2604 2639 2677 quid
2666 2604 2828 2675 cujus
2866 2604 3068 2658 formae
3105 2600 3177 2656 sit
3203 2617 3267 2656 ex
3298 2615 3541 2671 operum

1908 2699 2182 2771 qualitate
2207 2700 2505 2766 sentimus,
2526 2714 2632 2753 nec
2651 2697 2841 2753 divina
2865 2697 3018 2753 enim
3045 2694 3312 2750 humanis
3342 2693 3475 2765 prasj
3485 2709 3542 2746 u-

1906 2793 2119 2862 dicant,
2148 2809 2252 2849 nec
2275 2793 2533 2850 humana
2546 2792 2906 2862 divinis,cum
2933 2791 3014 2847 ita
3034 2791 3092 2845 in
3124 2789 3371 2861 idipsum
3393 2790 3545 2841 utra-

1909 2904 2020 2959 que
2040 2892 2402 2955 concurrant,
2431 2893 2493 2943 ut
2516 2886 2577 2942 in
2604 2886 2685 2942 eis
2704 2902 2809 2942 nec
2842 2886 3164 2958 proprietas
3191 2884 3541 2945 absumatur,

1906 2998 2011 3037 nec
2038 2998 2288 3054 persona
2331 2981 2707 3053 germinetur.
2736 2981 2951 3050 :Dicant
2992 2978 3170 3051 igitur
3196 2977 3290 3032 isti
3312 2977 3547 3049 phanta-

1909 3076 2030 3131 stici
2065 3076 2388 3143 Christiani,
2418 3093 2546 3148 quae
2580 3074 2892 3131 substantia
2935 3073 3232 3129 Salvatoris
3268 3072 3438 3128 afﬁxa
3478 3070 3548 3126 sit

1909 3170 2086 3242 ligno,
2115 3172 2260 3242 'qute
2283 3170 2529 3242 jacuerit
2566 3169 2623 3223 in
2657 3170 2937 3241 sepulcro,
2967 3173 3023 3223 et
3045 3168 3305 3223 revoluto
3338 3182 3543 3221 monu-

1910 3264 2091 3319 menti
2119 3264 2325 3336 lapide,
2355 3280 2484 3336 quaa
2509 3263 2680 3319 tertia
2707 3263 2801 3318 die
2828 3279 2959 3318 caro
2983 3260 3244 3328 surrexit,
3269 3261 3358 3315 vel
3378 3258 3545 3332 quale

1911 3375 2114 3430 corpus
2138 3359 2299 3413 Jesus
2326 3357 2737 3430 discipulorum
2764 3356 2910 3411 visui
2935 3355 3138 3411 clausis
3168 3354 3241 3409 ad
3268 3370 3367 3409 eos
3392 3352 3548 3408 ostiis

1910 3453 2201 3523 ingressus
2229 3451 2508 3518 intulerit,
2539 3467 2671 3506 cum
2700 3450 2775 3505 ad
2813 3449 3155 3521 abigendam
3187 3446 3546 3502 cernentium

1913 3545 2293 3601 difﬁdentiam
2329 3544 2531 3617 inspici
2573 3545 2768 3612 oculis,
2802 3543 3109 3615 digitisque
3154 3541 3400 3609 tractari,
3440 3557 3541 3613 pa-

1912 3643 2098 3695 tentes
2127 3639 2315 3695 adhuc
2345 3640 2552 3694 ﬁxuras
2578 3640 2865 3695 clavorum
2893 3642 2951 3693 et
2981 3653 3181 3695 recens
3220 3636 3546 3708 compuncti

1912 3733 2106 3789 lateris
2131 3733 2337 3788 vulnus
2362 3733 2632 3805 exigeret.
2678 3736 2754 3788 Ac
2781 3732 2829 3787 si
2877 3733 2936 3787 in
2961 3735 3120 3787 tanta
3148 3733 3273 3786 luce
3297 3729 3548 3786 veritatis

1912 3827 2175 3883 tenebras
2224 3843 2356 3882 suas
2400 3826 2669 3882 haeretica
2721 3826 3020 3882 obduratio
3072 3842 3191 3881 non
3252 3823 3543 3896 relinquit.

1912 3921 2227 3977 Ostendant
2253 3921 2401 3976 unde
2419 3920 2525 3976 sibi
2552 3937 2715 3993 spem
2736 3920 2865 3976 vitae
2890 3920 3264 3993 polliceantur
3291 3923 3541 3985 internae,

1914 4014 1987 4069 ad
2004 4030 2176 4086 quam
2189 4014 2299 4070 nisi
2316 4030 2418 4087 per
2434 4014 2813 4070 mediatorem
2842 4013 2943 4069 Dei
2960 4017 3020 4069 et
3037 4011 3547 4080 hominum,homi-

1913 4125 2047 4164 uem
2076 4110 2269 4164 Iesum
2307 4108 2594 4165 Christum
2622 4125 2741 4165 non
2786 4112 2976 4181 potest
3001 4107 3307 4181 perveniri.
3353 4126 3378 4157 ι
3422 4107 3546 4162 Non

1915 4206 1999 4257 est
2029 4201 2183 4257 enim
2212 4202 2366 4257 aliud
2404 4218 2618 4258 nomen
2650 4203 2853 4258 datum
2885 4202 3218 4258 hominibus
3262 4200 3365 4256 sub
3410 4201 3547 4256 celo

1914 4297 1973 4350 in
2019 4313 2133 4368 quo
2175 4301 2432 4369 oporteat
2469 4298 2657 4353 salvos
2700 4298 2825 4353 ﬁeri
2871 4298 3013 4369 (Act.
3062 4313 3135 4365 1v,
3179 4295 3287 4367 l2),
3329 4311 3437 4350 nec
3468 4298 3551 4349 est

1915 4390 2234 4462 redemptio
2279 4391 2618 4462 captivitatis
2659 4392 2949 4460 humanas,
3000 4390 3109 4445 nisi
3165 4390 3224 4444 in
3269 4388 3548 4460 sanguine

166 4485 343 4536 tracta
391 4481 731 4552 participem
771 4483 827 4536 in
862 4483 959 4538 illo
1011 4484 1259 4555 exquirit
1297 4486 1561 4551 salutem,
1612 4486 1670 4540 in
1697 4488 1888 4562 quoD
1911 4483 2034 4553 ejus
2054 4484 2150 4555 qui
2181 4484 2340 4540 dedit
2360 4486 2730 4557 semetipsum
2760 4484 3216 4555 redemptionem
3243 4498 3349 4553 pro
3371 4481 3549 4536 omni-

166 4575 281 4629 solo
316 4576 502 4629 homo
531 4577 602 4629 ’se
630 4575 848 4630 invenit
896 4576 1280 4645 innocentem,
1318 4577 1563 4632 liberum
1597 4579 1810 4634 habens

166 4684 266 4735 per
294 4667 549 4740 gratiam
578 4669 677 4724 Dei
701 4668 771 4723 de
801 4669 921 4740 ejus
948 4671 1196 4741 potentia
1216 4671 1466 4742 gloriari,
1500 4672 1597 4744 qui
1616 4675 1811 4728 contra

171 4762 396 4817 hostem
428 4763 739 4834 superbum
776 4763 835 4817 in
864 4764 1050 4818 carnis
1080 4768 1291 4819 nostrae
1327 4765 1647 4821 humilitate
1674 4783 1807 4821 con-

168 4871 420 4925 gressus,
455 4856 541 4910 his
568 4856 863 4912 victoriam
896 4875 1060 4913 suam
1089 4858 1305 4925 tribuit,
1337 4860 1396 4914 in
1425 4877 1667 4931 quorum
1695 4877 1811 4915 cor-

167 4965 304 5017 pore
325 4948 724 5020 triumphavit.
751 4952 1023 5015 Quamvis
1043 4969 1180 5024 ergo
1208 4952 1269 5007 in
1296 4970 1410 5007 uno
1439 4954 1685 5009 Domino
1706 4972 1809 5009 no-

170 5046 282 5096 stro
304 5044 441 5097 Jesu
464 5043 686 5099 Christo
712 5061 849 5101 vero
879 5046 978 5101 Dei
1013 5052 1181 5118 atque
1208 5046 1458 5101 hominis
1484 5047 1622 5101 Filio
1648 5048 1812 5102 Verbi

170 5139 223 5188 et
250 5135 444 5191 carnis
470 5154 582 5192 una
612 5155 857 5209 persona
885 5141 977 5208 sit,
1020 5145 1075 5195 et
1103 5144 1347 5211 utraque
1388 5141 1631 5195 essentia
1655 5158 1811 5196 com-

171 5246 377 5285 munes
407 5230 613 5287 habeat
639 5232 915 5301 actiones,
945 5233 1337 5305 intelligendas
1367 5237 1560 5290 tamen
1588 5236 1815 5307 suntip-

172 5339 366 5378 sorum
409 5340 648 5395 aperum
682 5327 1003 5397 qualitates,
1045 5331 1103 5382 et
1130 5328 1365 5383 sincera:
1394 5328 1526 5384 ﬁdei
1554 5333 1804 5385 contem-

172 5416 429 5485 platione
448 5419 803 5474 cernendum
822 5425 926 5487 est,
962 5421 1035 5475 ad
1063 5437 1193 5492 quae
1222 5422 1815 5493 provehaturhumili-

174 5515 255 5563 tas
284 5511 649 5579 inﬁrmitatis,
670 5516 727 5567 et
748 5512 820 5568 ad
841 5530 969 5586 quas
993 5515 1302 5570 inclinetur
1318 5514 1555 5570 altitudo
1574 5515 1812 5571 virtutis.

172 5603 316 5667 Quid
357 5605 429 5659 sit
456 5607 608 5678 quod
644 5623 776 5663 caro
804 5608 926 5664 sine
962 5609 1146 5664 Verbo
1178 5625 1293 5664 non
1324 5610 1462 5679 agit,
1495 5612 1553 5664 et
1581 5608 1719 5681 quid
1745 5607 1816 5664 sit

173 5696 327 5765 quod
351 5699 591 5756 Verbum
612 5701 733 5757 sine
762 5719 930 5757 carne
956 5719 1072 5758 non
1089 5702 1281 5757 efﬁcit.
1316 5702 1450 5757 Sine
1475 5701 1640 5757 Verbi
1660 5702 1814 5759 enim

177 5791 433 5861 potentia
467 5811 567 5851 nec
610 5796 933 5868 conciperet
962 5798 1151 5867 Virgo.
1186 5813 1288 5851 nec
1336 5800 1577 5867 pareret.
1609 5799 1665 5851 et
1694 5797 1813 5854 sine

1909 4578 2033 4631 bus.
2066 4599 2094 4627 ‹‹
2114 4577 2242 4647 Qui,
2276 4580 2420 4633 sicut
2448 4579 2724 4650 praedicat
2746 4579 2943 4633 beatus
2973 4577 3294 4649 Apostolus,
3339 4597 3366 4624 ‹‹
3394 4592 3547 4644 cum,

1911 4670 1968 4724 in
2007 4670 2197 4725 forma
2227 4671 2326 4725 Dei
2354 4676 2501 4727 esset
2528 4689 2645 4727 non
2671 4672 2928 4744 rapinam
2972 4670 3280 4725 arbitratus
3316 4673 3403 4725 est
3427 4686 3547 4726 esse

1912 4780 1971 4817 se
2014 4764 2293 4836 aequalem
2335 4766 2467 4832 Deo,
2514 4766 2611 4820 sed
2660 4766 3031 4836 semetipsum
3080 4763 3409 4833 exinanivit,
3444 4764 3553 4819 for-

1911 4874 2065 4912 mam
2092 4856 2285 4932 203
2309 4859 2454 4913 servi
2467 4859 2840 4931 accipiens,in
2859 4858 3233 4914 similitudine
3251 4858 3549 4915 hominum

1911 4951 2178 5019 factus,et
2194 4951 2393 5007 habitu
2415 4951 2681 5007 inventus
2697 4956 2757 5007 ul
2782 4952 2978 5007 homo.
2998 4952 3329 5008 Humiliavit
3348 4957 3552 5009 semet-

1912 5045 2306 5117 ipsum,factus
2324 5046 2599 5101 obediens
2616 5063 2796 5118 usque
2824 5047 2895 5101 ad
2916 5050 3434 5117 mortem,mortem
3456 5064 3550 5102 au-

1913 5146 2032 5195 tem
2061 5140 2261 5195 crucis.
2291 5142 2531 5211 Propter
2549 5140 2706 5212 quod
2728 5145 2785 5196 et
2812 5142 2959 5196 Deus
2983 5140 3148 5196 illum
3174 5142 3463 5208 exaltavit,
3496 5147 3551 5197 et

1915 5232 2148 5289 donavit
2176 5233 2257 5288 illi
2290 5249 2505 5288 nomen
2527 5234 2681 5307 quod
2707 5239 2791 5290 est
2821 5251 2993 5307 super
3025 5252 3199 5291 omne
3223 5251 3459 5304 nomen,
3486 5239 3550 5288 ut

1916 5326 1970 5381 in
1996 5326 2229 5382 nomine
2253 5328 2381 5382 Jesu
2404 5343 2576 5383 omne
2608 5345 2762 5401 genu
2787 5329 3061 5398 flectatur,
3076 5329 3407 5394 caelestium,
3434 5331 3546 5381 ter-

1916 5420 2204 5490 restrium,
2234 5425 2290 5477 et
2310 5421 2685 5493 infernarum,
2713 5428 2769 5479 et
2787 5423 2972 5479 omnis
2997 5423 3196 5493 lingua
3217 5421 3552 5477 conﬁteatur

1915 5515 2049 5586 quia
2079 5516 2354 5571 Dominus
2376 5518 2539 5573 Jesus
2555 5518 2812 5574 Christus
2838 5518 2898 5573 in
2925 5516 3109 5589 gloria
3136 5518 3222 5571 est
3249 5514 3348 5570 Dei
3371 5514 3550 5570 Patris

1917 5609 2129 5680 (Ephes.
2171 5626 2233 5678 ιι,
2278 5613 2454 5683 6-H).
2488 5633 2518 5662 »
2568 5612 2835 5678 Quamvis
2879 5627 3017 5683 ergo
3062 5625 3208 5665 unus
3249 5607 3321 5663 sit
3367 5608 3551 5665 Domi-

1920 5720 2024 5757 nus
2048 5694 2209 5760 Jesus
2232 5703 2506 5773 Christus,
2539 5709 2599 5760 et
2620 5721 2767 5761 vere
2796 5704 3021 5760 deitatis
3049 5719 3310 5777 verasque
3345 5703 3549 5759 huma~

1917 5796 2109 5853 uitatis
2149 5798 2204 5853 in
2245 5799 2366 5871 ipso
2398 5816 2508 5855 una
2558 5816 2785 5873 prorsus
2830 5798 3143 5871 eademque
3184 5814 3425 5872 persona
3455 5797 3547 5871 sit,
