4026 6182
495 223 595 276 8‘23

1389 221 1669 276 APPEND.
1713 222 1799 276 ΑΙ)
1837 222 1998 277 SIEC.
2044 222 2127 276 IX.
2151 251 2219 260 -—
2259 219 2506 297 ISIDOBI
2546 217 2969 274 MERCATORIS

3765 218 3867 272 82$

496 345 683 401 neque
710 328 881 400 hujus
919 328 1190 383 unitionis
1228 329 1476 386 soliditas
1510 330 1629 385 ulla
1656 330 1834 401 possit
1854 330 2131 387 divisione
2153 344 2209 418 Α
2231 346 2311 384 ca
2342 333 2399 384 et
2422 328 2741 400 apostolica
2769 326 3063 395 doctrina,
3091 330 3158 381 ut
3188 324 3380 393 audio,
3413 325 3715 391 resultare,
3741 344 3861 382 exa-

495 422 738 493 sejungi,
788 422 1197 477 exaltatiouem
1245 428 1438 478 tamen
1486 441 1600 495 qua
1650 424 1816 480 illum
1870 424 2134 480 exaltavit

497 519 661 582 Deus,
686 520 741 570 et
768 516 1002 569 donavit
1030 515 1112 569 illi
1130 533 1345 572 nomen
1366 518 1522 589 quod
1550 524 1634 573 est
1651 536 1825 590 super
1844 536 2014 574 omne
2036 536 2134 573 no-

494 626 627 663 men
656 608 899 677 excellit,
919 609 991 663 ad
1020 626 1146 664 eam
1176 610 1549 683 intelligimus
1572 613 1860 684 pertinere
1886 614 2133 668 formam

494 718 622 773 qua
651 702 889 757 ditanda
917 708 1041 758 erat
1070 706 1241 759 tanta
1270 704 1701 775 gloriﬁcationis
1721 711 2051 778 augmento.
2074 709 2133 761 In

496 797 680 851 forma
706 796 917 868 quippe
944 798 1042 852 Dei
1074 799 1311 869 aqualis
1344 804 1465 853 erat
1499 800 1673 855 Filius
1697 802 1869 869 Patri,
1903 806 1961 856 et
1986 802 2137 856 inter

498 889 816 961 genitorem
846 894 1017 963 atque
1052 892 1415 963 unigenitum
1452 894 1609 949 nulla
1646 898 1768 950 erat
1809 895 1867 949 in
1895 896 2137 950 essentia

496 984 778 1052 discretio,
812 984 971 1039 nulla
1001 985 1060 1039 in
1091 986 1389 1056 majestate
1428 987 1743 1054 diversitas,
1780 1005 1886 1043 nec
1916 1006 2019 1059 per
2042 989 2134 1042 in-

494 1077 839 1132 carnationis
886 1080 1224 1149 mysterium
1298 1080 1515 1151 aliquid
1569 1082 1887 1136 decesserat
1952 1084 2135 1137 Verbo

497 1171 653 1242 quod
675 1172 727 1225 ei
742 1172 922 1227 Patris
938 1189 1175 1227 munere
1194 1174 1549 1229 redderetur.
1582 1177 1788 1231 Forma
1811 1180 2007 1231 autem
2028 1193 2138 1231 ser-

496 1265 549 1318 vi
574 1282 676 1336 per
695 1282 872 1337 quam
898 1266 1260 1338 impassibilis
1277 1268 1458 1323 deitas
1474 1274 1892 1325 sacramentum
1910 1288 2136 1341 magna

500 1359 731 1429 pietatis
762 1359 1037 1430 implevit,
1068 1362 1318 1415 humana
1346 1362 1636 1418 humilitas
1662 1369 1764 1432 est,
1794 1370 1851 1418 et
1880 1364 1938 1419 in
1960 1364 2139 1434 gloria

497 1452 702 1508 divina
716 1454 1010 1524 potestatis
1020 1460 1212 1510 evecta
1227 1459 1314 1510 est
1327 1456 1386 1510 in
1399 1460 1496 1511 tan
1504 1459 1620 1511 tam
1634 1458 1915 1512 unitatem
1930 1458 2000 1513 ab
2013 1458 2137 1529 ipso

498 1551 779 1618 conceptu
809 1548 1046 1618 virginis
1069 1549 1282 1604 deitate
1312 1552 1370 1604 et
1396 1551 1758 1606 humanitate
1784 1567 2062 1621 connexa,
2078 1556 2140 1607 ut

500 1657 602 1695 nec
627 1640 748 1695 sine
777 1642 1010 1697 homine
1044 1643 1257 1710 divina,
1283 1660 1387 1699 nec
1414 1644 1537 1699 sine
1570 1645 1681 1700 Deo
1708 1649 2018 1717 agerentur
2036 1646 2140 1701 hu-

2234 423 2473 495 gitando
2495 422 2862 477 seditionibus
2877 421 3150 490 civitates,
3167 420 3559 475 conturbando
3585 422 3868 485 ecclesias,

2235 535 2339 573 nec
2366 518 2552 573 solum
2583 516 2846 587 injurias,
2876 515 2973 570 sed
2994 515 3169 570 etiam
3197 514 3381 569 cades
3405 514 3755 586 presbyteris
3784 521 3871 570 at-

2236 628 2348 683 que
2381 610 2656 682 episcopis
2700 609 3024 679 inferendo,
3053 612 3119 663 ut
3160 626 3280 680 pra
3322 608 3514 663 furore
3557 612 3618 662 et
3663 609 3874 663 savitia

2236 705 2508 777 propositi
2526 704 2716 773 vestri,
2750 708 2807 758 et
2832 702 3193 774 professionis
3219 703 3338 757 sitis
3360 702 3751 757 immemores.
3770 704 3874 757 Ubi

2237 804 2321 855 est
2345 799 2543 869 regula
2569 797 3022 853 mansuetudinis
3048 800 3105 851 et
3139 796 3361 869 quietis,
3393 796 3490 850 ubi
3523 796 3874 867 longanimi-

2235 898 2319 948 tas
2348 893 2654 965 patientia,
2678 892 2779 946 ubi
2808 891 3184 962 tranquillitas
3212 891 3385 961 pacis,
3412 890 3509 945 ubi
3535 889 3873 946 ﬁrmamen-

2238 991 2359 1042 tum
2381 986 2703 1041 dilectionis
2734 989 2791 1040 et
2819 984 3135 1040 tolerantia
3170 984 3443 1040 fortitudo
3467 985 3495 1039 τί
3522 985 3665 1048 Qua
3692 1002 3788 1039 vos
3807 986 3877 1039 ab

2239 1081 2539 1151 Evangelia
2569 1080 2775 1137 Christi
2823 1083 2921 1134 aut
2950 1078 3241 1150 persuasio
3276 1078 3507 1133 abduxit
3548 1083 3653 1133 aut
3686 1095 3876 1149 perse-

2237 1176 2387 1230 cutio
2432 1175 2761 1247 separavit?
2808 1174 2895 1227 vel
2941 1190 3070 1244 qua
3096 1176 3253 1228 tanta
3281 1172 3495 1228 exstitit
3536 1172 3879 1244 decipientis

2239 1269 2467 1337 astutia,
2503 1273 2566 1323 ut
2591 1268 2751 1323 obliti
2774 1268 3206 1339 prophetarum,
3224 1270 3284 1321 et
3295 1267 3709 1337 apostolorum,
3724 1267 3878 1322 obliti

2238 1363 2477 1435 symboli
2508 1362 2786 1429 salutaris,
2818 1367 2876 1417 et
2904 1361 3275 1416 confessionis
3302 1378 3417 1432 qua
3435 1361 3880 1433 pronuntiantes

2238 1474 2432 1512 coram
2451 1457 2643 1511 multis
2658 1456 2895 1510 testibus
2913 1458 3331 1510 sacramentum
3348 1454 3624 1526 baptismi
3639 1456 3879 1526 suscepi-

2240 1552 2358 1618 stis,
2381 1550 2673 1606 diabolicis
2692 1566 2790 1605 vos
2806 1548 3159 1604 illusionihus
3186 1548 3541 1603 subderetis?
3561 1549 3716 1613 Quid
3736 1550 3875 1620 apud

2239 1663 2336 1700 vos
2361 1648 2571 1699 acturae
2603 1644 2832 1699 fuerant
2858 1643 3109 1715 ungula,
3149 1643 3288 1714 quid
3315 1659 3462 1697 sava
3492 1645 3814 1713 tormenta,
3839 1644 3879 1697 si

501 1751 689 1790 mana.
724 1737 962 1807 Propter
993 1738 1147 1808 quod
1188 1738 1330 1793 sicut
1360 1738 1636 1794 Dominus
1661 1740 1970 1811 majestatis
2000 1740 2133 1794 dici-
2156 1733 2215 1805 B
2238 1739 2309 1792 ad
2351 1738 2790 1809 expugnandam
2821 1736 2954 1792 fidei
3001 1740 3202 1791 vestra
3234 1735 3628 1807 integritatem
3659 1741 3876 1791 tantum

500 1832 593 1883 tur
619 1828 938 1897 crucifixus,
970 1830 1051 1885 ita
1075 1831 1174 1903 qui
1208 1848 1274 1886 ex
1314 1832 1761 1904 sempiternitate
1788 1833 2022 1904 aqualis
2053 1837 2139 1888 est

499 1923 631 1990 Deo,
660 1923 869 1978 dicitur
906 1924 1199 1981 exaltatus.
1231 1928 1340 1982 Nec
1369 1928 1612 1982 interest.
1648 1945 1718 1982 ex
1744 1944 1855 1999 qua
1885 1927 2138 1983 Christus

498 2016 812 2072 substantia
842 2019 1191 2088 nominetur,
1221 2037 1351 2075 cum
1383 2021 1841 2092 inseparabiliter
1866 2026 2136 2077 manente

500 2110 713 2164 unitate
746 2128 1022 2182 persona,
1047 2113 1202 2168 idem
1222 2114 1292 2168 sit
1318 2119 1374 2170 et
1398 2118 1551 2170 totus
1564 2115 1814 2170 hominis
1827 2115 1976 2170 filius
2002 2133 2135 2187 pro-

498 2209 626 2274 pter
652 2221 910 2272 carnem,
940 2210 999 2260 et
1028 2210 1180 2262 totus
1208 2208 1311 2263 Dei
1342 2208 1514 2263 Filius
1543 2215 1779 2280 propter
1807 2226 1980 2264 unam
2006 2226 2137 2264 cum

497 2299 665 2352 Patre
710 2298 1009 2354 deitatem.
1037 2301 1328 2373 Quidquid
1370 2318 1508 2374 ergo
1534 2303 1594 2357 in
1638 2306 1897 2374 tempore
1922 2304 2139 2375 accepit

497 2391 773 2461 Christus,
808 2393 1124 2449 secundum
1169 2395 1467 2450 hominem
1505 2397 1740 2468 accepit,
1788 2397 1990 2469 cuique
2022 2415 2136 2452 non

498 2486 703 2541 habuit
722 2487 1111 2545 conferuntur.
1131 2491 1272 2545 Nam
1299 2491 1615 2546 secundum
1634 2491 1951 2563 potentiam
1970 2491 2136 2547 Verbi

502 2580 899 2637 indifferenter
931 2583 1124 2638 omnia
1165 2601 1293 2656 qua
1320 2585 1494 2640 habet
1525 2587 1712 2651 Pater,
1745 2585 1920 2641 etiam
1964 2586 2137 2641 Filius

498 2673 689 2743 habet,
732 2679 789 2730 et
816 2693 945 2747 qua
975 2677 1035 2731 in
1057 2678 1243 2733 forma
1262 2680 1410 2734 servi
1433 2697 1466 2733 a
1494 2681 1658 2734 Patre
1689 2680 1921 2751 accepit,
1936 2680 2134 2735 eadem

499 2768 557 2821 in
592 2768 775 2824 forma
801 2770 978 2825 Patris
1008 2772 1177 2826 etiam
1208 2772 1330 2843 ipse
1370 2772 1621 2842 donavit,
1661 2776 1720 2828 et
1746 2773 1901 2828 idem
1937 2774 2058 2845 ipse
2083 2778 2139 2828 et

499 2860 655 2915 dives
670 2866 726 2917 et
739 2864 1305 2936 pauper.Dives,quia
1320 2888 1347 2915 «
1361 2866 1420 2921 in
1438 2866 1721 2938 principio
1734 2872 1853 2921 erat
1865 2868 2110 2921 Verbum
2120 2910 2133 2934 ,

500 2958 557 3007 et
584 2954 829 3010 Verbum
846 2961 967 3012 erat
980 2959 1133 3029 apud
1153 2960 1418 3028 Deum,et
1438 2961 1584 3014 Deus
1601 2964 1719 3015 erat
1740 2960 2009 3017 Verbum.
2028 2962 2137 3016 Hoc

503 3050 627 3102 erat
648 3048 707 3104 in
736 3048 1014 3122 principio
1041 3052 1196 3123 apud
1221 3054 1399 3108 Deum
1422 3071 1438 3121 ;
1459 3054 1649 3108 omnia
1663 3054 1971 3126 peripsum
1993 3055 2135 3110 facta

2238 1849 2382 1886 vana
2411 1832 2814 1887 hareticorum
2842 1834 3169 1885 commenta
3200 1831 3425 1885 valuere
3442 1830 3470 1885 ?
3496 1831 3607 1884 Pro
3628 1830 3751 1885 ﬁde
3792 1847 3875 1885 vos

2238 1942 2408 1997 agere
2434 1926 2683 1991 creditis,
2718 1929 2776 1979 et
2813 1925 2949 1979 fidei
2978 1923 3307 1989 contrailis;
3354 1924 3620 1978 Ecclesia
3646 1925 3875 1979 nomine

2237 2020 2562 2085 armamini,
2614 2022 2673 2073 et
2716 2024 2916 2075 contra
2960 2019 3269 2073 Ecclesiam
3328 2017 3639 2072 dimicatis.
3691 2020 3804 2073 Hoc
3849 2037 3875 2072 a

2238 2114 2551 2185 prOphetis,
2585 2114 2692 2168 hoc
2740 2113 2812 2167 ab
2840 2111 3221 2183 evangelistis,
3260 2112 3365 2166 hoc
3396 2111 3467 2166 ab
3491 2113 3776 2182 apostolis
3797 2113 3874 2167 di-

2239 2208 2471 2274 dicistis,
2501 2212 2565 2261 ut
2595 2210 2873 2277 negantes
2902 2206 3108 2262 Christi
3133 2222 3383 2274 carnem,
3412 2209 3469 2259 et
3495 2206 3687 2276 ipsam
3721 2206 3878 2261 Verbi

2238 2302 2544 2357 essentiam
2593 2302 2843 2373 passioni
2893 2300 3179 2372 mortique
3233 2299 3561 2365 subdentes,
3636 2300 3875 2355 alienam

2236 2396 2450 2450 faciatis
2480 2399 2737 2450 nostram
2756 2412 2789 2449 a
2806 2411 2908 2450 suo
2935 2397 3261 2466 reparatore
3277 2398 3541 2448 naturam
3547 2397 3877 2467 ,totumque

2237 2490 2388 2562 quod
2417 2507 2555 2545 crux
2593 2489 2804 2556 intulit,
2836 2489 2990 2560 quod
3016 2489 3216 2543 lancea
3243 2488 3583 2557 Vulneravit,
3611 2490 3773 2559 quod
3799 2506 3874 2543 se-

2238 2584 2418 2654 pulcri
2462 2584 2604 2655 lapis
2649 2584 2900 2654 suscepit
2928 2588 2983 2637 et
3022 2583 3276 2638 reddidit
3310 2583 3493 2637 solum
3536 2582 3719 2637 fuisse
3748 2600 3876 2655 opus

2238 2678 2441 2733 divina
2482 2679 2774 2749 potentia,
2812 2695 2925 2732 non
2968 2677 3144 2732 etiam
3173 2676 3516 2732 humilitatis
3554 2677 3878 2732 humana?

2239 2775 2473 2844 Propter
2501 2789 2679 2844 quam
2700 2772 2995 2843 Apostolus
3022 2770 3158 2826 dicit
3181 2788 3193 2825 :
3219 2792 3246 2821 «
3269 2772 3388 2825 Non
3423 2770 3581 2824 enim
3610 2771 3876 2826 erubesco

2238 2867 2611 2937 Evangelium
2658 2866 2827 2936 (Rom.
2862 2883 2903 2933 1,
2952 2867 3056 2935 l6),
3090 2887 3115 2913 n
3149 2864 3418 2937 quoniam
3448 2871 3691 2920 noverat
3718 2866 3876 2937 quale

2236 2960 2565 3015 Christianis
2604 2960 2945 3030 objiceretur
2985 2958 3358 3030 opprobrium
3405 2958 3476 3013 ab
3516 2959 3787 3014 inimicis.
3816 2961 3873 3014 Et

2239 3054 2368 3108 ideo
2395 3054 2664 3109 Dominus
2689 3053 3123 3125 protestabatur,
3156 3052 3385 3107 dicens:
3417 3076 3444 3101 ‹‹
3476 3052 3589 3117 Qui
3620 3070 3717 3109 me
3745 3071 3871 3108 con-

501 3145 653 3209 sunt,
681 3114 753 3198 et.
767 3144 888 3198 sine
922 3114 1047 3216 ipso
1074 3114 1286 3201 factum
1330 3114 1592 3202 est'nihil
1636 3114 1879 3217 (iouini,
1918 3151 2028 3218 1-3)
2054 3167 2069 3218 ;
2103 3171 2129 3199 ››
2154 3114 2209 3188 C
2238 3148 2416 3202 fessus
2446 3148 2619 3203 fuerit
2644 3114 2834 3202 coram
2864 3114 3216 3213 hominibus,
3247 3151 3303 3201 et
3329 3164 3437 3218 ego
3469 3114 3789 3203 confitebor
3814 3150 3870 3202 il-

499 3252 718 3308 pauper
760 3254 919 3305 vero,
964 3240 1096 3310 quia
1136 3260 1163 3293 «
1212 3241 1457 3296 Verbum
1513 3259 1642 3297 caro
1680 3242 1891 3297 factum
1941 3248 2045 3309 est,
2083 3248 2139 3299 et

505 3329 775 3385 habitavit
816 3332 874 3386 in
919 3333 1080 3388 nobis
1132 3336 1302 3403 (Joan.
1330 3352 1368 3402 1,
1420 3336 1584 3406 14).»
1642 3336 1782 3401 Qua
1820 3342 2012 3392 autem
2055 3342 2139 3391 est

500 3424 621 3495 ejus
648 3426 983 3496 exinanitio,
1011 3445 1209 3499 quave
1236 3430 1680 3501 paupertas,nisi
1692 3431 1895 3485 forma
1921 3431 2137 3486 servilis

498 3520 768 3592 acceptio,
801 3538 907 3592 per
939 3539 1111 3593 quam
1145 3524 1312 3579 Verbi
1341 3525 1640 3596 majestate
1665 3526 1870 3592 velata,
1903 3526 2133 3596 dispen-

499 3612 639 3668 satio
670 3614 939 3671 humana
984 3617 1394 3688 redemptionis
1424 3618 1658 3690 impleta
1694 3624 1797 3674 est.
1826 3621 1970 3674 Nam
2001 3619 2137 3690 quia

498 3707 779 3778 captivata
821 3715 1026 3765 nostra
1057 3712 1256 3766 resolvi
1287 3712 1588 3782 originalia
1635 3713 1856 3768 vincula
1884 3730 2000 3768 non
2028 3730 2134 3784 po-

498 3804 710 3871 terant,
739 3806 797 3857 et
834 3803 906 3858 ab
937 3804 1114 3860 hostis
1149 3806 1391 3877 imperio
1433 3807 1701 3876 relaxari,
1732 3806 1838 3862 nisi
1867 3807 2137 3862 existeret

498 3895 670 3950 homo
697 3898 880 3952 nostri
906 3900 1151 3969 generis,
1192 3905 1512 3972 nostraque
1542 3903 1758 3955 natura.
1788 3918 1961 3972 quem
1988 3906 2137 3955 vete-

498 3988 573 4043 ris
598 3990 777 4045 debiti
803 3993 1139 4063 prajudicia
1181 4011 1298 4049 non
1325 3997 1607 4060 tenerent,
1635 3998 1693 4050 et
1735 3996 1833 4065 qui
1863 3994 2136 4049 immacu-

497 4084 609 4139 lato
647 4085 928 4157 sanguine
976 4103 1079 4142 suo
1114 4087 1565 4159 chirographum
1614 4087 1824 4143 lethale
1869 4088 2131 4155 dilueret,

497 4176 641 4231 sicut
668 4178 737 4232 ab
768 4177 931 4232 initio
958 4183 1083 4234 erat
1118 4180 1388 4235 divinitus
1412 4181 1890 4252 praordinatum,
1923 4185 1980 4235 et
2002 4198 2131 4251 pro-

499 4270 802 4340 phetarum
830 4272 1069 4327 oraculis
1099 4274 1568 4344 praenuntiatum,
1592 4275 1672 4329 ita
1698 4279 1782 4328 est
1811 4274 1868 4328 in
1894 4274 2132 4345 plenitu-

498 4363 631 4418 dine
681 4365 949 4435 prafiniti
999 4367 1275 4437 temporis
1320 4368 1551 4434 factum,
1600 4372 1662 4423 ut
1700 4368 1893 4423 multis
1929 4369 2129 4438 modis,

498 4457 811 4530 signiﬁcata
855 4460 1158 4530 promissio
1203 4460 1259 4515 in
1318 4462 1413 4515 diu
1476 4465 1865 4533 exspectatum
1917 4463 2212 4560 veniretD

496 4552 782 4623 effectum,
818 4571 923 4609 nec
954 4559 1144 4626 posset
1169 4571 1288 4610 esse
1310 4556 1825 4627 ambiguum,quod
1850 4557 2135 4613 continuis

497 4648 1006 4720 signiﬁcationibus
1055 4666 1283 4721 semper
1315 4649 1501 4705 fuerat
1525 4650 1869 4707 nuntiatum.
1914 4653 2136 4707 Destru-

496 4742 598 4796 ctis
640 4743 833 4815 itaque
858 4748 940 4799 tot
982 4744 1316 4811 haresibus,
1365 4761 1491 4815 qua
1535 4762 1639 4816 per
1668 4749 1921 4800 sanctam
1960 4746 2132 4800 devo-

497 4837 712 4891 tionem
740 4838 1169 4909 prasidentium
1206 4840 1433 4894 Patrum
1465 4855 1497 4893 a
1529 4855 1765 4910 corpore
1792 4843 1924 4893 sunt
1951 4840 2136 4895 catho-

496 4931 618 4984 lica
676 4930 911 4986 unitatis
971 4932 1232 4987 abscissa
1296 4949 1537 5003 quaque
1605 4932 1733 4988 ideo
1789 4935 2046 4988 extorres
2102 4951 2133 4987 a

494 5024 716 5080 Christo
766 5042 887 5080 esse
930 5042 1214 5092 meruere,
1271 5027 1406 5099 quia
1444 5026 1611 5081 Verbi
1656 5026 2131 5094 incarnationem,

494 5135 625 5190 qua
653 5118 960 5191 singularis
998 5122 1083 5174 est
1110 5125 1262 5175 recte
1292 5120 1645 5175 credentium
1679 5121 1845 5187 salus,
1877 5121 2135 5177 fecerunt

496 5212 601 5267 sibi
626 5232 653 5265 «
684 5213 933 5285 lapidem
965 5214 1314 5282 offensionis,
1353 5220 1409 5269 et
1435 5219 1660 5285 petram
1689 5215 1939 5270 scandali
1963 5215 2130 5283 (Rom.

494 5324 564 5375 ix,
596 5308 707 5379 36),
738 5329 766 5357 »ι
810 5307 990 5363 miror
1008 5308 1371 5363 dilectionem
1393 5314 1640 5364 vestram
1669 5308 1727 5363 in
1757 5308 2134 5363 discernenda

494 5401 744 5458 veritatis
770 5401 984 5458 lumine
1010 5402 1285 5470 laborare,
1330 5407 1385 5457 et
1414 5420 1542 5457 cum
1583 5401 1776 5457 multis
1803 5402 2131 5457 manifesta-

497 5495 745 5552 tionibus
767 5496 1123 5552 declaratum
1151 5496 1240 5566 sit,
1271 5513 1445 5568 quam
1474 5499 1626 5552 recte
1653 5500 1711 5550 et
1734 5494 2055 5551 Nestorium
2078 5500 2135 5551 et

495 5590 769 5645 Eutichen
801 5591 1218 5661 cum_Dioscoro
1246 5590 1388 5645 fides
1412 5589 1732 5655 Christiana
1757 5589 2131 5659 damnaverit,

496 5698 597 5737 nec
624 5684 981 5740 Christianus
1009 5685 1188 5757 possit
1211 5684 1422 5749 vocari,
1463 5682 1561 5754 qui
1586 5684 1672 5739 vel
1700 5683 1869 5752 illius,
1911 5684 1998 5739 vel
2026 5684 2131 5739 ho-

499 5790 622 5828 rum
646 5776 922 5846 impietati
951 5780 1169 5850 prabet
1189 5793 1504 5833 assensum.
1529 5777 1702 5832 Doleo
1731 5793 1826 5831 vos
1853 5778 2133 5849 evangeli-

2238 3243 2353 3296 lum
2382 3258 2573 3296 coram
2594 3244 2755 3296 Patre
2788 3259 2918 3297 meo
2943 3241 3157 3311 (Matth.
3192 3257 3243 3307 ι,
3275 3243 3384 3310 32).
3421 3264 3448 3289 »
3481 3241 3546 3295 Hi
3576 3241 3739 3297 enim
3770 3259 3869 3296 non

2238 3342 2407 3390 erunt
2435 3336 2595 3406 digni
2625 3336 2975 3391 confessione
3003 3334 3124 3389 Filii
3152 3339 3209 3389 et
3248 3334 3444 3403 Patris,
3486 3334 3701 3406 quibus
3733 3353 3870 3390 nunc

2238 3447 2368 3484 caro
2412 3429 2617 3485 Christi
2667 3429 3067 3485 verecundiam
3110 3429 3261 3495 facit,
3321 3428 3769 3501 probabuntque
3820 3447 3867 3482 se

2237 3525 2452 3578 nullam
2476 3524 2547 3578 de
2576 3523 2732 3594 ligno
2759 3523 2939 3577 crucis
2960 3523 3264 3593 sumpsisse
3288 3522 3581 3589 virtutem,
3601 3524 3702 3594 qui
3730 3524 3866 3595 quod

2240 3618 2661 3689 praferendum
2691 3617 2977 3672 frontibus
3021 3620 3383 3688 acceperunt,
3418 3633 3687 3687 promere
3726 3618 3869 3672 labiis

2237 3712 2597 3767 erubescunt.
2625 3712 2931 3775 Declinate,
2961 3710 3081 3777 ﬁlii,
3112 3711 3181 3765 ab
3211 3711 3301 3765 his
3320 3710 3621 3766 diabolicis
3648 3728 3864 3782 persua-

2237 3806 2509 3874 sionibus,
2537 3806 2838 3861 declinata.
2885 3805 3195 3859 Veritatem
3235 3804 3335 3858 Dei
3368 3805 3521 3858 nulla
3574 3822 3663 3860 res
3689 3806 3864 3862 violat.

2237 3899 2335 3953 sed
2358 3899 2562 3953 veritas
2591 3916 2696 3954 nos
2720 3898 2829 3953 nisi
2858 3899 2919 3953 in
2949 3901 3144 3952 nostra
3175 3914 3346 3952 carne
3375 3914 3493 3953 non
3513 3898 3721 3953 salvat.
3739 3923 3763 3947 ‹‹
3783 3901 3866 3952 Ve-

2236 3994 2372 4048 ritas
2424 3993 2633 4065 quippe
2672 3993 2839 4064 (sicut
2877 3993 3159 4064 propheta
3202 3992 3297 4062 ait)
3344 3991 3414 4047 de
3439 3996 3597 4046 terra
3644 3996 3764 4047 orta
3794 3996 3861 4046 est

2236 4088 2400 4154 (Psal.
2436 4103 2653 4156 Lxxxw,
2700 4088 2804 4155 l2),
2838 4106 2865 4138 ι)
2914 4092 2971 4141 et
3002 4087 3082 4141 sic
3110 4085 3355 4140 Verbum
3395 4085 3572 4140 Maria
3597 4087 3861 4158 concepit.

2234 4184 2299 4235 ut
2328 4180 2637 4235 uniendam
2684 4180 2790 4235 sibi
2833 4197 3064 4235 carnem
3104 4180 3173 4235 de
3202 4197 3303 4234 sua
3344 4179 3669 4235 substantia
3706 4182 3860 4235 mini-

2235 4278 2456 4342 straret,
2484 4291 2587 4329 nec
2614 4291 2742 4329 cum
2771 4274 3089 4345 adjectione
3126 4289 3403 4344 persona,
3445 4290 3555 4328 nec
3580 4292 3713 4329 cum
3743 4292 3859 4329 eva-

2234 4368 2495 4424 cuatione
2521 4372 2761 4433 natura,
2790 4368 3060 4440 quoniam
3080 4367 3177 4439 qui
3209 4371 3334 4422 erat
3358 4367 3420 4422 in
3446 4369 3639 4424 forma
3660 4369 3776 4433 Dei,
3796 4369 3857 4421 ita

2235 4463 2449 4533 accepit
2476 4463 2719 4517 formam
2753 4462 2915 4528 servi,
2951 4466 3015 4516 ut
3050 4478 3197 4516 unus
3224 4466 3394 4533 atque
3420 4461 3574 4516 idem
3606 4462 3665 4517 in
3690 4464 3854 4518 forma

2241 4561 2475 4628 utraque
2529 4556 2601 4610 sit
2642 4556 2897 4613 Christus
2950 4556 3256 4611 inclinante
3301 4572 3359 4610 se
3408 4556 3527 4610 Deo
3578 4574 3756 4628 usque
3796 4554 3851 4607 ad

2240 4650 2439 4704 inﬁma
2486 4650 2756 4718 hominis,
2800 4653 2858 4704 et
2904 4650 3234 4720 proliciente
3288 4649 3522 4703 homine
3570 4667 3751 4722 usque
3793 4647 3850 4701 ad

2239 4760 2468 4798 summa
2489 4743 2737 4810 deitatis,
2758 4744 2983 4798 dicente
3010 4744 3280 4814 Apostolo
3306 4759 3319 4797 :
3350 4766 3375 4791 α
3406 4743 3664 4807 Quorum
3686 4746 3854 4799 Patres

2237 4842 2293 4891 et
2308 4854 2377 4891 ex
2394 4837 2597 4908 quibus
2620 4837 2873 4892 Christus
2889 4836 3203 4890 secundum
3220 4852 3471 4902 carnem,
3489 4836 3589 4907 qui
3604 4843 3692 4893 est
3705 4851 3855 4908 super

2239 4930 2427 4985 omnia
2444 4931 2593 4985 Deus
2610 4930 2942 4985 benedictus
2957 4930 3015 4984 in
3036 4930 3238 4984 sacula
3259 4929 3511 4999 (Rom.1x,
3531 4934 3580 4995 5)
3593 4973 3607 4985 .
3626 4955 3654 4979 ι»
3674 4935 3851 4986 Amen.

2486 5026 2636 5079 XLII.
2669 5055 2737 5065 —
2769 5025 2859 5080 Ad
2891 5024 3270 5079 Theodon'cum
3298 5026 3628 5094 episcopwn.

2311 5120 2422 5174 Leo
2457 5121 2804 5185 THEODORICO
2836 5118 3102 5190 episcopo
3133 5118 3203 5172 de
3248 5117 3383 5172 ﬁdei
3421 5118 3851 5189 perseverantia.

2309 5213 2717 5269 Remeantibus
2748 5212 2815 5267 ad
2846 5228 2952 5267 nos
2996 5212 3262 5267 fratribus
3295 5216 3354 5266 et
3381 5212 3856 5269 consacerdotibus

2240 5308 2447 5362 nostris
2475 5307 2631 5379 quod
2656 5306 2728 5361 ad
2749 5312 3005 5362 sanctum
3038 5306 3340 5361 concilium
3358 5306 3523 5361 sedes
3551 5306 3705 5362 beati
3724 5305 3855 5362 Petri

2236 5401 2464 5468 direxit,
2497 5400 2837 5472 agnovimus
2864 5399 3228 5455 dilectionem
3258 5404 3413 5454 tuam
3443 5416 3693 5471 superno
3713 5399 3854 5469 adju-

2234 5495 2376 5549 torio
2431 5494 2728 5550 nobiscum
2783 5497 2899 5549 tam
2944 5493 3285 5549 Nestoriana
3328 5493 3662 5565 impietatis,
3701 5507 3855 5565 quam

2235 5590 2584 5645 Eulichiana
2620 5588 2861 5644 vesania
2902 5587 3183 5643 exstitisse
3221 5587 3529 5643 victricem.
3558 5589 3719 5644 Unde
3745 5586 3855 5657 glm

2233 5683 2523 5738 riamurin
2541 5683 2783 5738 Domino
2799 5699 2930 5738 cum
2946 5683 3232 5755 PrOpheta
3247 5685 3539 5737 cantantes
3557 5699 3571 5736 :
3594 5706 3623 5730 ι(
3648 5682 3856 5753 Adjuto-

2236 5777 2382 5832 rium
2418 5781 2675 5833 nostrum
2717 5777 2774 5832 in
2809 5776 3043 5833 nomine
3087 5775 3329 5842 Domini,
3368 5775 3466 5847 qui
3507 5775 3633 5833 fecit
3661 5775 3851 5831 coelum
