4026 6182
189 386 298 438 825

1425 382 1896 440 DECRETALIUM
1935 380 2322 440 COLLECTIO.

3458 391 3560 445 826

187 496 251 544 et
278 496 493 546 terram
527 493 692 563 (Psal.
734 507 917 559 cxxm,
950 496 1023 564 8).
1055 514 1080 541 ι)
1120 492 1225 557 Qui
1254 492 1478 548 nullum
1507 511 1610 549 nos
1634 495 1693 550 in
1720 512 1820 549 no-
1844 493 2001 580 Aris
2024 493 2199 549 hostis
2224 494 2453 565 spiritus
2474 494 2753 564 falsitatis,
2774 510 2973 551 omnes
2996 496 3067 551 de
3100 495 3197 552 illo
3213 496 3336 567 jam
3367 498 3568 553 trium-

186 586 322 639 stris
348 584 620 640 fratribus
651 586 1059 641 detrimentum
1097 586 1377 642 sustinere
1415 588 1691 659 permisit,
1724 590 1826 644 sed

182 695 319 749 quae
374 684 567 733 nostro
622 680 780 750 prius
821 680 1138 736 ministerio
1180 680 1498 749 deﬁnierat,
1545 683 1825 738 universae

184 772 564 827 fraternitatis
601 773 993 829 irretractabili
1024 775 1274 829 ﬁrmavit
1301 792 1554 845 assensu,
1595 782 1657 831 ut
1691 793 1824 831 vere

182 883 218 920 a
247 883 306 921 se
348 867 614 937 prodesse
661 868 990 935 ostenderit,
1052 869 1209 939 quod
1242 869 1399 939 prius
1424 887 1454 923 a
1486 870 1672 941 prima
1700 887 1821 925 om-

183 960 354 1015 nium
373 960 507 1015 sede
530 960 844 1015 formatum
864 962 1035 1016 totius
1053 962 1360 1017 Christiani
1383 964 1537 1018 orbis
1542 964 1823 1034 judicium

182 1054 512 1126 recepisset,
546 1058 611 1108 ut
636 1054 695 1108 in
726 1055 831 1110 hoc
854 1072 1079 1127 quoque
1101 1056 1286 1128 capite
1311 1057 1576 1112 membra
1599 1074 1825 1113 concor-

184 1148 350 1202 dent.
384 1150 442 1202 In
486 1164 601 1218 quo
632 1149 880 1220 amplior
908 1150 1076 1204 nobis
1103 1149 1161 1204 in
1191 1150 1298 1205 hac
1343 1167 1404 1206 re
1446 1151 1512 1205 ﬁt
1538 1152 1823 1223 gaudendi

182 1242 450 1310 materia,
496 1244 635 1298 dum
687 1246 743 1297 et
792 1248 953 1298 tanto
992 1244 1180 1314 magis
1234 1245 1481 1317 perculit
1534 1245 1819 1313 inimicus,

177 1341 400 1407 quanto
447 1340 642 1391 contra
680 1336 885 1391 Christi
929 1337 1218 1392 ministros
1259 1355 1453 1393 servus
1496 1339 1818 1397 insurrexit.

180 1431 329 1484 Nam
376 1448 452 1484 ne
500 1431 741 1485 aliarum
792 1430 1012 1485 sedium
1039 1431 1110 1486 ab
1141 1448 1207 1485 ea
1250 1449 1419 1503 quam
1448 1433 1667 1487 caeteris
1695 1451 1818 1488 om-

178 1523 349 1577 nium
387 1523 658 1578 Dominus
696 1524 895 1578 statuit
933 1526 1244 1596 praesidere
1276 1543 1589 1581 consensus
1613 1527 1818 1581 absen-

183 1617 322 1671 tatio
354 1617 657 1683 videretur,
692 1622 792 1673 aut
834 1618 945 1673 alia
985 1619 1253 1690 quaelibet
1296 1620 1599 1691 subrepere
1634 1625 1823 1692 posset

177 1710 425 1764 adversa
450 1710 718 1781 suspicio,
764 1711 980 1766 inventi
1016 1713 1176 1783 prius
1214 1717 1348 1768 sunt
1373 1714 1471 1785 qui
1499 1714 1568 1768 de
1590 1714 1822 1785 judiciis

177 1804 399 1858 nostris
425 1804 804 1875 ambigerent.
836 1807 903 1860 Et
944 1806 1082 1861 dum
1110 1807 1375 1861 nonnulli
1413 1807 1485 1861 ad
1514 1808 1818 1863 dissensio-

1924 588 2100 659 phare
2140 604 2259 643 non
2283 587 2519 642 dubium
2549 592 2634 644 est
2670 605 2813 660 quos
2841 589 2947 644 sibi
2980 590 3193 645 Veritas
3237 590 3565 647 vindicavit.

1923 683 2083 735 Nunc
2122 698 2355 753 prorsus
2402 681 2497 736 illa
2534 681 2934 753 Redemptoris
2979 685 3161 739 nostri
3207 684 3354 739 dicta
3392 702 3565 757 quam

1924 775 2037 829 sint
2061 775 2268 829 divinae
2297 776 2651 830 auctoritatis
2686 782 2942 847 apparet,
2978 777 3115 832 dum
3152 784 3351 833 contra
3376 778 3566 833 hostes

1924 869 2057 923 ﬁdei
2108 869 2186 922 sic
2236 873 2525 940 aptantur,
2574 875 2636 923 ut
2676 870 2747 924 de
2789 870 2923 941 ipsis
2969 871 3233 926 dubitare
3261 872 3424 927 dictis
3445 890 3563 927 non

1923 962 2110 1017 liccat.
2168 987 2195 1013 ‹‹
2251 964 2375 1029 Vos,
2436 963 2642 1034 inquit,
2700 980 2765 1017 ex
2819 967 2978 1034 patre
3031 965 3257 1020 diabolo
3305 966 3457 1021 estis.
3501 968 3567 1021 Et

1924 1056 2203 1112 desideria
2231 1056 2409 1127 patris
2446 1057 2613 1112 vestri
2654 1056 2823 1111 vultis
2864 1057 3121 1128 implere.
3156 1058 3253 1113 Ille
3280 1059 3563 1114 homicida

1921 1150 2031 1204 fuit
2079 1151 2149 1204 ab
2204 1150 2405 1219 initio,
2475 1154 2533 1204 et
2582 1150 2641 1204 in
2693 1150 2926 1205 veritate
2987 1168 3105 1206 non
3164 1153 3361 1221 stetit,
3427 1153 3562 1225 quia

1922 1244 2122 1298 veritas
2167 1245 2226 1298 in
2274 1261 2340 1297 eo
2397 1260 2511 1298 non
2560 1247 2662 1298 est.
2719 1244 2958 1307 Quando
3011 1245 3261 1316 loquitur
3311 1247 3552 1302 menda-

1921 1337 2093 1404 cium,
2125 1354 2191 1391 ex
2226 1338 2340 1391 suis
2371 1337 2617 1408 propriis
2644 1337 2915 1408 loquitur,
2948 1339 3082 1409 quia
3121 1340 3366 1395 mendax
3394 1344 3479 1395 est
3507 1346 3565 1395 et

1923 1437 2084 1500 pater
2112 1431 2234 1501 ejus
2270 1431 2445 1500 (Joan.
2492 1447 2607 1500 vni,
2647 1433 2755 1502 44).
2807 1454 2833 1480 ››
2882 1431 3029 1486 Nihil
3061 1449 3200 1503 ergo
3230 1433 3557 1488 mirandum

1922 1530 2026 1590 est,
2066 1525 2220 1596 quod
2275 1525 2333 1578 hi
2384 1525 2483 1596 qui
2529 1525 2587 1578 in
2635 1526 2871 1580 veritate
2915 1525 3011 1580 Dei
3066 1532 3277 1581 nostra:
3341 1531 3560 1582 naturae

1921 1618 2281 1673 mendacium
2306 1618 2696 1685 crediderunt,
2727 1619 2879 1689 patri
2908 1637 3009 1674 suo
3041 1628 3099 1674 et
3128 1622 3275 1675 circa
3298 1621 3409 1676 ista
3433 1639 3563 1676 con-

1921 1712 2179 1780 cordant,
2210 1712 2491 1782 quidquid
2524 1712 2728 1779 visum,
2759 1713 3040 1783 quidquid
3068 1715 3351 1785 auditum,
3398 1716 3562 1787 quid-

1920 1805 2058 1876 quid
2102 1805 2346 1876 denique
2377 1809 2517 1861 teste
2550 1806 2854 1876 Evangelia
2882 1812 3099 1861 tactum
3124 1814 3208 1862 est
3234 1812 3408 1879 atque
3437 1810 3557 1880 pal-

178 1914 287 1952 nes
344 1898 563 1953 incitati
611 1899 682 1953 ab
727 1905 954 1955 auctore
999 1900 1462 1956 contradictionis
1507 1902 1579 1956 ad
1621 1885 1900 1957 insanaB
1925 1904 2122 1970 patum
2152 1899 2211 1953 in
2245 1900 2411 1953 unico
2441 1900 2544 1954 Dei
2574 1899 2745 1965 Filio,
2767 1916 2885 1954 non
2919 1901 3042 1971 ejus
3068 1902 3229 1971 cujus
3253 1902 3557 1972 probatum

177 1991 337 2045 bella
386 1992 709 2063 prosiliunt,
761 1994 835 2048 ad
884 1995 1068 2065 majus
1116 1994 1370 2064 bonum,
1442 1996 1660 2051 malum
1705 1996 1826 2067 ejus

179 2092 416 2141 auctore
449 2084 623 2140 totius
649 2086 920 2142 bonitatis
948 2087 1313 2160 dispensante
1338 2093 1677 2160 proventum
1697 2106 1828 2144 con—

178 2182 446 2235 vertitur.
500 2180 725 2235 Dulcius
763 2181 807 2235 si
851 2181 1090 2253 quidem
1115 2199 1358 2237 munera
1389 2183 1587 2254 gratias
1618 2183 1825 2239 divina;

177 2274 559 2343 proveniunt,
628 2275 851 2345 quoties
902 2292 1017 2330 non
1073 2276 1194 2330 sine
1242 2277 1469 2347 magnis
1527 2277 1825 2332 sudoribus

173 2366 571 2437 acquirentur.
649 2369 714 2422 Et
770 2368 960 2423 minus
1014 2370 1231 2424 bonum
1286 2369 1463 2424 videri
1517 2370 1665 2425 solet
1714 2388 1824 2442 pax

176 2460 524 2515 continuata
552 2478 657 2532 per
682 2462 882 2530 otium,
918 2479 1095 2533 quam
1132 2463 1354 2517 reddita
1391 2467 1521 2534 post
1545 2464 1821 2519 laborem.

174 2556 315 2625 Ipsa
344 2571 571 2626 quoque
600 2555 805 2610 veritas
846 2561 902 2611 et
945 2557 1153 2611 clarius
1184 2556 1490 2627 renitescit,
1531 2561 1589 2612 et
1620 2557 1825 2612 fortius

174 2648 487 2713 retinetur,
517 2650 655 2703 dum
684 2666 810 2721 quas
830 2650 972 2705 ﬁdes
1001 2651 1158 2721 prius
1183 2651 1470 2717 docuerat,
1488 2651 1610 2706 hinc
1631 2657 1825 2722 postea

172 2742 534 2796 examinatio
581 2742 965 2799 conﬁrmaret.
1006 2744 1239 2799 Multum
1289 2744 1539 2815 denique
1572 2745 1826 2800 sacerdo-

174 2836 313 2889 talis
341 2835 513 2889 ofﬁcii
537 2836 806 2892 meritum
845 2838 1189 2908 splendescit
1218 2838 1318 2892 ubi
1352 2838 1428 2892 sic
1458 2855 1823 2894 summorum

174 2934 449 2985 servatur
478 2931 805 3001 auctoritas,
855 2938 915 2986 ut
957 2932 1015 2986 in
1044 2933 1199 2987 nullo
1226 2932 1563 2988 inferiorum
1592 2937 1826 3004 putetur

172 3024 495 3078 imminuta
521 3024 765 3080 libertas.
811 3026 881 3079 Et
906 3026 973 3079 ad
1004 3026 1284 3097 majorem
1317 3026 1555 3098 gloriam
1598 3027 1824 3099 proﬁcit

172 3117 316 3172 tinis
336 3118 620 3172 examinis
650 3119 878 3189 quando
914 3120 985 3174 ad
1018 3120 1123 3174 hoc
1158 3136 1216 3175 se
1261 3121 1480 3191 accepit
1523 3121 1821 3176 exercendi

173 3210 416 3280 ﬁducia,
456 3217 519 3267 ut
548 3212 807 3267 vincatur
834 3213 1159 3281 adversitas,
1192 3230 1263 3269 ne
1288 3214 1441 3285 quod
1468 3231 1570 3286 per
1598 3231 1656 3270 se
1687 3232 1818 3286 pro-

172 3307 362 3360 batur
386 3306 700 3377 reprobum
728 3307 933 3362 silentii
962 3307 1291 3378 prasjudicio
1319 3308 1574 3364 videatur
1598 3325 1822 3380 oppres-

172 3416 339 3454 sum.
386 3400 610 3454 Exsulta
660 3400 854 3472 igitur,
905 3401 1242 3456 charissima
1309 3403 1504 3469 frater,
1549 3403 1608 3457 in
1648 3404 1819 3457 unico

172 3494 307 3548 ﬁlio
329 3493 506 3549 victor
522 3495 762 3549 exsulta.
786 3495 928 3549 Vicit
950 3512 1054 3567 per
1073 3513 1177 3551 nos
1199 3496 1315 3563 ille,
1338 3496 1498 3567 cujus
1520 3497 1703 3551 carnis
1723 3513 1817 3553 ve-

174 3588 327 3642 ritas
366 3587 699 3659 negabatur,
739 3589 872 3643 vicit
907 3606 1011 3660 per
1039 3606 1165 3658 nos,
1200 3594 1257 3644 et
1284 3606 1387 3661 pro
1420 3590 1581 3644 nobis
1607 3590 1699 3645 ille
1731 3591 1821 3645 cui

176 3681 450 3736 vicimus.
490 3682 748 3737 Secunda
777 3686 862 3737 est
900 3687 1029 3755 post
1069 3683 1380 3738 adventum
1427 3684 1657 3740 Domini
1700 3686 1821 3740 haec

175 3776 318 3832 orbi
349 3775 636 3831 festivitas.
681 3776 984 3832 Redditum
1024 3779 1232 3833 saeculo
1263 3782 1347 3833 est
1373 3779 1640 3849 praedone
1670 3794 1823 3850 pros-

175 3873 340 3924 trato
363 3870 774 3925 incarnationis
796 3870 1005 3925 divinas
1028 3871 1385 3942 mysterium,
1403 3872 1561 3943 quod
1582 3871 1821 3927 humani

177 3964 421 4035 generis
436 3963 857 4036 inimicus,quia
874 3965 1043 4020 rebus
1057 3966 1191 4036 ipsis
1207 3966 1428 4020 auferre
1444 3983 1560 4022 non
1574 3971 1819 4038 poterat,

175 4057 488 4113 calumniis
527 4057 881 4113 obscurabat.
939 4058 1214 4123 Quinimo
1267 4060 1338 4114 ad
1390 4060 1821 4116 incredulorum

174 4151 362 4208 corde
408 4151 654 4222 perierat
706 4151 1027 4207 immortale
1079 4153 1434 4225 mysterium,
1494 4154 1628 4226 quia
1680 4154 1823 4209 nihil

172 4245 425 4321 prodest
468 4247 625 4299 tanta
666 4245 816 4299 salus
869 4246 1194 4315 incredulis,
1247 4247 1368 4318 ipsa
1414 4248 1657 4302 Veritate
1708 4247 1823 4301 suis

179 4343 418 4398 dicente
460 4343 748 4414 discipulis
785 4361 797 4398 :
844 4366 871 4394 «
904 4344 1014 4409 Qui
1061 4346 1370 4400 crediderit
1412 4353 1469 4400 et
1509 4345 1824 4417 baptizatus

178 4438 386 4505 fuerit,
413 4438 596 4492 salvus
622 4438 730 4493 erit
760 4456 773 4493 :
806 4440 905 4510 qui
934 4443 1127 4495 autem
1172 4457 1288 4495 non
1332 4440 1651 4507 crediderit,
1693 4457 1825 4494 con-

181 4531 559 4588 demnabitur
598 4532 789 4601 (Marc.
834 4550 943 4602 xvr,
994 4536 1098 4603 16).
1134 4556 1161 4582 »
1195 4534 1341 4589 Solis
1373 4533 1612 4604 justitim
1629 4534 1822 4603 jubar,

1842 3260 1898 3334 C

1926 1999 2009 2047 est
2039 1996 2380 2059 asserentes,
2428 1994 2523 2048 sed
2561 1997 2857 2048 coaeternus
2898 1997 2955 2049 et
2994 1994 3380 2049 coessentialis
3410 1996 3559 2050 Patri

1925 2086 2097 2141 fuisse
2123 2086 2471 2154 substantias,
2504 2087 2670 2157 quasi
2696 2092 2794 2141 aut
2819 2087 3129 2142 divinitatis
3158 2093 3361 2143 natura
3379 2090 3560 2143 crucis

1922 2180 2080 2251 ligno
2110 2181 2381 2235 transﬁxa
2418 2182 2507 2247 sit,
2547 2184 2647 2235 aut
2694 2181 3138 2236 inconvertibilis
3177 2199 3429 2238 crescere
3459 2198 3563 2254 per

1926 2279 2139 2343 aetates,
2169 2280 2225 2329 et
2255 2274 2313 2327 in
2340 2274 2619 2344 sapientia
2644 2276 2918 2345 prolicere
2950 2276 3229 2346 sapientia
3255 2277 3558 2348 sempiter-

1926 2383 1999 2421 na
2024 2368 2109 2422 vel
2136 2367 2334 2438 spiritu
2367 2369 2532 2434 Deus,
2564 2368 2661 2438 qui
2694 2368 2925 2438 spiritus
2953 2372 3057 2437 est,
3091 2370 3329 2425 subinde
3357 2371 3565 2441 repleri

1922 2460 2153 2532 poterit.
2204 2463 2265 2515 ln
2319 2461 2428 2515 hoc
2470 2477 2699 2532 quoque
2745 2479 2804 2515 se
2834 2462 3036 2516 acerba
3078 2463 3323 2532 vesania,
3358 2481 3422 2518 ex
3448 2481 3561 2536 quo

1924 2560 2157 2609 auctore
2202 2555 2558 2625 processerit,
2604 2555 2812 2626 prodit,
2866 2556 3020 2627 quod
3072 2560 3351 2627 quantum
3394 2559 3451 2612 in
3504 2576 3560 2613 se

1923 2658 2043 2719 est,
2108 2652 2381 2707 universis
2420 2669 2627 2708 nocere
2680 2654 2895 2709 molita.
2936 2656 3077 2709 Nam
3132 2656 3231 2726 qui
3283 2673 3385 2712 nos
3436 2675 3563 2728 per-

1923 2747 2219 2817 sequendo
2280 2746 2502 2813 afﬂixit,
2552 2751 2786 2802 caeteros
2828 2747 2901 2801 ad
2943 2765 3286 2803 consensum
3334 2751 3589 2805 sceleris’

1924 2840 2269 2911 impellendo
2305 2840 2655 2911 depravavit.
2690 2842 2792 2895 Sed
2827 2858 2930 2895 nec
2963 2859 3085 2911 nos,
3112 2842 3244 2897 licet
3271 2844 3330 2898 in
3362 2845 3557 2915 singu-

1923 2934 1993 2987 lis
2032 2934 2324 3001 fratribus,
2365 2934 2500 3005 quia
2540 2934 2799 2989 membra
2852 2942 3043 2990 nostra
3087 2940 3239 3006 sunt,
3271 2938 3557 2993 vulneras-

1922 3034 2024 3093 set,
2056 3045 2088 3081 a
2114 3028 2347 3099 speciali
2374 3028 2570 3083 dolore
2606 3028 2736 3084 fecit
2779 3033 3058 3101 exceptos,
3096 3030 3303 3102 quibus
3332 3048 3475 3087 nova
3505 3038 3562 3086 et

1922 3121 2191 3183 inaudita,
2238 3126 2407 3193 atque
2453 3122 2770 3176 incredibili
2826 3122 3059 3177 audacia
3102 3124 3313 3179 inferre
3362 3130 3562 3181 contra

1923 3232 2090 3269 suum
2136 3221 2309 3285 caput
2359 3219 2443 3269 est
2489 3216 2719 3270 molitus
2759 3216 3051 3287 injuriam.
3087 3218 3195 3273 Sed
3225 3219 3447 3274 utinam
3474 3221 3559 3274 vel

1923 3312 2051 3380 post
2083 3313 2163 3363 tot
2194 3309 2439 3380 pessima
2467 3309 2824 3380 resipiscens,
2865 3328 2979 3365 non
3022 3328 3126 3366 nos
3156 3313 3329 3367 etiam
3360 3314 3429 3369 de
3456 3331 3557 3368 suo

1922 3408 2150 3458 aeternas
2181 3402 2565 3458 damnationis
2610 3403 2912 3459 interitum
2965 3405 3335 3460 contristarit.
3378 3407 3559 3470 Quam

1923 3513 2248 3552 mensuram
2273 3497 2497 3551 sceleris
2521 3498 2906 3568 prmtermisti,
2928 3498 3020 3551 cui
3042 3515 3147 3552 nec
3176 3499 3278 3553 hoc
3298 3499 3559 3555 sufﬁcere

1921 3590 2125 3663 potuit,
2193 3590 2347 3662 quod
2414 3607 2518 3645 nec
2585 3590 2725 3644 vivis
2798 3592 3100 3663 parcendo,
3164 3609 3267 3648 nec
3323 3595 3561 3650 mortuis

1922 3686 2095 3741 etiam
2132 3685 2192 3739 in
2221 3684 2559 3755 sanguinem
2587 3685 2906 3740 innocentis
2933 3689 2990 3738 et
3016 3686 3279 3741 catholici
3302 3688 3557 3743 sacerdo-

1925 3780 1994 3834 tis
2022 3780 2270 3850 pollutas
2288 3779 2640 3849 jampridem
2672 3779 2931 3833 abdicata
2960 3779 3214 3847 veritate,
3244 3786 3416 3852 atque
3454 3799 3555 3853 ap-

1923 3874 2154 3944 probata
2179 3872 2446 3939 falsitate,
2480 3889 2680 3927 manus
2726 3873 2972 3942 intinxit,
3008 3879 3063 3929 et
3103 3890 3234 3929 cum
3283 3876 3559 3947 scriptum
3652 3884 3665 3887 ’

1924 3968 1995 4020 sit
2027 3985 2041 4021 :
2079 3990 2104 4015 ‹‹
2134 3967 2238 4031 Qui
2267 3966 2389 4021 odit
2413 3966 2652 4021 fratrem
2681 3983 2869 4038 suum,
2903 3968 3189 4023 homicida
3217 3974 3302 4024 est
3329 3969 3376 4039 (Ι
3394 3971 3555 4025 Joan.

1924 4077 1981 4129 ιι,
2039 4060 2146 4131 ll),
2204 4082 2231 4109 ››
2287 4060 2384 4114 ille
2442 4059 2597 4131 quod
2650 4060 2778 4115 odio
2820 4061 2943 4132 jam
2992 4062 3233 4130 fecisset,
3302 4063 3559 4118 addictus

1925 4160 2029 4224 est,
2057 4155 2317 4225 implevit
2342 4156 2629 4227 operibus,
2657 4156 2823 4227 quasi
2848 4172 2953 4211 nec
2978 4157 3246 4225 audisset,
3279 4174 3383 4213 nec
3401 4156 3557 4213 aliud

1923 4250 2074 4322 quod
2101 4250 2377 4304 Dominus
2403 4251 2482 4305 ait
2514 4268 2526 4304 :
2563 4272 2591 4303 α
2625 4250 2827 4305 Discite
2867 4268 2901 4304 a
2946 4267 3038 4305 me
3083 4251 3217 4322 quia
3244 4251 3401 4306 mitis
3430 4268 3558 4307 sum

1925 4348 1984 4397 et
2028 4344 2260 4398 humilis
2308 4345 2498 4412 corde,
2549 4350 2605 4399 et
2647 4344 2947 4399 invenietis
2974 4345 3238 4415 requiem
3262 4346 3562 4401 animabus

1926 4438 2142 4492 vestris.
2170 4439 2382 4509 Jugum
2401 4438 2557 4493 enim
2577 4454 2773 4493 meum
2799 4455 2969 4492 suave
2992 4442 3097 4506 est,
3120 4444 3178 4494 et
3194 4456 3339 4495 onus
3366 4457 3560 4495 meum

1923 4531 2044 4585 leve
2098 4536 2185 4586 est
2236 4533 2449 4601 (Matth.
2509 4549 2582 4599 x1,
2638 4536 2727 4598 29,
2777 4532 2884 4603 30).
2932 4555 2959 4581 ››
3015 4533 3230 4604 Dignus
3296 4533 3559 4589 diabolici

184 4626 391 4681 densis
410 4642 512 4696 per
525 4626 808 4681 orientem
827 4628 1069 4682 Nestorii
1085 4627 1463 4683 etEutichetis
1481 4627 1701 4682 nebulis
1720 4626 1826 4681 im-
1843 4639 1904 4711 D
1926 4624 2269 4695 praedicator
2303 4624 2511 4679 erroris
2547 4625 2838 4695 Egyptius
2871 4630 3120 4679 vastator
3160 4626 3422 4681 inventus
3449 4632 3556 4698 est,

184 4720 476 4793 peditum,
509 4736 651 4791 pure
692 4722 763 4775 ab
801 4721 1095 4776 occidente
1134 4722 1508 4793 resplenduit,
1555 4722 1647 4776 ubi
1677 4738 1828 4777 com-

182 4814 472 4870 mercium
501 4814 561 4868 in
592 4816 855 4886 apostolis
872 4822 928 4871 et
949 4815 1278 4871 doctoribus
1306 4816 1698 4887 principaliter
1717 4817 1828 4870 col-

185 4909 415 4976 locavit,
437 4909 697 4979 quamvis
717 4925 820 4964 nec
840 4909 951 4964 illic
966 4926 1227 4980 unquam
1248 4909 1493 4964 defuisse
1510 4910 1828 4966 credendus

186 5005 262 5058 sit
290 5019 408 5074 quo
437 5003 790 5058 confessores
830 5004 936 5058 sibi
974 5004 1240 5076 egregios
1278 5004 1598 5058 reservavit.
1655 5006 1736 5058 tta
1768 5006 1830 5059 ut

186 5097 335 5152 dum
380 5097 569 5152 denuo
614 5100 915 5153 conaretur
947 5098 1123 5152 hostis
1151 5097 1419 5169 antiquus
1455 5113 1560 5169 per
1591 5097 1825 5153 secundi

189 5191 504 5246 Pharaonis
540 5191 906 5263 imposnitens
952 5208 1068 5259 cor,
1116 5192 1246 5246 ﬁdei
1284 5191 1523 5246 Abrahae
1552 5208 1747 5247 semen
1773 5198 1830 5248 et

190 5285 343 5339 ﬁlios
361 5284 746 5356 exstinguere,
779 5287 896 5341 Deo
937 5286 1271 5352 miserante,
1303 5286 1692 5356 languescens,
1723 5286 1829 5340 nisi

192 5379 303 5434 sibi
332 5394 543 5433 nocere
566 5380 709 5434 nihil
735 5380 933 5451 possit.
970 5380 1045 5433 De
1074 5396 1186 5450 quo
1213 5382 1271 5433 et
1296 5379 1431 5434 illud
1467 5380 1831 5451 omnipotens

196 5473 515 5528 mirabilius
538 5473 673 5545 egit,
702 5473 835 5545 quia
864 5478 921 5529 et
940 5490 1087 5546 quos
1111 5473 1217 5528 sibi
1242 5474 1496 5529 conscios
1513 5474 1585 5529 ad
1610 5474 1829 5530 Israeli-

197 5568 293 5622 tici
317 5567 517 5639 populi
545 5567 703 5623 sedes
733 5567 1027 5636 asciverat,
1062 5584 1180 5623 non
1215 5584 1346 5623 cum
1377 5568 1693 5639 tyrannidis
1727 5586 1830 5623 au-

199 5666 355 5717 ctore
377 5661 702 5729 submersit,
728 5663 827 5718 sed
853 5679 984 5718 cum
1009 5678 1112 5719 suo
1134 5663 1348 5734 pepulo
1371 5663 1755 5734 congregavit,
1778 5668 1835 5718 et

200 5756 350 5813 sicut
374 5771 568 5811 revera
587 5772 647 5811 se
668 5755 912 5829 dignum
941 5761 999 5812 et
1023 5757 1127 5812 soli
1157 5756 1263 5811 sibi
1284 5756 1541 5829 possibile
1567 5757 1690 5812 fons
1721 5757 1831 5812 mi-

204 5853 524 5911 sericordias
569 5861 820 5924 noverat,
864 5855 1038 5912 victos
1064 5872 1097 5911 a
1139 5855 1303 5911 nobis
1355 5854 1652 5911 nobiscum
1703 5854 1836 5910 fecit

206 5964 325 6012 esse
352 5950 619 6007 victuros.
649 5951 792 6007 Nam
817 5951 955 6005 dum
982 5950 1134 6006 solus
1155 5967 1283 6009 vere
1309 5951 1382 6007 sit
1399 5949 1635 6005 humani
1665 5965 1837 6021 gene-

1928 4717 2061 4789 quia
2092 4721 2361 4789 tanquam
2392 4717 2729 4773 saevissimus
2759 4722 3035 4790 tyrannus
3065 4719 3322 4775 Ecclesiae
3360 4722 3560 4777 nefan-

1927 4812 2029 4867 das
2047 4812 2431 4883 blasphemias
2448 4828 2552 4883 per
2572 4812 2871 4867 violentam
2890 4812 3289 4868 seditiosorum
3310 4816 3558 4887 turbam,

1930 4911 1987 4961 et
2060 4923 2166 4978 per
2242 4910 2507 4962 cruentas
2580 4922 2784 4961 manus
2867 4907 3150 4976 militum,
3228 4911 3564 4967 venerandis

1929 4998 2132 5073 204
2159 5001 2429 5069 fratribus
2460 5000 2810 5072 imponebat,
2838 5005 2895 5055 et
2919 5018 3049 5056 cum
3078 5019 3213 5058 voce
3237 5005 3418 5059 nostri
3448 5006 3556 5059 Re-

1930 5094 2243 5165 demptoris
2272 5095 2567 5149 ﬁrmatum
2592 5094 2661 5149 sit
2688 5111 2870 5149 unum
2905 5097 3290 5169 eumdemque
3323 5100 3557 5154 homici-

1929 5188 2007 5244 dii
2033 5191 2091 5242 et
2115 5188 2376 5244 falsitatis
2401 5192 2716 5257 auctorem,
2739 5189 2833 5244 ille
2855 5191 3065 5261 pariter
3093 5195 3384 5264 utcunque
3407 5210 3559 5248 com-

1930 5283 2125 5355 plevit,
2153 5284 2319 5356 quasi
2370 5301 2485 5339 non
2532 5290 2595 5339 ut
2622 5289 2945 5353 caveantur,
2989 5286 3085 5340 sed
3114 5292 3179 5341 ut
3223 5292 3559 5357 perpetrem

1930 5384 2024 5435 tur
2049 5378 2261 5450 scripta
2280 5379 2413 5447 sint,
2432 5379 2502 5434 ad
2523 5378 2862 5451 perditionis
2883 5397 2998 5434 suae
3019 5381 3310 5434 cumulum
3331 5380 3564 5437 trahens

1930 5490 2059 5546 quae
2096 5472 2197 5529 Dei
2246 5472 2417 5527 Filius
2457 5472 2687 5527 monuit
2721 5473 2793 5527 ad
2839 5474 3114 5539 salutem;
3147 5473 3298 5544 illud
3331 5489 3563 5545 quoque

1932 5568 2106 5622 surda
2123 5566 2297 5623 nimis
2315 5583 2451 5621 aure
2473 5565 2808 5638 praeteriens
2827 5566 2981 5637 quod
2998 5566 3068 5619 ab
3094 5566 3299 5621 eodem
3317 5566 3559 5624 Domino

1934 5661 2149 5717 dictum
2186 5667 2270 5717 est
2304 5679 2317 5716 :
2353 5680 2381 5714 ε(
2414 5661 2564 5732 Ergo
2601 5660 2753 5732 quod
2783 5658 2897 5713 vidi
2926 5659 3077 5729 apud
3104 5660 3329 5714 Patrem
3367 5677 3565 5718 meum

1934 5756 2154 5827 loquor,
2197 5760 2254 5812 et
2290 5773 2384 5812 vos
2418 5771 2555 5826 ergo
2585 5753 2739 5826 quod
2776 5752 2993 5807 vidistis
3038 5754 3189 5824 apud
3218 5755 3447 5811 Patrem
3476 5773 3567 5811 ve-

1935 5853 2118 5905 strum
2146 5850 2332 5905 facitis
2367 5849 2542 5920 (Joan.
2586 5863 2702 5916 vni,
2745 5846 2852 5915 38).
2885 5865 2912 5897 ››
2961 5846 3142 5918 Igitur
3183 5848 3322 5904 dum
3347 5859 3560 5908 sanctae

1936 5943 2231 6000 memoriae
2258 5941 2517 5999 Flaviano
2546 5941 2721 5995 vitam
2742 5940 3037 6012 praesentis
3055 5943 3245 6001 seculi
3263 5944 3563 6003 moliretur
