4026 6182
522 376 622 427 827

1420 365 1705 422 APPEND.
1748 365 1834 420 AD
1872 365 2034 421 S/EC.
2079 367 2163 420 IX.
2193 394 2260 405 —
2299 364 2536 421 ISIDORI
2579 365 3002 422 MERCATURIS
3716 375 3790 426 8'28

517 481 740 534 auferre
779 495 838 533 se
886 493 1106 532 serena
1150 477 1279 530 vita
1321 477 1446 530 luce
1489 475 1744 547 privavit.
1780 475 1924 529 Dum
1953 491 2056 528 vos
2081 474 2150 528 ab
2174 479 2444 563 Asancto
2466 473 2754 529 indicante
2785 473 3094 546 quisquam
3115 489 3231 530 non
3252 475 3584 540 victorexire,
3606 492 3794 548 quorum

518 573 764 628 ecclesiis
793 572 991 627 vestris
1030 577 1332 626 conaretur
1367 570 1670 642 expellere,
1709 586 1767 622 se
1807 586 1840 622 a
1879 568 2148 624 Christia-

519 683 727 722 norum
754 666 992 737 collegio
1036 665 1375 738 segregavit.
1403 666 1547 719 Dum
1580 663 1756 717 trahit
1780 663 2059 734 plurimos
2097 665 2154 717 et

517 761 763 833 impellit
812 760 885 814 ad
930 760 1139 815 erroris
1194 775 1511 826 assensum,
1567 757 1866 827 multiplici
1895 756 2152 810 animam

517 872 680 909 suam
709 856 947 909 vulnere
988 853 1280 921 sauciavit,
1329 853 1481 906 solus
1529 852 1677 906 ultra
1715 867 1914 904 omnes
1957 855 2013 904 et
2049 866 2154 920 per

519 966 739 1018 omnes,
769 966 833 1002 ac
860 965 964 1019 pro
991 947 1256 1002 omnibus
1286 962 1417 1000 reus
1446 946 1544 1016 qui
1568 961 1737 999 causa
1763 947 1949 998 reatus
1974 943 2154 997 omni-

517 1043 621 1096 bus
646 1043 773 1097 fuit.
803 1043 910 1098 Sed
940 1043 1074 1096 licet
1105 1041 1193 1095 his
1215 1046 1312 1094 tua
1339 1040 1663 1094 fraternitas
1689 1038 1869 1092 solido
1895 1037 2022 1091 cibo
2054 1038 2151 1090 ﬁr-

517 1141 669 1191 mata
698 1135 957 1206 indigere
986 1135 1224 1189 minime
1252 1133 1529 1200 videatur,
1563 1136 1758 1187 tamen
1797 1132 1946 1203 quod
1972 1130 2152 1185 nostri

517 1231 626 1284 loci
671 1237 755 1283 est
797 1229 1104 1300 implemus
1153 1228 1302 1281 circa
1345 1243 1544 1281 vocem
1586 1226 1821 1280 dicentis
1855 1224 2148 1296 Apostoli':

522 1347 549 1374 ‹‹
579 1325 794 1378 Prater
835 1340 900 1378 ea
948 1339 1073 1393 qua
1109 1322 1460 1376 extrinsecus
1503 1325 1656 1387 sunt,
1714 1319 1984 1373 instantia
2027 1334 2156 1371 mea

519 1418 855 1490 quotidiana
911 1417 1226 1471 sollicitudo
1278 1414 1537 1470 omnium
1587 1413 1982 1470 Ecclesiarum.
2021 1412 2155 1476 Quis

518 1512 841 1566 inﬁrmatur
868 1516 924 1566 et
954 1527 1061 1581 ego
1093 1527 1208 1565 non
1237 1509 1496 1564 inﬁrmor
1520 1510 1546 1563 Τ
1587 1508 1715 1580 quis
1749 1507 2156 1561 scandalizatur

518 1610 577 1660 et
605 1622 710 1676 ego
747 1622 863 1660 non
895 1605 1074 1659 uror?
1112 1605 1184 1675 (II
1215 1605 1334 1658 Cor.
1369 1620 1447 1670 xi,
1482 1604 1569 1670 28,
1596 1604 1708 1673 29.)
1733 1603 1843 1655 Hoc
1868 1599 2152 1671 pracipue

517 1700 785 1771 prasenti
831 1699 1127 1754 occasione
1181 1697 1460 1752 credimus
1504 1695 1953 1762 admonendum,
1981 1695 2156 1748 frater

525 1794 872 1860 charissime,
933 1798 998 1847 ut
1049 1792 1495 1864 quotiescunque
1542 1789 1732 1844 divina
1773 1788 1955 1860 gratia
1990 1786 2156 1841 mini-

2245 569 2367 638 jam
2388 569 2595 622 vicerat
2614 569 2772 622 fides.
2799 570 2958 632 Quod
2983 575 3242 640 superest
3260 570 3615 638 exhortamur,
3637 577 3687 625 ut
3701 574 3799 642 quia

2255 663 2363 716 illic
2390 663 2696 716 nonnullas
2719 663 3038 718 Eutichiani
3073 681 3137 718 ac
3164 664 3469 718 Nestoriani
3499 665 3678 717 erroris
3701 666 3798 718 reli-

2253 757 2415 827 quias
2447 757 2816 827 cognovimus
2835 759 3197 826 remansisse,
3221 775 3368 812 nunc
3389 759 3550 812 etiam
3570 758 3685 813 Sedi
3706 775 3803 828 apu-

2254 851 2466 904 stolica
2496 851 2827 904 collaliores.
2863 852 3099 905 Victoria
3131 852 3284 906 enim
3315 868 3476 922 quam
3503 853 3633 905 Deus
3657 857 3803 905 noster

2255 961 2366 998 sua
2398 944 2630 998 donavit
2649 946 2928 1011 Ecclesia,
2959 945 3217 1016 quandiu
3247 946 3302 998 in
3326 945 3429 999 hoc
3453 944 3646 999 mundo
3669 962 3805 999 versa-

2256 1056 2404 1108 mur,
2435 1039 2563 1092 licet
2591 1038 2858 1092 ﬁduciam
2888 1040 3166 1110 majorem
3194 1039 3418 1106 tribuat,
3449 1055 3557 1093 non
3584 1043 3738 1092 tamen
3762 1041 3800 1090 iu

2253 1139 2434 1188 totum
2459 1132 2902 1187 sollicitudinem
2932 1133 3183 1204 perimit,
3212 1149 3313 1188 nec
3333 1138 3394 1187 ut
3409 1133 3719 1187 dormiamus
3735 1133 3801 1185 do-

2255 1231 2384 1280 nata
2431 1233 2533 1293 est,
2586 1227 2686 1280 sed
2736 1231 2795 1281 ut
2846 1227 3073 1281 suavius
3116 1228 3452 1281 laboremus.
3495 1226 3639 1280 Unde
3662 1228 3707 1279 in
3730 1225 3802 1278 hoc

2255 1337 2479 1392 quoque
2495 1325 2607 1374 tua
2631 1321 2939 1392 vigilantia
2969 1320 3413 1375 sollicitudinem
3435 1321 3670 1374 volumus
3693 1319 3806 1388 adju-

2257 1415 2393 1482 vari,
2419 1417 2484 1468 ut
2511 1420 2606 1468 tua
2634 1415 2907 1469 relatione
2950 1419 3238 1482 currente,
3278 1415 3374 1486 qui
3413 1414 3553 1484 apud
3594 1414 3697 1466 illos
3718 1413 3806 1466 reli-

2256 1508 2440 1580 gionis
2472 1508 2728 1562 doctrina
2767 1509 3055 1563 Dominica
3075 1509 3354 1580 proficiat,
3376 1507 3709 1580 apostolicam
3734 1507 3801 1560 Se-

2253 1602 2380 1656 dem
2411 1602 2639 1656 festines
2664 1602 2969 1669 instruere,
2995 1608 3276 1673 quatenus
3296 1601 3445 1656 illius
3465 1601 3724 1671 religionis
3743 1616 3805 1652 sa-

2254 1697 2510 1750 cerdotes
2538 1696 2593 1750 in
2622 1712 2964 1767 quocunque
2987 1712 3120 1750 usus
3149 1696 3399 1766 exegerit
3423 1695 3731 1765 adjuvemus.
3753 1695 3807 1746 De

2255 1790 2342 1843 his
2364 1807 2497 1844 vero
2517 1807 2643 1861 qua
2663 1791 2720 1844 in
2745 1790 3065 1862 supradicto
3085 1789 3325 1844 concilio
3357 1789 3542 1843 illicita
3568 1792 3730 1842 contra
3748 1803 3810 1838 ve-

518 1893 749 1958 strante,
789 1888 913 1942 illos
941 1887 1040 1958 qui
1071 1886 1206 1941 foris
1251 1891 1384 1939 sunt
1410 1887 1563 1938 fonte
1601 1883 1877 1938 doctrina
1903 1886 2001 1936 aut
2026 1881 2228 1955 sub-B
2251 1884 2531 1938 nerabiles
2579 1884 2838 1938 Nicanos
2883 1899 3129 1938 canones
3177 1882 3609 1955 prasumptione
3649 1884 3807 1935 tentata

518 1983 854 2054 mergimus,
885 1986 983 2036 aut
1007 1997 1341 2052 purgamus,
1371 1979 1431 2033 in
1457 1978 1614 2033 nullo
1641 1977 1711 2032 ab
1736 1978 1845 2031 illis
1862 1992 2002 2048 quas
2027 1975 2153 2046 Spi-

518 2078 658 2131 ritus
686 2077 864 2130 sancti
901 2075 1164 2129 divinitas
1193 2075 1253 2128 in
1280 2071 1722 2128 Chalcedonensi
1753 2071 1993 2124 concilio
2023 2087 2154 2142 pro-

519 2171 648 2225 tulit
673 2170 805 2224 fidei
827 2170 1041 2240 regulis
1065 2169 1407 2234 recedentes,
1431 2167 1582 2221 inter
1605 2170 1911 2235 utrumque
1933 2165 2155 2218 hostem

518 2267 756 2319 novella
786 2263 1037 2334 perﬁdia
1058 2277 1385 2316 sermonem
1417 2266 1670 2315 nostrum
1699 2275 1829 2313 cum
1849 2258 2007 2312 omni
2029 2274 2157 2311 cau-

520 2360 634 2413 tela
661 2357 990 2411 liberemus.
1037 2358 1157 2410 Non
1180 2356 1321 2426 jam,
1368 2354 1520 2425 quod
1558 2353 1722 2420 absit,
1770 2357 2043 2423 tanquam
2084 2351 2154 2404 de

518 2452 703 2508 dubiis
735 2451 1133 2522 disceptantes,
1173 2450 1270 2503 sed
1316 2448 1654 2503 auctoritate
1698 2463 1800 2502 sua
1840 2463 1968 2518 qua
2007 2445 2153 2499 bene

521 2547 757 2602 deﬁnita
785 2551 918 2600 sunt
947 2548 1290 2613 astruenles,
1322 2559 1453 2597 cum
1478 2547 1536 2596 et
1557 2542 1616 2596 in
1645 2541 1968 2612 apostolica
1994 2538 2155 2594 Sedis

520 2641 756 2712 epistola
802 2639 1109 2694 universali
1163 2643 1368 2692 sancta
1411 2636 1611 2708 synodi
1654 2652 1885 2690 assensu
1928 2633 2156 2687 ﬁrmata

517 2739 676 2790 tanta
705 2734 910 2788 divina
942 2733 1296 2787 auctoritatis
1326 2729 1649 2784 testimonia
1681 2729 2005 2783 noverimus
2032 2743 2152 2781 esse

519 2831 806 2899 congesta,
839 2832 900 2882 ut
924 2828 1116 2881 nullus
1142 2830 1314 2896 queat
1341 2824 1581 2878 ulterius
1607 2822 1888 2890 dubitare,
1920 2820 2028 2874 nisi
2055 2820 2153 2891 qui

519 2922 856 2993 sibimetipsi
885 2937 1144 2976 errorum
1175 2919 1436 2973 tenebras
1468 2917 1679 2971 inferre
1706 2915 1990 2984 maluerit,
2022 2930 2153 2968 cum

522 3016 813 3088 synodalia
861 3020 1021 3085 gesta
1064 3014 1150 3066 vel
1197 3012 1402 3083 quibus
1429 3011 1684 3082 primum
1730 3009 1985 3064 definitio
2021 3008 2155 3062 ﬁdei

521 3111 735 3182 legitur
762 3125 879 3164 esse
905 3109 1170 3175 formata,
1200 3107 1287 3161 vel
1309 3106 1516 3178 quibus
1536 3105 1786 3176 prafata
1809 3104 2008 3158 littera
2024 3119 2155 3173 apo-

522 3206 736 3259 stolica
763 3202 942 3269 Sedis,
972 3202 1142 3256 etiam
1169 3204 1282 3255 tua
1301 3199 1673 3254 fraternitatis
1693 3197 1879 3253 studio
1910 3197 2153 3251 defensa

2254 1984 2386 2032 sunt
2413 1978 2484 2032 ad
2511 1978 2747 2032 fratrem
2777 1982 2833 2032 et
2859 1978 3185 2049 episcopum
3213 1977 3471 2032 nostrum
3496 1975 3808 2030 Antiochum

2253 2073 2400 2126 sedis
2438 2072 2745 2142 prasulem
2791 2071 3140 2142 scripsimus,
3178 2070 3508 2142 adjicientes
3543 2069 3665 2124 illud
3701 2068 3810 2138 quod

2254 2166 2414 2220 nobis
2439 2169 2677 2237 propter
2700 2165 3127 2236 improbitatem
3153 2166 3563 2220 monachorum
3599 2177 3810 2235 quumm-

2254 2260 2382 2314 dam
2409 2260 2704 2330 religionis
2737 2263 2933 2314 vestra
2973 2260 3150 2314 verbo
3182 2259 3485 2326 mandasti,
3515 2275 3608 2330 per
3634 2255 3813 2311 vicarius

2257 2358 2481 2408 nostros
2507 2359 2563 2408 et
2593 2353 2913 2424 specialiter
2939 2357 3271 2421 statuentes,
3313 2360 3378 2408 ut
3412 2356 3610 2425 prater
3645 2349 3811 2404 Domini

2255 2447 2589 2516 sacerdotes,
2621 2449 2813 2501 nullus
2846 2447 3053 2501 audeat
3083 2447 3416 2518 pradicare,
3447 2462 3540 2501 seu
3571 2443 3814 2499 monachus

2255 2541 2369 2595 sive
2389 2541 2478 2595 ille
2501 2541 2571 2595 sit
2599 2541 2773 2594 laicus
2798 2541 3098 2611 cujuslibet
3126 2541 3380 2595 scientia
3412 2541 3629 2595 nomine
3657 2537 3811 2608 glorie-

2256 2637 2365 2688 tur.
2397 2635 2546 2698 Quas
2565 2639 2759 2689 tamen
2793 2635 3009 2689 litteras
3031 2652 3132 2705 pro
3154 2635 3396 2690 utilitate
3427 2632 3720 2688 universalis
3742 2630 3812 2683 Er-

2253 2728 2437 2783 clesia
2476 2745 2580 2799 per
2609 2728 2945 2799 pradictum
2981 2730 3217 2784 fratrem
3258 2735 3315 2784 et
3361 2728 3717 2798 coepiscopum
3741 2739 3812 2776 nu-

2253 2826 2434 2876 strum
2454 2821 2753 2876 Maximum
2773 2822 2845 2876 ad
2867 2823 3125 2877 omnium
3149 2823 3408 2893 volumus
3431 2822 3699 2893 pervenire
3715 2816 3819 2872 noti-

2253 2916 2414 2985 tiam,
2434 2921 2491 2970 et
2512 2917 2581 2970 ob
2603 2917 2712 2971 hoc
2733 2916 2791 2970 id
2811 2917 3080 2971 nolumus
3101 2933 3301 2972 earum
3319 2917 3595 2987 exemplar
3610 2914 3812 2983 adjicere,

2254 3011 2385 3081 quia
2411 3027 2539 3081 qua
2557 3011 2823 3082 pradicto
2854 3011 3016 3065 fratri
3043 3011 3407 3081 injunximus
3423 3028 3536 3065 non
3557 3009 3817 3062 dubitamus

2255 3105 2561 3176 implenda.
2590 3107 2655 3159 Et
2682 3105 2790 3159 alia
2819 3121 2993 3159 manu
3033 3121 3045 3159 :
3082 3107 3226 3160 Deus
3255 3110 3311 3159 te
3341 3105 3663 3160 incolumem
3683 3105 3816 3154 custo-

2255 3199 2388 3266 diat,
2424 3199 2603 3253 frater
2623 3199 2976 3253 charissime.
3004 3201 3140 3254 Data
3168 3206 3377 3270 quarto
3409 3199 3536 3256 IdUS
3554 3196 3702 3260 Junii,
3726 3195 3816 3262 Opi-

522 3303 675 3365 sunt,
704 3302 761 3352 et
785 3296 1030 3351 maxime
1058 3295 1129 3350 ad
1173 3294 1458 3366 piissimos
1501 3293 1787 3364 principes
1827 3291 1999 3345 totius
2027 3307 2155 3345 con-
2175 3262 2229 3336 C
2256 3293 2405 3347 lione
2440 3292 2558 3346 viro
2587 3293 2896 3347 clarissimo
2918 3294 3170 3348 consule.

525 3393 637 3448 cilii
665 3391 950 3460 allocutio,
973 3393 1056 3444 tot
1072 3389 1164 3457 sit,
1188 3388 1636 3460 pracedentium
1649 3389 1885 3442 Patrum
1909 3386 2155 3440 testimo-

514 3487 624 3546 niis
649 3487 932 3554 roborata,
961 3487 1045 3551 ut,
1086 3484 1348 3556 quamvis
1378 3481 1736 3554 imprudenti
1783 3498 1848 3535 ac
1880 3479 2153 3552 pertinaci

517 3582 730 3647 animo,
762 3580 807 3634 si
834 3585 1025 3634 tamen
1064 3595 1178 3633 non
1201 3579 1323 3648 jam
1356 3594 1486 3630 cum
1515 3575 1739 3630 diabolo
1779 3591 1885 3646 pro
1913 3590 2016 3628 sua
2044 3574 2152 3626 im-

516 3677 728 3748 pietate
769 3674 1072 3728 damnatus
1122 3677 1225 3739 est,
1268 3672 1493 3725 valeant
1539 3670 1800 3724 suadere.
1849 3667 2005 3722 Unde
2049 3667 2152 3720 hoc

517 3785 744 3842 quoque
767 3777 961 3824 contre
987 3768 1176 3821 hostes
1199 3767 1458 3820 Ecclesia
1479 3763 1778 3836 providam
1799 3761 2152 3832 condignum

516 3870 618 3933 est,
648 3869 709 3918 ut
734 3864 816 3918 eis
839 3864 1055 3918 nullam
1082 3860 1471 3916 calumniandi
1498 3857 1874 3924 occasionem,
1903 3856 2056 3928 quod
2084 3856 2154 3910 ad

514 3977 618 4016 nos
645 3959 865 4026 attinet,
900 3958 1129 4028 penitus
1155 3956 1566 4026 relinquamus,
1596 3969 1700 4007 nec
1731 3968 1985 4022 unquam
2013 3969 2150 4006 con-

513 4063 601 4110 tra
626 4054 880 4109 Nestoria
902 4069 1003 4107 nos
1025 4054 1126 4106 aut
1147 4049 1510 4104 Eutichianos
1530 4051 1767 4118 agentes
1787 4046 1932 4100 ateri
1953 4061 2152 4099 eorum

514 4150 814 4204 videamur
852 4151 1013 4217 terga
1033 4146 1282 4200 vertisse.
1335 4144 1446 4198 Sed
1483 4146 1753 4212 utrosque
1799 4139 2005 4196 Christi
2050 4140 2148 4192 ho-

515 4250 628 4298 stes
658 4258 823 4313 aqua
869 4241 1026 4294 lance
1063 4239 1308 4292 vitemus
1344 4242 1511 4308 atque
1551 4237 1910 4290 damnemus.
1958 4236 2042 4288 Ita
2092 4237 2152 4287 ut

517 4353 622 4392 nos
649 4337 872 4407 quoties
896 4333 1253 4388 audientium
1278 4330 1548 4403 qualibet
1568 4329 1750 4400 poscit
1770 4329 2002 4395 utilitas,
2023 4345 2150 4382 cum

515 4431 876 4503 dogmatibus
915 4444 1117 4484 eorum
1144 4425 1317 4497 digno
1344 4425 1705 4479 anathemate
1729 4421 2150 4494 promptissime

513 4531 684 4599 atque
738 4523 1160 4580 evidentissime
1211 4521 1504 4585 feriamus,
1554 4535 1624 4572 ne
1667 4518 1713 4572 si
1757 4534 1789 4571 a
1840 4517 2003 4571 nobis
2046 4518 2150 4570 hoc

2539 3388 2710 3442 XLIII.
2745 3419 2811 3427 ——
2843 3389 2932 3443 Ad
2958 3389 3240 3441 Iulianum
3271 3392 3589 3458 episcopum.

2327 3483 2435 3536 Lno
2461 3483 2688 3537 JULIANO
2722 3483 3006 3553 episcopo.

2324 3575 2793 3631 Christianissimi
2831 3576 3102 3647 principis
3132 3575 3307 3630 ﬁdem
3339 3592 3488 3647 sape
3527 3568 3814 3630 evidentissi-

2254 3670 2361 3723 mis
2403 3670 2766 3741 probavimus
2812 3670 3189 3736 documentis,
3238 3687 3303 3724 ac
3349 3670 3421 3724 de
3452 3674 3632 3724 nostro
3657 3662 3816 3736 gratias

2254 3780 2364 3834 ago
2386 3764 2484 3834 qui
2505 3765 2676 3818 talem
2697 3765 2962 3835 dignatus
2982 3771 3066 3818 est
3086 3765 3255 3818 rebus
3275 3765 3547 3820 humanis
3567 3758 3815 3817 concedet?

2255 3874 2357 3928 pro
2385 3876 2484 3912 sua
2509 3858 2721 3929 pietate
2750 3861 3054 3926 rectorem,
3084 3859 3179 3929 qui
3216 3859 3351 3914 ﬁdei
3382 3875 3572 3913 causas
3601 3863 3649 3910 et
3675 3852 3813 3922 reipu-

2253 3952 2414 4006 blica
2459 3968 2699 4006 summa
2741 3952 3051 4022 vigilantia
3097 3953 3288 4007 studio
3329 3957 3597 4017 tueretur,
3645 3943 3814 4002 hareti-

2253 4063 2446 4100 eorum
2486 4047 2717 4100 ausibus
2760 4063 2990 4116 semper
3031 4046 3329 4113 obsistens,
3393 4051 3450 4100 et
3496 4045 3626 4099 nihil
3667 4051 3814 4094 eorum

2255 4141 2491 4194 insania
2533 4141 2835 4195 adversum
2879 4141 3212 4195 catholicam
3245 4141 3420 4195 ﬁdem
3448 4141 3610 4195 licere
3632 4131 3814 4208 permil-

2255 4241 2396 4303 tens,
2427 4236 2587 4306 cujus
2617 4239 2745 4306 post
2768 4236 2945 4290 Deum
2977 4223 3265 4289 beneﬁciis
3296 4236 3405 4290 hoc
3433 4235 3675 4298 debetur,
3704 4222 3814 4298 quod

2254 4330 2796 4401 Hierosolymitanus
2830 4330 3127 4400 episcopus
3157 4335 3237 4384 est
3265 4337 3546 4400 receptus,
3576 4333 3626 4380 et
3661 4335 3811 4377 mona-

2252 4424 2388 4478 chos
2415 4440 2558 4494 quos
2596 4423 2836 4494 perﬁdia
2877 4424 3160 4478 haretica
3190 4424 3457 4478 falsitatis
3494 4421 3744 4476 invaserat
3767 4409 3814 4464 ad

2253 4517 2553 4572 sanitatem
2583 4523 2826 4589 augusta
2855 4518 3156 4573 auctoritas
3182 4519 3487 4573 revocavit.
3528 4518 3637 4572 Mox
3658 4513 3813 4579 itaque,

512 4623 667 4694 quod
692 4619 985 4675 obscurius
1011 4617 1133 4673 ﬁeri
1161 4615 1415 4670 videatur
1440 4619 1539 4668 aut
1563 4613 1778 4667 tardius
1807 4615 2042 4683 putetur
2066 4611 2148 4664 in-
2167 4638 2227 4710 Ι)
2253 4616 2311 4665 ut
2335 4612 2524 4682 accepi
2551 4612 2818 4682 epistolas
2835 4617 2960 4666 tuas
2991 4613 3118 4666 talia
3143 4612 3515 4679 continentes,
3545 4625 3651 4663 non
3673 4604 3812 4658 solum

513 4717 713 4770 vitum.
767 4714 929 4779 Quod
974 4711 1230 4785 quamvis
1283 4708 1644 4780 prudentiam
1702 4713 1860 4760 tuam
1898 4723 1986 4760 res
2030 4706 2149 4776 ipsa

513 4810 819 4864 admonere
850 4807 1112 4873 sufﬁciat,
1142 4821 1295 4858 nunc
1323 4807 1513 4857 tamen
1544 4807 1600 4855 et
1619 4801 2016 4872 experimenta
2045 4801 2146 4855 do-

514 4909 772 4958 cuerunt.
808 4901 920 4957 Sed
951 4899 1283 4955 benedictus
1312 4899 1456 4951 Deus
1489 4902 1682 4950 noster
1714 4895 1872 4966 cujus
1911 4895 2145 4949 invinci-

512 4998 636 5052 bilis
684 4998 884 5052 veritas
927 4996 997 5048 ab
1029 4995 1187 5048 omni
1216 4993 1500 5046 liareseos
1529 4991 1756 5045 macula
1784 4989 2066 5044 mundum
2091 4993 2147 5044 te

512 5091 826 5147 secundum
879 5089 1036 5145 Sedis
1083 5086 1406 5160 apostolica
1454 5085 1737 5156 judicium
1793 5083 2144 5152 monstravit,

511 5187 601 5242 cui
647 5187 879 5257 dignam
928 5183 1196 5238 retribuis
1232 5199 1335 5253 pro
1384 5183 1464 5234 tot
1490 5179 1778 5234 laboribus
1809 5178 2072 5248 gratiam,
2101 5177 2146 5230 si

513 5283 687 5337 talem
715 5287 768 5336 te
797 5279 1024 5351 qualem
1054 5277 1418 5349 probavimus
1440 5292 1504 5328 ac
1535 5273 1860 5344 probamus,
1885 5289 1987 5343 pro
2010 5272 2142 5326 uni-

512 5376 738 5431 versalis
780 5373 1040 5428 Ecclesia
1086 5371 1415 5426 defensione
1458 5367 1782 5422 servaveris.
1813 5367 1950 5420 Nam
1990 5365 2144 5436 quod

513 5470 658 5524 Deus
685 5469 942 5524 omnium
975 5464 1466 5521 calumniosorum
1488 5461 1742 5516 fallacias
1763 5460 1943 5529 solvit,
1972 5459 2147 5514 maxi-

510 5579 663 5617 mam
695 5561 1003 5617 beatissimi
1031 5560 1178 5615 Petri
1200 5574 1398 5613 curam
1426 5572 1528 5628 pro
1549 5555 1714 5610 nobis
1740 5554 1952 5609 cunctis
1971 5570 2148 5624 agno—

510 5658 737 5724 scimus,
757 5656 855 5726 qui
870 5655 1205 5726 priusquam
1227 5651 1378 5706 sedis
1398 5667 1512 5704 sua
1527 5649 1808 5720 judicium
1828 5649 1887 5703 in
1901 5648 2029 5703 ﬁdei
2053 5647 2146 5703 de-

512 5748 767 5803 ﬁnitione
794 5749 1063 5814 ﬁrmavit,
1093 5763 1199 5800 nec
1227 5745 1371 5799 circa
1397 5743 1734 5814 cujusquam
1761 5748 2012 5797 vestrum
2047 5742 2146 5814 qui

515 5839 805 5894 nobiscum
834 5857 941 5912 pro
971 5840 1246 5894 catholica
1271 5838 1400 5893 ﬁdei
1432 5835 1704 5891 laboratis
1730 5852 2033 5907 personam
2061 5852 2149 5891 re-

517 5929 756 6000 probum
801 5933 980 5986 videri
1019 5932 1302 6001 permisit,
1345 5931 1478 6003 quia
1520 5945 1621 5984 nec
1669 5932 1888 6000 poterat
1927 5929 2144 6002 Spiritu

2252 4705 2454 4759 eadem
2483 4705 2593 4774 die,
2623 4707 2721 4761 sed
2742 4723 2920 4778 prope
2947 4707 3146 4762 eadem
3170 4707 3260 4762 die
3287 4721 3611 4777 responsum
3633 4697 3814 4755 reddere

2251 4799 2549 4865 maturavi,
2606 4803 2671 4852 ut
2713 4801 2919 4855 certior
2968 4801 3038 4854 de
3086 4800 3356 4855 omnibus
3399 4817 3524 4871 qua
3571 4795 3813 4864 scripseras

2251 4893 2581 4948 reddideris.
2627 4895 2880 4949 Fratrem
2928 4895 3249 4950 Proterium
3290 4893 3668 4950 Alexandrina
3700 4881 3814 4939 urbis

2250 4990 2577 5058 episcopum
2607 4989 2864 5059 gratulor
2889 4990 3284 5044 satisfactionis
3312 4989 3508 5059 plenas
3536 4987 3601 5039 de
3624 4982 3718 5036 ﬁde
3738 4989 3811 5029 sua

2249 5083 2318 5136 ad
2367 5099 2468 5136 nos
2525 5083 2740 5138 litteras
2787 5082 3074 5148 direxisse,
3125 5089 3176 5138 et
3231 5084 3549 5146 manifeste,
3599 5075 3811 5148 quidnam

2253 5179 2442 5232 teneat
2474 5177 2769 5244 indicasse,
2809 5178 2898 5232 cui
2939 5194 3032 5232 me
3071 5179 3302 5249 dignam
3340 5177 3578 5248 gratiam
3608 5186 3695 5243 pro
3716 5162 3813 5219 ﬁdei

2248 5271 2422 5341 ipsius
2467 5271 2786 5326 sinceritate
2817 5289 3040 5326 necesse
3072 5277 3155 5327 est
3189 5278 3475 5343 prastare,
3508 5275 3564 5322 ut
3587 5268 3812 5320 honorem

2250 5365 2306 5417 in
2335 5365 2492 5419 nullo
2513 5382 2627 5419 sua
2650 5367 2850 5436 perdat
2869 5367 3138 5435 ecclesia,
3158 5367 3304 5421 sedis
3327 5382 3438 5419 sua
3465 5357 3728 5435 privilegia
3743 5364 3810 5423 Pa‘

2249 5462 2422 5513 terna
2451 5460 2805 5531 antiquitatis
2840 5461 3122 5532 exemplo,
3152 5461 3315 5532 juxta
3341 5472 3611 5514 canonum
3637 5449 3808 5506 illibata

2240 5553 2366 5624 jura
2390 5554 2689 5624 possideat,
2709 5555 2778 5609 de
2801 5555 3099 5626 prasentis
3120 5555 3256 5609 anni
3281 5553 3503 5618 Pascha,
3525 5548 3667 5604 nulla
3684 5535 3807 5596 dubi-

2248 5648 2384 5702 tatio
2416 5664 2538 5702 esse
2578 5648 2744 5702 nobis
2787 5649 2990 5721 potuit.
3031 5649 3142 5704 Sed
3181 5649 3250 5704 de
3287 5649 3473 5703 futuro
3508 5640 3650 5715 quod
3680 5630 3805 5690 θοὶνὶ-

2247 5757 2392 5810 mus,
2421 5741 2575 5812 quod
2597 5742 2941 5813 Theophilus
2961 5742 3356 5798 Alexandrina
3389 5739 3539 5793 urbis
3566 5734 3806 5806 episcopus

2245 5851 2396 5890 nono
2430 5835 2817 5891 Kalendarum
2836 5837 3118 5908 ,Maiarum
3147 5837 3261 5904 die,
3293 5834 3442 5908 quod
3469 5838 3730 5900 nunquam
3750 5818 3808 5872 ila

2246 5947 2276 5983 a
2300 5934 2558 6000 tempore
2595 5930 2898 5986 Dominica
2941 5930 3365 5986 resurrectionis
3394 5925 3712 5984 celebratum
3740 5914 3804 5966 est
