4026 6182
207 372 315 425 8'29

1447 382 1913 442 DECRETALIL'M
1950 383 2337 442 COLLECTIO.

3476 406 3577 459 830

208 484 454 539 credidit
487 485 906 544 ascribendum.
940 492 1102 547 Unde
1132 491 1426 551 sollicitius
1454 498 1719 569 congruit
1754 498 1841 552 in-
1866 512 1924 583 Α
1945 495 2107 563 sime,
2129 496 2189 550 in
2210 498 2367 553 nullo
2391 499 2563 554 debes
2589 500 2660 556 de
2687 508 2877 558 nostra
2903 503 3207 561 dilectione
3237 508 3500 567 dubitare
3531 515 3575 567 si

204 578 384 648 quiri,
410 583 471 633 ut
500 582 687 635 omnis
713 584 929 640 occasio
954 585 1185 642 tollatur
1212 590 1442 644 erroris.
1475 593 1617 646 Nam
1644 592 1703 646 in
1734 609 1841 646 no-

203 672 341 726 stris
366 674 667 731 annalibus
695 677 1087 735 Kalendarum
1115 682 1382 738 Maiarum
1416 685 1527 751 die,
1552 685 1842 756 aptissime

205 781 242 819 a
277 767 540 821 Patribus
570 772 776 826 nostris
818 778 872 828 et
903 775 1238 831 constitutus
1266 778 1478 848 legitur
1503 783 1561 832 et
1588 779 1839 834 celebra-

201 864 315 913 tus.
343 864 421 915 Ac
450 880 521 917 ne
548 866 635 919 vel
666 867 817 937 apud
847 885 971 935 nos,
1001 871 1088 924 vel
1117 872 1269 941 apud
1300 872 1599 926 orientales
1640 890 1839 929 nasca-

199 958 303 1008 tur
345 972 411 1009 ex
456 956 561 1012 hac
608 965 767 1029 parte
809 961 1121 1031 diversitas,
1153 965 1261 1019 hoc
1306 965 1605 1020 instantius
1648 971 1841 1024 nostro

202 1050 441 1104 nomine
495 1068 627 1106 cum
678 1053 1157 1113 Christianissimo
1212 1059 1471 1130 principe
1522 1077 1691 1131 agere
1743 1065 1839 1117 tua

200 1140 480 1212 dignetur
509 1145 754 1201 dilectio.
787 1149 1055 1213 Quamvis
1100 1157 1156 1205 et
1201 1152 1319 1224 ipse
1363 1155 1838 1211 clementissimus

200 1235 472 1308 princeps
520 1256 577 1294 se
622 1239 985 1312 inquisitione
1033 1245 1426 1301 sollicitissima
1461 1265 1660 1303 curam
1692 1250 1837 1305 hanc

198 1331 480 1402 .Egyptiis
516 1333 835 1406 delegasset
874 1338 990 1391 suis
1031 1339 1311 1411 episcopis
1344 1341 1613 1411 dignatus
1648 1345 1720 1397 sit
1745 1344 1833 1398 in-

194 1423 409 1479 dicare.
446 1427 755 1497 Epistolam
801 1447 934 1485 sane
978 1449 1167 1488 meam
1209 1434 1280 1488 ad
1319 1434 1837 1493 Chalcedonensem

194 1518 488 1587 synodum
540 1520 730 1577 datam
784 1526 1161 1595 praesentibus
1206 1528 1484 1599 episcOpis
1526 1534 1582 1584 et
1622 1531 1836 1586 clericis

195 1610 408 1665 lectam
454 1613 630 1668 fuisse
675 1618 786 1671 tuis
824 1618 1077 1689 epistolis
1107 1621 1388 1676 retulisse.
1418 1622 1531 1677 Sed
1554 1640 1736 1695 usque
1764 1626 1835 1681 ad

194 1703 343 1758 illud
372 1706 682 1777 capitulum
710 1727 822 1781 quo
858 1728 921 1771 ea
947 1730 1075 1784 quae
1105 1713 1175 1768 de
1200 1714 1314 1769 ﬁde
1344 1722 1468 1771 acta
1492 1723 1643 1787 sunt,
1673 1735 1834 1774 meus

192 1797 428 1853 videtur
447 1802 696 1858 ﬁrmasse
718 1820 1047 1862 consensus.
1074 1808 1232 1863 Unde
1252 1809 1491 1864 miratus
1510 1827 1657 1878 sum,
1678 1813 1830 1884 quod

1944 590 2237 660 prophetas
2262 593 2583 663 exemplum
2617 597 2872 666 sequaris
2904 601 2961 652 et
2985 599 3138 654 dicas
3162 618 3175 655 :
3203 624 3228 650 α
3252 603 3449 659 Nonne
3477 607 3575 678 qui

1920 736 1923 739 .
1947 684 1999 735 te
2027 683 2285 754 oderant,
2316 686 2573 755 Domine,
2604 687 2835 743 oderam
2864 690 3006 758 illos,
3038 697 3093 746 et
3117 710 3288 766 super
3317 696 3576 754 inimicos

1942 779 2067 829 tuos
2106 778 2500 833 tabescebam?
2538 800 2566 830 ι)
2608 781 2771 850 (Psal.
2804 799 3059 855 cxxxvm,
3097 788 3207 850 2t.)
3243 790 3349 843 Per
3383 794 3575 847 omnia

1942 869 2095 923 enim
2145 872 2271 926 volo
2323 876 2379 926 te
2427 889 2547 927 esse
2592 875 3001 947 certissimum,
3031 881 3179 951 quod
3210 882 3355 939 sicut
3384 901 3571 941 meam

1941 963 2375 1019 testimationem
2401 966 2640 1021 illaesam
2667 970 2834 1039 cupio
2862 988 3220 1043 permanere,
3251 976 3326 1031 ita
3356 983 3490 1050 opto
3519 986 3572 1034 te

1941 1073 2168 1129 quoque
2191 1058 2249 1113 in
2271 1060 2532 1137 omnibus
2562 1061 3119 1133 irreprehensibilem
3139 1070 3396 1139 reperiri.
3421 1074 3570 1128 Prte-

1940 1150 2124 1205 dictns
2152 1158 2343 1207 autem
2382 1160 2444 1208 ut
2482 1154 2554 1209 ab
2594 1157 2753 1210 omni
2782 1159 3097 1229 suspicione
3118 1165 3402 1219 contraria
3430 1165 3573 1222 liber

1936 1249 2227 1315 appareat,
2261 1247 2395 1319 quid
2428 1248 2485 1301 in
2527 1249 2803 1305 Eutichen
2832 1254 3275 1312 anathematizet
3304 1275 3367 1313 ac
3408 1259 3568 1315 dam-

1936 1342 2040 1392 net
2078 1340 2373 1395 evidenter
2411 1342 2692 1410 ostendat,
2728 1348 2785 1398 et
2811 1345 2870 1398 in
2900 1346 3325 1405 damnationem
3364 1355 3570 1409 erroris

1937 1434 2207 1504 expressi,
2244 1439 2471 1491 remota
2515 1437 2671 1491 omni
2716 1438 3074 1495 dubitatione
3116 1443 3453 1502 subscribat.
3488 1451 3568 1504 Ita

1937 1531 1999 1580 ut
2035 1528 2505 1584 Chalcedonensis
2536 1531 2775 1601 symboli
2806 1533 3198 1591 deﬁnitionem
3229 1537 3298 1593 de
3325 1539 3453 1610 ﬁde,
3479 1544 3567 1596 cui

1935 1620 2108 1674 etiam
2149 1621 2374 1676 dilectio
2401 1628 2499 1677 tua
2532 1625 2938 1681 subscribendo
2968 1632 3274 1700 consensit,
3307 1636 3363 1687 et
3396 1651 3565 1706 quam

1932 1714 2256 1785 apostolicae
2299 1716 2457 1771 Sedis
2505 1718 2749 1774 firmavit
2792 1723 3099 1777 auctoritas
3142 1726 3479 1796 proﬁteatur
3509 1748 3566 1785 se

1931 1824 2037 1879 per
2083 1809 2280 1863 omnia
2319 1815 2693 1882 servaturum,
2744 1814 2968 1885 adjecta
3016 1819 3387 1890 suscriptione
3426 1841 3563 1895 pro-

189 1892 417 1964 reliqua
441 1911 567 1965 quas
593 1901 781 1951 secuta
816 1899 1068 1967 fuerunt,
1097 1917 1215 1956 non
1242 1904 1453 1973 pariter
1479 1904 1537 1958 in
1565 1906 1820 1961 notitiam

1930 1901 2069 1972 prize
2125 1920 2362 1970 manus,
2410 1921 2537 1976 quae
2592 1906 2648 1960 in
2699 1908 2930 1963 ecclesia
2981 1910 3302 1968 Christiano
3352 1919 3562 1988 populo

190 2001 399 2041 eorum
428 1989 634 2059 quibus
671 1995 802 2046 sunt
838 1993 985 2048 lecta
1012 1995 1237 2066 prolata
1261 1996 1393 2062 sint,
1422 2014 1553 2052 cum
1584 2000 1829 2055 maxime

190 2080 468 2135 omnibus
511 2082 861 2140 innotescere
909 2086 1211 2158 debuisset,
1240 2090 1565 2161 improbum
1601 2109 1634 2146 a
1666 2094 1828 2149 nobis

186 2173 476 2229 ambitum
516 2180 773 2233 notatum
815 2180 1001 2248 fuisse,
1051 2184 1108 2236 et
1152 2182 1311 2237 novis
1359 2186 1828 2256 usurpationibus

184 2267 519 2336 constituta,
554 2270 846 2341 inviolata,
888 2280 949 2329 ut
992 2291 1217 2347 semper
1262 2276 1609 2349 scripsimus,
1643 2297 1826 2337 serva-

184 2364 416 2417 rentur.
451 2364 515 2418 Et
560 2365 687 2435 jam
738 2368 1135 2439 presbyterum
1188 2387 1361 2441 quem
1412 2374 1614 2428 asseris
1656 2375 1825 2431 fuisse

181 2454 509 2511 discussum
538 2460 894 2529 gratulamur
914 2464 1236 2533 cognitione
1258 2465 1452 2520 habita
1473 2466 1533 2521 in
1562 2470 1827 2525 omnibus

178 2547 367 2603 fuisse
407 2557 733 2623 purgatum.
776 2555 1083 2626 Epistolam
1114 2575 1342 2630 quoque
1373 2560 1445 2614 ad
1473 2561 1827 2617 Christianis-

176 2642 406 2698 simum
428 2646 743 2719 principem
769 2651 993 2704 noveris
1018 2668 1112 2706 me
1141 2653 1357 2709 misisse
1382 2654 1440 2709 in
1462 2672 1573 2726 qua
1595 2656 1674 2711 illi
1703 2674 1825 2727 gra-

176 2737 293 2790 tias
321 2739 435 2808 egi,
468 2740 599 2812 quia
628 2758 821 2797 curam
855 2744 999 2799 mihi
1024 2762 1184 2801 suam
1212 2750 1328 2802 tam
1358 2765 1463 2819 pro
1492 2749 1624 2804 ﬁdei
1656 2768 1823 2806 causa

174 2848 363 2902 quam
385 2850 486 2904 pro
501 2836 801 2891 securitate
821 2839 1148 2910 reipublicae
1167 2841 1433 2912 dignatus
1454 2847 1537 2897 est
1556 2843 1818 2901 indicare.

174 2925 375 2980 Aliam
405 2943 631 2999 quoque
670 2930 743 2985 ad
780 2949 882 2985 nos
920 2933 1219 3004 epistolam
1245 2936 1399 2991 dedit
1436 2937 1822 2995 interveniens

172 3036 293 3090 pro
343 3023 601 3078 Anatolio
652 3024 937 3097 episcopo,
967 3032 1031 3081 ut
1070 3029 1251 3082 nostri
1295 3030 1375 3084 illi
1423 3032 1600 3086 animi
1644 3034 1822 3104 gratia

173 3113 531 3183 praebeatur,
549 3118 818 3188 quoniam
845 3122 1261 3177 correctionem
1286 3124 1407 3195 ejus
1437 3127 1735 3196 permittit,
1767 3133 1822 3183 et

176 3207 243 3259 in
289 3208 556 3264 omnibus
600 3212 1024 3269 satisfacturum
1062 3232 1185 3270 esse
1211 3233 1340 3287 quae
1366 3219 1436 3272 ad
1460 3219 1593 3275 ﬁdei
1623 3221 1816 3276 obser-

171 3300 439 3356 vantiam
467 3305 847 3374 pertinentur,
878 3309 1131 3379 pollicet.
1174 3311 1311 3366 Data
1340 3312 1543 3383 quinto
1570 3314 1701 3369 ldus
1725 3317 1815 3370 .Ia-

173 3395 397 3463 nuarii,
429 3397 549 3451 Etio
584 3402 640 3453 et
664 3399 857 3456 Studio
887 3403 1022 3457 viris
1048 3405 1374 3460 clarissimis
1400 3408 1743 3464 consulibus.

170 3511 360 3566 XLIV.
403 3543 469 3552 —
502 3515 594 3569 Ad
645 3518 965 3594 Anatolium
1019 3524 1325 3591 episcopum
1369 3540 1473 3594 per
1526 3528 1819 3583 Patricium

748 3588 1031 3646 diaconum
1040 3588 1245 3649 vnisse.

254 3676 437 3732 Lectis
463 3678 780 3735 dilectionis
810 3686 920 3738 tua;
960 3685 1160 3741 litteris
1199 3705 1337 3759 quas
1378 3706 1477 3759 per
1503 3689 1685 3745 ﬁlium
1713 3708 1814 3747 no-

165 3774 369 3825 strum
414 3772 714 3829 Patricium
757 3777 1059 3833 diaconum
1103 3780 1379 3848 direxisti,
1419 3782 1671 3839 intellexi
1717 3786 1819 3840 tibi

166 3864 437 3920 studium
458 3883 602 3922 meae
622 3869 1010 3927 sollicitudinis
1031 3873 1353 3945 displicere,
1369 3893 1479 3947 qua
1502 3878 1817 3934 secundum

166 3958 539 4015 Dominicam
565 3963 925 4032 charitatem,
957 3984 1132 4038 quam
1173 3968 1275 4023 tibi
1307 3987 1339 4024 a
1372 3970 1534 4025 nobis
1561 3971 1816 4043 impendi

165 4053 594 4124 experimentis
636 4057 895 4127 plurimis
938 4061 1284 4132 approbasti,
1320 4064 1388 4120 de
1426 4066 1689 4121 cavendis
1728 4066 1817 4122 his

165 4144 278 4218 qui
314 4149 639 4203 communis
668 4150 803 4206 ﬁdei
839 4154 1143 4209 adversarii
1173 4156 1501 4213 dicerentur
1523 4160 1813 4229 admonui,

164 4255 250 4294 ne
279 4238 355 4293 ad
385 4239 794 4314 negligentiam
821 4247 1059 4303 rectoris
1086 4249 1415 4317 referretur,
1439 4252 1486 4305 si
1509 4252 1811 4323 quisquam

170 4332 239 4387 in
270 4332 522 4388 Ecclesia
550 4336 828 4393 catholica
857 4356 924 4395 ea
954 4341 1262 4412 praedicare
1289 4349 1660 4414 praesumeret
1688 4363 1815 4417 qua;

167 4426 582 4483 hereticorum
615 4431 871 4487 sensibus
898 4436 1285 4492 convenirent.
1307 4437 1467 4501 Quod
1492 4442 1685 4494 utrum
1715 4457 1811 4494 ve-

169 4519 392 4574 raciter
417 4521 573 4577 fama
601 4523 848 4594 jactaret
889 4526 1209 4584 dilectionis
1247 4534 1359 4585 tuae
1404 4530 1813 4604 inquirendum

1840 3261 1895 3336 C

1931 2002 2209 2066 praesente
2235 1998 2527 2068 recitetur,
2560 2003 2622 2053 ut
2647 2017 2752 2072 pro
2780 2002 3055 2057 catholica
3082 2004 3216 2071 ﬁde,
3245 2023 3433 2079 neque
3457 2028 3562 2067 nos

1933 2089 2310 2161 negligentes,
2346 2109 2530 2163 neque
2561 2093 2686 2165 ipsa
2716 2095 2921 2151 umbra
2945 2103 3235 2169 suspectus
3261 2102 3557 2160 habeatur.

1928 2182 2034 2246 Qui
2077 2184 2121 2237 si
2167 2184 2226 2238 in
2267 2185 2469 2240 eadem
2495 2187 2767 2258 pravitate
2798 2190 3117 2260 perdurans
3148 2198 3447 2268 praeceptis
3473 2217 3557 2255 sa-

1930 2270 2185 2327 lubribus
2208 2290 2409 2344 parere
2441 2276 2710 2344 noluerit,
2741 2282 3083 2336 sententiam
3114 2286 3309 2355 synodi
3337 2289 3562 2345 Chalce-

1927 2364 2212 2435 donensis,
2241 2367 2402 2438 cujus
2425 2368 2851 2427 deﬁnitionibus
2870 2375 3121 2444 resultat,
3143 2379 3399 2451 recipiet.
3422 2384 3559 2438 Data

1926 2459 2377 2530 quintodecimo
2424 2464 2705 2519 Kalendas
2748 2467 2985 2537 Aprilis,
3028 2470 3207 2540 gloria
3254 2474 3557 2545 Majoriano

1924 2556 2200 2623 Augusto,
2241 2556 2496 2612 consule.
3562 2570 3571 2575 ’

2410 2651 2559 2705 XLV.
2589 2682 2657 2691 —
2682 2653 2775 2708 Ad
2806 2656 3063 2712 eumdem.

1999 2742 2106 2797 lino
2133 2743 2433 2815 episcopus
2464 2748 2739 2800 ANATOLIO
2768 2748 3055 2822 episcopo.

1996 2836 2050 2891 Si
2092 2835 2258 2891 ﬁrmo
2286 2838 2861 2911 incommutabilique
2893 2848 3185 2917 proposito
3212 2848 3433 2908 dilectio
3461 2859 3557 2911 tua

1925 2946 2120 2984 curam
2171 2932 2387 3001 gratiae
2421 2935 2740 2988 communis
2779 2936 3089 3009 habuisset,
3122 2942 3263 2997 nihil
3300 2947 3555 3016 profecto

1925 3025 2075 3094 quod
2128 3025 2299 3079 ullam
2351 3028 2695 3083 anxietatem
2744 3031 2843 3086 tibi
2884 3032 3192 3105 ingereret,
3236 3040 3551 3097 exstitisset.

1920 3118 2044 3172 Non
2072 3118 2225 3173 enim
2264 3120 2482 3175 sinebat
2524 3123 2688 3189 ratio,
2715 3131 2775 3180 ut
2809 3126 2930 3197 ejus
2962 3128 3295 3186 charitatem
3318 3151 3551 3205 sperne-

1921 3228 2046 3266 rem
2077 3230 2247 3285 quam
2286 3231 2481 3269 amore
2508 3217 2660 3286 pacis
2689 3222 2747 3272 et
2775 3220 2960 3275 studio
3001 3226 3326 3293 reparandae
3358 3230 3551 3301 catho-

1922 3306 2042 3361 licae
2062 3308 2194 3362 fidei
2224 3308 2373 3362 inter
2395 3308 2515 3379 ipsa
2537 3311 2892 3382 episcopatus
2913 3315 3234 3372 rudimenta
3256 3319 3548 3393 juvissem,

1922 3400 2150 3455 obstans
2179 3402 2236 3455 in
2266 3403 2652 3458 ecclesiasticis
2687 3407 2834 3460 curis
2868 3409 3040 3463 talem
3077 3410 3288 3468 habere
3318 3432 3549 3471 consor-

1922 3499 2057 3559 tem,
2073 3499 2137 3549 ut
2152 3495 2290 3549 mihi
2312 3497 2379 3550 de
2397 3497 2606 3551 sanctis
2630 3501 3078 3570 praecursoribus
3106 3505 3235 3574 tuis,
3256 3524 3360 3562 nec
3379 3509 3546 3564 Joan-

1923 3588 2007 3642 nis
2028 3589 2329 3660 specialem
2352 3590 2753 3664 copiosamque
2784 3594 3128 3664 doctrinam,
3160 3615 3265 3655 nec
3298 3604 3549 3658 auctori-

1919 3686 2096 3737 tatem
2121 3685 2305 3753 Attici,
2331 3701 2432 3739 ncc
2462 3685 2804 3743 industriam
2834 3690 3036 3758 Procli,
3061 3709 3167 3747 nec
3199 3694 3372 3751 ﬁdem
3400 3698 3549 3755 beati

1920 3776 2161 3830 Flaviani
2197 3777 2392 3833 deesse
2422 3780 2716 3849 sentirem,
2749 3787 2807 3837 et
2850 3784 2929 3838 ita
2973 3786 3173 3841 studiis
3198 3789 3309 3843 tuis
3333 3796 3547 3861 uterer,

1918 3874 1982 3924 ut
2022 3871 2213 3924 nullus
2264 3872 2501 3927 auderet
2531 3876 2614 3928 vel
2655 3875 2785 3930 ﬁdei
2820 3878 3107 3933 catholicae
3134 3883 3428 3954 resultare,
3460 3887 3548 3941 vel

1916 3962 2156 4018 Nicaenis
2176 3966 2587 4022 venerabilium
2609 3969 2836 4024 Patrum
2860 3972 3071 4042 regulis
3097 3975 3400 4033 contraire.
3433 3980 3546 4036 Sed

1918 4074 2047 4111 cum
2074 4058 2133 4111 in
2162 4058 2434 4129 injuriam
2462 4078 2766 4132 canonum,
2795 4067 2858 4118 ut
2888 4068 3169 4137 agnoscis,
3206 4068 3302 4125 illa
3328 4074 3548 4131 tentata

1917 4157 2048 4207 sunt
2096 4169 2222 4224 quae
2276 4154 2539 4209 omnibus
2582 4157 2827 4212 ecclesiis
2859 4160 3187 4216 scandalum
3222 4166 3545 4225 maximum

1918 4250 2279 4317 generarent,
2303 4247 2439 4318 quid
2460 4248 2647 4320 aptius
2675 4267 2739 4305 ac
2763 4252 3078 4309 modestius
3096 4256 3344 4314 facerem
3373 4279 3545 4335 quam

1915 4342 1980 4393 ut
2008 4345 2064 4395 te
2091 4340 2344 4413 primum
2373 4346 2434 4396 ut
2458 4343 2528 4397 ab
2555 4343 2663 4398 hac
2702 4343 3021 4403 intentione
3062 4350 3404 4425 discederes,
3439 4358 3546 4413 fras

1916 4436 2080 4488 terno
2115 4435 2307 4490 animo
2332 4435 2522 4491 missis
2560 4437 2765 4493 litteris
2812 4441 3236 4501 admonerem?
3279 4449 3362 4503 Ad
3403 4468 3544 4523 quas

1914 4542 2045 4580 cum
2075 4545 2191 4582 non
2223 4529 2580 4599 rescriberes,
2603 4532 2725 4603 ipse
2755 4550 2788 4586 a
2819 4536 3084 4606 colloquii
3112 4540 3224 4593 mei
3254 4546 3542 4599 consortio

157 4612 391 4683 judicio
437 4614 713 4688 delegavi.
761 4619 953 4692 Neque
1001 4622 1057 4676 in
1106 4622 1299 4695 aliquo
1345 4624 1621 4681 honorem
1648 4631 1808 4682 tuum

1924 4617 2104 4693 205
2138 4623 2427 4693 separasti.
2464 4624 2720 4695 Denique
2758 4626 2893 4680 inde
2935 4628 3055 4698 jam
3103 4633 3269 4701 tacui,
3300 4634 3399 4690 sed
3428 4639 3541 4692 cle-

165 4706 315 4773 laesi,
350 4708 440 4762 cui
492 4710 843 4767 discutienda
889 4732 954 4769 ea
996 4733 1120 4788 qum
1166 4718 1235 4772 ad
1280 4736 1372 4774 me
1413 4724 1574 4774 erant
1598 4723 1815 4792 perlata

166 4802 457 4870 commisi,
490 4806 555 4857 ut
599 4806 810 4861 scilicet
847 4810 1063 4864 Atticus
1115 4812 1426 4883 presbyter,
1468 4831 1640 4885 quem
1681 4816 1813 4869 talia

166 4893 390 4949 audere
440 4912 840 4970 cognoveram,
875 4902 982 4956 nisi
1028 4904 1282 4975 perfecta
1321 4923 1380 4960 se
1429 4906 1811 4964 satisfactione

168 4992 495 5059 purgasset,
536 4996 592 5047 et
620 5010 733 5047 non
767 4996 950 5050 solum
983 5014 1116 5052 voce
1145 4998 1458 5068 haereticos,
1501 5001 1601 5055 sed
1638 5003 1811 5058 etiam

170 5080 428 5151 propriae
454 5099 661 5139 manus
692 5087 1108 5161 subscriptione
1137 5091 1481 5161 damnasset,
1503 5111 1535 5149 a
1559 5112 1812 5152 commu-

169 5173 367 5229 nionis
416 5178 599 5245 gratia
648 5184 798 5235 esset
847 5182 1084 5240 alienus.
1133 5186 1240 5251 Qui
1282 5187 1487 5259 scripta
1528 5189 1809 5246 mittendo

169 5267 368 5323 dubita
400 5269 533 5325 ﬁdei
565 5277 623 5328 et
650 5275 1012 5344 professionis
1042 5279 1272 5335 incertas
1299 5282 1656 5338 conﬁrmavit
1684 5302 1805 5339 ma-

168 5362 261 5433 gis
298 5379 473 5434 quam
505 5363 670 5422 diluit
703 5369 984 5442 quidquid
1011 5373 1081 5428 ad
1108 5391 1210 5429 nos
1234 5375 1302 5430 de
1332 5393 1400 5431 eo
1428 5376 1579 5431 fama
1609 5382 1805 5449 pertu-

168 5456 341 5511 lerat.
378 5458 522 5513 Cum
572 5461 617 5515 si
660 5463 1065 5522 conscientiam
1088 5486 1247 5524 suam
1277 5470 1544 5525 voluisset
1569 5472 1808 5543 probare

169 5549 477 5620 sinceram,
491 5570 608 5609 non
628 5556 902 5613 Eutichen
922 5560 1027 5615 sibi
1045 5563 1303 5617 odiosum
1321 5563 1510 5632 fuisse,
1532 5567 1631 5620 sed
1654 5567 1808 5637 quod

169 5644 475 5713 perﬁdiam
506 5646 681 5719 ipsius
703 5654 1033 5723 reprobaret
1053 5659 1223 5728 atque
1246 5657 1569 5727 damnaret,
1594 5660 1804 5715 debue-

172 5742 262 5792 rat
291 5739 570 5811 conﬁteri,
601 5744 735 5816 quia
776 5746 928 5802 aliud
980 5755 1110 5805 sunt
1152 5749 1415 5806 humana:
1455 5752 1629 5807 etiam
1659 5753 1809 5808 inter

171 5832 486 5889 catholicos
534 5835 872 5909 simultates,
925 5840 1077 5898 aliud
1129 5843 1416 5913 diabolici,
1473 5863 1614 5918 quos
1668 5847 1807 5902 ﬁdes

171 5927 453 5984 catholica
498 5929 735 5989 damnat
777 5951 1014 5993 errores.
1069 5939 1135 5993 Et
1190 5938 1336 6011 ideo,
1380 5940 1553 5996 frater
1593 5941 1801 5996 charis-

1914 4715 2269 4770 mentissimo
2287 4715 2532 4788 principi
2545 4718 2765 4773 custodi
2776 4718 2910 4774 ﬁdei
2926 4720 3205 4793 frequenti
3221 4725 3540 4787 litterarum

1914 4809 2247 4881 petitionem
2286 4811 2563 4882 suggessi,
2589 4817 2650 4866 ut
2683 4829 2787 4884 pro
2810 4830 2948 4885 pace
2970 4818 3333 4877 ecclesiarum
3364 4842 3541 4897 quam

1916 4904 2014 4958 tibi
2062 4904 2305 4959 maxime
2346 4904 2613 4975 prodesse
2660 4909 2987 4979 cognoscis,
3015 4911 3139 4967 hinc
3172 4930 3300 4985 quae
3327 4934 3479 4976 nunc
3509 4940 3545 4977 a

1912 4998 2211 5052 dilectione
2261 4998 2409 5053 facta
2453 5003 2587 5053 sunt
2629 4999 3029 5073 implerentur.
3080 5007 3180 5062 Cui
3227 5009 3541 5069 ineffabiles

1914 5091 2124 5164 gratias
2168 5108 2299 5163 ago,
2337 5092 2491 5163 quod
2540 5096 2849 5151 secundum
2884 5099 3266 5157 eruditionem
3298 5106 3540 5177 Spiritus

1911 5183 2107 5248 sancti,
2130 5182 2291 5253 cujus
2332 5186 2417 5236 est
2454 5183 2659 5238 virtute
2700 5186 3065 5256 plenissimus
3094 5194 3422 5250 sacerdotali
3454 5198 3535 5251 di-

1912 5281 2119 5348 gnatur
2166 5277 2391 5331 studere
2442 5278 2797 5347 concordiae,
2860 5282 3043 5337 sciens
3097 5285 3200 5339 sibi
3258 5290 3538 5345 orationes

1909 5371 2351 5442 supplicantium
2378 5371 2663 5443 copiosius
2684 5375 3028 5446 profuturas,
3053 5378 3097 5432 si
3132 5379 3334 5435 famuli
3367 5384 3536 5439 unius

1910 5464 2133 5519 Domini
2181 5465 2239 5519 in
2284 5466 2440 5520 nullo
2485 5467 2599 5520 sint
2641 5483 2674 5521 a
2724 5485 2861 5523 vera
2904 5470 3056 5541 pacis
3102 5471 3315 5529 unitate
3351 5475 3532 5535 divisi.

1907 5559 2072 5623 Quod
2098 5575 2235 5630 ergo
2273 5559 2330 5613 in
2366 5561 2980 5634 Constantinopolitana
3003 5564 3243 5619 Ecclesia
3271 5569 3535 5639 quaedam

1909 5653 1965 5707 in
1996 5653 2197 5707 ofﬁciis
2233 5654 2568 5709 clericorum
2594 5660 2845 5711 correcta
2879 5654 3181 5726 signiﬁcas,
3216 5663 3281 5713 ut
3316 5666 3529 5720 etenim

1910 5747 2298 5817 presbyterum
2360 5749 2415 5802 in
2477 5749 2717 5823 gratiam
2781 5753 2939 5803 tuam
2993 5749 3533 5831 aﬁ‘ectationemque

1908 5841 2275 5909 revocaveris,
2291 5842 2639 5897 etAndream
2662 5841 3048 5898 archidiaconi
3069 5845 3287 5903 actione
3310 5852 3534 5909 submo-

1908 5935 2074 6004 veris,
2104 5935 2266 5990 nobis
2312 5935 2586 6007 placuisse
2632 5934 2901 6005 rescribo,
2930 5936 3064 6009 quia
3102 5941 3533 6008 aestimationem
