4026 6182
539 343 635 395 831

1418 333 1704 393 ΑΡΡΕΝῙ).
1747 337 1836 394 AD
1875 337 2038 392 SIEC.
2080 336 2167 392 IX.
2196 365 2265 376 -—-
2303 330 2540 392 ISIDOPJ
2578 332 3004 393 MEBCATORIS
3726 349 3799 398 8'3?

547 454 718 514 tuam,
751 453 810 502 ut
835 447 1128 518 optabam,
1147 445 1464 518 plurimum
1494 447 1665 518 erigit
1688 453 1856 519 atque
1884 463 2172 502 commen-
2194 459 2248 531 Α
2274 446 2498 500 sinebat
2525 446 2690 513 ratio,
2721 451 2783 499 ut
2808 446 2906 516 qui
2934 444 3212 499 unitatem
3246 444 3514 500 catholica:
3549 445 3659 500 fidei
3687 449 3802 504 dole-

541 542 656 609 dat,
679 547 735 596 et
771 540 977 595 merito
1015 546 1141 612 post
1164 541 1579 595 correctionem
1608 540 1668 594 in
1699 541 2042 596 oblivionem
2073 541 2170 595 de-

542 633 843 689 deducitur
871 633 1028 705 quod
1053 634 1483 706 reprehensioni
1511 634 1819 689 obnoxium
1851 634 2171 700 videbatur,

540 744 672 782 cum
704 727 1107 782 hiereticorum
1139 728 1503 799 provectione
1544 732 1601 782 et
1640 733 1846 783 sanctae
1876 728 2173 782 memoria:

544 821 794 875 Flaviani
812 822 1021 892 injuria
1043 822 1367 892 gravaveris
1399 839 1526 893 quae
1556 839 1711 876 nunc
1733 822 1903 876 simul
1923 822 1992 876 ab
2016 821 2173 876 omni

545 915 861 970 offensione
891 933 1022 970 cum
1049 915 1151 983 tui,
1191 919 1254 969 ut
1291 915 1464 982 volui,
1506 916 1672 970 laude
1699 920 2012 982 cessarunt,
2041 914 2175 985 quia

545 1009 602 1063 in
631 1010 892 1064 ordinem
939 1027 1106 1064 suum
1155 1026 1284 1081 qua:
1325 1010 1553 1064 fuerant
1595 1009 1820 1064 turbata
1855 1009 2170 1064 redierunt.

544 1103 829 1158 Andream
879 1120 1012 1158 sane
1059 1103 1157 1174 qui
1199 1103 1616 1157 rationabiliter
1660 1102 2047 1157 archidiaconi
2094 1108 2175 1157 est

544 1197 794 1269 privatus
839 1197 1045 1265 ofﬁcio,
1079 1200 1137 1250 et
1167 1197 1456 1251 Eufratem
1497 1197 1593 1267 qui
1640 1201 1846 1250 sanctae
1875 1196 2173 1250 memoriae

546 1290 814 1357 Flaviani,
863 1293 928 1344 ut
965 1290 1240 1361 comperi,
1268 1289 1564 1361 improbus
1609 1289 1816 1344 exstitit
1858 1292 2171 1356 accusat-or,

545 1384 590 1438 si
610 1383 1060 1455 professionibus
1084 1383 1415 1456 plenissime
1437 1383 1682 1454 scriptis,
1700 1399 1818 1438 non
1846 1383 2034 1437 minus
2063 1385 2171 1437 Eu—

545 1478 858 1532 tichianam
891 1477 1154 1532 haeresim
1193 1495 1368 1550 quam
1407 1476 1807 1532 Nestorianum
1835 1476 2174 1531 exsecrabile

547 1572 754 1642 dogma
781 1573 1187 1639 condemnant,
1218 1571 1490 1643 quoniam
1522 1571 1680 1625 venia
1727 1575 1810 1624 est
1852 1569 2174 1642 praestanda

547 1666 834 1732 correctis,
850 1666 1210 1737 presbyteros
1236 1665 1697 1732 consecrabis,ut
1724 1664 1830 1719 sibi
1855 1664 2174 1719 remedium

546 1760 841 1814 catholicae
885 1759 1020 1814 ﬁdei
1066 1759 1310 1814 sentiant
1353 1759 1652 1830 profuisse,
1696 1759 1872 1814 electo
1914 1757 2178 1828 primitus

2273 542 2410 595 bant
2425 540 2494 594 ab
2515 540 2796 594 haereticis
2817 540 2987 594 fuisse
3010 539 3296 594 turbatam
3326 555 3431 593 non
3459 540 3748 596 exsultanter
3766 544 3806 597 in

2274 634 2562 703 integrum
2591 633 2826 688 rediisse
2859 633 3190 704 gauderem.
3223 633 3328 686 Hoc
3356 638 3530 687 autem
3553 651 3649 688 non
3673 635 3808 689 solum

2274 728 2342 781 ab
2374 728 2494 798 ipso
2519 727 2864 782 beatissima:
2909 725 3278 781 confessionis
3324 725 3529 794 effectu,
3563 727 3649 781 sed
3683 730 3809 783 etiam

2275 839 2344 876 ex
2369 822 2620 892 epistolis
2648 822 2789 875 meis
2805 838 2942 893 quas
2962 825 3087 892 post
3109 820 3352 875 reditum
3371 837 3610 874 meorum
3632 821 3690 875 ad
3705 823 3810 876 Con-

2275 915 2792 986 stantinopolitanae
2837 915 2996 969 urbis
3040 914 3350 969 antistitem
3392 914 3530 983 dedi,
3567 915 3813 985 potuissetis

2275 1026 2605 1080 agnoscere,
2638 1008 2681 1062 si
2727 1008 2880 1062 vobis
2921 1008 3352 1079 responsionem
3395 1008 3529 1062 sedis
3562 1009 3811 1078 apostolica

2276 1103 2639 1157 manifestare
2669 1102 2948 1156 voluisset.
2977 1103 3054 1156 Ne
3105 1118 3243 1171 ergo
3292 1118 3390 1172 per
3423 1101 3674 1172 malignos
3690 1102 3812 1156 inter-

2275 1202 2460 1267 pretcs
2503 1196 2814 1250 dubitabile
2864 1195 3137 1263 videatur,
3180 1201 3372 1249 utrum
3409 1211 3529 1265 quae.
3568 1195 3619 1248 in
3657 1195 3814 1266 synodo

2274 1290 2724 1346 Chalcedonensi
2752 1307 2856 1360 per
2885 1289 3162 1344 unitatem
3197 1293 3436 1344 vestram
3456 1288 3521 1342 de
3544 1287 3643 1342 fide
3666 1291 3815 1341 statuti

2276 1390 2426 1453 sunt,
2459 1384 2793 1455 approbem.
2827 1385 2938 1437 Hoc
2968 1383 3038 1436 ad
3070 1399 3275 1437 omnes
3311 1384 3504 1437 fratres
3529 1386 3579 1435 et
3600 1382 3813 1452 coepisco-

2275 1495 2378 1550 pos
2439 1481 2663 1531 nostros
2731 1477 2824 1547 qui
2884 1476 3157 1548 praedicto
3209 1476 3440 1531 concilio
3499 1475 3816 1534 interfuerunt.

2277 1571 2486 1642 scripta
2511 1571 2714 1636 direxi,
2733 1587 2860 1642 quae
2892 1570 3333 1640 gloriosissimus
3354 1573 3410 1624 et
3429 1569 3818 1623 clementissimus

2278 1666 2563 1736 princeps,
2580 1664 2721 1718 sicut
2743 1663 2994 1735 poposci,
3020 1664 3076 1718 in
3109 1663 3378 1718 notitiam
3405 1666 3631 1717 vestram
3655 1663 3818 1716 mittere

2277 1775 2381 1830 pro
2408 1758 2701 1812 catholica:
2726 1757 2859 1812 fidei
2886 1774 3078 1812 amore
3106 1757 3455 1828 dignabitur,
3481 1761 3535 1810 ut
3564 1761 3613 1810 et
3633 1757 3819 1809 fraterna

546 1859 604 1906 et
627 1854 860 1926 probato
881 1854 979 1925 qui
999 1853 1384 1907 archidiaconi
1418 1853 1674 1907 ofﬁcium
1708 1852 1884 1923 possit
1911 1852 2174 1923 implere,
2199 1843 2254 1914 B
2280 1852 2637 1918 universitas,
2668 1855 2726 1904 et
2769 1851 3025 1905 omnium
3075 1850 3331 1905 ﬁdelium
3371 1850 3533 1904 corda
3558 1855 3818 1920 cognoscant

547 1947 607 2000 id
644 1952 746 2015 est,
777 1965 948 2019 quem
985 1949 1138 2001 nulla
1180 1963 1436 2019 unquam
1477 1946 1947 2017 przedictatarum
1975 1945 2174 2017 impie-

545 2047 727 2095 tatum
771 2041 922 2095 fama
968 2041 1319 2112 resperserit.
1350 2041 1551 2096 Caeteri
1578 2057 1711 2095 vero
1745 2057 1890 2111 quos
1919 2056 2022 2111 par
2049 2057 2174 2094 rea-

549 2139 637 2189 tus
672 2135 1005 2201 involverat,
1037 2135 1081 2187 si
1107 2135 1334 2188 veniam
1363 2134 1528 2189 simili
1557 2133 1905 2204 professione
1933 2149 2062 2186 cum
2087 2149 2175 2186 sa-

549 2227 862 2281 tisfactione
897 2228 1231 2298 deposcunt,
1269 2227 1383 2280 suis
1429 2226 1723 2281 ordinibus
1769 2226 2176 2291 reformentur,

548 2321 637 2375 his
664 2327 886 2376 tantum
929 2322 997 2376 ad
1050 2321 1368 2376 officiorum
1412 2320 1722 2392 primatum
1753 2319 2015 2375 admissis
2040 2336 2178 2392 quos

551 2416 622 2470 ab
635 2415 792 2469 omni
807 2431 998 2470 errore
1014 2415 1220 2469 liberos
1243 2415 1414 2470 fuisse
1437 2413 1770 2469 constiterit.
1802 2413 1958 2468 lllam
1987 2417 2176 2468 autem

549 2511 773 2581 culpam
799 2526 976 2581 quam
997 2509 1065 2564 de
1082 2509 1341 2580 augenda
1379 2511 1662 2580 potestate
1702 2508 1909 2578 aliena,
1933 2511 1998 2562 ut
2025 2524 2175 2562 asse-

550 2603 646 2671 ris,
671 2604 1071 2658 adhortatione
1096 2609 1459 2659 contraxeras
1484 2602 1764 2657 efficacius
1795 2604 1966 2672 atque
1992 2601 2175 2655 since-

552 2698 666 2752 rius
697 2681 797 2752 tua
824 2697 1068 2752 charitas
1094 2697 1368 2763 diluisset,
1408 2697 1454 2750 si
1498 2696 1650 2768 quod
1695 2695 1902 2750 tentari
1937 2695 2058 2750 sine
2082 2700 2181 2750 tua

551 2792 841 2846 voluntate
855 2808 972 2846 non
990 2791 1193 2862 potuit,
1214 2808 1327 2844 non
1351 2790 1423 2844 ad
1450 2806 1553 2844 sua
1585 2788 1916 2843 clericorum
1947 2788 2181 2843 consilia

550 2885 952 2952 transtulisses,
993 2884 1127 2956 quia
1159 2884 1303 2938 sicut
1327 2883 1385 2936 in
1413 2883 1568 2936 mala
1600 2881 1858 2961 suasione
1893 2881 2178 2952 delinqui—

554 2985 667 3047 tur,
695 2979 771 3031 ita
813 2981 870 3032 et
908 2978 967 3031 in
1011 2978 1162 3032 mala
1192 2976 1561 3032 consensione
1590 2979 1871 3046 peccatur.
1906 2975 2020 3030 Sed
2051 2992 2178 3046 gra-

554 3078 676 3126 tum
709 3071 873 3138 mihi,
903 3071 1077 3126 frater
1103 3070 1457 3136 charissime,
1489 3073 1591 3138 est,
1625 3069 1772 3140 quod
1819 3068 2045 3124 dilectio
2084 3071 2183 3122 tua

552 3165 855 3237 proﬁtetur
898 3165 1002 3218 sibi
1051 3164 1363 3235 displicere,
1393 3163 1547 3235 quod
1584 3169 1716 3217 tunc
1753 3163 1927 3217 etiam
1958 3163 2184 3234 placere

553 3215 845 3237 I'_"'_"""
898 3215 1002 3218 ’“’”“
1057 3215 1363 3235 ”““ι”“’--νγ
1400 3215 1545 3235 Ὶ“““““
1592 3215 1711 3217 """
1763 3215 1923 3217 "’"’"
1959 3215 2177 3234 l"“"'

553 3276 668 3314 non
698 3258 913 3314 debuit.
945 3258 1163 3313 Sufﬁcit
1196 3258 1254 3312 in
1285 3257 1482 3328 gratia:
1506 3257 1833 3312 communis
1859 3273 2183 3327 regressum
2204 3215 2259 3290 Ε

550 3354 823 3426 professio
874 3351 1192 3407 dilectionis
1249 3357 1397 3419 tum,
1447 3357 1503 3406 et
1564 3351 1849 3405 attestatio
1914 3350 2184 3421 principis

552 3447 881 3514 Christiani,
930 3463 1001 3501 ne
1048 3446 1139 3500 cui
1189 3446 1357 3500 detur
1399 3445 1567 3499 tarda
1609 3444 1905 3512 correctio,
1939 3444 2030 3497 cui
2067 3447 2181 3496 tam

553 3541 894 3596 venerabilis
925 3546 1172 3596 assertor
1197 3539 1448 3593 accessit.
1485 3538 1798 3610 Abjiciatur
1831 3537 2058 3609 penitus
2093 3537 2179 3590 in-

554 3635 798 3690 concessi
836 3634 982 3706 juris
1029 3634 1129 3705 qui
1179 3631 1587 3688 dissensionem
1630 3633 1842 3686 fecerat
1879 3631 2179 3703 appetitus.

555 3729 852 3785 Sufﬁciant
877 3727 1086 3783 limites
1112 3743 1256 3799 quos
1277 3731 1603 3781 sanctorum
1619 3727 1852 3779 Patrum
1875 3724 2181 3797 providen-

555 3822 770 3877 tissime
790 3822 1013 3878 decreta
1041 3824 1376 3892 posuerunt,
1406 3822 1469 3873 ut
1497 3819 1686 3890 quieta
1722 3819 1793 3872 sit
1830 3817 1943 3872 suis
1969 3817 2185 3872 meritis

555 3922 610 3972 et
633 3917 882 3988 antiquis
909 3915 1216 3986 privilegiis
1246 3913 1493 3984 dignitas
1532 3912 1792 3966 omnium
1824 3911 2186 3966 sacerdotum

555 4016 876 4079 renovetur,
907 4013 963 4064 et
988 4011 1215 4063 maneat
1252 4007 1313 4060 in
1352 4013 1408 4062 te
1448 4006 1757 4060 Dominica:
1785 4005 2075 4060 charitatis
2101 4005 2181 4059 af-

556 4105 745 4171 fectio,
778 4105 848 4159 ad
880 4120 1052 4174 quam
1083 4101 1446 4156 dilectionem
1489 4105 1650 4154 tuam
1685 4099 1893 4171 smpius
1917 4099 2183 4153 cohorta-

557 4205 646 4253 tus
687 4215 814 4251 sum
859 4213 990 4251 cum
1036 4197 1209 4250 fratre
1255 4199 1311 4248 et
1352 4193 1686 4264 coepiscopo
1717 4198 1914 4247 nostro
1941 4191 2183 4259 Juliano,

557 4291 654 4362 qui
682 4306 1048 4344 communem
1077 4288 1318 4360 gratiam
1363 4303 1589 4358 semper
1636 4286 1867 4357 optavit,
1896 4285 2056 4356 cujus
2093 4285 2183 4339 in-

557 4384 770 4439 dustria
800 4389 856 4438 et
882 4382 1284 4437 sollicitudines
1324 4384 1437 4434 tuae
1483 4379 1906 4446 relevabuntur,
1944 4384 2000 4434 et
2048 4379 2187 4434 fides

557 4477 830 4533 catholica
862 4476 1174 4532 munietur.
1227 4475 1408 4545 Super
1457 4473 1652 4527 omnia
1694 4476 1884 4527 autem
1932 4472 2188 4527 fraterna

558 4573 827 4628 charitate
871 4572 1070 4626 hortor
1121 4573 1177 4624 et
1218 4585 1448 4635 moneo,
1479 4572 1541 4622 ut
1587 4583 1651 4620 ea
1690 4583 1816 4637 qua:
1844 4566 1917 4620 ad
1948 4566 2266 4661 gloriamD

556 4669 645 4722 vel
679 4667 752 4722 ad
790 4665 1095 4721 munimen
1135 4663 1428 4735 pertinent
1473 4660 1838 4715 sacerdotalis
1882 4659 2053 4714 officii
2092 4660 2184 4714 Ni-

560 4777 849 4816 caanorum
879 4773 1160 4813 canonum
1197 4754 1524 4810 universalis
1551 4755 1812 4809 Ecclesiae
1840 4769 2038 4825 pacem
2069 4769 2185 4807 ser-

560 4855 748 4909 vantia
773 4855 1003 4908 decreta
1037 4850 1338 4905 custodias.
1369 4849 1456 4904 Sic
1488 4848 1640 4903 enim
1669 4849 1818 4903 inter
1842 4847 2065 4902 Domini
2096 4864 2186 4901 sa-

559 4950 813 5004 cerdotes
860 4945 1126 5001 inviolata
1173 4944 1425 4999 charitas
1474 4942 1852 5014 permanebit,
1887 4942 1932 4996 si
1963 4941 2190 5013 paribus

559 5043 761 5098 studiis
789 5059 917 5114 quae
946 5044 1079 5095 sunt
1120 5057 1150 5094 a
1191 5039 1397 5093 sanctis
1427 5037 1688 5092 Patribus
1715 5035 2039 5104 constituta,
2069 5052 2187 5090 ser-

559 5143 780 5193 ventur.
814 5139 949 5190 l_)ata
994 5137 1199 5206 quarto
1243 5132 1530 5186 Kalendas
1558 5130 1732 5199 Junii,
1763 5130 1883 5184 Etio
1913 5134 1968 5184 et
1993 5127 2190 5185 Studio

559 5233 692 5286 viris
723 5229 1044 5286 clarissimis
1072 5227 1422 5283 consulibus.

560 5355 732 5410 XLVI.
761 5383 830 5394 —
860 5352 950 5409 Ad
987 5350 1298 5407 Iuvenalem
1329 5347 1878 5415 Hic-rosolymitanum
1906 5350 1956 5399 et
1980 5351 2192 5400 caeteros

630 5429 900 5497 episcopos
947 5426 1041 5493 qui
1078 5425 1136 5476 in
1176 5424 1366 5476 sancta
1391 5418 1592 5487 synodo
1621 5417 2038 5474 Chalcedonensi
2064 5432 2188 5470 con-

630 5499 840 5566 gregati
865 5498 1112 5562 fuerunt.

632 5610 875 5664 Omnem
908 5605 1142 5677 quidem
1168 5601 1585 5657 fraternitatem
1615 5605 1863 5655 vestram
1888 5615 2054 5654 nosse
2077 5617 2190 5655 non

562 5701 790 5772 ambigo
813 5698 1204 5754 definitionem
1237 5700 1447 5750 sanctae
1486 5694 1703 5764 synodi,
1734 5710 1864 5764 quae
1894 5694 1964 5748 ob
1993 5693 2194 5748 confir.

567 5796 876 5848 mationem
900 5791 1037 5845 ﬁdei
1064 5791 1121 5845 in
1150 5787 1599 5844 Chalcedonensi
1642 5786 1868 5841 civitate
1913 5787 2194 5843 celebrata

569 5889 671 5950 est,
713 5888 830 5938 toto
877 5883 1045 5939 corde
1093 5900 1183 5939 me
1223 5882 1394 5938 fuisse
1439 5881 1813 5952 complexum.
1857 5881 1998 5945 Quia
2040 5882 2193 5936 nulla

2280 1962 2371 2000 me
2401 1962 2513 1999 non
2548 1945 2729 1998 solum
2753 1962 2855 2016 per
2879 1945 3085 1998 fratres
3105 1945 3201 2016 qui
3230 1944 3414 1998 vicem
3439 1960 3612 1997 meam
3641 1941 3818 1996 exsecuti

2279 2045 2430 2106 sunt,
2467 2039 2564 2092 sed
2599 2038 2769 2092 etiam
2797 2055 2899 2109 per
2924 2038 3398 2110 approbationem
3427 2041 3686 2108 gestorum
3706 2051 3819 2105 syno-

2281 2133 2494 2187 dalium
2546 2132 2837 2204 propriam
2882 2132 3172 2186 vobiscum
3213 2132 3407 2186 iniisse
3457 2130 3744 2185 sententiam
3785 2129 3820 2180 in

2281 2227 2399 2281 sola
2425 2226 2686 2281 videlicet
2729 2225 2860 2280 fidei
2906 2242 3069 2280 causa
3100 2225 3250 2296 quod
3287 2242 3438 2296 saepe
3465 2223 3728 2279 dicendum
3753 2226 3822 2276 est.

2285 2325 2514 2391 propter
2560 2336 2732 2390 quam
2777 2320 3039 2390 generale
3085 2320 3386 2374 concilium
3425 2323 3479 2372 et
3524 2335 3584 2372 ex
3616 2321 3824 2388 przecepto

2281 2414 2730 2469 Christianorum
2755 2414 3097 2485 principum,
3122 2419 3177 2468 et
3199 2430 3269 2467 ex
3291 2428 3562 2467 consensu
3584 2409 3824 2482 apostolica

2280 2508 2440 2563 Sedis
2476 2508 2686 2578 placuit
2728 2507 3086 2578 congregari,
3115 2507 3405 2562 damnatis
3431 2505 3680 2561 haereticis
3703 2501 3826 2573 quisi

2282 2601 2518 2672 congrui
2559 2617 2678 2655 esse
2720 2601 3049 2670 voluissent,
3083 2601 3241 2654 nulla
3277 2601 3502 2672 penitus
3536 2597 3764 2652 resideret
3785 2594 3828 2648 de

2280 2712 2415 2749 vera
2441 2694 2662 2749 Domini
2694 2694 2872 2749 nostri
2908 2697 3037 2748 Jesu
3079 2694 3292 2749 Christi
3334 2693 3693 2748 incarnatione
3720 2687 3831 2741 dubi-

2280 2788 2443 2843 tatio.
2477 2789 2633 2842 Unde
2674 2789 2718 2841 si
2763 2787 2888 2859 quis
2929 2804 3180 2859 unquam
3219 2805 3395 2842 ausus
3422 2787 3582 2842 fuerit
3603 2785 3675 2838 vel
3696 2783 3832 2837 Nesto

2282 2882 2427 2937 riani
2479 2881 2780 2953 perfidiam
2827 2881 2992 2951 tueri,
3045 2883 3132 2935 vel
3188 2881 3496 2937 Eutichetis
3547 2897 3604 2934 ac
3651 2874 3831 2931 Dioscori

2282 2977 2525 3048 impium
2556 2976 2768 3047 dogma
2794 2975 3118 3046 defendere,
3154 2981 3210 3030 et
3249 2993 3284 3030 a
3325 2974 3698 3031 catholicorum
3723 2985 3830 3023 com~

2284 3069 2555 3124 munione
2585 3073 2889 3138 resecetur,
2922 3086 3025 3124 nec
3053 3069 3260 3124 habeat
3297 3070 3419 3140 ejus
3461 3067 3685 3139 corporis
3708 3061 3829 3134 parti-

2283 3164 2650 3235 cipationem,
2683 3163 2843 3234 cujus
2873 3163 3122 3234 abnegat
3147 3163 3468 3218 veritatem.
3497 3163 3571 3217 De
3595 3155 3834 3215 custodien-

2285 3257 2368 3311 dis
2407 3274 2634 3329 quoque
2677 3263 3006 3312 sanctorum
3046 3259 3279 3312 Patrum
3325 3257 3561 3322 statutis,
3585 3251 3834 3326 quaeinsy

2285 3351 2431 3406 nodo
2459 3351 2681 3404 Nicaana
2715 3350 3130 3405 inviolabilibus
3161 3356 3295 3405 sunt
3320 3350 3428 3405 ﬁxa
3454 3347 3670 3405 decretis
3696 3343 3831 3399 obser-

2285 3445 2537 3499 vantiam
2577 3450 2777 3499 vestrze
2813 3445 3126 3498 sanctitatis
3163 3445 3468 3511 admoneo,
3495 3447 3556 3497 ut
3577 3443 3688 3512 jura
3709 3435 3831 3492 eccle-

2285 3539 2498 3593 siarum
2529 3538 2672 3592 sicut
2699 3539 2769 3591 ab
2800 3538 2909 3592 illis
2933 3541 3035 3592 3l8
3065 3538 3329 3592 Patribus
3350 3537 3608 3593 divinitus
3631 3532 3835 3603 inspirata

2286 3637 2418 3687 sunt
2446 3633 2699 3686 ordinata
2730 3636 3126 3704 permaneant.
3157 3632 3305 3688 Nihil
3336 3633 3582 3686 alienum
3615 3624 3835 3698 improbai

2285 3726 2532 3781 ambitus
2559 3726 2944 3797 concupiscat,
2986 3743 3089 3780 nec
3137 3743 3240 3797 per
3285 3727 3519 3780 alterius
3558 3717 3833 3779 immunitio-

2285 3837 2420 3875 nem
2450 3837 2615 3874 suum
2647 3820 2853 3892 aliquis
2884 3825 3101 3892 quaerat
3139 3825 3537 3891 augmentum.
3567 3810 3838 3882 Quantumli-

2286 3915 2382 3968 bet
2411 3914 2565 3969 enim
2606 3914 2812 3968 exortis
2842 3914 3258 3969 assensionibus
3297 3932 3358 3970 se
3398 3914 3624 3969 instruat
3646 3902 3837 3963 vanitatis

2288 4009 2471 4075 elatio,
2491 4011 2546 4062 et
2561 4007 2846 4079 appetitus
2868 4025 2999 4063 suos
3020 4007 3396 4063 conciliorum
3417 4007 3646 4062 aestimet
3668 3998 3837 4057 nomine

2289 4102 2658 4169 roborandos,
2687 4101 2980 4156 infirmum
3009 4106 3182 4173 atque
3227 4102 3454 4157 irritum
3498 4101 3598 4156 erit
3633 4089 3837 4168 quidquid

2289 4213 2322 4250 a
2347 4195 2747 4267 praedictorum
2791 4196 3102 4250 canonibus
3142 4195 3496 4268 discreparit,
3536 4205 3747 4266 quorum
3780 4200 3836 4236 re-

2289 4289 2435 4360 gulis
2460 4289 2772 4361 apostolica
2797 4290 2964 4344 Sedes
2998 4307 3172 4362 quam
3212 4294 3542 4345 reverenter
3563 4292 3732 4342 utatur
3753 4277 3840 4334 scri-

2287 4387 2516 4454 ptorum
2542 4400 2820 4450 meorum,
2861 4384 3064 4455 quibus
3105 4379 3695 4454 Constantinopolitani
3736 4370 3836 4428 sntio

2289 4477 2432 4532 stitis
2463 4483 2696 4532 conatus
2726 4477 2908 4549 repuli
2937 4477 3150 4548 poterit
3177 4479 3442 4532 sanctitas
3466 4479 3638 4531 vestra
3662 4468 3840 4526 lectione

2289 4587 2650 4642 cognoscere,
2683 4588 2776 4626 me
2805 4571 3109 4626 auxiliante
3139 4572 3381 4626 Domino
3409 4577 3617 4638 nostro,
3641 4573 3691 4622 et
3709 4560 3841 4616 catho

2291 4664 2409 4720 lica:
2453 4663 2585 4718 ﬁdei
2634 4669 2691 4720 et
2737 4669 3103 4737 paternarum
3153 4665 3527 4720 traditionum
3571 4677 3676 4718 esse
3716 4659 3842 4711 caste

2289 4759 2440 4813 dem.
2495 4759 2634 4813 Data
2684 4760 3024 4828 duodecimo
3081 4760 3364 4815 Kalendas
3413 4757 3628 4831 Aprilis,
3665 4750 3841 4822 Opilone

2291 4851 2408 4907 viro
2435 4852 2745 4908 clarissimo
2779 4855 3030 4909 consule.

2370 4971 2562 5024 XLVII.
2632 5001 2699 5010 —
2765 4972 2858 5025 Ad
2915 4973 3227 5026 Iuvenalem
3289 4969 3790 5038 Hierosolymitanum

2945 5045 3266 5114 episcopum.

2362 5135 2616 5206 Acceptis
2655 5135 2974 5191 dilectionis
3006 5141 3120 5191 tuae
3149 5136 3352 5191 litteris
3390 5152 3529 5207 quas
3565 5131 3630 5186 ad
3667 5141 3742 5182 me
3776 5118 3843 5174 ﬁlii

2292 5229 2471 5284 nostri
2495 5230 2747 5284 Andreas
2773 5230 3088 5302 presbyter,
3121 5236 3176 5286 et
3219 5232 3413 5285 Petrus
3455 5229 3707 5284 diaconus
3729 5217 3846 5271 detu-

2294 5323 2499 5390 lerunt,
2547 5324 2774 5394 gavisus
2802 5324 3036 5396 quidem
3085 5341 3232 5393 sum,
3264 5324 3415 5396 quod
3459 5323 3528 5376 ad
3563 5313 3845 5390 episcopatu5

2293 5417 2372 5470 tui
2405 5416 2597 5472 sedem
2624 5417 2808 5472 redire
2844 5417 3128 5488 licuisset;
3161 5418 3262 5473 sed
3289 5413 3690 5472 confluentibus
3712 5407 3760 5461 in
3782 5415 3844 5455 re-

2291 5510 2679 5565 cordationem
2709 5511 2973 5566 omnibus
2995 5528 3123 5582 quze
3161 5516 3214 5566 te
3245 5529 3344 5584 per
3364 5509 3635 5583 quosdam
3653 5505 3846 5558 eme!»sus

2293 5603 2551 5658 laborare
2605 5605 2880 5674 fecerunt,
2923 5605 3072 5659 dolui
3122 5605 3517 5661 adversitatum
3559 5604 3754 5654 tuarum
3787 5593 3846 5640 ιο·

2294 5697 2600 5768 metipsum
2639 5697 2742 5753 tibi
2777 5699 2947 5753 fuisse
2979 5699 3299 5768 materiam,
3329 5703 3387 5753 et
3411 5689 3688 5752 resistendi
3713 5686 3847 5740 haere-

2293 5790 2416 5845 ticis
2449 5793 2828 5848 constantiam
2858 5793 3193 5865 perdidisse,
3214 5794 3312 5866 qui
3334 5791 3612 5848 aestimant
3640 5797 3738 5839 non

2293 5883 2399 5939 tibi
2451 5885 2698 5941 liberum
2742 5892 2806 5941 ut
2848 5903 2945 5941 eos
2985 5887 3193 5942 audeas
3237 5887 3590 5958 redarguam,
3617 5889 3736 5952 quos
3772 5866 3847 5922 tibi
