4026 6182
113 353 215 406 833

1358 344 1835 407 DECRETALIUM
1870 347 2258 406 COLLECTIO.

3376 355 3481 411 834

112 460 357 515 liberum
381 462 448 514 ut
476 474 576 514 eos
599 459 810 514 audeas
835 459 1207 531 redarguere,
1237 475 1381 532 quos
1409 460 1512 513 tibi
1541 460 1752 530 profes-
1772 474 1830 546 Α
1849 458 2110 514 omnium
2149 459 2348 527 vitam,
2392 458 2607 531 recepit
2638 457 2911 516 omnium
2969 475 3219 530 causam,
3270 468 3327 517 et
3369 464 3483 518 vim

110 571 203 607 sus
225 554 301 608 sis
320 554 380 608 in
405 569 508 608 suo
527 569 720 607 errore
738 555 1032 624 placuisse.
1064 555 1248 609 Beataa
1274 554 1428 609 enim
1454 554 1749 608 memoria:

110 646 359 701 Flaviani
388 646 792 701 condemnatio
808 651 866 701 et
892 647 1218 719 impiissimi
1256 647 1581 719 Eutychetis
1602 663 1754 701 rece-

109 740 249 811 ptio,
275 740 433 812 quod
462 740 573 794 nisi
602 740 830 795 Domini
861 741 1041 795 nostri
1060 742 1190 796 Jesu
1209 740 1415 796 Christi
1439 741 1751 796 secundum

109 849 344 889 carnem
365 833 595 904 negatio
613 832 767 888 fuit?
792 849 964 905 quam
992 835 1113 906 ipse
1140 834 1343 905 grandi
1363 833 1753 888 misericordia

108 943 208 981 sua
238 927 372 982 fecit
417 926 618 982 resolvi
667 943 798 982 cum
840 926 1238 983 detestandum
1276 928 1419 983 illud
1449 927 1751 999 Ephesium

109 1020 313 1092 synodi
344 1020 625 1091 judicium
670 1021 751 1076 ita
802 1026 994 1077 sancta
1033 1021 1503 1077 Chalcedonensis
1550 1020 1752 1092 synodi

110 1113 456 1168 auctoritate
501 1114 800 1185 destruxit,
854 1119 920 1171 ut
958 1116 1178 1171 nullum
1229 1116 1661 1187 depravatorum
1718 1132 1751 1168 a

110 1207 373 1262 remedio
398 1209 766 1263 correctionis
791 1214 1030 1265 arceret.
1068 1209 1222 1265 Unde
1246 1210 1381 1282 quia
1413 1209 1471 1264 in
1490 1213 1750 1280 tempore

108 1302 488 1374 indulgentiae
514 1301 956 1373 resipiscentiam
978 1304 1162 1375 magis
1182 1319 1354 1375 quam
1372 1302 1749 1374 pertinaciam

109 1395 397 1466 delegisti,
432 1396 508 1450 ita
553 1395 774 1466 gaudeo
812 1402 866 1452 te
904 1398 1191 1452 caelestem
1239 1397 1514 1468 expetisse
1564 1397 1748 1451 medi-

109 1489 318 1558 cinam,
348 1493 411 1543 ut
437 1488 572 1543 ﬁdei
593 1489 665 1544 ab
689 1490 967 1545 hmreticis
992 1491 1341 1563 impugnata:
1360 1490 1597 1545 tandem
1622 1506 1747 1562 pos-

111 1583 183 1635 sis
212 1599 342 1637 esse
373 1582 661 1638 defensor.
714 1583 985 1647 Quamvis
1013 1585 1167 1639 enim
1206 1585 1348 1639 nulli
1395 1584 1750 1639 sacerdotum

110 1678 283 1730 liceat
312 1677 531 1732 nescire
561 1676 717 1748 quod
746 1678 1039 1748 praedicat.
1078 1679 1355 1742 Quoniam
1395 1679 1492 1750 qui
1521 1679 1750 1749 ignorat

109 1771 491 1840 ignorabitur,
533 1770 974 1826 inexcusabilior
1002 1777 1192 1827 tamen
1232 1776 1318 1827 est
1340 1772 1605 1828 omnibus
1636 1772 1744 1826 im-

1854 554 2056 608 veteris
2102 553 2492 624 chirographi,
2539 555 2693 625 quod
2737 554 2890 609 solus
2939 554 3092 609 inter
3123 572 3320 611 omnes
3368 574 3481 611 non

1851 646 2064 717 debuit,
2086 663 2190 718 pro
2227 646 2490 701 omnibus
2517 648 2784 703 solvendo
2811 649 3066 704 vacuavit
3090 666 3103 703 ε
3131 654 3191 704 ut
3220 649 3363 704 sicut
3382 667 3486 721 per

1851 740 2022 795 unius
2062 745 2282 795 reatum
2330 756 2529 795 omnes
2576 741 2711 795 facti
2747 742 2975 797 fuerant
3016 749 3358 813 peccatores,
3406 744 3484 797 ita

1852 851 1954 905 per
1998 834 2169 888 unius
2210 833 2594 889 innocentiam
2640 851 2838 889 omnes
2881 836 3089 890 ﬁerent
3130 837 3479 892 innocentes.

1852 928 1982 982 lude
2027 928 2086 981 in
2117 928 2379 982 homines
2424 931 2692 982 manante
2714 928 2936 999 justitia
2983 929 3073 983 ubi
3120 938 3205 984 est
3233 931 3485 986 humana

1852 1025 2109 1092 suscepta
2134 1026 2360 1077 natura.
2394 1022 2558 1075 Nulla
2587 1022 2742 1076 enim
2768 1023 2989 1077 ratione
3014 1029 3170 1078 extra
3194 1024 3375 1078 nostri
3400 1028 3485 1079 est

1852 1115 2107 1188 corporis
2120 1116 2414 1170 veritatem
2424 1158 2437 1184 ,
2454 1116 2523 1170 de
2537 1132 2648 1186 quo
2665 1115 3016 1186 evangelista
3027 1117 3485 1187 praedicationem

1852 1208 2127 1263 inchoans
2170 1209 2339 1264 dicit:
2395 1232 2421 1257 ί(
2467 1209 2632 1263 Liber
2677 1210 3059 1279 generationis
3108 1212 3239 1264 Jesu
3277 1211 3485 1266 Christi

1852 1302 1953 1355 ﬁlii
2003 1301 2199 1367 David,
2240 1303 2339 1356 tilii
2385 1302 2669 1358 Abraham
2718 1303 2930 1372 (Matth.
2978 1320 3013 1369 ι,
3070 1305 3136 1372 l).
3188 1325 3214 1352 ››
3273 1305 3341 1357 Et
3389 1308 3487 1376 qui

1852 1396 2218 1450 Samaritana:
2266 1396 2492 1451 mulieri
2532 1400 2899 1467 protestetur,
2951 1396 3223 1467 quoniam
3252 1398 3397 1452 salus
3422 1414 3487 1451 ex

1848 1489 2056 1544 Judmis
2083 1493 2187 1560 est,
2218 1489 2368 1545 beati
2392 1490 2548 1544 Pauli
2583 1491 2825 1561 apostoli
2852 1496 3195 1545 consonante
3227 1490 3489 1546 doctrina

1850 1599 1981 1637 cum
2006 1583 2176 1637 dicit:
2224 1606 2250 1632 ‹‹
2282 1583 2541 1647 Quorum
2574 1589 2762 1654 patres
2809 1591 2865 1639 et
2895 1601 2959 1638 ex
3001 1584 3205 1656 quibus
3233 1585 3488 1641 Christus

1849 1677 2163 1731 secundum
2193 1693 2446 1746 carnem,
2479 1677 2577 1749 qui
2600 1682 2685 1732 est
2710 1694 2882 1749 super
2902 1678 3091 1733 omnia
3124 1680 3274 1733 Deus
3304 1680 3485 1734 bene-

1850 1769 2035 1824 dictus
2081 1770 2138 1824 in
2170 1771 2376 1825 saecula
2403 1771 2568 1841 (Rom.
2600 1787 2670 1835 IX,
2720 1775 2792 1841 5).
2824 1791 2850 1823 »
2892 1772 3145 1842 Itemque
3189 1773 3258 1827 ad
3288 1773 3484 1827 Timo-

108 1865 313 1935 peritis
360 1864 599 1936 quilibet
651 1865 1058 1937 Hierosolymis
1086 1866 1351 1921 habitans
1376 1867 1746 1934 Christianus,
1771 1851 1825 1924 Β
1848 1864 2044 1919 theum
2073 1882 2085 1918 :
2121 1884 2149 1915 (ι
2177 1865 2482 1932 Memento,
2514 1864 2716 1936 inquit,
2744 1866 2936 1920 Jesum
2966 1866 3255 1920 Christum
3294 1883 3483 1921 resur-

106 1959 201 2029 qui
229 1958 306 2012 ad
328 1960 785 2029 cognoscendam
811 1960 1076 2015 virtutem
1104 1960 1390 2031 Evangelii
1420 1976 1540 2015 non
1564 1961 1749 2016 solum

108 2053 457 2124 paginarum
495 2052 756 2125 eloquiis,
784 2054 880 2109 sed
908 2054 1163 2126 ipsorum
1202 2055 1460 2109 locorum
1494 2055 1744 2110 testimo-

106 2147 216 2200 niis
248 2146 543 2213 eruditur;
572 2150 630 2201 et
651 2147 805 2218 quod
833 2147 967 2203 alibi
1002 2165 1119 2203 non
1149 2149 1279 2203 licet
1323 2166 1437 2203 non
1463 2149 1638 2216 credi,
1671 2149 1748 2203 ibi

105 2256 220 2294 non
253 2243 449 2311 potest
474 2256 592 2294 non
630 2240 826 2295 videri.
859 2241 1004 2306 Quid
1029 2242 1253 2296 laborat
1288 2241 1620 2309 intellectus,
1651 2242 1749 2297 ubi

105 2339 190 2388 est
218 2334 503 2405 magister
527 2339 787 2405 aspectus
809 2336 837 2389 Τ
876 2336 945 2389 Et
969 2352 1070 2390 cur
1100 2335 1245 2390 lecta
1275 2335 1358 2390 vel
1394 2336 1587 2392 audita
1617 2340 1749 2391 sunt

104 2427 304 2495 dubia,
363 2428 461 2482 ubi
526 2445 585 2481 se
634 2428 720 2483 vel
767 2428 911 2483 visui
974 2433 1030 2483 et
1096 2430 1271 2485 tactui
1336 2434 1419 2485 tot
1480 2432 1748 2485 humanae

102 2522 307 2576 salutis
358 2522 631 2593 ingerunt
681 2524 1082 2577 sacramenta?
1146 2522 1315 2587 Quasi
1368 2525 1438 2579 ad
1492 2525 1749 2596 singulos

103 2631 373 2687 quosque
445 2621 771 2671 cunctantes
832 2616 1097 2672 Dominus
1161 2618 1347 2673 adhuc
1430 2635 1562 2674 voce
1622 2636 1738 2674 cor-

100 2726 288 2781 porea
340 2712 539 2764 utatur
586 2714 643 2764 et
689 2710 886 2765 dicat:
933 2733 960 2760 ‹‹
1009 2711 1151 2774 Quid
1206 2713 1417 2767 turbati
1481 2713 1636 2781 estis,
1694 2720 1751 2769 et

103 2819 290 2874 quare
363 2802 729 2875 cogitationes
797 2804 1117 2859 ascendunt
1167 2805 1226 2859 in
1292 2807 1459 2861 corda
1512 2812 1695 2863 vestra
1721 2810 1749 2862 ἰ)

100 2897 309 2952 Videte
365 2913 565 2952 manus
615 2914 791 2966 meas,
876 2904 934 2953 et
989 2898 1162 2971 pedes
1214 2917 1391 2970 meos,
1441 2902 1577 2974 quia
1627 2902 1748 2973 ipse

100 3006 213 3061 ego
265 3006 420 3045 sum.
468 2992 694 3063 Palpate
745 2995 802 3047 et
839 2992 1044 3064 videte,
1095 2992 1229 3066 quia
1269 2994 1500 3066 spiritus
1538 3012 1664 3051 ossa
1696 3000 1753 3051 et

98 3100 345 3139 carnem
386 3101 501 3140 non
543 3086 715 3142 habet
756 3087 900 3142 sicut
944 3104 1037 3142 me
1091 3088 1293 3143 videtis
1346 3089 1556 3145 habere
1602 3090 1745 3160 (Luc.

1848 1959 2060 2014 rexisse
2087 1976 2121 2013 a
2142 1958 2382 2013 mortuis
2408 1974 2475 2014 ex
2494 1958 2709 2013 semine
2727 1958 2901 2013 David
2918 1961 3227 2014 secundum
3249 1976 3483 2015 carnem

1849 2052 1921 2121 (Π
1959 2055 2093 2107 Tim.
2130 2069 2186 2119 ιι,
2236 2052 2313 2124 8).
2356 2073 2384 2101 ››
2437 2054 2564 2106 Haec
2617 2055 2809 2107 autem
2859 2053 3107 2108 Charitas
3153 2054 3384 2126 quantis
3431 2062 3486 2110 et

1851 2146 1977 2199 novi
2004 2151 2059 2201 et
2074 2146 2288 2202 Veteris
2315 2147 2660 2202 Testamenti
2679 2146 3114 2202 auctoritatibus
3138 2148 3481 2218 declaretur,

1850 2256 1952 2310 pro
1998 2240 2336 2313 antiquitate
2388 2240 2692 2295 sacerdotii
2738 2241 2819 2296 tui
2869 2241 3155 2297 evidenter
3199 2244 3483 2313 agnoscis,

1848 2349 1977 2387 cum
1994 2334 2136 2388 ﬁdes
2162 2335 2395 2388 Patrum
2413 2337 2471 2390 et
2488 2334 2697 2405 scripta
2718 2350 2850 2388 mea
2872 2334 2942 2389 ad
2960 2340 3171 2391 sanctae
3190 2335 3486 2391 memoriae

1852 2426 2175 2481 Flavianum
2218 2428 2369 2495 data,
2414 2444 2662 2499 quorum
2702 2428 3061 2483 mentionem
3104 2429 3227 2501 ipse
3280 2429 3481 2498 fecisti,

1849 2519 2072 2590 adjecta
2109 2521 2444 2575 universalis
2470 2521 2677 2592 synodi
2711 2504 3143 2577 conﬁrmatione
3181 2522 3484 2580 sufﬁciant.

1850 2613 2009 2687 Unlde
2038 2616 2363 2686 prospicere
2382 2619 2603 2686 oportet
2628 2616 2991 2671 dilectionem
3014 2622 3170 2672 tuam
3190 2633 3264 2672 ne
3291 2623 3486 2673 contra

1850 2708 2261 2781 redemptionis
2279 2725 2343 2763 ac
2364 2709 2484 2781 spei
2513 2715 2721 2765 nostra:
2741 2709 3030 2765 ineffabile
3057 2715 3484 2766 sacramentum

1849 2802 1999 2857 ullus
2028 2803 2441 2859 obmurmuret.
2475 2804 2601 2874 Sed,
2646 2804 2693 2858 si
2720 2804 2818 2876 qui
2844 2810 2977 2860 sunt
3011 2805 3110 2876 qui
3147 2805 3352 2876 adhuc,
3386 2810 3487 2861 aut

1852 2896 2172 2967 ignorantia
2202 2896 2469 2968 caligant,
2491 2901 2590 2952 aut
2619 2899 2987 2969 perversitate
3017 2898 3363 2967 discordant,
3395 2916 3486 2955 eo-

1852 3007 1978 3044 rum
2023 3007 2271 3062 quorum
2300 2991 2359 3045 in
2405 2991 2645 3047 Ecclesia
2675 2992 2773 3047 Dei
2821 2992 3131 3064 apostolica
3168 2992 3275 3048 fuit
3305 2997 3362 3048 et
3402 2997 3488 3048 est

1851 3085 2000 3138 clara
2047 3084 2305 3140 doctrina
2331 3086 2759 3141 auctoritatibus
2803 3086 3177 3156 instruantur,
3214 3092 3271 3142 et
3295 3087 3366 3142 de
3395 3087 3485 3142 in-

98 3194 258 3245 mv,
314 3181 405 3249 38,
462 3181 569 3251 39).
628 3202 657 3230 ››
723 3183 889 3236 Utere
956 3198 1115 3253 ergo,
1166 3182 1346 3237 frater
1397 3182 1747 3252 charissime,
1773 3224 1827 3300 Ο
1853 3179 2175 3234 carnatione
2202 3179 2367 3234 Verbi
2396 3180 2495 3235 Dei
2538 3181 2659 3235 haec
2691 3197 2793 3235 nos
2823 3182 3049 3236 credere
3074 3181 3231 3254 quod
3256 3181 3338 3235 illi
3366 3198 3486 3238 cre-

98 3272 493 3300 ζσιονέιιιζηοί-κζη
525 3274 808 3300 -..ιιιΛΙζιη-ι
852 3275 981 3300 ΩᾹΑΞ
1020 3276 1366 3300 ΔΛ---...Α-ιε-
1423 3281 1472 3300 ΑΛ
1505 3294 1715 3300 -..Α-μ-
1857 3272 2047 3300 Ᾱέιιηηη
2080 3278 2422 3300 ηηι--ιιι-ιηιηι-ιι
2480 3290 2664 3300 ..ΑΜ-Α
2700 3291 2755 3300 ..Α
2789 3279 2937 3300 Α-ι..-
2972 3291 3169 3300 ,ιλ-η..-
3198 3275 3403 3300 [ιι-,ζηιε
3430 3276 3483 3300 ζ..

97 3272 497 3327 invictissimis
522 3274 811 3329 catholica:
850 3275 986 3331 fidei
1015 3276 1388 3343 documentis,
1419 3281 1476 3332 et
1501 3294 1749 3349 evange-

92 3367 371 3421 listarum
389 3367 853 3437 praedicationem
881 3374 1208 3425 sanctorum
1234 3370 1515 3440 locorum,
1534 3372 1593 3426 in
1625 3373 1750 3444 qui-

94 3462 204 3515 bus
237 3460 426 3532 degis,
465 3462 861 3520 testiﬁcatione
891 3463 1160 3519 defende.
1193 3465 1353 3536 Apud
1380 3470 1435 3520 te
1465 3471 1549 3520 est
1581 3466 1751 3520 Beth-

91 3555 325 3620 lehem,
359 3554 419 3608 in
445 3572 561 3627 qua
589 3557 846 3613 salutifer
874 3558 1152 3614 Davidicas
1188 3558 1431 3629 virginis
1458 3562 1656 3630 partus
1686 3560 1751 3614 il-

91 3650 269 3717 luxit,
321 3665 497 3721 quem
536 3651 869 3707 obvolutum
911 3653 1116 3725 pannis
1159 3653 1309 3709 inter
1349 3653 1640 3725 angustias
1667 3654 1749 3710 di-

92 3743 352 3798 versorii
385 3760 639 3816 praesepe
667 3745 930 3818 suscepit.
961 3749 1125 3819 Apud
1162 3752 1217 3801 te
1249 3754 1335 3803 est
1368 3749 1654 3803 declarata
1681 3749 1751 3803 ab

92 3837 359 3910 angelis,
381 3838 614 3894 adorata
633 3856 666 3894 a
686 3840 891 3911 magis,
913 3845 971 3895 et
988 3858 1091 3913 per
1110 3842 1425 3897 multorum
1444 3842 1750 3898 infantium

93 3937 330 3987 mortes
359 3932 432 3985 ab
457 3933 680 3988 Herode
707 3934 944 4005 quaesita
965 3936 1265 3991 Salvatoris
1288 3935 1552 3992 infantia.
1576 3937 1752 4008 ,Αριιά

92 4035 147 4081 te
177 4029 279 4082 est
308 4026 408 4081 ubi
428 4027 669 4098 pueritia
692 4028 814 4100 ejus
833 4029 1091 4099 adolevit,
1113 4029 1212 4085 ubi
1237 4029 1619 4086 adolescentia
1639 4047 1755 4085 ma-

94 4122 314 4192 turuit,
359 4126 417 4176 et
444 4138 548 4192 per
574 4123 771 4177 omnia
794 4122 1148 4179 incrementa
1174 4140 1445 4196 corporea
1480 4125 1540 4178 in
1567 4124 1752 4179 virum

96 4216 436 4287 perfectum
462 4216 581 4271 veri
599 4217 846 4273 hominis
869 4223 1075 4273 natura
1098 4218 1342 4291 proﬁcit,
1359 4236 1473 4273 non
1490 4219 1611 4273 sine
1628 4219 1753 4274 cibo

94 4310 477 4381 eruditionis,
510 4328 625 4365 non
662 4312 781 4367 sine
820 4328 1021 4367 somno
1054 4312 1280 4385 quietis,
1322 4330 1438 4368 non
1468 4313 1590 4369 sine
1616 4314 1755 4368 ﬁetu

94 4404 524 4472 miserationis,
576 4422 682 4459 nec
732 4405 853 4461 sine
918 4422 1123 4478 pavore
1184 4407 1532 4463 formidinis.
1602 4408 1755 4463 Unus

97 4498 276 4553 enim
311 4500 485 4570 atque
509 4498 665 4554 idem
692 4505 775 4555 est
816 4499 915 4572 qui
940 4504 998 4555 et
1041 4500 1101 4555 in
1137 4501 1237 4556 Dei
1265 4500 1451 4556 forma
1487 4504 1756 4572 operatus

1854 3272 2049 3327 didere
2078 3278 2445 3344 cognoscant,
2479 3290 2667 3345 neque
2698 3291 2757 3329 se
2786 3279 2943 3331 extra
2968 3291 3172 3347 corpus
3197 3275 3408 3330 Christi
3428 3276 3488 3331 in

1853 3382 1967 3437 quo
1990 3368 2333 3421 commortui
2375 3374 2430 3422 et
2460 3368 2909 3424 comresuscitati
2954 3386 3150 3423 sumus
3180 3385 3281 3423 sua
3305 3370 3487 3424 obdu-

1854 3459 2076 3515 ratione
2097 3461 2465 3532 constituant,
2493 3463 2628 3534 quia
2659 3479 2762 3519 nec
2800 3462 2983 3533 pietas
3022 3462 3175 3530 ﬁdei,
3203 3479 3307 3518 nec
3347 3465 3489 3518 ratio

1854 3554 2053 3625 recipit
2090 3555 2447 3625 sacramenti,
2493 3561 2558 3610 ut
2584 3562 2683 3611 aut
2709 3556 2769 3611 in
2798 3572 2901 3611 sua
2930 3556 3172 3610 essentia
3211 3557 3489 3628 passibilis

1851 3648 2024 3703 fuerit
2067 3648 2267 3718 deitas,
2323 3654 2422 3704 aut
2464 3650 2523 3704 in
2577 3654 2785 3705 nostra:
2848 3655 3067 3705 natura:
3129 3652 3487 3722 susceptione

1854 3739 2091 3793 mentita
2121 3738 2195 3793 sit
2214 3739 2439 3794 veritas.
2454 3740 2792 3794 Particulam
2821 3738 3130 3794 Dominicae
3149 3740 3332 3795 crucis
3356 3757 3489 3795 cum

1854 3827 2096 3900 eulogiis
2132 3828 2453 3884 dilectionis
2482 3831 2682 3884 vestras
2718 3835 3066 3884 veneranter
3103 3830 3313 3902 accepi.
3354 3832 3489 3886 Data

1854 3922 2036 3994 pridie
2077 3923 2264 3977 Nonas
2302 3922 2672 3994 Septembris,
2706 3923 2829 3978 Etio
2872 3927 2927 3977 et
2970 3922 3168 3978 Studia
3209 3924 3342 3979 viris
3371 3924 3484 3980 cla-

1854 4016 2090 4071 rissimis
2115 4016 2463 4072 consulibus.

1855 4131 2050 4207 206
2080 4133 2622 4215 XLyll_l.—Epis§ola
2650 4135 2916 4189 Ravenm‘i
2935 4134 3272 4215 aliorumque
3295 4137 3490 4206 φίεοο-

1920 4206 2117 4276 porum
2141 4206 2420 4261 Gallorum
2445 4206 2520 4260 ad
2543 4208 2763 4261 Leonem
2786 4220 3015 4277 papam,
3043 4207 3170 4275 ﬁdei
3188 4208 3299 4277 ejus
3323 4224 3485 4278 quam

1925 4279 1999 4332 ad
2028 4279 2296 4335 Orientem
2332 4278 2536 4333 diremit
2566 4278 2753 4332 laudes
2782 4277 3096 4333 dicentium.

1927 4395 2171 4450 Domino
2204 4410 2334 4450 vere
2362 4397 2578 4464 sancto,
2604 4393 2807 4449 merito
2836 4393 2896 4448 in
2923 4394 3146 4450 Christo
3166 4394 3489 4450 beatissimo

1856 4494 1914 4545 et
1956 4488 2264 4561 apostolico
2308 4488 2527 4543 honore
2567 4488 2892 4543 venerando
2945 4504 3108 4559 papa:
3150 4488 3346 4556 Leoni,
3375 4490 3485 4544 Ba-

95 4599 189 4648 εει
243 4592 528 4647 miracula
585 4610 801 4666 magna
849 4594 1090 4662 virtutis,
1148 4601 1204 4650 et
1266 4595 1325 4649 in
1378 4596 1564 4650 forma
1610 4582 2111 4675 serviDvennius,
2175 4582 2453 4649 Rusticus,
2504 4580 2795 4650 Venerius,
2845 4581 3265 4651 Constantinus,
3317 4583 3484 4637 Maxi-

93 4686 290 4742 subiit
313 4687 586 4742 saevitiam
612 4688 909 4759 passionis.
950 4690 1063 4745 Hoc
1100 4688 1201 4744 tibi
1226 4689 1350 4762 ipsa
1381 4706 1519 4744 crux
1542 4690 1747 4745 indesi-

88 4778 322 4838 nenter
344 4781 619 4854 loquitur,
669 4782 774 4837 hoc
816 4783 960 4856 lapis
988 4784 1198 4839 clamat
1250 4784 1513 4856 sepulcri,
1545 4785 1606 4838 in
1638 4800 1750 4855 quo

88 4876 391 4932 Dominus
419 4876 672 4933 humana
688 4877 1017 4933 conditione
1037 4877 1239 4950 jacuit,
1264 4882 1321 4933 et
1344 4878 1415 4933 de
1432 4895 1544 4950 quo
1564 4878 1752 4933 divina

79 4971 365 5043 potentia
385 4971 782 5040 resurrexit,et
806 4988 937 5027 cum
962 4972 1035 5027 ad
1059 4974 1317 5027 montem
1340 4971 1541 5027 Oliveti
1560 4972 1751 5026 locum

79 5065 462 5120 ascensionis
488 5069 866 5122 veneraturus
887 5067 1128 5135 accedis,
1163 5082 1239 5121 an
1264 5082 1383 5121 non
1411 5065 1507 5120 illa
1530 5082 1634 5121 vox
1657 5082 1753 5120 au—

84 5160 298 5229 gelica
326 5159 388 5213 in
414 5164 515 5214 tuo
538 5161 773 5215 resultat
800 5160 1020 5231 auditu,
1052 5177 1167 5233 qua
1189 5160 1508 5217 elevatione
1527 5160 1753 5215 Domini

88 5253 478 5325 stupentibus
504 5254 748 5310 dicitur:
788 5277 817 5307 ι(
843 5255 957 5310 Viri
984 5255 1224 5324 Galilaai,
1254 5255 1391 5327 quid
1412 5254 1571 5309 statis
1598 5255 1752 5326 aspi-

87 5350 330 5404 cientes
370 5346 429 5401 in
477 5348 704 5417 caelum,
747 5348 839 5404 hic
881 5351 1039 5405 Jesus
1083 5348 1182 5421 qui
1222 5353 1546 5421 assumptus
1591 5352 1680 5404 est
1724 5364 1756 5402 a

87 5442 292 5509 vobis,
325 5440 407 5495 sic
448 5441 638 5497 veniet
659 5442 1147 5514 quemadmodum
1188 5443 1404 5499 vidistis
1430 5446 1662 5499 euntem
1697 5443 1755 5496 in

85 5537 325 5593 enatum
351 5535 497 5605 (Act.
530 5552 569 5603 1,
605 5536 739 5607 ll)?
768 5558 794 5586 ››
827 5538 1034 5593 Veram
1073 5537 1250 5608 igitur
1272 5537 1477 5592 Christi
1509 5552 1752 5608 genera-

88 5632 333 5685 tionem
360 5645 501 5684 crux
529 5644 664 5684 vera
692 5630 1009 5700 conﬁrmat,
1030 5631 1303 5701 quoniam
1332 5630 1453 5701 ipse
1481 5629 1541 5684 in
1560 5634 1758 5685 nostra

85 5739 291 5779 carne
316 5723 573 5778 nascitur
600 5723 698 5796 qui
726 5723 784 5780 in
812 5727 1007 5780 nostra
1041 5724 1410 5796 cruciﬁgitur,
1444 5740 1572 5796 quae
1602 5724 1758 5779 nullo

84 5818 537 5873 interveniente
580 5821 832 5889 peccato,
883 5818 991 5874 nisi
1035 5818 1232 5874 fuisset
1279 5818 1461 5874 nostri
1511 5818 1755 5890 generis,

86 5929 233 5969 non
293 5911 573 5983 potuisset
612 5928 732 5968 esse
778 5912 1055 5969 mortalis.
1110 5914 1181 5967 Ut
1223 5916 1413 5967 autem
1472 5915 1761 5984 repararet

526 6012 797 6078 PATROL.
845 6011 1074 6078 CXXX.

1851 4698 1999 4745 mus,
2026 4682 2375 4742 Armatarus,
2409 4674 2625 4745 Florus,
2661 4674 2923 4744 Gavinus,
2955 4675 3301 4746 Valerianus,
3333 4678 3482 4731 Con-

1852 4775 2108 4841 stantius,
2149 4769 2459 4837 Nestorius,
2488 4767 2788 4835 Maximus,
2816 4768 3125 4839 Asclepius.
3149 4770 3290 4824 Item
3311 4770 3483 4825 Maxi-

1852 4887 1999 4940 mus,
2026 4869 2237 4941 Ursus,
2292 4861 2623 4934 lngenulus,
2666 4863 2879 4931 Justus,
2946 4862 3220 4931 Valerius,
3273 4864 3482 4935 Super-

1852 4968 2070 5031 ventus,
2100 4958 2444 5031 Crisaphius,
2491 4956 2779 5023 Fonteius,
2822 4956 3140 5028 Petronius,
3182 4958 3486 5030 Hydacius,

1855 5057 2135 5123 Etherius,
2188 5053 2423 5120 Glalius,
2475 5050 2746 5121 Euticius,
2803 5050 3125 5120 Fraternas,
3181 5053 3485 5122 Venturus,

1855 5149 2163 5225 Eugenius,
2209 5145 2474 5213 Hilarius,
2530 5146 2727 5215 Verus,
2789 5146 3101 5215 Amandus,
3165 5147 3484 5215 Gerontius,

1854 5243 2276 5311 Proculeianus,
2308 5240 2580 5307 Julianus,
2614 5239 2923 5308 Helladius,
2959 5242 3341 5310 Amentarius,
3374 5242 3485 5309 ilo-

1858 5342 2110 5407 noratus,
2142 5335 2460 5408 Herpatius,
2503 5334 2795 5402 Amenius,
2829 5334 3101 5402 Dinatius,
3137 5335 3404 5390 Maximus
3432 5340 3487 5389 et

1857 5432 2219 5502 Hernantius,
2246 5428 2543 5485 Palladius.

1926 5528 2147 5584 Perlata
2167 5525 2238 5580 ad
2277 5540 2379 5579 nos
2405 5521 2642 5594 epistola
2676 5520 3043 5577 beatitudinis
3073 5524 3273 5576 vestrae
3309 5538 3484 5593 quam

1856 5622 1929 5677 ad
1955 5621 2245 5677 Orientem
2265 5634 2368 5690 pro
2398 5616 2691 5671 catholicas
2722 5614 2852 5669 ﬁdei
2881 5613 3189 5670 assertione
3230 5614 3482 5683 misistis,

1859 5719 2215 5789 optassemus
2257 5714 2315 5766 et
2359 5710 2554 5766 statim
2599 5707 2940 5781 apostolatui
2984 5712 3167 5762 vestro
3213 5725 3317 5780 pro
3366 5714 3485 5763 tam

1858 5811 2139 5865 immenso
2168 5821 2407 5861 munere
2442 5804 2749 5875 gratiarum
2796 5802 3078 5856 actionem
3113 5804 3346 5874 referre,
3380 5805 3489 5859 nisi

1858 5908 2018 5965 nobis
2064 5905 2455 5960 difﬁcultatem
2498 5916 2612 5971 qua
2641 5900 2699 5953 in
2727 5914 2905 5952 unum
2954 5899 3214 5956 celeriter
3236 5917 3351 5955 non
3379 5919 3487 5975 po.

3051 6004 3123 6064 27
