4026 6182
597 329 698 383 835

2358 94 2378 111 ι
2460 93 2491 117 ν

1484 322 1767 380 ΑΡΡΕΝΙ).
1809 322 1898 380 AD
1936 323 2095 380 SEC.
2136 322 2223 379 1X.

2363 320 2607 380 ISIDORI
2648 321 3075 380 MERCATORIS
3764 330 3837 384 836

594 435 809 488 tuimus
832 428 1157 503 convenire,
1200 428 1289 488 vel
1316 430 1495 504 spatia
1543 433 1752 504 quibus
1788 451 1822 489 a
1851 432 2016 489 nobis
2044 432 2227 504 dispa-
2255 445 2313 518 Α
2333 433 2454 487 licae
2482 433 2632 500 Sedi,
2659 433 2812 488 unde
2852 430 3145 501 religionis
3184 431 3404 499 nostrae,
3428 430 3642 502 propitio
3666 433 3839 502 Christo,

594 527 698 581 rati
729 543 923 580 sumus
946 526 1119 598 longa
1146 532 1430 582 terrarum
1452 533 1777 582 nostrarum
1808 546 1935 600 quas
1961 528 2019 583 in
2050 528 2229 599 regio-

592 620 761 674 nibus
776 621 1215 691 nostris,praeter
1230 622 1704 676 consuetudinem
1716 622 1843 689 ,fuit
1865 622 2231 692 intemperies

592 714 889 768 attulisset.
911 715 1011 769 Det
1038 731 1173 786 ergo
1202 716 1549 787 apostolatus
1564 720 1749 770 vester
1776 721 1985 770 nostrae
2008 714 2228 770 veniam

592 807 868 873 tarditati,
903 824 1029 878 quae
1071 825 1187 864 non
1221 809 1335 863 otio
1376 814 1475 864 aut
1513 808 1983 877 dissimulatione,
2015 808 2116 863 sed
2157 808 2229 861 de

593 905 750 955 certa
774 902 1105 957 necessitate
1133 902 1443 971 descendit,
1486 919 1724 974 quasque
1757 920 1790 957 a
1816 902 1982 957 nobis
2010 902 2112 956 etsi
2144 918 2225 956 ce-

588 994 827 1050 leritatis
868 996 1109 1066 gratiam
1156 995 1407 1062 abstulit,
1456 996 1775 1051 exsultandi
1818 1001 2013 1051 tamen
2053 1001 2229 1049 mate-

590 1088 739 1142 riam
786 1088 1012 1143 auferre
1060 1106 1173 1143 non
1218 1090 1423 1160 potuit.
1449 1090 1811 1145 Exsultamus
1840 1090 2032 1161 itaque
2074 1088 2228 1145 Chri-

591 1182 749 1235 tiano
789 1182 997 1253 populo
1042 1182 1201 1237 lectis
1244 1182 1613 1238 beatitudinis
1654 1187 1854 1238 vestrae
1897 1183 2118 1250 litteris,
2173 1188 2230 1237 et

594 1275 850 1329 omnium
880 1275 1256 1331 instructione
1284 1277 1583 1347 patefacta,
1617 1294 1820 1332 omnes
1842 1278 1992 1332 intra
2021 1276 2228 1332 Gallias

594 1369 927 1423 constitutos
952 1371 1234 1425 exsultare
1259 1386 1386 1425 mox
1429 1371 1683 1439 fecimus,
1722 1370 1980 1426 dolentes
2016 1370 2230 1441 pariter

592 1480 695 1534 pro
725 1463 814 1518 his
838 1463 1134 1518 nobiscum
1156 1464 1273 1536 qui,
1307 1464 1596 1519 catholica:
1625 1464 1756 1519 ﬁdei
1781 1464 1997 1519 lumine
2019 1463 2226 1519 dereli-

591 1563 703 1626 cto,
737 1574 991 1612 errorum
1019 1558 1278 1613 tenebras
1321 1558 1668 1614 inciderunt.
1712 1558 1848 1622 Quae
1879 1558 2227 1629 apostolatus

592 1651 761 1706 vestri
812 1652 1040 1722 scripta,
1076 1652 1155 1707 ita
1187 1657 1248 1706 ut
1294 1652 1617 1723 symbolum
1667 1651 1801 1707 ﬁdei
1840 1651 2098 1723 quisquis
2132 1668 2225 1706 re-

594 1745 936 1816 demptionis
966 1750 1324 1800 sacramenta
1352 1763 1468 1801 non
1510 1746 1771 1817 negligit,
1816 1745 2016 1800 tabulis
2045 1746 2228 1800 cordis

591 1838 870 1911 ascripsit,
900 1843 957 1894 et
986 1840 1173 1895 tenaci
1199 1839 1354 1911 quod
1378 1841 1448 1895 ad
1475 1839 1909 1895 confundendos
1938 1840 2228 1895 haeretico-
2246 1821 2304 1893 Β

591 1949 719 1987 rum
761 1949 982 1988 errores
1026 1934 1278 2004 paratior
1326 1936 1390 1989 ﬁt
1443 1934 1738 1989 memoriae
1787 1934 2223 1989 commendavit.

589 2026 741 2082 Multi
786 2028 975 2099 itaque
1023 2027 1081 2081 in
1132 2044 1200 2082 ea
1247 2028 1461 2098 pariter
1519 2028 1836 2099 gaudentes
1883 2028 2228 2083 exsultantes

590 2126 1045 2191 recognoverunt
1083 2120 1216 2175 ﬁdei
1246 2137 1364 2176 sua:
1410 2138 1663 2187 sensum,
1713 2124 1770 2176 et
1800 2121 1877 2175 ita
1915 2138 1972 2176 se
2002 2137 2227 2191 semper

588 2230 655 2268 ex
685 2213 991 2268 traditione
1009 2217 1248 2284 paterna
1271 2214 1545 2279 tenuisse,
1576 2218 1640 2268 ut
1663 2219 1847 2268 vester
1873 2214 2225 2286 apostolatus

591 2306 856 2378 exposuit
876 2306 1008 2377 jure
1051 2307 1334 2361 laetantur.
1374 2307 1643 2363 Nonnulli
1687 2307 2039 2363 sollicitiores
2072 2307 2225 2376 facti,

592 2398 961 2454 beatitudinis
1010 2404 1207 2455 vestrae
1250 2399 1643 2455 admonitione
1701 2406 1982 2472 percepta,
2047 2400 2228 2456 modis

591 2493 859 2548 omnibus
898 2509 955 2548 se
994 2494 1355 2565 gratulantur
1401 2494 1727 2561 instructos,
1770 2494 2075 2566 datamque
2122 2494 2229 2549 sibi

588 2583 947 2638 occasionem
979 2584 1249 2655 gaudent,
1279 2601 1391 2656 qua
1414 2584 1592 2640 libere
1620 2602 1685 2640 ac
1716 2583 2079 2652 ﬁducialiter,
2109 2585 2224 2640 suf-

588 2678 850 2748 fragante
895 2678 1069 2732 etiam
1110 2679 1431 2750 apostolicae
1484 2678 1646 2734 Sedis
1700 2679 2058 2746 auctoritate,
2106 2679 2223 2733 elo-

588 2776 858 2843 quentur,
906 2775 963 2826 et
996 2772 1198 2827 asserit
1237 2771 1628 2844 unusquisque
1658 2772 1810 2843 quod
1854 2773 2052 2828 credit.
2095 2773 2228 2837 Quis

588 2870 781 2919 autem
806 2865 1145 2935 apostolatui
1165 2868 1353 2920 vestro
1373 2882 1478 2936 pro
1501 2865 1609 2920 hoc
1635 2870 1792 2921 tanto
1811 2882 2052 2921 munere.
2077 2868 2227 2939 quod

588 2974 707 3013 non
727 2958 911 3012 solum
936 2957 1161 3027 Gallias,
1177 2958 1278 3012 sed
1304 2964 1490 3013 totum
1517 2959 1800 3015 mundum
1831 2961 1981 3015 velut
2002 2961 2228 3031 quibus-

586 3051 716 3107 dam
750 3050 1175 3123 pretiosissimis
1215 3050 1459 3123 gemmis
1486 3051 1726 3121 ornavit,
1753 3052 1960 3125 dignas
1984 3054 2228 3110 aestimet

583 3145 801 3217 gratias
825 3161 986 3217 posse
1018 3145 1305 3216 persolvi?
1350 3146 1636 3201 Doctrina;
1662 3153 1787 3218 post
1815 3148 1997 3203 Deum
2023 3152 2223 3203 vestrae.

2331 527 2455 581 fons
2481 531 2539 581 et
2566 526 2729 598 origo
2764 526 3035 593 manavit,
3069 523 3377 580 antistitem
3401 524 3629 580 dederit:
3657 531 3844 597 petentes

2330 621 2502 676 etiam
2550 625 2615 676 ut
2665 621 2860 675 datum
2922 634 3364 690 concessumque
3416 635 3601 672 munus
3644 622 3844 690 pontiﬁcii

2329 714 2501 769 vestri
2531 713 2867 785 longissima
2893 713 2965 767 ad
2990 712 3417 768 aediﬁcationem
3433 712 3741 767 ecclesiarum
3763 731 3846 768 sua-

2328 825 2459 863 rum
2493 811 2659 863 astate
2694 807 2989 862 custodiat.
3037 807 3148 861 Nos
3188 810 3377 860 autem
3418 805 3515 859 etsi
3539 805 3739 876 impares
3764 824 3841 860 mc-

2329 902 2472 969 ritis,
2505 902 2658 973 paris
2694 905 2890 955 tamen
2931 899 3087 969 ﬁdei,
3120 899 3165 953 si
3192 899 3328 970 quid
3356 899 3514 969 (quod
3535 899 3671 961 absit)
3711 906 3846 954 contra

2329 996 2637 1052 Ecclesiam
2663 995 2996 1050 catholicam
3025 993 3261 1065 profana
3290 992 3621 1047 infestatione
3650 996 3844 1049 tentetur.

2327 1090 2513 1161 parati
2538 1106 2753 1156 sumus,
2783 1088 3133 1144 confortante
3163 1085 3414 1155 Domino,
3440 1101 3559 1140 cum
3582 1086 3844 1140 beatitudine

2327 1189 2529 1250 vestra,
2561 1200 2665 1254 pro
2697 1182 2931 1237 veritate
2967 1182 3099 1236 ﬁdei
3130 1181 3355 1235 animas
3392 1185 3591 1234 nostras
3616 1195 3793 1250 ponere,
3811 1184 3847 1232 et

2326 1278 2501 1332 vitam
2570 1277 2721 1331 hanc
2796 1276 3013 1331 auctori
3066 1275 3262 1330 salutis
3328 1278 3521 1328 nostrai
3575 1276 3626 1327 et
3670 1272 3844 1343 largiton

2327 1370 2662 1426 aeternitatis
2700 1370 3053 1441 impendere.
3095 1373 3165 1425 Et
3188 1369 3305 1423 alia
3328 1383 3520 1423 manu:
3557 1366 3651 1423 Ora
3680 1382 3758 1436 pro
3773 1381 3846 1423 me.

2327 1464 2559 1520 domine
2586 1464 2909 1519 beatissime
2950 1463 3155 1518 merito
3192 1467 3247 1517 et
3275 1460 3562 1532 apostolico
3598 1460 3767 1514 honore
3786 1475 3845 1511 ve—

2326 1559 2585 1614 nerande
2633 1575 2815 1630 papa:
2875 1558 3136 1613 Rusticus
3194 1556 3504 1628 episcopus,
3565 1553 3847 1625 apostolatum

2327 1658 2490 1708 tuum
2518 1652 2577 1706 in
2610 1652 2866 1721 Domino,
2912 1650 3251 1717 venerande,
3294 1649 3487 1714 saluto,
3515 1652 3567 1701 et
3604 1649 3658 1700 nt
3676 1644 3849 1716 dignen's

2327 1763 2432 1818 pro
2460 1763 2554 1801 me
2576 1763 2740 1801 orare
2770 1746 3010 1817 supplex
3038 1761 3199 1816 rogo.
3226 1742 3492 1798 Venerius
3514 1758 3526 1796 :
3545 1742 3611 1795 Te
3637 1739 3847 1794 dominum

2327 1841 2387 1895 in
2422 1840 2647 1896 Christo
2678 1856 2893 1908 meum,
2928 1837 3419 1904 reverendissime,
3452 1836 3639 1900 saluto,
3661 1838 3705 1888 et
3732 1836 3776 1886 ut
3800 1830 3849 1883 di-

2328 1935 2520 2007 gneris
2560 1951 2664 2006 pro
2703 1950 2798 1988 me
2841 1950 3002 1988 orare
3051 1931 3292 2004 supplex
3345 1947 3496 2000 rogo.
3545 1925 3847 1983 Constantinus

2326 2030 2661 2101 episcopus:
2712 2027 3127 2083 Beatitudinem
3172 2028 3420 2081 vestram
3460 2023 3640 2077 saluto.
3664 2018 3849 2076 Similiter

2327 2128 2385 2178 et
2412 2139 2614 2178 omnes
2634 2121 2882 2194 episcopi
2910 2120 3283 2192 suprascripti
3313 2119 3679 2173 salutaverunt.

2327 2240 2498 2295 XLIX.
2548 2272 2616 2279 —
2661 2239 2909 2308 Epistota
2950 2240 3140 2292 Leonis
3184 2237 3259 2291 ad
3300 2252 3473 2291 omnes
3510 2236 3739 2304 episcopos
3768 2229 3849 2284 Gal-

2595 2312 2796 2365 liarum
2822 2311 2887 2365 de
2916 2310 3267 2364 damnatione
3294 2309 3658 2362 haereticorum.

2331 2392 2341 2403 ’
2400 2406 2507 2461 Leo
2557 2406 2863 2471 RAVENNIO,
2926 2404 3184 2471 RUSTICO,
3242 2403 3503 2468 VENEBIO,
3558 2401 3853 2454 Cosmsnxo.

2325 2501 2563 2569 MAXIMO,
2628 2502 2998 2564 Aauanmmo,
3082 2497 3288 2565 FLoao,
3355 2495 3540 2560 SAMIO,
3611 2492 3852 2547 Vanum

2327 2597 2726 2662 CONSTANTINO,
2773 2594 3066 2657 NECTARIO,
3103 2591 3350 2657 MAXIMO,
3398 2591 3648 2655 ASCLIPIO,
3684 2584 3855 2638 Munia.

2328 2690 2489 2758 Uaso,
2563 2689 2853 2754 lasanum,
2925 2688 3112 2753 Jusro,
3187 2686 3520 2751 VALERIANO,
3585 2681 3855 2735 Serenvm).

2328 2784 2646 2850 CRISAPHIO,
2702 2782 2955 2847 FONTEIO,
3015 2781 3316 2848 Parnomo,
3374 2778 3615 2841 anscro,
3671 2773 3857 2825 Biennio.

2327 2880 2588 2946 EL‘LALIO,
2662 2876 2917 2943 EUTlCEO,
2984 2874 3295 2940 FBATERNO,
3368 2873 3626 2937 Vanruao,
3671 2867 3857 2923 Etenim,
3944 2886 3945 2943 ξ

2327 2973 2580 3041 ΗιιΑιιιο,

2324 3068 2570 3135 Inmane,
2660 3066 2949 3129 HELLADIO,
3015 3065 3394 3129 ABKENTARIO,
3471 3060 3740 3119 HONOBATO,
3792 3050 3854 3102 Ηί-

2327 3175 2542 3227 PARTIO,
2590 3163 2829 3222 Auerno,
2885 3158 3135 3222 Dmxrio,
3182 3156 3506 3221 Maxumo,
3552 3142 3859 3205 Hnnsimoel

588 3200 759 3296 debet
781 3200 984 3308 ﬁdelis,
1018 3200 1097 3294 tut
1137 3243 1463 3295 constanter
1498 3200 1690 3296 teneat
1732 3242 1879 3312 quod
1916 3242 2220 3313 credebat;
2247 3200 2301 3274 Ο
2326 3200 2905 3324 ὲίἶᾷζιοὶιξῶεὲᾎῇίε
2940 3267 3042 3323 per
3070 3200 3273 3305 Gallias
3301 3200 3628 3304 constitutis.

586 3333 758 3390 debet
781 3333 952 3388 etiam
995 3332 1258 3403 inﬁdelis,
1291 3336 1357 3388 ut
1386 3350 1419 3388 a
1447 3334 1686 3405 perﬁdia
1715 3352 1815 3389 sua
1851 3336 2047 3407 agnita
2075 3337 2221 3392 veri-

585 3430 705 3482 tate
732 3426 1003 3495 discedat,
1034 3432 1089 3481 et
1114 3426 1443 3499 apostolica:
1468 3427 1844 3483 institutionis
1870 3430 1996 3485 luce
2027 3430 2220 3501 perfu-

586 3537 681 3576 sus
713 3521 922 3577 erroris
958 3520 1045 3575 sui
1071 3521 1334 3576 tenebras
1371 3520 1752 3594 derelinquat,
1801 3524 2103 3595 magisque
2132 3542 2221 3579 se-

586 3618 797 3687 quatur
841 3620 897 3669 et
935 3614 1127 3670 credat
1172 3614 1325 3686 quod
1388 3630 1492 3687 per
1554 3633 1618 3670 os
1657 3620 1906 3672 vestrum
1951 3620 2225 3675 Dominus

589 3715 783 3765 noster
824 3710 983 3763 Jesns
1024 3708 1277 3764 Christus
1316 3708 1388 3765 de
1431 3716 1782 3766 sacramento
1823 3712 2226 3769 incarnationis

587 3820 703 3859 sua:
730 3803 917 3871 docet,
947 3819 1124 3876 quam
1154 3803 1212 3859 id
1241 3808 1440 3859 teneat
1482 3805 1635 3876 quod
1673 3804 1931 3862 diabolus
1954 3808 2225 3863 humana:

588 3898 786 3953 salutis
811 3900 870 3953 et
892 3897 1146 3952 veritatis
1166 3897 1433 3953 inimicus
1458 3899 1650 3954 stillat.
1674 3899 2035 3971 Optassemus
2052 3902 2225 3958 etiam

588 3992 662 4047 ad
702 3991 884 4046 ﬁlium
929 3995 1183 4046 vestrum
1231 3991 1706 4063 gloriosissimum
1734 4011 1799 4049 ac
1828 3994 2221 4051 ﬁdelissimum

590 4085 909 4156 principem
925 4101 1096 4156 super
1111 4084 1378 4140 eamdem
1392 4102 1623 4140 causam
1638 4087 1856 4142 litteras
1869 4088 2004 4143 dare
2022 4090 2226 4161 quibus

590 4179 1056 4249 congratulantes
1098 4177 1232 4232 ﬁdei
1261 4178 1455 4249 ipsius,
1503 4180 1841 4235 humilitatis
1867 4199 2094 4254 quoque
2120 4202 2222 4239 no-

590 4274 723 4326 stra:
774 4270 1205 4325 sollicitudinem
1252 4288 1368 4343 qua
1410 4289 1505 4327 vos
1547 4272 1606 4327 in
1652 4274 1875 4330 Christo
1926 4278 2228 4348 sequimur

589 4364 985 4437 proderemus,
1015 4364 1124 4419 nisi
1148 4365 1218 4419 ad
1243 4382 1346 4420 nos
1377 4366 1446 4421 de
1468 4366 1840 4424 orientalibus
1867 4372 2069 4428 nuntio
2095 4389 2222 4445 per-

589 4459 707 4514 lato
738 4457 860 4513 ﬁeri
890 4458 997 4513 hoc
1040 4458 1277 4514 minime
1309 4460 1690 4516 necessarium
1732 4469 2081 4534 putaremus.
2109 4468 2223 4523 Me-

2397 3349 2765 3419 Optassemus
2813 3345 3050 3417 quidem
3092 3342 3465 3399 fraternitatis
3507 3342 3685 3395 vestra:
3714 3333 3858 3388 litteras

2325 3460 2391 3498 eo
2419 3447 2676 3512 tempore
2700 3456 2814 3512 quo
2832 3438 3226 3511 promiseratis
3242 3437 3519 3509 accipere,
3542 3439 3597 3488 ut
3616 3420 3859 3503 proiecturis

2323 3537 2395 3592 ad
2422 3536 2713 3592 Orientem
2743 3533 3016 3589 fratribus
3046 3532 3271 3599 nostris,
3317 3548 3457 3604 quos
3485 3529 3553 3584 ad
3581 3527 3784 3582 sanctam
3800 3530 3856 3585 δῖ’

2324 3630 2546 3686 nodum
2586 3629 2707 3683 vice
2753 3633 2944 3683 nostra
2985 3644 3088 3699 pro
3130 3626 3431 3681 catholica:
3476 3623 3597 3678 ﬁdei
3622 3612 3857 3675 defensione

2326 3725 2662 3791 direximus,
2695 3722 2869 3777 etiam
2900 3725 3102 3776 vestrae
3135 3720 3434 3775 sententiae
3462 3713 3707 3790 professio
3724 3710 3859 3780 μηδὲ

2324 3822 2502 3874 retur.
2535 3817 2649 3873 Sed
2693 3833 2826 3872 cum
2870 3817 3051 3871 multa
3084 3815 3379 3870 obstacula
3409 3812 3727 3883 inopinatam
3752 3796 3859 3856 nobi5

2324 3912 2625 3968 intulerint
2650 3911 3000 3980 tarditatem,
3029 3908 3349 3982 quamlibet
3380 3923 3529 3962 seras
3554 3908 3608 3959 et
3631 3901 3714 3956 diu
3732 3905 3859 3963 exspe

2326 4012 2500 4061 ctatas
2526 4006 2789 4077 epistolas
2815 4021 2917 4077 per
2933 4005 3171 4060 fratrem
3191 4008 3249 4058 et
3272 4002 3655 4074 coepiscopum
3677 3995 3857 4083 nostmtn

2327 4100 2667 4171 lngenulum
2700 4103 2991 4171 gratanter
3003 4097 3349 4169 accepimus,
3387 4108 3589 4167 easque
3602 4078 3858 4177 cumgaudiv

2325 4196 2686 4249 recensentes
2707 4193 3091 4265 probavimus,
3123 4192 3269 4247 sicut
3302 4188 3713 4249 conﬁdebamm,
3732 4172 3856 4231 erud"

2327 4288 2482 4344 tione
2522 4289 2766 4360 Spiritus
2809 4288 2990 4342 sancti
3019 4286 3306 4341 caelestem
3346 4286 3409 4339 in
3444 4281 3595 4339 vobis
3622 4277 3771 4347 vigere
3792 4265 3856 4321 ἀο-

2325 4384 2585 4452 ctrinam,
2640 4399 2809 4454 quam
2861 4382 2920 4437 in
2976 4379 3345 4437 orientalibus
3409 4374 3641 4433 ecclesiis
3691 4366 3859 4454 νεβυυξ
3934 4392 3935 4454 i

2328 4477 2501 4532 hostis
2528 4449 2769 4549 antiqui,
2817 4491 2919 4547 per
2955 4491 3049 4531 eos
3083 4491 3224 4547 quos
3266 4489 3536 4545 sequaces
3579 4481 3694 4523 suos
3719 4449 3858 4527 τερεέι

588 4553 711 4648 ritis
726 4558 922 4608 autem
948 4553 1299 4648 apostolatus
1322 4555 1495 4609 vestri
1510 4555 1640 4627 pius
1656 4556 1922 4613 dominus
1940 4562 2222 4632 praestitit,
2245 4576 2306 4648 Ι)
2326 4570 2543 4625 falsitas
2581 4548 2820 4641 fatigare
2864 4575 3062 4625 conata
3126 4572 3232 4636 est,
3288 4584 3421 4623 cum
3469 4560 3711 4620 catholica
3757 4548 3857 4648 ίξάεε·

594 4652 656 4703 ut
682 4647 944 4702 haeresim
968 4647 1093 4719 jam
1123 4647 1220 4702 diu
1246 4648 1463 4702 occulte
1488 4649 1767 4705 nutritam
1787 4653 1988 4708 vestris
2014 4644 2291 4728 tempo-_
2330 4681 2459 4737 quae
2485 4665 2645 4719 nulla
2679 4664 2767 4719 sui
2797 4667 2883 4719 est
2912 4668 3077 4736 parte
3120 4661 3434 4727 mutabilis,
3466 4673 3563 4732 per
3584 4656 3712 4726 ipsas
3730 4644 3856 4702 δάνει-

593 4741 750 4799 ribus
769 4741 1053 4813 proderet.
1082 4742 1165 4797 Ad
1185 4742 1416 4797 laudem
1436 4743 1588 4799 enim
1617 4745 2014 4804 sollicitudinis
2031 4756 2230 4807 vestrae

594 4835 864 4907 pertinet,
897 4836 1048 4907 quod
1078 4836 1365 4892 malorum
1394 4853 1557 4893 error
1581 4840 1759 4895 latere
1786 4858 1900 4909 non
1937 4845 2141 4916 potuit,
2168 4864 2231 4901 ac

596 4928 863 5001 gloriosae
889 4927 1021 4983 ﬁdei
1044 4929 1329 4985 redundat
1356 4931 1513 5001 quod
1537 4948 1702 5003 prava
1732 4938 2023 5005 persuasio
2051 4942 2228 5011 parti-

598 5022 773 5093 cipes,
807 5025 909 5077 aut
938 5038 1051 5077 non
1076 5022 1312 5089 invenit,
1334 5024 1708 5082 autinventos
1738 5030 2233 5106 amisit.Respiciat

598 5118 787 5188 itaque
812 5117 1202 5171 conservando
1226 5120 1608 5188 apostolatum
1635 5132 1885 5180 vestrum
1910 5128 2231 5186 misericors

598 5212 874 5297 Dominus
886 5210 1209 5268 .Ecclesiam
1234 5228 1395 5268 suam
1426 5219 1548 5270 toto
1580 5217 1718 5273 orbe
1754 5218 2038 5279 diffusam.
2065 5224 2232 5279 Vobis

598 5306 754 5362 enim
779 5306 860 5361 ita
879 5303 1325 5377 invigilantibus,
1357 5310 1414 5363 et
1444 5308 1505 5363 hi
1535 5311 1631 5382 qui
1660 5329 1852 5369 curam
1879 5316 2087 5372 animae
2115 5335 2232 5374 sum

601 5404 813 5473 gerunt
860 5398 1215 5454 sollicitiores
1261 5400 1318 5455 in
1375 5400 1487 5457 ﬁde
1541 5404 1877 5476 redduntur,
1917 5414 1975 5464 et
2027 5411 2087 5466 hi
2136 5413 2233 5484 qui

600 5495 771 5567 paulo
800 5493 1025 5549 desides
1058 5498 1209 5561 sunt,
1244 5498 1404 5550 tanto
1439 5497 1509 5552 ad
1555 5499 1989 5559 sollicitudinem
2032 5522 2228 5563 accen-

603 5588 817 5643 duntur
841 5587 1126 5659 exemplo.
1157 5588 1321 5652 Quod
1348 5605 1450 5644 nos
1488 5596 1621 5649 ante
1654 5596 1845 5651 oculos
1869 5613 2100 5671 semper
2127 5601 2229 5657 ha-

604 5681 824 5749 bentes,
846 5697 964 5735 non
986 5680 1313 5736 desinemus
1338 5685 1451 5738 Deo
1462 5701 1524 5739 ac
1549 5688 1787 5743 Domino
1808 5698 2003 5749 nostro
2024 5696 2234 5766 gratias

603 5788 797 5843 agere,
826 5779 883 5828 et
913 5773 1128 5844 pariter
1156 5774 1474 5846 supplicare
1499 5782 1856 5849 gratulantes
1879 5788 2032 5858 quod
2055 5793 2231 5847 tanta:

604 5864 931 5933 sanctitatis,
960 5870 1130 5922 tantae
1167 5867 1320 5937 ﬁdei,
1351 5875 1636 5946 tantaeque
1666 5876 1961 5952 doctrinm,
2000 5888 2229 5956 aposto-

2331 4759 2580 4814 santium
2615 4758 3052 4814 exercitationes
3086 4761 3145 4813 et
3172 4756 3414 4812 validior
3437 4751 3690 4808 eﬂiciatur
3711 4744 3859 4805 semper

2333 4858 2390 4909 et
2426 4853 2630 4909 clarior
2680 4859 2955 4925 operante
2992 4853 3116 4908 haec
3147 4852 3327 4923 gratia
3353 4850 3477 4916 Dei,
3519 4850 3577 4902 ut
3603 4842 3643 4899 si
3674 4832 3860 4911 quifitrte

2329 4948 2401 5003 ad
2450 4948 2570 5003 haec
2610 4947 2835 5003 subtilia
2883 4946 3100 5002 inimici
3153 4947 3341 5018 jacula
3396 4936 3697 4999 declina“da
3737 4927 3862 5023 mimi,

2333 5047 2496 5097 erant
2518 5042 2776 5097 instructi
2803 5042 3109 5113 minusque
3131 5040 3378 5107 solliciti,
3406 5031 3667 5110 perceptis
3688 5022 3863 5081 τεηωω

2329 5135 2523 5202 armis,
2556 5136 2759 5190 ﬁerent
2787 5139 2985 5190 contra
3004 5134 3315 5207 impiorum
3350 5127 3637 5187 mendacia
3658 5117 3861 5177 ἴοι-Ποῖα·
3928 5138 3929 5207 i

2333 5229 2479 5294 Quid
2510 5246 2647 5300 ergo
2694 5229 2838 5285 sicut
2873 5246 3039 5285 causa
3081 5229 3345 5302 poscebat
3398 5223 3648 5281 ﬁduciam
3686 5213 3859 5271 nostum

2331 5340 2504 5396 quam
2549 5323 2621 5379 de
2646 5323 2807 5379 vobis
2847 5323 3125 5379 habemus
3154 5324 3214 5378 in
3250 5320 3490 5378 Domino
3518 5313 3729 5373 ﬁdeliter
3744 5308 3860 5396 θιαυέ

2332 5394 2666 5472 obedienter
2693 5418 2925 5473 auxistis
2952 5418 3135 5473 multa
3163 5415 3533 5473 exsultatione
3553 5394 3863 5481 gaudemus.“t

2333 5512 2539 5566 merito
2570 5528 2671 5566 nos
2716 5511 3108 5584 cognoscimus
3160 5512 3361 5567 fratres
3388 5514 3446 5564 et
3480 5492 3780 5573 coepisOOPi’
3798 5499 3860 5541 “0

2332 5604 2434 5661 tris
2462 5604 2830 5661 orientalibus
2865 5605 3178 5672 intimasse,
3224 5603 3377 5678 quod
3425 5596 3712 5656 secundum
3749 5593 3861 5686 εγω·

2334 5700 2576 5770 εθιίοιιω
2605 5702 2663 5755 εί
2691 5700 3060 5772 δροειοιίοδω
3082 5699 3443 5755 traditionem
3473 5694 3542 5749 de
3556 5684 3862 5747 incarnatione

2331 5794 2552 5849 Domini
2583 5795 2763 5851 nostri
2806 5796 2937 5851 Jesu
2983 5795 3191 5851 Christi
3235 5809 3342 5849 una
3368 5793 3513 5847 esset
3551 5780 3766 5842 omnium
3793 5781 3861 5822 οο·

2333 5892 2514 5943 atrum
2556 5893 2613 5944 et
2642 5889 2944 5946 indiscreta
2993 5889 3314 5959 confessio;
3372 5897 3548 5957 neque
3590 5875 3698 5934 ullis
3718 5872 3862 5925 eorum

2655 2971 2822 3039 Vano,
2878 2972 3135 3036 AMANDO,
3213 2968 3510 3033 Ganoxno,
3559 2965 3857 3018 Pnoccuiuso.
