4026 6182
111 324 217 378 837

1355 323 1827 397 DECRETALIUM
1862 324 2249 381 COLLECTIO.

3380 331 3482 384 838

109 428 596 502 disputationibus
629 428 890 499 detineri,
924 435 989 487 ut
1014 431 1178 488 aliter
1200 432 1413 505 aliquid
1441 435 1511 489 de
1543 436 1752 489 summi
1775 433 2134 523 Aprincipia
2175 432 2401 488 beatum
2440 432 2684 487 Marcum
2713 432 3027 488 beatissimi
3057 433 3209 489 Petri
3239 436 3483 506 apostoli

110 531 171 579 et
197 525 481 580 salutiferi
514 526 855 579 sacramenti
890 525 1123 582 veritate
1158 527 1462 599 sapiamus,
1491 546 1662 601 quam
1690 546 1752 584 ex

109 619 525 690 pradicatione
562 623 886 674 sanctorum
927 622 1180 687 Patrum,
1212 627 1270 677 et
1314 639 1382 677 ex
1421 624 1752 678 auctoritate

108 713 614 767 incommutabilis
632 713 872 785 symboli
893 713 1195 769 didicimus
1216 719 1273 770 et
1290 716 1579 784 docemus,
1602 717 1755 772 dam-

109 806 352 860 natisab
367 805 672 860 universali
689 806 930 861 Ecclesia
952 812 1009 863 et
1028 825 1179 863 nunc
1196 810 1488 881 Eutycheti
1511 815 1567 865 et
1584 814 1755 865 antea

109 899 396 968 Nestorio,
429 916 676 971 quorum
705 900 751 953 si
783 900 909 971 quis
937 918 1051 956 non
1079 902 1327 957 ferendis
1367 903 1754 976 impietatibns

108 994 404 1048 inhaerere
430 993 721 1065 delegerit,
743 994 863 1065 ipse
885 1011 943 1050 se
968 1012 1000 1049 a
1026 1012 1259 1067 corpore
1279 997 1611 1053 Christiana
1635 998 1755 1053 uni-

108 1088 250 1142 tatis
280 1087 543 1143 abscidit.
568 1088 691 1141 Non
718 1087 871 1142 enim
910 1090 1057 1144 ultra
1077 1089 1197 1161 jam
1230 1091 1498 1163 cuiquam
1530 1108 1755 1147 excusa-

110 1182 292 1235 tionis
337 1181 627 1252 refugium
670 1181 740 1235 de
786 1182 1111 1253 ignorantia
1140 1187 1196 1239 et
1226 1184 1540 1254 inscientia,
1566 1188 1655 1241 vel
1686 1188 1755 1243 de

109 1275 522 1347 intelligentia
567 1274 899 1331 difﬁcultate
929 1278 1280 1346 conceditur,
1311 1296 1443 1334 cum
1490 1280 1594 1335 hoc
1635 1281 1755 1353 ipso

109 1372 521 1424 sexcentarum
564 1370 684 1424 fere
726 1370 969 1425 fratrum
1016 1372 1599 1446 coepiscoporumque
1647 1392 1752 1430 no-

110 1467 373 1518 strorum
393 1463 643 1535 synodus
671 1469 1026 1536 congregata
1056 1465 1276 1521 nullam
1302 1469 1751 1524 artem-ratioci-

114 1557 317 1627 nandi,
353 1558 576 1612 nullum
616 1558 911 1630 eloquium
957 1559 1267 1615 disserendi
1314 1566 1508 1617 contra
1542 1563 1753 1618 funda-

110 1654 385 1706 mentum
412 1650 550 1706 ﬁdei
574 1651 848 1723 inspirare
873 1653 1216 1724 promiserit,
1243 1655 1514 1727 quoniam
1545 1657 1751 1712 admit-

111 1744 376 1800 tentibus
418 1762 523 1817 per
562 1745 836 1801 auxilium
882 1747 1079 1819 gratia
1110 1749 1208 1803 Dei
1236 1749 1506 1805 fratribus
1536 1750 1756 1807 vicariis

1854 528 2195 599 discipulum
2225 526 2283 581 in
2311 527 2575 581 omnibus
2603 527 2799 598 utique
2832 527 3103 582 doctrinis
3131 527 3216 582 sui
3244 527 3485 584 doctoris

1854 621 2182 694 magisterio
2200 625 2606 675 consonantem
2624 621 2825 675 habuit
2840 621 3224 687 fundatorem,
3241 638 3483 694 quaque

1852 719 2050 787 postea
2070 714 2480 770 recentioribus
2498 730 2531 768 a
2554 718 2743 768 nostra
2762 718 2927 769 atate
2950 715 3301 787 temporibus
3319 717 3485 770 Atha-

1853 810 2099 881 nasium,
2136 808 2536 880 Theophilum,
2578 814 2634 863 et
2675 807 2932 878 proxime
2970 809 3241 879 Cyrillum
3276 810 3479 881 proba-

1856 878 2095 957 tissimos
2116 878 2385 974 prasules
2406 901 2629 969 habuit,
2658 900 2950 973 indignam
2978 878 3358 973 captivitatem
3383 903 3485 957 sub

1855 996 2107 1051 haeretici
2156 995 2547 1051 dominatione
2599 998 2909 1067 pateretur.
2964 995 3124 1050 Unde
3173 996 3487 1052 secundum

1854 1106 2126 1162 magnam
2154 1088 2606 1144 misericordiam
2629 1089 2729 1143 Dei
2754 1088 3045 1142 universos
3072 1089 3285 1143 diaboli
3310 1106 3483 1144 cona-

1856 1186 1967 1254 tus,
2000 1184 2209 1255 quibus
2252 1183 2558 1237 Ecclesiam
2602 1181 2831 1237 Domini
2875 1182 3217 1236 conturbare
3257 1183 3487 1237 molitus

1855 1283 1959 1343 est,
2008 1277 2275 1331 noveritis
2320 1293 2442 1330 esse
2488 1277 2817 1331 destructos.
2868 1276 3103 1331 Reddite
3156 1275 3331 1346 igitur
3374 1278 3487 1331 Deo

1858 1371 2085 1443 gratias,
2108 1371 2311 1424 fratres
2337 1369 2674 1435 charissimi,
2698 1369 2931 1440 dignam
2973 1369 3285 1441 gratiarum
3314 1370 3486 1423 actio-

1859 1482 2012 1527 nem,
2052 1470 2109 1518 et
2151 1470 2274 1519 onet
2323 1463 2620 1518 nobiscum
2664 1468 2846 1517 vestra
2886 1463 3137 1527 dilectio,
3178 1467 3243 1516 ut
3290 1462 3492 1518 fratres

1856 1565 2097 1625 nostros,
2129 1575 2273 1629 quos
2320 1558 2665 1628 exspectatio
2710 1562 2902 1611 nostra
2943 1556 3241 1627 desiderat,
3270 1557 3490 1611 incolu-

1856 1668 1978 1708 mes
2004 1668 2174 1724 quam
2208 1652 2460 1723 primum
2496 1650 2726 1705 rediisse
2753 1650 3039 1720 latemur,
3065 1655 3119 1705 et
3137 1650 3207 1704 de
3228 1650 3491 1706 omnibus

1856 1746 2261 1819 qua,Domino
2294 1745 2621 1816 adjuvante,
2642 1749 2775 1799 sunt
2807 1748 2970 1815 gesta
3003 1743 3227 1815 plenius
3250 1761 3346 1799 vos
3370 1761 3494 1816 pos-

112 1840 353 1908 nostris,
382 1855 627 1911 quorum
663 1841 992 1912 plenissima
1027 1842 1241 1898 exstitit
1265 1844 1323 1898 in
1351 1844 1507 1899 omni
1535 1846 1755 1901 actione
1778 1838 1834 1910 B
1857 1857 2048 1895 scmus
2077 1840 2380 1894 instruere.
2414 1840 2553 1893 Nam
2589 1839 2822 1893 fratrem
2862 1837 3201 1909 lngenulum
3226 1837 3493 1892 nolumus

109 1933 368 2000 devotio,
403 1949 520 1988 non
563 1934 751 1988 solum
792 1936 1174 1991 sacerdotibus
1209 1938 1433 2006 Christi,
1462 1940 1559 1994 sed
1588 1941 1755 1995 etiam

109 2027 479 2099 principibus
523 2030 579 2082 et
622 2028 993 2099 potestatibus
1038 2030 1392 2101 Christianis,
1428 2034 1754 2106 cunctisque

110 2122 365 2189 clericis,
397 2121 680 2192 plebibus,
709 2121 1025 2191 ordinibus,
1062 2123 1228 2194 plene
1258 2130 1430 2196 atque
1466 2126 1759 2182 evidenter

111 2215 392 2286 apparuit
435 2216 581 2270 hanc
625 2232 746 2270 esse
786 2232 917 2271 vere
950 2218 1313 2288 apostolicam
1352 2218 1523 2275 ﬁdem
1563 2237 1631 2276 ex
1669 2221 1754 2275 di-

110 2309 262 2363 vina
291 2308 523 2379 pietatis
546 2309 702 2363 fonte
730 2313 1082 2379 manantem,
1105 2328 1280 2383 quam
1302 2312 1580 2369 sinceram
1606 2318 1663 2371 et
1690 2316 1759 2371 ab

112 2402 285 2456 omni
331 2402 459 2457 fece
504 2403 676 2457 totius
707 2403 914 2458 erroris
942 2404 1189 2459 alienam
1221 2406 1385 2477 (sicut
1420 2408 1758 2479 accepimus)

110 2495 527 2567 pradicamus,
557 2501 615 2551 et
639 2497 902 2552 universo
938 2498 1065 2569 jam
1108 2500 1325 2555 mundo
1366 2502 1759 2557 consentiente

111 2591 517 2660 defendimus,
546 2593 834 2648 exstinctis
854 2596 971 2649 toto
991 2593 1128 2650 orbe
1150 2594 1518 2668 dogmatibus
1531 2614 1657 2670 qua
1674 2600 1759 2654 vel

112 2686 460 2757 pracedens
506 2687 805 2743 hareticus
850 2704 1020 2743 ausus
1061 2693 1146 2744 est
1188 2689 1399 2745 inferre
1434 2693 1521 2747 vel
1560 2693 1758 2748 subse-

110 2797 327 2851 quens,
363 2780 627 2835 dissimili
670 2781 902 2852 quidem
948 2788 1289 2854 commento,
1322 2785 1423 2839 sed
1465 2785 1759 2858 impietate

110 2874 405 2945 compari.
448 2875 589 2929 Nam
644 2875 789 2929 sicut
834 2876 1124 2932 Nestorius
1176 2895 1290 2933 non
1342 2885 1428 2935 est
1468 2882 1758 2950 toleratus,

109 2969 424 3023 affirmans
477 2969 704 3024 beatam
761 2970 995 3025 Mariam
1060 2971 1309 3027 hominis
1363 2976 1760 3031 tantummodo

112 3059 295 3112 fuisse
319 3057 663 3129 genitricem
691 3059 789 3133 qui
826 3061 1191 3132 postmodum
1220 3062 1291 3117 sit
1319 3080 1352 3117 a
1381 3064 1563 3119 Verbo
1584 3065 1758 3120 deita-

110 3148 188 3202 tis
247 3152 563 3219 susceptus,
612 3148 832 3204 duabus
877 3150 1087 3206 scilicet
1129 3152 1346 3207 naturis
1389 3170 1455 3208 ex
1507 3156 1764 3225 personis

113 3213 434 3309 distinctis,
477 3213 558 3296 uti
586 3259 773 3314 neque
819 3243 938 3315 ipse
987 3249 1134 3299 esset
1182 3246 1334 3301 filius
1382 3213 1628 3303 hominis
1668 3213 1839 3320 quiC

112 3336 300 3390 Filius
332 3335 453 3403 Dei,
486 3352 591 3392 nec
616 3353 765 3392 unus
787 3337 1041 3393 Christus
1065 3340 1125 3394 in
1154 3342 1397 3413 utraque
1423 3347 1645 3412 natura,
1668 3344 1765 3398 sed

107 3429 275 3484 alter
302 3429 683 3500 sempiternus
711 3447 778 3486 ex
805 3433 988 3503 Patre,
1020 3434 1163 3489 alter
1187 3436 1518 3507 temporalis
1549 3454 1616 3492 ex
1646 3453 1765 3492 ma-

110 3529 231 3593 tre,
270 3539 406 3577 cum
431 3525 755 3596 evangelica
785 3527 1091 3581 auctoritas
1117 3527 1196 3583 ita
1222 3529 1467 3587 Verbum
1494 3530 1767 3602 pradicet

109 3633 371 3672 carnem
424 3618 661 3687 factum,
711 3624 770 3675 ut
823 3638 936 3675 non
985 3622 1125 3676 duos
1167 3622 1419 3678 Christos
1470 3641 1574 3679 nec
1624 3625 1766 3680 duos

109 3711 294 3775 ﬁlios,
338 3711 440 3765 sed
482 3713 544 3766 in
594 3730 705 3767 uno
747 3715 989 3770 Domino
1036 3717 1169 3771 Jesu
1208 3718 1429 3772 Christo
1469 3722 1526 3773 et
1571 3719 1669 3774 Dei
1710 3724 1768 3775 et

109 3804 387 3861 hominis
412 3805 579 3861 nobis
603 3807 855 3864 insinuet
886 3810 1202 3878 veritatem,
1229 3815 1296 3867 ut
1321 3812 1615 3885 utriusque
1642 3814 1767 3869 sub-

110 3899 382 3965 stantia,
414 3899 473 3954 id
518 3904 621 3969 est,
658 3902 919 3958 salvantis
967 3909 1140 3976 atque
1189 3906 1438 3975 salvata,
1486 3924 1591 3962 nec
1634 3925 1762 3979 pro-

110 3994 344 4065 prietas
370 3994 545 4064 possit
569 3996 867 4066 confundi,
894 4014 1000 4052 nec
1017 4015 1262 4068 persona
1285 4000 1588 4071 geminari.
1611 4002 1767 4057 Sicut

112 4103 273 4159 ergo
314 4088 601 4142 Nestor-ius
627 4088 685 4143 in
712 4106 816 4144 suo
846 4090 1113 4162 dogmate
1160 4093 1546 4161 exsecrabilis,
1590 4094 1668 4149 sic
1713 4100 1767 4150 et

110 4181 415 4253 Eutyches
453 4181 789 4237 damnatum
840 4184 976 4239 olim
1031 4190 1277 4241 sectatus
1322 4204 1611 4255 errorem,
1657 4189 1767 4244 alia

110 4273 474 4345 profanitate
489 4275 895 4348 blasphemaus
917 4295 950 4331 a
975 4279 1272 4335 catholica
1293 4280 1592 4335 soliditatis
1618 4300 1767 4338 com-

114 4385 277 4441 page
330 4372 617 4424 resecatus
664 4375 767 4440 est,
813 4371 949 4444 quia
998 4372 1241 4429 indoctis
1285 4375 1625 4447 quibusdam
1677 4376 1763 4431 ni-

110 4463 426 4534 miumque
451 4463 797 4534 simplicibus
816 4467 1161 4537 persuadere
1182 4470 1423 4523 tentavit
1445 4470 1599 4542 quod
1627 4472 1762 4525 Ver-

1858 1936 1965 1989 hac
2020 1934 2438 2005 exspectatione
2482 1931 2721 1999 tardari,
2754 1948 2881 1985 cum
2913 1931 2983 1985 ob
3014 1931 3120 1986 hoc
3148 1932 3336 2002 ipsum
3366 1948 3493 2002 pro-

1859 2028 2111 2100 peratius
2153 2043 2410 2083 remeare
2450 2025 2729 2091 debuerit,
2760 2042 2863 2079 nec
2904 2024 3115 2079 diutius
3154 2025 3310 2079 vobis
3348 2031 3493 2081 esset

1858 2121 2152 2193 incognita
2176 2120 2430 2176 omnium
2453 2119 2693 2174 materia
2716 2118 3221 2191 gaudiorum,qua
3234 2120 3492 2174 volumus

1860 2233 1964 2288 per
1983 2233 2182 2271 curam
2208 2214 2526 2271 dilectionis
2544 2217 2745 2268 vestra
2766 2213 2937 2267 etiam
2953 2214 3023 2268 ad
3037 2213 3246 2268 fratres
3273 2217 3496 2269 nostros

1860 2310 2146 2382 Hispania
2186 2310 2480 2381 episcopos
2513 2307 2833 2380 pervenire,
2863 2311 2928 2361 ut
2954 2308 3105 2379 quod
3129 2309 3271 2363 Deus
3291 2324 3492 2379 opera-

1862 2407 1952 2458 tus
1977 2408 2081 2471 est,
2115 2403 2256 2458 nulli
2288 2420 2411 2457 esse
2442 2401 2619 2474 possit
2642 2401 3027 2473 incognitum.
3060 2403 3200 2456 Data
3226 2402 3497 2457 Kalendis

1863 2497 2171 2566 Februarii,
2201 2497 2518 2551 Herculano
2551 2496 2670 2549 viro
2691 2495 3006 2550 clarissimo
3032 2496 3278 2550 consule.

1898 2590 2086 2665 207
2134 2592 2194 2646 L.
2222 2623 2290 2630 --
2322 2592 2410 2646 Ad
2436 2593 2773 2646 Martianum
2799 2590 3107 2659 Augustum
3139 2591 3205 2644 de
3233 2590 3457 2646 Pascha.

1931 2687 2066 2739 Tam
2095 2685 2289 2739 multis
2317 2684 2675 2739 documentis
2714 2699 2816 2754 per
2853 2699 3054 2738 omnes
3083 2683 3289 2738 Christi
3318 2684 3495 2739 eccle-

1862 2781 1972 2835 sias
1996 2779 2139 2834 tides
2164 2786 2363 2834 vestra
2390 2778 2621 2851 pietatis
2650 2777 2921 2846 innotuit,
2958 2783 3018 2832 ut
3054 2778 3099 2831 si
3125 2778 3263 2848 quid
3289 2779 3495 2833 sollici-

1863 2875 2125 2930 tudinum
2160 2890 2267 2946 pro
2298 2872 2587 2928 communi
2624 2871 2905 2943 religione
2935 2875 3261 2942 generatur,
3290 2873 3498 2928 merito

1861 2973 2112 3024 vestrum
2155 2970 2372 3039 quarat
2410 2966 2707 3022 auxilium.
2742 2966 2808 3020 Et
2849 2964 2985 3037 quia
3022 2982 3244 3021 memor
3270 2966 3495 3038 dispen-

1863 3062 2115 3131 sationis,
2150 3062 2291 3116 mihi
2336 3061 2567 3125 credite,
2618 3076 2849 3115 necesse
2889 3058 3076 3114 habeo
3118 3076 3282 3115 curas
3317 3077 3499 3130 meas,

1865 3158 2041 3213 etiam
2067 3157 2124 3211 in
2157 3173 2223 3211 ea
2254 3172 2383 3227 qua
2412 3158 2543 3210 sunt
2570 3155 2784 3223 futura,
2825 3154 3197 3225 pramittere,
3239 3171 3356 3210 non
3387 3155 3496 3210 im-

1864 3252 2040 3324 probe
2069 3251 2234 3322 cnpio
2255 3249 2569 3304 clementia
2595 3253 2794 3302 vestra
2817 3247 3019 3303 studiis
3040 3247 3317 3319 adjuvari,
3351 3253 3414 3304 ut
3440 3249 3498 3304 in

1867 3364 1933 3401 ea
1965 3344 2342 3414 observantia,
2374 3360 2502 3415 qua
2536 3346 2687 3397 certa
2723 3358 2948 3413 semper
2978 3340 3200 3397 ratione
3227 3343 3496 3409 variatur,

1866 3440 2007 3495 nihil
2038 3438 2216 3511 possit
2244 3437 2453 3492 erroris
2484 3436 2718 3490 incurri.
2749 3434 3011 3490 Paschale
3046 3435 3257 3489 etenim
3290 3436 3498 3490 festum

1867 3552 1979 3606 quo
2007 3534 2434 3588 sacramentum
2453 3530 2650 3584 salutis
2673 3529 2938 3583 humana
2966 3528 3212 3583 maxime
3240 3529 3495 3583 contine-

1866 3632 1980 3698 tur,
2014 3626 2276 3701 quamvis
2306 3625 2364 3680 in
2389 3624 2575 3697 primo
2608 3640 2840 3695 semper
2870 3639 3067 3677 mense
3098 3623 3500 3678 celebrandum

1868 3723 1957 3791 sit,
1986 3722 2064 3776 ita
2092 3726 2286 3777 tamen
2327 3723 2410 3775 est
2456 3718 2672 3773 lunaris
2718 3734 2916 3772 cursus
2958 3716 3286 3771 conditione
3312 3722 3499 3772 muta-

1867 3817 2002 3886 bile,
2025 3819 2090 3870 ut
2117 3816 2454 3887 plerumque
2481 3810 2845 3867 sacratissimi
2876 3810 2987 3865 diei
3013 3810 3283 3881 ambigua
3308 3815 3501 3866 currat

1866 3910 2092 3980 electio,
2121 3914 2177 3965 et
2207 3926 2271 3963 ex
2297 3909 2403 3963 hoc
2429 3906 2529 3961 ﬁat
2554 3907 2892 3978 plerumque
2923 3904 3077 3976 quod
3107 3920 3225 3959 non
3258 3905 3411 3975 licet,
3440 3910 3502 3960 ut

1865 4022 1981 4060 non
2007 4004 2179 4059 simul
2206 4002 2394 4058 omnis
2421 4000 2682 4069 Ecclesia,
2705 4000 2859 4072 quod
2886 3998 3132 4063 non,nisi
3165 4015 3349 4053 unum
3380 4015 3500 4054 esse

1867 4101 2115 4172 oportet,
2144 4098 2422 4152 observet.
2452 4094 2849 4165 Studuereque
2886 4092 3064 4147 sancti
3104 4094 3297 4147 Patres
3334 4110 3498 4148 occa-

1867 4193 2085 4249 sionem
2116 4191 2288 4262 hujus
2323 4188 2530 4245 erroris
2561 4189 2785 4243 auferre
2811 4205 2825 4255 ;
2867 4203 3099 4243 omnem
3132 4188 3278 4241 hanc
3304 4203 3498 4241 curam

1865 4286 2248 4343 Alexandrino
2308 4284 2572 4357 episcopo
2626 4281 2979 4353 delegantes,
3021 4281 3291 4353 quoniam
3348 4281 3499 4352 apud

1865 4380 2153 4453 Egyptios
2180 4380 2350 4449 hujus
2379 4375 2796 4449 supputationis
2816 4374 3129 4446 antiquitus
3159 4372 3363 4429 tradita
3380 4390 3498 4431 esse

1866 4475 2160 4530 videbatur
2188 4472 2412 4544 peritia,
2443 4488 2545 4543 per
2579 4487 2753 4543 quam
2785 4469 2884 4541 qui
2920 4468 3084 4522 annis
3110 4468 3347 4538 singulis
3381 4467 3499 4521 dies

110 4556 269 4611 bum
307 4556 404 4611 Dei
449 4556 531 4612 ita
572 4574 705 4613 caro
750 4559 821 4614 sit
858 4560 1092 4629 factum,
1116 4564 1180 4616 ut
1208 4579 1404 4618 veram
1437 4580 1667 4620 carnem
1695 4565 1765 4619 de
1786 4597 1845 4668 D
1867 4568 2154 4640 praedicta
2184 4565 2555 4620 solemnitatis
2586 4564 2858 4631 eveniret,
2894 4561 3029 4617 Sedi
3070 4560 3393 4631 apostolica
3421 4560 3501 4664 in-

112 4656 326 4706 ventre
381 4651 623 4723 Virginis
673 4671 789 4709 non
842 4656 1172 4727 sumpserit,
1227 4674 1331 4712 nec
1376 4658 1552 4713 nostri
1604 4651 1841 4714 illum"
1868 4663 2171 4731 dicaretur,
2212 4660 2383 4731 hujus
2432 4658 2627 4729 scripti
2666 4657 2737 4711 ad
2781 4654 3210 4725 longinquiores
3239 4654 3501 4709 ecclesias

109 4744 361 4816 generis
386 4761 595 4818 corpus
620 4747 899 4817 habuisse,
928 4749 1030 4804 sed
1059 4750 1369 4806 divinitatis
1401 4753 1526 4824 ejus
1562 4757 1618 4809 et
1652 4771 1768 4809 car-

111 4840 210 4894 nis
263 4856 379 4894 una
417 4843 566 4895 esset
608 4844 831 4912 natura,
858 4847 923 4898 ut
954 4861 1135 4898 unum
1171 4845 1473 4902 Dominum
1508 4854 1764 4904 nostrum

104 4935 320 4989 Jesum
373 4937 429 4988 et
470 4934 676 4990 falsum
722 4936 1018 4993 hominem
1064 4944 1122 4994 et
1168 4940 1347 4994 Deum
1397 4941 1605 4997 diceret
1646 4960 1766 4997 esse

112 5027 476 5099 passibilem.
516 5028 679 5093 Quod
712 5047 815 5086 nec
846 5031 1022 5103 pietas
1052 5033 1205 5103 ﬁdei,
1243 5050 1349 5090 nec
1387 5035 1531 5090 ratio
1568 5037 1769 5108 recipit

111 5122 492 5190 sacramenti,
541 5128 609 5179 ut
644 5129 743 5180 aut
788 5126 848 5180 in
890 5144 990 5181 sua
1034 5133 1238 5183 natura
1281 5129 1560 5200 passibilis
1597 5130 1770 5185 fuerit

112 5215 332 5283 deitas,
354 5222 453 5271 aut
484 5217 546 5272 in
570 5221 930 5292 susceptione
962 5222 1216 5277 humana
1254 5224 1492 5280 mentita
1524 5224 1595 5280 sit
1621 5224 1765 5280 veri-

114 5320 230 5369 tas.
273 5314 417 5379 Qua
461 5312 873 5369 diabolicorum
914 5331 1186 5371 sensuum
1236 5318 1564 5391 prodigiosa
1606 5336 1766 5375 com-

116 5412 369 5476 menta,
420 5411 614 5462 sancta
668 5425 822 5463 nunc
874 5411 1121 5481 synodus
1170 5411 1509 5467 humilitatis
1558 5417 1767 5468 nostra

115 5501 359 5572 scriptis
418 5500 755 5557 auctoritate
819 5502 1038 5559 domini
1092 5505 1207 5560 mei
1256 5506 1570 5562 beatissimi
1620 5508 1769 5563 Petri

118 5595 397 5668 apostoli,
431 5599 493 5651 et
534 5597 740 5652 merito
774 5598 1052 5655 roboratis
1092 5600 1357 5670 religiosa
1393 5601 1769 5658 unanimitate

117 5690 493 5745 consentiens
514 5689 897 5748 abominanda
926 5694 998 5749 ab
1025 5694 1273 5750 Ecclesia
1299 5694 1395 5750 Dei
1434 5696 1768 5768 amputavit.

118 5784 465 5840 Dioscorum
495 5800 724 5857 quoque
746 5789 1191 5847 Alexandrinum
1231 5790 1290 5846 in
1329 5807 1430 5846 sua
1476 5790 1772 5864 impietate

120 5882 493 5946 manentem,
510 5894 582 5933 ne
604 5878 700 5935 illa
722 5882 967 5940 Ecclesia
1001 5901 1130 5956 qua
1157 5887 1309 5944 inter
1342 5886 1462 5961 ipsa
1489 5887 1774 5960 Evangelii

1861 4756 2142 4828 judicium
2163 4752 2507 4827 generaliter
2526 4749 2801 4823 percurri.
2834 4748 2943 4803 Sed
2972 4752 3176 4802 sancta
3204 4746 3499 4803 memoria

1866 4850 2213 4921 Theophilus
2259 4844 2649 4902 Alexandrina
2694 4841 2941 4898 ecclesia
2993 4841 3147 4896 urbis
3202 4842 3501 4914 episcopus

1868 4962 1998 5001 cum
2028 4944 2199 5015 hujus
2225 4940 2633 4997 observationis
2652 4954 2834 4993 annos
2855 4941 3084 4992 centum
3110 4952 3350 4991 numero
3390 4936 3503 4991 col-

1867 5040 2116 5112 legisset,
2147 5033 2572 5109 septuagesimo
2599 5035 2760 5087 sexto
2790 5030 3058 5103 paschale
3091 5029 3303 5085 festum
3327 5030 3500 5102 longe

1867 5134 2032 5190 aliter
2045 5148 2220 5204 quam
2232 5129 2326 5185 alii
2340 5128 2709 5184 decreverant
2720 5124 3037 5181 tenendum
3051 5140 3171 5180 esse
3186 5124 3497 5191 constituit,

1869 5246 1904 5286 a
1932 5228 2122 5301 primo
2150 5227 2409 5297 augusta
2448 5221 2746 5277 memoria
2782 5219 3077 5276 Theodosii
3104 5219 3345 5274 senioris
3374 5234 3501 5272 con-

1868 5325 2074 5392 sulatu,
2106 5318 2479 5377 succedentes
2511 5316 2616 5372 sibi
2658 5331 2830 5370 sacra
2872 5312 3245 5369 observantia
3273 5310 3500 5365 ordines

1870 5435 2111 5490 ponens,
2146 5421 2208 5471 ut
2243 5410 2520 5484 longioris
2564 5408 2837 5482 temporis
2860 5408 3004 5464 ratio
3035 5407 3158 5478 ejus
3190 5403 3390 5459 litteris
3415 5404 3496 5457 te-

1869 5516 2105 5568 neretur
2129 5508 2393 5580 ascripta,
2430 5506 2591 5577 cujus
2626 5501 3027 5576 complexionis
3053 5495 3503 5570 septuagesimus

1872 5611 1928 5663 et
1946 5611 2184 5679 quartus
2214 5606 2298 5659 est
2318 5617 2533 5667 annus;
2556 5600 2615 5655 in
2644 5615 2756 5670 qua
2782 5594 2962 5668 pridie
2994 5593 3121 5648 ldus
3141 5590 3345 5663 Aprilis
3369 5605 3498 5644 san-

1872 5704 2027 5755 ctum
2060 5698 2270 5754 Pascha
2303 5693 2732 5760 celebravimus,
2758 5687 3017 5761 sequenti
3041 5702 3177 5742 vero
3203 5700 3356 5739 anno
3384 5683 3504 5755 pri-

1874 5795 1967 5851 die
1999 5795 2184 5849 Nonas
2198 5790 2405 5864 Aprilis
2426 5789 2655 5856 eadem,
2673 5783 2922 5857 propitio
2951 5782 3086 5851 Deo,
3112 5778 3223 5836 erit
3246 5777 3511 5834 habenda

1874 5888 2167 5953 festivitas,
2196 5885 2341 5940 sicut
2377 5881 2715 5952 regulariter
2740 5875 3083 5932 centenaria
3112 5889 3393 5929 annorum
3428 5889 3518 5927 ra-
