4026 6182
595 337 696 390 839

1470 326 1754 386 APPEND.
1795 330 1885 384 AD
1921 329 2080 384 S/EC.
2122 328 2208 384 1X.
2240 357 2308 369 ——
2345 329 2584 386 lSlDORl
2625 328 3047 386 MERCATORIS
3752 336 3825 388 85.0

594 440 766 496 tionis
789 441 926 495 ordo
965 437 1233 495 declarat.
1263 438 1374 495 Sed
1412 439 1472 494 in
1499 455 1651 494 anno
1672 438 1769 510 qui
1794 438 1901 493 erit
1927 441 2223 509 septuage-
2245 451 2303 524 Α
2323 439 2499 495 cultui
2525 440 2829 511 dignanter
2856 438 3168 510 impendat,
3189 443 3251 493 ut
3277 453 3368 492 eos
3395 438 3480 509 qui
3512 438 3654 509 hujus
3675 456 3827 512 suppu-

595 535 769 589 simus
784 538 976 589 sextus
997 534 1227 589 Pascha:
1248 534 1369 589 dies
1389 533 1711 588 invenietur
1730 532 2030 604 ascriptus,
2051 548 2221 604 quem

594 647 627 682 a
653 627 911 699 passione
936 627 1158 683 Domini
1188 628 1401 682 nullius
1421 626 1684 697 exempli,
1715 626 1922 681 nullius
1948 626 2223 681 constitu-

594 722 764 777 tionis
812 721 1063 777 admittit
1098 721 1423 777 auctoritas.
1461 722 1602 775 Nam
1639 720 1794 775 diem
1823 725 2085 775 octavum
2115 721 2224 775 Ka-

590 816 887 872 lendarum
918 816 1193 871 Maiarum
1226 815 1296 870 ab
1332 831 1397 870 eo
1437 813 1835 885 cognoscimus
1854 813 2223 885 praeﬁnitum,

591 910 690 982 qui
735 910 870 964 anni
919 910 1159 964 limitem
1207 908 1522 979 antiquitus
1563 907 1932 962 constitutum
1984 906 2225 975 excedit,

592 1020 725 1057 cum
765 1003 859 1057 alii
890 1003 1090 1074 quinto
1133 1002 1354 1058 decimo
1386 1001 1773 1057 Kalendarum
1801 1001 2070 1056 Maiarum
2092 1000 2226 1055 huic

592 1096 881 1164 festivitati
903 1096 1301 1168 deputaverint
1322 1096 1491 1151 diem.
1516 1094 1804 1167 Siquidem
1828 1094 1899 1149 ab
1922 1094 2224 1149 undecimo

594 1191 976 1246 Kalendarum
998 1189 1278 1261 Aprilium
1299 1206 1477 1263 usque
1506 1190 1563 1244 in
1595 1189 1817 1245 decimo
1840 1189 2226 1244 Kalendarum

591 1284 863 1341 Maiarum
901 1283 1230 1355 legitimum
1273 1285 1518 1356 spatium
1560 1283 1630 1339 sit
1672 1282 2042 1355 praeﬁnitum.
2074 1283 2227 1337 Intra

592 1378 749 1449 quod
781 1378 1037 1434 omnium
1065 1377 1403 1433 varietatum
1432 1376 1734 1432 necessitas
1753 1376 2140 1442 concludatur,
2160 1379 2227 1429 ut

593 1471 808 1526 Pascha
828 1471 1208 1541 Dominicum,
1232 1488 1335 1527 nec
1378 1471 1537 1542 prius
1570 1469 1853 1542 possimus
1884 1469 2092 1524 habere
2124 1485 2226 1522 nec

593 1565 827 1620 tardius.
850 1564 1013 1629 Quod
1040 1565 1193 1620 enim
1225 1564 1283 1619 in
1311 1565 1599 1620 decimum
1625 1567 1681 1618 et
1700 1564 1759 1618 in
1785 1579 2003 1618 nonum
2028 1563 2227 1617 Kalen-

594 1660 793 1714 darum
822 1658 1095 1715 Maiarum
1138 1658 1406 1714 videntur
1445 1674 1867 1729 nonnunquam
1904 1657 2226 1729 pervenisse

594 1753 886 1821 festivitas,
921 1753 1171 1824 quadam
1190 1753 1415 1808 ratione
1441 1752 1791 1808 defenditur.
1815 1751 1958 1816 Quia
1985 1751 2088 1806 etsi
2109 1751 2225 1806 dies

2325 534 2556 590 tationis
2573 534 2882 606 perfectam
2897 532 3162 587 videntur
3175 532 3374 586 habere
3384 532 3635 599 notitiam,
3646 532 3692 587 in
3702 550 3829 588 unum

2317 629 2519 698 jubeat
2558 627 2880 695 convenire,
2916 632 2973 683 et
3017 626 3316 698 diligenter
3361 625 3634 696 inquirere,
3658 644 3713 681 ne
3732 628 3831 681 forte

2326 723 2448 777 hzec
2474 721 2727 776 deﬁnitio
2748 724 3031 789 teneatur,
3064 725 3123 775 et
3150 720 3241 774 hic
3266 735 3504 774 excessus
3525 720 3609 791 qui
3625 720 3835 790 prioribus

2326 816 2548 871 videtur
2571 832 2900 889 repugnare
2935 813 3287 886 temporibus
3324 817 3517 868 nostrae
3551 814 3834 867 conuiveutia

2326 910 2411 965 vel
2437 909 2807 982 negligentia:
2838 908 3164 980 deputetur,
3198 912 3253 962 et
3292 906 3387 961 fiat
3419 907 3473 960 in
3505 906 3680 960 nostris
3702 906 3835 961 diebus

2326 1004 2477 1076 quod
2524 1019 2819 1075 nunquam
2865 1007 2997 1057 ante
3042 1005 3443 1073 praesumptum
3472 1002 3564 1054 est.
3601 998 3717 1063 Quia
3748 1016 3834 1053 vero

2326 1101 2548 1170 oportet
2574 1097 2988 1163 fraternitatem
3020 1100 3178 1151 tuam
3209 1111 3354 1149 curae
3380 1093 3528 1147 istius
3552 1108 3734 1147 mecum
3757 1110 3834 1147 esse

2325 1191 2679 1264 participem,
2718 1194 2775 1245 et
2811 1207 2885 1244 ne
2919 1189 3057 1261 quid
3081 1189 3194 1244 tale
3221 1188 3429 1244 accidat
3455 1202 3739 1258 praecavere,
3759 1203 3835 1239 ore»

2324 1285 2482 1339 brius
2509 1284 2931 1356 religiosissimo
2979 1288 3036 1338 et
3080 1282 3403 1337 ﬁdelissimo
3438 1279 3653 1353 principi
3675 1279 3837 1350 dignam

2327 1394 2656 1451 suggerere,
2685 1381 2749 1432 ut
2790 1377 3274 1432 indissimulanter
3303 1375 3494 1446 jubeat
3524 1373 3757 1444 Egyptios
3776 1372 3836 1424 ad-

2327 1489 2584 1538 monere,
2613 1489 2687 1526 ne
2733 1472 2790 1525 in
2827 1487 3070 1526 summie
3108 1469 3422 1524 festivitatis
3459 1468 3563 1537 die,
3588 1470 3669 1521 aut
3689 1465 3838 1519 dissen-

2327 1567 2483 1622 sione
2516 1567 2725 1638 aliqua,
2753 1568 2851 1619 aut
2875 1564 3327 1636 transgressione
3352 1567 3611 1634 peccetur.
3641 1557 3839 1628 Quidquid

2325 1666 2518 1716 autem
2547 1660 2617 1713 de
2647 1660 2752 1713 hac
2796 1675 2857 1715 re
2901 1658 3231 1730 diligentius
3262 1656 3580 1728 investigare
3608 1650 3839 1708 sollicitudo

2327 1758 2512 1810 vestra
2540 1753 2812 1826 potuerit,
2841 1753 2950 1808 cito
2976 1752 3046 1808 ad
3078 1752 3345 1806 notitiam
3385 1765 3559 1805 meam
3597 1745 3839 1819 gloriosissi-

594 1846 1022 1903 resurrectionis
1060 1849 1208 1902 ultra
1237 1847 1550 1902 terminum
1594 1846 1823 1901 videtur
1865 1844 2063 1911 exisse,
2106 1843 2226 1899 dies
2245 1838 2302 1911 B
2326 1865 2455 1905 mus
2484 1848 2800 1919 imperator
2827 1847 3030 1918 jubeat
3067 1844 3383 1916 pervenire,
3415 1843 3537 1915 quia
3561 1847 3610 1896 et
3632 1841 3690 1895 ad
3710 1838 3839 1909 ipsius.

594 1945 789 1995 tamen
836 1940 1117 2013 passionis
1158 1940 1401 1995 limitem
1448 1940 1696 2012 positum
1744 1955 1859 1993 non
1904 1937 2226 1993 invenietur

593 2051 874 2106 egressus.
905 2035 987 2092 Ad
1026 2038 1290 2090 octavum
1318 2038 1510 2089 autem
1545 2032 1927 2088 Kalendarum
1953 2031 2223 2087 Maiarum

592 2129 909 2200 paschalem
929 2128 1348 2183 observantiam
1362 2128 1673 2199 perducere
1694 2126 1868 2182 nimis
1894 2125 2143 2181 insolens
2170 2130 2226 2180 et

592 2225 793 2294 aperta
836 2222 1208 2294 transgressio
1252 2227 1354 2277 est.
1397 2221 1539 2286 Quia
1567 2237 1705 2293 ergo
1748 2220 1808 2274 in
1849 2220 1961 2290 illa,
1994 2223 2055 2274 ut
2084 2218 2222 2287 dixi,

595 2316 922 2372 centenaria
967 2316 1374 2388 supputatione
1422 2313 1717 2385 Theophili
1773 2313 2226 2385 septuagesimus

594 2413 782 2466 sextus
810 2426 994 2465 annus
1036 2409 1187 2465 diem
1224 2409 1455 2465 P8501183
1480 2411 1682 2464 contra
1708 2424 1932 2464 morem
1964 2406 2220 2463 ecclesia-

593 2505 799 2560 sticum
821 2504 1083 2559 statuisse
1110 2507 1479 2573 monstratur,
1508 2508 1565 2559 et
1588 2519 1703 2557 non
1725 2503 1928 2557 leviter
1947 2501 2226 2573 delinqui-

593 2604 689 2654 tur
717 2599 847 2654 siin
880 2598 1160 2671 principio
1199 2597 1542 2654 sacramenti
1584 2597 1789 2652 veritas
1832 2600 1890 2651 et
1936 2596 2120 2650 unitas
2155 2594 2224 2649 ab

593 2693 898 2749 universali
928 2693 1176 2748 Ecclesia
1202 2708 1318 2747 non
1342 2697 1589 2759 tenetur,
1612 2690 1844 2746 obsecro
1866 2689 2226 2744 clementiam

594 2792 857 2859 vestram,
888 2790 956 2841 ut
1002 2786 1251 2841 studium
1297 2790 1549 2843 vestrum
1587 2788 1855 2856 praestare
1886 2782 2222 2855 dignemini,

593 2885 872 2952 quatenus
917 2879 1184 2950 Egyptii,
1222 2880 1310 2934 vel
1349 2879 1394 2933 si
1437 2878 1534 2950 qui
1583 2883 1716 2932 sunt
1761 2877 1854 2932 alii
1886 2877 1981 2948 qui
2013 2881 2224 2932 certam

595 2974 765 3044 hujus
786 2972 1206 3044 supputationis
1225 2973 1494 3027 videntur
1514 2972 1724 3026 habere
1752 2970 2035 3039 notitiam,
2077 2986 2227 3025 scru-

595 3067 794 3139 pulum
834 3066 1005 3138 hujus
1043 3065 1438 3121 sollicitudinis
1470 3065 1788 3134 absolvant,
1819 3068 1883 3119 ut
1910 3080 2041 3120 eum
2071 3064 2223 3119 diem

594 3161 881 3233 generalis
920 3161 1278 3216 observantia
1308 3159 1537 3231 dirigat,
1568 3159 1665 3231 qui
1708 3175 1813 3214 nec
1854 3163 2224 3231 paternarum

594 3209 879 3233 0-----.“
924 3209 1278 3216 -____._-_-__
1312 3209 1537 3231 ___-o_-,
1572 3209 1665 3231 Γ-
1709 3209 1811 3214 ---ν
1855 3209 2223 3231 βψηηρ

594 3254 1055 3311 constitutionem
1100 3271 1369 3310 normam
1417 3253 1719 3325 relinquat,
1749 3268 1853 3307 nec
1894 3252 2038 3307 ultra
2075 3268 2220 3324 prte-
2244 3209 2299 3284 C

592 3351 729 3405 fixos
758 3350 1032 3404 terminos
1059 3351 1351 3419 evagetur.
1378 3347 1663 3419 Quidquid
1691 3350 1886 3402 autem
1916 3347 2097 3418 pietas
2124 3363 2221 3401 ve-

593 3448 709 3499 stra
745 3443 816 3498 de
862 3443 965 3499 hac
999 3442 1410 3498 consultatione
1442 3440 1788 3513 cognoverit,
1821 3441 1892 3496 ad
1916 3456 2103 3495 meam
2128 3440 2222 3512 ju-

592 3539 725 3594 beat
750 3554 878 3593 mox
920 3536 1183 3592 notitiam
1207 3535 1527 3608 pervenire,
1554 3538 1616 3589 ut
1634 3535 1693 3590 in
1720 3534 1923 3589 divinis
1943 3534 2225 3606 mysteriis

594 3632 749 3687 nulla
771 3631 1133 3687 dissonantia
1166 3632 1334 3703 culpa
1366 3632 1649 3685 nascatur.
1673 3629 1805 3683 Data
1822 3632 1977 3683 sexto
1999 3627 2222 3683 decimo

594 3724 875 3781 Kalendas
903 3725 1052 3796 Julii,
1088 3724 1350 3798 Opilione
1372 3724 1492 3778 viro
1517 3721 1830 3778 clarissimo
1857 3722 2102 3777 consule.

813 3821 893 3874 LI.
925 3851 993 3859 —
1031 3819 1125 3874 Ad
1154 3819 1489 3874 Eudochiam
1514 3819 1658 3885 Aug.
1684 3816 1749 3877 de
1780 3818 2006 3872 Pascha.

666 3916 776 3970 Lso
806 3916 1100 3971 Euoocum
1127 3915 1416 3985 Augustae.

667 4010 888 4065 Sancta:
915 4007 1211 4063 memoriae
1233 4005 1578 4077 Theophilus
1599 4004 1670 4059 ad
1690 4006 2012 4074 Augustum
2040 4003 2221 4058 Theo-

598 4105 818 4159 dosium
840 4101 1123 4157 seniorem
1142 4101 1523 4171 scribens,per
1543 4103 1772 4154 centum
1794 4113 1975 4152 annos
1989 4113 2022 4150 a
2042 4096 2225 4167 primo

600 4197 851 4269 praedicti
888 4195 1162 4267 principis
1198 4194 1489 4249 consulatu
1523 4192 1759 4262 digessit
1792 4189 2051 4245 ordinem
2076 4189 2222 4244 festi.

596 4291 766 4362 Cujus
785 4288 1174 4345 instructionis
1201 4286 1658 4359 septuagesimus
1676 4289 1912 4357 quartus
1939 4300 2091 4339 nunc
2120 4299 2224 4339 an-

598 4401 705 4441 nus
719 4382 996 4439 evolvitur
1005 4381 1264 4454 Opilione
1276 4379 1719 4436 consule.Pridie
1732 4378 1861 4433 ldus
1870 4378 2077 4450 Aprilis
2089 4379 2228 4433 cele-

595 4481 762 4535 brata
773 4482 860 4534 est
878 4493 1038 4533 sacra
1058 4474 1407 4545 solemnitas,
1433 4473 1585 4528 unde
1601 4472 1858 4545 sequenti
1873 4489 2027 4528 anno
2047 4471 2226 4544 pridie

597 4575 780 4630 Nonas
816 4571 1026 4644 Aprilis
1051 4570 1256 4626 eadem
1288 4567 1560 4624 festivitas
1590 4565 2002 4622 rationabiliter
2024 4584 2222 4622 conse-
2245 4589 2305 4662 Β

596 4668 813 4741 quitur.
843 4667 952 4723 Sed
1004 4682 1188 4721 annus
1228 4663 1323 4736 qui
1376 4666 1501 4718 erat
1543 4661 1993 4733 septuagesimus
2038 4665 2228 4717 sextus

598 4760 898 4818 memorati
916 4758 1166 4833 episcopi
1179 4756 1605 4813 annotationem
1623 4755 1831 4810 habere
1843 4755 2225 4827 cognoscitur,

597 4871 725 4929 quae
750 4872 783 4910 a
802 4854 972 4911 totius
994 4850 1346 4924 antiquitatis
1369 4849 1650 4921 exemplo,
1677 4852 1736 4903 et
1755 4850 1826 4904 ab
1856 4848 2015 4903 omni
2041 4853 2230 4904 aucto-

597 4952 766 5009 ritate
802 4952 1037 5006 Patrum
1074 4946 1374 5004 discordat.
1417 4945 1707 5017 Siquidem
1736 4945 1796 4999 in
1825 4948 2090 5000 octavum
2119 4945 2223 4999 Ka-

597 5046 897 5102 lendarum
914 5042 1187 5098 Maiarum
1209 5040 1566 5095 Dominicum
1599 5039 1815 5094 Pascha
1859 5038 2225 5105 transtulerit,

600 5139 913 5213 prteﬁnitos
937 5134 1291 5207 antiquitatis
1318 5133 1527 5189 limites
1556 5132 1725 5188 nimis
1753 5133 2033 5188 audenter
2060 5149 2226 5188 exce-

599 5234 760 5303 dens,
793 5247 923 5288 cum
950 5230 1041 5286 die
1073 5229 1274 5301 quinto
1301 5227 1524 5284 decimo
1544 5227 1930 5283 Kalendarum
1956 5227 2229 5283 Maiarum

599 5328 918 5402 paschalem
949 5323 1365 5380 solemnitatem
1406 5321 1573 5395 (sicut
1610 5322 1952 5377 constituere
1979 5321 2089 5391 alii)
2122 5338 2225 5392 po-

599 5423 772 5480 tuerit
798 5423 1089 5476 annotare.
1114 5417 1276 5473 Unde
1304 5416 1437 5488 quia
1457 5433 1571 5471 non
1592 5415 1891 5471 mediocris
1909 5415 2053 5470 mihi
2072 5414 2227 5471 solli-

598 5517 789 5574 citudo
820 5516 1149 5588 generatur,
1182 5527 1255 5566 ne
1294 5510 1443 5582 apud
1469 5508 1764 5581 Egyptios
1789 5509 1911 5564 haec
1938 5508 2229 5580 persuasio

599 5612 958 5686 probaretur,
982 5606 1053 5663 ad
1078 5603 1623 5663 Christianissimum
1645 5608 1702 5658 et
1721 5603 2227 5659 clementissimum

602 5704 920 5777 principem
959 5700 1168 5773 scripta
1207 5698 1533 5765 direximus,
1567 5696 1772 5770 quibus
1800 5713 2033 5753 causam
2072 5715 2227 5754 scru-

601 5798 719 5867 puli
748 5794 1053 5865 diligenter
1081 5792 1341 5865 exposui,
1371 5794 1431 5846 et
1465 5790 1793 5862 suppliciter
1833 5792 2134 5864 postulavi,
2168 5796 2231 5848 ut

604 5903 838 5960 operam
869 5903 1048 5947 suam,
1077 5884 1563 5959 quemadmodum
1596 5886 1901 5954 consuevit,
1940 5886 2230 5957 religionis

2326 1948 2383 1999 et
2410 1943 2480 1998 ad
2507 1942 2765 1997 omnium
2793 1940 3037 1996 salutem
3074 1939 3342 2011 pertinet,
3371 1943 3433 1993 ut
3460 1936 3548 1993 Dei
3572 1934 3723 1989 cultus
3743 1931 3841 1984 nullo

2327 2052 2519 2093 errore
2564 2035 2821 2091 laedatur.
2859 2036 2999 2090 Data
3039 2039 3198 2089 sexto
3234 2032 3453 2088 decimo
3487 2027 3727 2085 Kalendas
3744 2024 3840 2080 Julii.

2325 2130 2580 2202 Opilione
2610 2128 2921 2184 clarissimo
2955 2128 3205 2183 consule.

2658 2224 2762 2278 LII.
2796 2254 2863 2263 -ο
2902 2222 2992 2278 Ad
3029 2223 3255 2277 Leonem
3296 2222 3603 2290 Augustum.

2397 2320 2504 2373 Leo
2530 2317 2827 2389 episcopus
2853 2317 3015 2372 LEONI
3037 2318 3313 2386 Augusto.

2396 2412 2568 2468 Multo
2614 2410 2824 2483 gaudio
2872 2427 3035 2465 mens
3082 2425 3210 2464 mea
3256 2408 3497 2464 exsultat
3518 2405 3573 2460 in
3595 2402 3795 2467 Domino,
3815 2405 3849 2453 et

2326 2524 2534 2579 magna
2561 2509 2645 2560 est
2672 2503 2816 2559 mihi
2844 2504 2988 2563 ratio
3022 2502 3330 2574 gloriandi,
3361 2517 3487 2556 cum
3523 2495 3850 2553 clementia-ve

2327 2604 2458 2657 strze
2479 2597 3014 2656 excellentissimam
3042 2597 3212 2652 ﬁdem
3232 2594 3433 2667 augeri
3457 2609 3554 2666 per
3574 2589 3730 2646 omnia
3746 2586 3851 2642 donis

2328 2694 2525 2767 gratia:
2546 2693 2782 2748 ccelestis
2795 2708 3042 2764 agnosco
3062 2695 3120 2746 et
3136 2707 3240 2762 per
3260 2689 3599 2745 incrementa
3622 2679 3850 2752 diligentia

2325 2787 2688 2845 devotionem
2740 2787 2799 2841 in
2852 2785 3006 2839 vobis
3042 2783 3222 2839 animi
3262 2779 3613 2839 sacerdotalis
3652 2772 3851 2847 experior.

2324 2883 2464 2937 Nam
2496 2882 2555 2936 in
2592 2886 2792 2938 vestra:
2846 2878 3071 2951 pietatis
3119 2877 3386 2949 alloquiis
3423 2892 3533 2931 non
3577 2871 3717 2928 dubie
3750 2868 3853 2938 patet

2326 2975 2481 3048 quod
2508 2992 2615 3048 per
2638 2991 2733 3030 vos
2759 2975 2818 3029 in
2852 2974 3024 3029 totius
3052 2970 3316 3026 Ecclesiae
3346 2971 3515 3025 salute
3545 2965 3744 3038 Spiritus
3770 2974 3853 3013 sau-

2326 3074 2446 3125 ctus
2466 3073 2756 3141 operetur,
2776 3072 2833 3122 et
2851 3072 3126 3139 quantum
3147 3064 3538 3120 universorum
3556 3058 3760 3115 ﬁdelium
3775 3067 3854 3122 pre-

2325 3164 2483 3219 cibus
2522 3164 2595 3218 sit
2617 3162 2949 3234 optandum,
2979 3165 3042 3215 ut
3077 3160 3135 3214 in
3166 3175 3404 3214 omnem
3439 3154 3656 3229 gloriam
3680 3151 3854 3203 vestrum

2325 3258 2666 3314 extendatur
2692 3256 3020 3326 imperium,
3041 3254 3141 3326 qui
3167 3270 3347 3324 supra
3373 3266 3558 3306 curam
3578 3259 3736 3302 rerum
3758 3246 3852 3293 tem-

2325 3351 2606 3423 poralium
2627 3349 2910 3421 religiosa:
2932 3347 3303 3420 providentiae
3322 3343 3642 3401 famulatum
3659 3334 3812 3392 divinis
3822 3334 3855 3383 Pl

2325 3444 2552 3501 aeternis
2577 3442 3038 3514 dispositionibus
3064 3444 3494 3513 perseveranter
3518 3428 3798 3505 impenditis,
3818 3426 3853 3475 ul

2325 3539 2533 3595 scilicet
2580 3512 2856 3593 catholica
2894 3512 3230 3607 ﬁdes,iquaa
3271 3535 3581 3589 humanum
3620 3517 3856 3599 genussoh

2327 3632 2584 3703 viviﬁcat,
2614 3631 2733 3687 sola
2754 3629 3084 3696 sanctiﬁcat,
3113 3629 3172 3684 in
3203 3645 3322 3682 una
3350 3623 3680 3682 confessione
3703 3626 3856 3689 perma'

2326 3732 2488 3798 neat;
2525 3730 2579 3781 et
2628 3722 3003 3779 dissensiones
3047 3738 3175 3794 quae
3224 3722 3297 3777 de
3343 3727 3678 3776 terrenarum
3704 3706 3855 3781 opinio-
3946 3720 3947 3727 ‘

2325 3837 2465 3875 num
2510 3818 2780 3874 varietate
2823 3819 3152 3886 nascuntur,
3184 3832 3217 3870 a
3260 3814 3543 3870 soliditate
3584 3809 3712 3864 illius
3739 3802 3856 3872 ρεῒῖε
3946 3800 3947 3839 ἶ

2325 3931 2500 3986 supra
2527 3929 2698 3985 quam
2740 3911 2935 3967 civitas
2968 3908 3072 3965 Dei
3107 3909 3447 3975 aediﬁcatur,
3479 3892 3858 3986 abiganturJlrc
3946 3898 3947 3915 ³

2326 4012 2522 4063 autem
2546 4006 2641 4061 Dei
2658 4022 2899 4061 munera
2918 4005 2993 4059 ita
3022 4003 3293 4058 divinitus
3324 4002 3555 4057 demum
3578 3993 3718 4052 nobis
3733 3984 3859 4042 conte
3946 4010 3947 4073 ξ

2326 4106 2543 4172 rentur,
2569 4100 2614 4154 si
2636 4099 2706 4155 de
2734 4099 2824 4154 his
2853 4115 2982 4171 quae
3009 4097 3263 4170 praestita
3294 4099 3431 4151 sunt
3458 4110 3569 4149 non
3594 4083 3861 4144 inveniamur
3946 4076 3947 4109 ³

2326 4195 2557 4267 ingrati,
2602 4198 2658 4250 et
2702 4198 2973 4265 tanquam
3021 4192 3180 4246 nulla
3223 4190 3339 4245 sint
3383 4204 3509 4261 quae
3542 4180 3705 4252 adepti
3726 4184 3859 4231 sumus
3946 4222 3947 4233 χ

2327 4288 2604 4345 contraria
2640 4287 2832 4360 potius
2861 4289 3272 4357 exspectemus.
3318 4283 3461 4339 Nam
3507 4294 3624 4351 qua:
3662 4267 3859 4346 patefacta

2326 4389 2458 4439 sunt
2485 4398 2764 4456 quaerere,
2798 4397 2923 4453 quae
2952 4379 3207 4452 perfecta
3234 4382 3371 4432 sunt
3397 4378 3699 4431 retractare,
3719 4368 3761 4418 ει
3778 4370 3859 4456 (1υὲ

2327 4483 2459 4533 sunt
2500 4448 3121 4543 deﬁnita'convellere,
3166 4472 3308 4544 quid
3354 4468 3507 4526 aliud
3550 4469 3623 4521 est
3656 4471 3786 4550 quam
3816 4448 3860 4550 δέ

2325 4570 2543 4642 adeptis
2575 4570 2812 4641 gratiam
2827 4585 2945 4623 non
2968 4567 3205 4633 referre,
3222 4569 3279 4621 et
3308 4565 3381 4620 ad
3401 4559 3690 4618 interdictae
3712 4549 3862 4605 arbor!s

2329 4636 2517 4720 cibum
2540 4636 2838 4735 improbos
2859 4661 3144 4735 appetitus
3170 4659 3481 4715 mortifera:
3508 4642 3784 4726 cupiditatis
3809 4652 3863 4738 (ἶς’
3946 4636 3947 4651 ¹

2327 4757 2603 4814 tendere?
2629 4756 2791 4812 Unde
2821 4756 2955 4829 quia
3002 4754 3072 4809 ad
3111 4768 3315 4825 pacem
3342 4745 3657 4806 universalis
3680 4737 3861 4829 Ecclesia?

2329 4856 2388 4908 et
2411 4851 2485 4907 ad
2510 4851 2828 4907 custodiam
2840 4821 3152 4904 catholicas.
3181 4847 3317 4901 ﬁdei
3342 4860 3479 4900 cura
3505 4829 3775 4912 dignamini
3793 4821 3863 4924 sol'

2328 4946 2568 5002 licitiore
2605 4944 2906 5017 respicere,
2936 4942 3227 4999 evidenter
3261 4937 3562 5012 agnoscitis
3590 4927 3718 5005 quod
3740 4930 3863 5017 magis

2327 5014 2728 5097 haereticorum
2774 5037 3019 5094 audetur
3065 5035 3305 5104 insidiis,
3334 5040 3399 5090 ut
3441 5034 3584 5088 inter
3622 5014 3865 5092 lilutvchelis

2330 5134 2690 5206 Dioscorique
2714 5132 3019 5203 discipulos
3041 5133 3100 5187 et
3121 5146 3255 5185 eum
3272 5144 3445 5201 quem
3471 5117 3743 5196 apostolica
3756 5104 3864 5206 sed”

2329 5199 2617 5285 direxerit-
2630 5199 2984 5298 diligentior,
3016 5199 3308 5296 tanquam
3326 5220 3471 5277 nihil
3496 5214 3655 5272 fuerit
3678 5199 3863 5305 ante-dt?

2328 5324 2573 5390 ﬁnitum,
2595 5297 2865 5378 tractatus
2893 5319 3186 5385 habeatur,
3205 5321 3263 5373 et
3279 5315 3433 5390 quod
3449 5312 3609 5369 totius
3626 5297 3789 5361 mundi
3804 5305 3863 5344 σι’
3946 5370 3947 5373 η

2329 5417 2524 5475 tholici
2553 5415 2877 5472 sacerdotes
2906 5418 3095 5468 sancta
3114 5404 3556 5466 Chalcedonensi
3573 5394 3759 5473 sjrnod0
3776 5400 3863 5485 PFT"

2326 5512 2465 5567 bant
2477 5510 2840 5583 gaudentque
2853 5509 3141 5563 ﬁrmatum
3150 5505 3229 5573 ,in
3240 5502 3503 5576 injuriam
3516 5497 3674 5553 etiam
3686 5483 3864 5583 sacrati?

2329 5606 2457 5661 simi
2484 5604 2706 5660 concilii
2725 5602 2936 5658 Nicaeni
2968 5601 3251 5657 efﬁciatur
3276 5597 3582 5653 inﬁrmum.
3603 5580 3740 5678 Quod
3758 5585 3864 5678 ςηισι

2332 5699 2538 5754 nostris
2558 5697 2912 5770 temporibus
2930 5694 3084 5767 apud
3097 5691 3511 5751 Chalcedonam
3529 5685 3594 5739 de
3605 5674 3784 5736 Domini
3795 5682 3865 5770 ,Πυ-

2329 5794 2430 5849 stri
2485 5794 2613 5849 Jesu
2660 5762 2867 5849 éhﬁsti
2913 5762 3309 5845 incarnatione
3356 5782 3629 5838 ﬁrmatum
3672 5774 3752 5831 est,
3795 5762 3865 5813 Ιιοί

2331 5889 2503 5942 etiam
2539 5887 2689 5960 apud
2720 5887 2965 5942 Nicaeam
2999 5883 3267 5957 mysticus
3298 5879 3387 5935 ille
3420 5876 3633 5932 Patrum
3656 5865 3865 5919 numeri”
