4026 6182
144 280 243 334 Sil

1386 275 1859 333 DECRETALIUM
1897 276 2281 333 CULLECTIO.

3410 275 3510 329 842

140 387 423 455 deliuivit,
468 403 540 440 ne
583 385 998 443 catholicorum
1043 384 1345 451 confessio,
1388 388 1487 439 aut
1525 384 1781 456 unigeni-
1803 386 2201 471 Aauctoritas.
2237 386 2597 441 lnstructioni
2636 392 2828 441 autem
2869 383 3242 457 parvulorum
3287 390 3507 440 nostro-

140 488 271 536 tum
292 480 389 535 Dei
411 480 615 535 Filium
630 480 692 534 in
714 479 905 551 aliquo
925 478 1180 535 crederet
1194 478 1349 533 Patri
1365 479 1661 549 imparem,
1683 481 1782 534 aut

139 575 413 630 eumdem
445 590 575 630 cum
604 574 789 630 factus
840 575 925 628 est
967 572 1116 627 ﬁlius
1159 572 1409 627 hominis
1440 588 1556 627 non
1585 588 1780 628 veram

136 669 332 723 carnis
359 670 566 723 nostrae
595 672 763 739 atque
784 667 993 721 animm
1012 666 1279 721 habuisse
1302 669 1586 720 naturam.
1621 667 1780 721 Dete«

133 762 414 818 standum
439 778 578 831 ergo
606 760 768 816 nobis
788 764 874 815 est
894 765 1441 832 perseveranterque
1459 759 1775 827 vitandum,

132 856 293 927 quod
316 857 470 911 fraus
496 855 765 910 haeretica
792 854 992 910 nititur
1008 854 1287 924 obtinere,
1316 869 1421 908 nec
1447 852 1506 908 in
1525 853 1777 925 aliquam

133 949 617 1021 disceptationem
648 948 740 1020 pie
760 953 816 1004 et
831 950 997 1020 plene
1019 948 1252 1003 deﬁnita
1280 948 1592 1003 revocanda
1623 952 1776 1015 sunt,

132 1061 212 1098 ne
254 1044 327 1098 ad
358 1042 661 1098 arbitrium
687 1042 1092 1098 damnatorum
1120 1041 1227 1113 ipsi
1255 1041 1326 1096 de
1352 1041 1444 1097 his
1481 1041 1780 1097 videamur

131 1138 459 1208 ambigere,
489 1153 617 1208 quae
644 1136 1013 1192 manifestum
1042 1139 1100 1191 et
1126 1152 1231 1207 per
1256 1135 1451 1191 omnia
1480 1136 1776 1207 propheti-

130 1232 218 1285 cis
247 1237 303 1287 et
332 1230 673 1302 evangelicis
700 1235 758 1286 et
776 1229 1103 1301 apostolicis
1129 1229 1558 1285 auctoritatibus
1583 1245 1779 1284 conso-

132 1342 301 1380 nare.
351 1325 507 1379 l'nde
539 1324 584 1378 si
612 1324 711 1395 qui
740 1328 877 1378 sunt
904 1323 1001 1395 qui
1028 1323 1098 1378 ab
1129 1323 1218 1377 his
1247 1339 1375 1394 quas
1404 1322 1621 1379 caelitus
1646 1326 1779 1377 sunt

130 1418 451 1474 constituta
466 1417 829 1487 dissentiunt,
850 1417 966 1471 suis
980 1415 1346 1488 opinionibus
1360 1417 1773 1488 relinquantur,

131 1517 189 1566 et
227 1511 302 1566 ab
333 1511 555 1566 unitate
610 1509 867 1565 Ecclesia
900 1525 1030 1565 cum
1077 1526 1147 1564 ea
1182 1526 1352 1581 quam
1389 1510 1611 1581 elegere
1642 1526 1773 1581 per-

132 1604 406 1660 versitate
436 1604 751 1660 discedant.
783 1605 924 1658 Nam
960 1603 1294 1660 nullomodo
1330 1603 1455 1658 ﬁeri
1480 1605 1683 1675 potest,
1716 1605 1778 1657 ut

127 1699 229 1770 qui
256 1698 470 1753 divinis
495 1699 707 1753 audent
743 1696 1128 1752 contradicere
1160 1697 1556 1765 sacramentis,
1586 1697 1776 1768 aliqua

1881 496 2009 535 rum
2038 478 2135 551 qui
2165 482 2295 551 post
2320 480 2477 534 lactis
2504 479 2839 536 alimoniam
2867 480 2992 535 cibo
3024 479 3347 535 desiderant
3374 479 3509 535 soli-

1879 574 2034 629 diore
2065 572 2276 639 satiari,
2303 573 2608 629 ministerii
2636 574 2810 630 nostri
2838 573 3171 647 priesidium
3196 591 3315 630 non
3342 590 3515 646 nega-

1880 684 2028 723 mus.
2058 670 2125 723 Et
2153 667 2299 723 sicut
2322 667 2691 739 simpliciores
2718 684 2835 724 non
2864 667 3211 740 spernimus,
3250 667 3328 724 ita
3353 685 3387 723 a
3416 685 3509 724 re-

1878 761 2120 817 bellibus
2163 762 2442 817 haereticis
2471 760 2844 829 abstinemus,
2898 777 3192 817 memores
3240 761 3508 835 prmcepti

1879 855 2158 911 Dominici
2184 855 2420 911 dicentis
2454 872 2468 910 :
2506 876 2532 904 ‹‹
2562 854 2742 910 Nolite
2785 855 2918 911 dare
2961 858 3218 910 sanctum
3250 855 3509 925 canibus,

1877 965 2063 1021 neque
2126 949 2399 1005 miseritis
2456 948 2798 1021 margaritas
2863 953 3075 1004 vestras
3124 952 3257 1005 ante
3310 966 3512 1022 porcos

1879 1044 2093 1114 (Matth.
2127 1060 2224 1113 vn,
2253 1044 2327 1116 6).
2358 1065 2385 1093 »
2414 1043 2594 1099 Nimis
2622 1041 2834 1115 quippe
2861 1042 3189 1113 indignum,
3225 1044 3396 1099 nimis
3419 1044 3507 1101 in-

1870 1133 2093 1204 justum
2112 1135 2198 1188 est
2228 1149 2324 1189 eos
2349 1132 2423 1187 ad
2448 1132 2769 1187 libertatem
2812 1131 3239 1205 disceptationis
3265 1134 3509 1204 admitti,

1878 1243 2022 1299 quos
2058 1226 2339 1299 signiﬁcat
2371 1225 2612 1298 Spiritus
2643 1230 2871 1280 sanctus
2908 1242 3014 1298 per
3041 1227 3387 1298 prophetam
3421 1229 3510 1284 di-

1878 1337 2043 1375 cens:
2072 1342 2099 1371 ‹‹
2122 1321 2245 1375 Filii
2260 1320 2434 1375 alieni
2451 1319 2677 1375 mentiti
2694 1322 2828 1374 sunt
2843 1319 2985 1374 mihi
3007 1320 3170 1391 (Psal.
3193 1337 3323 1388 xvn,
3345 1321 3457 1393 46).
3480 1345 3507 1372 ››

1876 1414 1983 1478 Qui
2006 1414 2178 1469 etiam
2194 1414 2240 1468 si
2270 1414 2575 1485 Evangelio
2598 1430 2712 1468 non
2732 1412 3080 1481 resisterent,
3104 1414 3173 1470 de
3195 1414 3305 1470 illis
3322 1418 3514 1473 tamen

1878 1524 1937 1562 se
1958 1524 2078 1562 esse
2099 1512 2483 1563 monstrarent
2500 1508 2569 1563 de
2587 1506 2795 1579 quibus
2816 1507 3093 1579 scriptum
3118 1513 3203 1564 est
3230 1526 3242 1564 :
3277 1529 3305 1562 ‹‹
3329 1510 3511 1566 Deum

1877 1618 1935 1657 se
1950 1602 2293 1674 proﬁtentur
2311 1600 2474 1667 scire,
2499 1600 2663 1657 factis
2688 1606 2881 1657 autem
2907 1604 3117 1673 negant
3140 1605 3267 1672 (Tit.
3287 1621 3327 1673 ι,
3351 1605 3455 1674 16).
3484 1628 3509 1653 ››

1878 1696 2177 1752 Clamante
2209 1695 2396 1750 adhuc
2418 1694 2558 1765 justi
2590 1694 2729 1750 Abel
2756 1694 3033 1766 sanguine
3066 1696 3368 1754 adversum
3398 1698 3509 1754 im-

132 1792 301 1846 nobis
326 1790 735 1846 communione
767 1790 1076 1846 socientur.
1104 1792 1324 1846 lactent
1348 1807 1407 1844 se
1441 1790 1500 1845 in
1536 1790 1623 1845 sui
1657 1790 1775 1844 elo-
1797 1775 1853 1847 Β
1879 1790 2035 1861 pium
2084 1789 2238 1858 Cain,
2286 1788 2385 1861 qui
2436 1788 2756 1859 increpatus
2802 1806 2835 1843 a
2872 1787 3069 1863 208
3110 1790 3352 1846 Domino
3396 1810 3512 1848 non

127 1885 251 1957 quii
286 1885 562 1950 vanitate,
593 1888 649 1939 et
689 1884 759 1940 de
794 1884 1355 1955 argumentationum
1385 1899 1615 1939 suarum
1646 1900 1775 1938 ver-

128 1979 304 2047 sutia,
340 1995 471 2050 quae
497 1978 729 2033 inimica
756 1981 842 2032 est
862 1978 1014 2047 ﬁdei,
1043 1977 1382 2050 glorientur,
1411 1978 1573 2033 nobis
1588 1977 1779 2050 placet

128 2073 467 2144 apostolicis
488 2072 718 2128 obedire
738 2072 1061 2144 princeptis,
1092 2071 1409 2127 dicentibus
1442 2090 1456 2127 :
1486 2072 1683 2126 Videte
1703 2088 1776 2126 ne

128 2167 262 2238 quis
292 2183 394 2221 vos
417 2166 662 2237 decipiat
691 2182 795 2237 per
823 2165 1240 2238 philosophiam
1271 2170 1329 2220 et
1350 2166 1581 2221 inanem
1608 2165 1775 2221 sedu-

125 2260 389 2316 ctiouem
413 2260 710 2316 hominum
740 2260 958 2331 (Coloss.
1000 2277 1060 2326 ll,
1094 2259 1166 2332 8).
1203 2282 1229 2307 ››
1276 2262 1417 2315 Nam
1464 2260 1775 2315 secundum

121 2355 405 2410 eumdem
435 2355 764 2426 Apostolum
794 2376 821 2404 «
854 2355 899 2409 si
941 2371 1070 2426 quas
1098 2353 1348 2409 destruxi
1381 2354 1505 2408 haec
1538 2353 1773 2421 aediﬁco,

122 2448 633 2519 prmvaricatorem
672 2465 766 2504 me
810 2449 1097 2503 constituo
1142 2450 1280 2517 (Gal.
1325 2465 1384 2515 ιι,
1426 2450 1510 2515 18,
1546 2468 1572 2498 ι)
1613 2450 1669 2502 et
1696 2448 1777 2502 eis

122 2559 221 2597 me
262 2542 556 2598 ultionum
584 2542 1007 2597 conditionibus
1049 2541 1248 2608 subdo,
1281 2558 1423 2613 quas
1452 2558 1567 2596 non
1596 2541 1777 2595 solum

121 2636 450 2691 auctoritas
488 2635 667 2691 beatas
713 2636 1006 2691 memoriae
1050 2635 1325 2707 principis
1345 2634 1625 2704 Martiani,
1678 2634 1776 2690 sed

124 2730 311 2785 etiam
346 2746 457 2800 ego
476 2746 603 2784 mea
630 2729 1001 2784 consensione
1024 2728 1268 2783 ﬁrmavi.
1290 2728 1448 2796 Quia,
1474 2728 1621 2783 sicut
1647 2745 1775 2782 san-

125 2830 221 2878 cte
251 2822 641 2894 veraciterque
672 2822 906 2891 dixistis,
951 2822 1220 2893 perfectio
1247 2822 1689 2891 incrementum,
1720 2826 1778 2877 et

122 2917 515 2988 adjectionem
538 2916 835 2987 plenitudo
859 2933 974 2971 non
1007 2916 1224 2987 recipit.
1254 2915 1415 2971 Unde
1441 2931 1569 2970 cum
1603 2915 1776 2970 sciam

122 3018 205 3077 te,
257 3010 603 3065 venerabilis
648 3010 931 3082 princeps,
979 3009 1353 3065 sincerissimo
1392 3010 1645 3065 veritatis
1698 3010 1779 3065 Iu-

121 3107 291 3160 mine
318 3104 610 3159 imbutum
639 3105 698 3159 in
726 3105 883 3159 nulla
914 3104 1045 3158 ﬁdei
1076 3108 1239 3176 parte
1272 3106 1498 3173 nutare,
1526 3103 1624 3158 sed
1653 3120 1775 3157 san-

1795 3152 1849 3225 C

1877 1883 2155 1955 requievit
2197 1883 2267 1938 ad
2315 1882 2731 1954 paenitendum,
2780 1883 2879 1938 sed
2928 1883 3138 1939 exarsit
3168 1884 3239 1939 ad
3266 1886 3508 1954 caedem,

1877 1977 2037 2049 cuius
2063 1976 2373 2031 vindictam
2404 1976 2481 2031 sic
2500 1976 2722 2031 Domini
2734 1976 2951 2048 judicio
2975 1979 3235 2033 volumus
3254 1994 3505 2035 reserva-

1878 2070 1947 2141 ri,
1976 2075 2037 2126 ut
2063 2071 2360 2143 improbus
2388 2075 2445 2125 et
2470 2070 2758 2142 parricida
2789 2071 3035 2126 crudelis
3060 2072 3119 2127 in
3140 2072 3389 2145 seipsum
3417 2090 3508 2130 re-

1876 2165 2042 2232 cidat,
2087 2170 2144 2220 et
2189 2169 2383 2220 nostra
2425 2181 2539 2220 non
2568 2170 2776 2232 teneat,
2813 2182 3001 2237 neque
3028 2171 3233 2221 sancta:
3257 2169 3509 2223 ecclesia:

1877 2258 2281 2314 Alexandrinae
2330 2258 2761 2315 lamentabilem
2793 2259 3176 2331 captivitatem
3212 2261 3511 2333 patiamini

1875 2354 2114 2409 ulterius
2138 2353 2487 2426 prolongari,
2510 2353 2601 2408 cui
2627 2357 2851 2425 oportet
2869 2354 3000 2410 ﬁdei
3026 2358 3227 2410 vestrae
3248 2356 3514 2428 justitiae-

1877 2464 1987 2520 que
2017 2447 2281 2518 praesidio
2308 2464 2467 2502 suam
2498 2447 2721 2502 restitui
2744 2447 3090 2516 libertatem,
3112 2453 3167 2504 et
3183 2466 3286 2521 per
3308 2467 3510 2505 omnes

1878 2541 2103 2614 zEgypti
2131 2541 2298 2596 urbes
2324 2540 2572 2612 dignitas
2601 2542 2835 2595 Patrum
2857 2545 2913 2596 et
2936 2541 3033 2613 jus
3053 2543 3401 2598 sacerdotale
3424 2560 3513 2599 re-

1877 2638 2126 2707 paratur.
2159 2636 2296 2690 Data
2330 2634 2631 2690 undecimo
2660 2634 2945 2690 Kalendas
2970 2636 3198 2708 Aprilis,
3228 2636 3507 2710 Calippio,

1876 2729 2183 2801 Majoriano
2214 2731 2470 2801 Augusto
2497 2728 2844 2784 consulibus.

2380 2823 2515 2879 Llll.
2545 2853 2611 2863 —-
2640 2822 2734 2878 Ad
2752 2822 3012 2879 eumdem.

1955 2922 1999 2972 t.
2035 2919 2114 2972 Dc
2142 2916 2508 2989 blasphemiis
2535 2917 2777 2973 Nestorii
2820 2922 2877 2972 et
2916 2916 3244 2974 Eutichetis.
3280 2928 3503 2971 eorum-

1876 3028 1989 3084 que
2015 3011 2190 3083 digno
2221 3012 2609 3068 anathemate.

1946 3108 1999 3160 2.
2027 3105 2186 3170 Quod
2210 3105 2267 3160 in
2290 3122 2403 3159 una
2423 3105 2653 3161 Domini
2673 3122 2919 3177 persona
2940 3106 3160 3177 gemina
3180 3099 3253 3155 sit
3277 3101 3501 3161 deitatis

119 3206 216 3253 cto
247 3199 506 3270 perfecto
538 3198 754 3268 judicio
782 3215 813 3252 a
856 3198 1041 3269 pravis
1082 3200 1237 3252 recta
1263 3197 1610 3265 discernere,
1653 3202 1715 3252 ut
1743 3214 1776 3251 a
1796 3197 1849 3225 υ
1876 3204 1932 3254 et
1956 3200 2329 3255 humanitatis
2356 3200 2663 3255 asserenda
2691 3204 2907 3254 natura.

122 3292 458 3347 refutandis
484 3292 875 3363 amplectenda
900 3291 1171 3362 dividere,
1218 3292 1448 3347 obsecro
1478 3297 1534 3347 te
1562 3308 1635 3346 ne
1664 3292 1771 3346 hu-

120 3386 445 3441 militatem
459 3402 649 3440 meam
663 3386 731 3441 de
744 3385 1062 3440 difﬁdentia
1082 3391 1243 3456 putes
1266 3402 1387 3440 esse
1409 3385 1772 3456 culpandam,

116 3497 263 3536 cum
303 3480 429 3533 haec
450 3496 579 3534 mea
616 3480 803 3534 cautio
835 3496 948 3533 non
975 3480 1156 3534 solum
1180 3478 1486 3534 universali
1518 3478 1775 3534 Ecclesiae

119 3574 421 3639 consulat,
439 3572 538 3628 sed
551 3573 729 3629 etiam
748 3576 858 3629 tua:
876 3573 1073 3644 gloriae
1091 3574 1430 3639 famuletur;
1458 3588 1528 3627 ne
1548 3572 1652 3627 sub
1673 3572 1774 3627 im-

121 3669 275 3740 perii
307 3668 394 3722 tui
415 3670 674 3739 tempore
697 3670 754 3722 et
780 3666 1181 3722 haereticorum
1202 3672 1367 3722 aucta
1387 3666 1647 3722 videatur
1671 3666 1773 3721 im-

119 3761 415 3835 probitas,
490 3764 547 3816 et
614 3760 1024 3816 catholicorum
1100 3760 1426 3833 perturbata
1479 3760 1767 3815 securitas.

118 3855 405 3922 Quamvis
432 3871 571 3926 ergo
598 3857 841 3909 multum
882 3873 985 3927 per
1011 3855 1204 3910 omnia
1229 3855 1297 3910 de
1325 3854 1546 3925 pietatis
1574 3858 1772 3909 vestrae

120 3951 307 4006 corde
340 3949 639 4016 conﬁdam,
675 3954 732 4004 et
761 3966 865 4020 per
891 3949 1313 4006 inhabitantem
1337 3948 1395 4003 in
1426 3948 1577 4003 vobis
1606 3947 1770 4020 spiri-

120 4052 255 4100 tum
278 4042 382 4099 Dei
408 4043 539 4097 satis
552 4060 647 4097 vos
668 4043 1007 4098 instructum
1028 4059 1149 4097 esse
1169 4042 1535 4115 perspiciam,
1549 4059 1620 4097 ne
1640 4042 1770 4098 ﬁdei

118 4142 335 4194 vestras
358 4136 507 4190 ullus
534 4136 709 4208 possit
754 4152 917 4190 error
962 4135 1226 4206 illudere,
1275 4136 1646 4207 praaceptioui
1686 4139 1767 4191 ta-

116 4248 262 4287 men
291 4236 495 4286 vestrae
523 4229 581 4285 in
612 4246 679 4284 eo
709 4229 934 4284 adnitar
953 4229 1205 4297 obedire,
1236 4234 1298 4285 ut
1318 4229 1541 4301 aliquos
1560 4228 1631 4283 de
1656 4231 1767 4284 fra-

116 4327 314 4380 tribus
360 4324 505 4378 meis
544 4323 813 4395 dirigam,
841 4323 940 4395 qui
968 4323 1123 4395 apud
1152 4340 1252 4379 vos
1281 4323 1599 4394 pra'sentite
1625 4339 1771 4377 mese

117 4422 310 4475 instar
336 4417 662 4485 exhibeant,
696 4421 753 4472 et
780 4434 910 4489 qua!
938 4417 1013 4472 sit
1039 4416 1359 4488 apostolica:
1388 4415 1521 4472 ﬁdei
1549 4416 1769 4489 regula,

1950 3298 1998 3348 5.
2031 3295 2110 3349 De
2142 3293 2404 3366 capitulis
2435 3292 2564 3348 ﬁdei
2608 3310 2678 3348 ex
2708 3297 3028 3350 sanctoﬂlm
3066 3287 3298 3344 Pal-rum
3340 3291 3496 3349 libris

1876 3388 2139 3443 collectis.

1947 3483 2056 3536 Leo
2087 3481 2382 3553 episcOpus
2409 3482 2575 3536 LBONI
2600 3472 2857 3550 Augusto-

1944 3579 2069 3633 ςΑρ,
2150 3577 2188 3630 ι,
2269 3574 2601 3630 promisisse
2654 3575 2750 3615 me
2822 3564 3078 3635 memini,
3155 3572 3491 3629 venerabilis

1872 3671 2209 3740 imperator,
2281 3670 2336 3723 in
2402 3684 2563 3725 cansr
2611 3651 2740 3707 ﬁdei
2806 3655 2876 3709 de
2944 3673 3058 3729 qua
3125 3663 3485 3723 οιθῐηθηῑίθπι

1874 3767 2031 3818 tuam
2081 3763 2210 3817 ηονί
2255 3763 2348 3834 pie
2398 3760 2499 3817 ese
2544 3745 2859 3816 sollicitam,
2893 3750 3211 3822 pleniorem
3248 3758 3483 3816 humili-

1876 3857 2003 3912 tatis
2057 3872 2201 3911 mea.
2275 3838 2622 3911 dirgendum
2682 3858 2804 3897 esse
2871 3860 3235 3917 sermonem,
3308 3869 3482 3925 quem

1873 3967 2025 4005 nunc
2076 3930 2365 4005 auxilipite
2400 3931 2641 3987 Domino
2675 3934 2828 3991 ﬁdeli
2878 3940 3172 3998 occasione
3200 3948 3479 4018 persolvo,

1873 4047 1937 4099 ut
1988 4046 2185 4099 sancto
2210 4022 2437 4094 pietatis
2492 4028 2606 4081 tua:
2666 4029 2882 4098 studio,
2962 4034 3116 4089 utilis
3183 4037 3481 4110 (quantum

1872 4137 2125 4193 arbitro,
2179 4115 2374 4171 deesse
2444 4136 2559 4175 non
2627 4123 2805 4193 possit
2848 4124 3163 4185 instructio.
3216 4133 3481 4197 Quamvis

1873 4232 2020 4289 oni".
2055 4208 2233 4265 sciam
2286 4211 2645 4269 clementiam
2696 4218 2855 4272 tuam
2910 4219 3185 4280 humanis
3252 4225 3476 4285 institu-

1874 4296 2093 4378 uuibus
2148 4320 2264 4358 non
2320 4321 2521 4377 egere,
2579 4313 2635 4364 et
2685 4309 3124 4371 sincerissimam
3179 4319 3248 4374 de
3293 4322 3476 4378 abun-

1844 4394 2037 4449 dantia
2095 4396 2335 4467 Spiritus
2393 4401 2573 4456 sancti
2634 4403 2885 4461 hausisse
2947 4408 3295 4482 doctrinam,
3350 4418 3473 4472 ofﬁ-

117 4515 263 4569 licet
302 4513 385 4578 (ut
414 4511 552 4581 dixi)
582 4510 738 4565 vobis
765 4486 910 4566 bene
938 4510 1013 4565 sit
1040 4486 1199 4577 nota,
1227 4486 1639 4577 demonstrent,
1668 4526 1763 4581 pa,

1874 4486 1911 4540 ii
1961 4489 2160 4543 tamen
2213 4491 2327 4546 mei
2379 4497 2465 4548 est
2515 4500 2572 4550 et
2616 4499 2941 4569 patefacere
2981 4504 3137 4573 quod
3179 4506 3472 4581 intelligis,

122 4605 468 4662 tefacientes
489 4604 548 4659 in
572 4604 836 4659 omnibus
855 4607 912 4659 et
930 4604 1234 4676 probantes
1259 4620 1374 4658 non
1396 4620 1518 4660 esse
1536 4594 1739 4659 omr‘“0

122 4703 287 4755 inter
324 4698 630 4753 catholicos
655 4698 1094 4769 computandas,
1128 4697 1225 4769 qui
1254 4692 1612 4753 deﬁnitionr‘
1642 4687 1734 4774 νεῖ·

120 4792 409 4850 nerabilis
434 4792 639 4864 synodi
670 4792 931 4859 Nicaznaa,
974 4792 1059 4847 vel
1094 4791 1271 4846 sancti
1297 4777 1737 4849 Chalcr‘onens‘S

120 4886 361 4943 concilii
403 4886 629 4957 regulas
667 4902 786 4941 non
829 4889 1168 4957 sequuntur,
1218 4901 1347 4939 cum
1396 4870 1736 4961 κτοξωηίίιξθ

117 4983 331 5038 sancta
362 4979 590 5034 decreta
610 4996 676 5034 ex
707 4980 1031 5051 evangelica
1072 4982 1129 5033 et
1157 4962 1427 5054 apost‘lcf’
1449 4951 1733 5054 ‘snomfml'

117 5078 345 5131 festum
368 5073 525 5128 fonte
554 5072 804 5144 prodire,
833 5042 891 5128 et
920 5042 1301 5147 quidquid-ﬁ”n
1330 5042 1735 5147 estde‘if'riga‘

118 5171 284 5224 tione
324 5134 573 5234 Christi;
589 5166 774 5238 poculi
792 5134 926 5221 esse
936 5134 1172 5238 -viperf'
1196 5134 1271 5238 P1:
1274 5138 1522 5190 ωθοδθθί
1556 5137 1734 5209 igitur

122 5264 311 5334 pietas
340 5264 550 5325 vestra,
572 5260 918 5315 venerabilis
936 5228 1229 5337 impI‘t‘Zr’
1250 5227 1374 5298 hos:
1394 5246 1535 5337 (Ιυρε
1555 5248 1727 5337 δξρῐι·

122 5320 238 5412 deo
283 5320 622 5426 dirigendos
653 5370 768 5409 non
797 5353 871 5408 ad
900 5320 1282 5426 οοιῖίεθξξξίυω
1472 5325 1729 5426 hostili“

122 5450 282 5517 ﬁdei,
320 5413 437 5503 ηεξ
448 5448 520 5503 ad
549 5447 881 5503 certandum
923 5417 1070 5468 ὀίω
1106 5413 1229 5469 mos
1259 5432 1292 5470 ³
1318 5417 1463 5473 sede
1501 5423 1726 5490 aposto-

124 5545 234 5598 lica
280 5542 659 5615 profecturos,
703 5520 890 5615 quia
907 5506 1099 5615 [⁸1³⁸³1
1130 5513 1187 5563 et
1216 5510 1369 5615 ξξηξά
1673 5521 1731 5615 (ξι

122 5601 885 5708 δρυάιϐὺειίοθὰοῐιέωίῇθυξ
907 5601 1018 5708 [ξθο
1046 5602 1275 5708 Ριξωυίῐ)
1306 5602 1575 5708 deﬁnitis,
1606 5610 1729 5664 nul-

127 5697 251 5786 tum
292 5729 576 5785 audemus
612 5720 713 5783 in”
743 5697 1070 5764 tractatum,
1106 5698 1381 5768 ίδοίῖυδω
1425 5698 1595 5755 dUbia
1640 5705 1724 5758 vel

138 5826 377 5879 mmma
408 5823 523 5879 sint
553 5808 641 5879 ολ
666 5789 823 5845 tanta
859 5803 964 5860 per
1006 5788 1278 5863 Spiritum
1316 5795 1572 5850 sanctum
1608 5795 1729 5852 ﬁxit

1840 4583 1895 4635 et
1944 4582 2253 4652 praedicare
2318 4588 2472 4657 quod
2535 4590 2753 4661 credis,
2813 4598 2874 4647 ut
2927 4593 3079 4665 ignis
3143 4597 3234 4653 ille
3300 4618 3472 4673 quem

1839 4673 2111 4730 Dominus
2170 4678 2403 4733 veniens
2458 4680 2613 4737 misit
2666 4684 2725 4738 in
2781 4688 2990 4741 terram
3045 4695 3205 4747 motu
3260 4696 3471 4753 crebra:

1838 4769 2223 4826 meditationis
2268 4773 2513 4844 agitatus
2563 4776 2641 4831 sic
2702 4780 3057 4837 concalescat
3121 4788 3184 4841 ut
3231 4787 3467 4859 ferveat,

1837 4866 1894 4916 et
1945 4863 2023 4918 sic
2086 4864 2471 4922 inﬂammatur
2528 4872 2592 4924 ut
2644 4870 2850 4929 luceat.
2901 4875 3129 4949 Magnas
3173 4881 3330 4938 enim
3370 4902 3466 4941 ca-

1834 4955 2038 5027 ligines
2088 4959 2438 5030 Eutychiana
2484 4962 2718 5019 haeresis
2768 4966 3019 5024 Orientis
3068 4974 3324 5043 partibus
3376 4979 3464 5035 in-

1833 5049 1981 5105 ferre
2037 5052 2232 5106 molita
2296 5057 2415 5120 est,
2478 5061 2534 5111 et
2583 5057 2655 5111 ab
2715 5059 2813 5114 illa
2862 5060 2989 5118 luce
3048 5085 3076 5114 «
3120 5083 3249 5139 quas
3304 5071 3467 5141 (sicut

1834 5144 2207 5215 Evangelium
2258 5146 2525 5220 loquitur)
2565 5150 2717 5206 lucet
2754 5154 2813 5208 in
2868 5158 3154 5231 tenebris,
3206 5169 3263 5219 et
3314 5168 3465 5222 tene-

1833 5235 1947 5291 brae
1997 5253 2124 5293 eam
2179 5256 2293 5295 non
2348 5244 2911 5315 comprehenderunt
2959 5251 3134 5321 (Joan.
3194 5272 3249 5323 ι,
3301 5258 3388 5325 εἰ),
3432 5282 3457 5306 ι»

1831 5330 2234 5403 imperitorum
2316 5336 2508 5391 oculos
2577 5342 2814 5397 tentavit
2872 5351 3143 5402 avertere.
3204 5350 3458 5423 Cumque

1828 5424 1953 5496 ipsa
1993 5426 2053 5481 in
2113 5444 2274 5483 suam
2328 5430 2595 5488 reciderit
2648 5436 2986 5505 caecitatem,
3030 5456 3185 5496 nunc
3238 5443 3296 5498 in
3344 5445 3456 5499 dis-

1829 5517 2031 5590 cipulis
2074 5523 2418 5580 recrudescit
2476 5527 2629 5599 quod
2688 5529 2747 5584 in
2800 5534 2987 5586 actore
3050 5533 3277 5592 defecit.
3335 5538 3456 5594 Non

1828 5612 2002 5684 longo
2045 5631 2295 5688 namque
2341 5620 2617 5692 temporis
2664 5621 2962 5679 intervallo
3007 5627 3281 5685 catholica
3314 5631 3456 5688 ﬁdos

1828 5722 1955 5777 qua:
2000 5711 2059 5762 et
2104 5708 2405 5782 singularis
2462 5717 2520 5769 et
2581 5731 2736 5783 vera,
2801 5716 2892 5772 cui
2957 5716 3097 5773 nihil
3163 5722 3296 5780 addi
3352 5742 3455 5781 nec

1826 5798 2007 5856 minui
2070 5806 2293 5876 potest,
2345 5823 2377 5861 a
2433 5806 2654 5864 duobus
2712 5813 2796 5865 est
2857 5810 3115 5869 hostibus
3166 5819 3449 5891 appetita,
