4026 6182
534 302 634 357 843

1414 301 1698 355 ΑΡΡΕΝΙ).
1737 299 1827 355 AD
1865 298 2027 355 SEC.
2070 298 2156 352 IX.
2188 325 2256 337 -—
2297 296 2545 353 lSlDORl
2582 297 3008 354 MERCATORIS

3782 294 3887 350 8“

529 424 779 483 quorum
813 405 968 480 prior
1003 407 1313 477 Nestorius,
1345 408 1625 480 Eutyches
1661 407 1941 462 secundus
1974 422 2158 461 emer-
2184 406 2423 489 APatre
2488 406 2661 478 (quod
2717 406 2898 462 Graeci
2952 405 3152 461 dicunt
3201 404 3516 474 omousion)
3567 421 3673 476 per
3714 419 3888 476 quem

530 504 622 571 sit,
675 502 772 576 qui
821 502 1076 558 Ecclesiae
1127 502 1227 557 Dei
1273 502 1412 557 duas
1463 502 1705 557 haereses
1742 501 1973 556 sibimet
2022 517 2159 555 con-

530 598 736 653 trarias
786 597 994 653 inferre
1040 597 1365 665 voluerunt,
1414 601 1479 651 ut
1521 599 1763 668 uterque
1808 614 1841 650 a
1894 594 2163 667 praedica-

531 691 752 748 toribus
788 692 1038 748 veritatis
1074 692 1277 747 merito
1307 693 1696 759 damnaretur,
1734 690 1865 762 quia
1895 691 2159 745 insanum

532 786 703 841 nimis
773 790 830 841 et
902 786 1244 857 sacrilegum
1308 785 1418 840 fuit
1482 784 1634 856 quod
1705 785 1855 839 varia
1918 784 2162 839 falsitate

530 880 697 935 ambo
745 883 1065 936 senserunt.
1115 880 1641 935 Anathematizetur
1689 896 1827 950 ergo
1876 879 2162 933 Nestorius

531 974 629 1046 qui
671 974 895 1030 beatam
947 973 1242 1046 Virginem
1278 973 1507 1029 Mariam
1550 990 1666 1028 non
1695 973 1811 1042 Dei,
1854 973 1954 1027 sed
1979 972 2164 1027 homi-

530 1068 620 1122 nis
682 1068 1079 1123 tantummodo
1144 1066 1386 1122 credidit
1456 1066 1793 1138 genitricem
1869 1082 2027 1133 esse,
2100 1069 2164 1120 ut

533 1162 703 1216 aliam
760 1177 1063 1233 personam
1116 1161 1332 1229 carnis,
1410 1160 1581 1215 aliam
1631 1160 1841 1215 faceret
1891 1159 2159 1215 deitatis:

534 1271 638 1311 nec
688 1272 861 1311 unam
917 1256 1206 1310 Christum
1251 1255 1308 1309 in
1353 1255 1535 1310 Verbo
1580 1256 1680 1309 Dei
1726 1258 1781 1309 et
1823 1271 1995 1309 carne
2034 1270 2159 1308 sen-

532 1350 693 1418 tiret,
761 1350 858 1403 sed
923 1349 1231 1421 separatim
1302 1353 1474 1420 atque
1537 1349 1841 1420 sejunctim
1920 1349 2164 1403 alterum

533 1443 735 1498 Filium
801 1443 931 1513 Dei,
988 1444 1229 1498 alterum
1288 1443 1530 1497 hominis
1586 1442 1958 1514 praedicaret;
2033 1459 2162 1497 cum

534 1542 805 1593 manente
854 1538 951 1592 illa
999 1536 1484 1592 incommutabilis
1526 1536 1713 1605 Verbi,
1755 1536 1995 1592 essentia
2035 1553 2164 1608 qum

534 1632 585 1685 ei
634 1648 763 1686 cum
820 1632 983 1686 Patre
1040 1635 1096 1686 et
1140 1630 1354 1702 Spiritu
1405 1633 1601 1684 sancto
1653 1629 2047 1700 intemporalis
2075 1633 2161 1684 at-

536 1741 646 1798 que
718 1728 1006 1779 coaeterna
1078 1729 1195 1793 est,
1280 1724 1361 1779 ita
1421 1724 1570 1778 intra
1634 1724 1890 1795 virginea
1954 1723 2166 1779 viscera

532 1793 781 1874 Verbum
832 1835 960 1873 caro
1014 1819 1086 1873 sit
1134 1819 1371 1885 factum,
1414 1821 1480 1872 ut
1526 1835 1630 1889 per
1667 1793 1743 1873 id
1770 1817 1923 1889 quod
1967 1793 2243 1872 ineﬂ‘a-B

530 1911 644 1968 bile
685 1916 770 1968 est
797 1912 1221 1967 sacramentum
1251 1928 1370 1967 uno
1404 1916 1706 1984 conceptu,
1751 1926 1974 1983 unoque
2001 1918 2168 1983 partu

533 2007 844 2062 secundum
894 2007 1191 2062 veritatem
1251 2005 1552 2082 utriusque
1605 2010 1824 2061 natura:
1882 2022 1951 2060 ea
2004 2005 2166 2076 virgo

533 2103 590 2154 ct
633 2100 837 2155 ancilla
886 2100 982 2156 Dei
1029 2103 1176 2154 esset
1220 2103 1277 2154 et
1326 2102 1526 2153 mater.
1572 2099 1733 2163 Quod
1773 2098 1943 2153 etiam
1990 2099 2165 2154 Elisa-

532 2195 670 2249 heth
702 2194 865 2263 (sicut
912 2195 1086 2248 Lucas
1125 2192 1471 2264 evangelista
1497 2192 1767 2261 declarat)
1797 2192 2080 2247 intellexit
2114 2198 2170 2247 et

536 2287 679 2342 dixit
721 2306 733 2342 :
779 2310 806 2336 ‹‹
857 2287 1015 2343 Unde
1072 2287 1178 2341 hoc
1224 2286 1367 2341 mihi
1395 2328 1409 2354 ,
1466 2289 1532 2341 ut
1581 2286 1770 2340 veniat
1822 2290 2006 2340 mater
2055 2288 2165 2340 Do-

536 2381 677 2436 mini
721 2381 833 2437 mei
880 2382 951 2435 ad
1009 2397 1098 2436 me
1122 2380 1151 2435 ?
1202 2402 1229 2429 ››
1261 2381 1404 2451 (Luc.
1436 2396 1474 2447 1,
1505 2382 1612 2449 45.)
1655 2377 1918 2435 Eutiches
1941 2396 2167 2452 quoque

536 2475 741 2530 eodem
798 2474 1142 2547 percellatur
1191 2474 1579 2540 anathemate,
1637 2474 1733 2546 qui
1801 2491 1903 2545 per
1964 2475 2170 2546 impios

534 2574 793 2625 veterum
836 2570 1236 2625 haereticorum
1297 2570 1584 2624 volutatus
1642 2584 1880 2633 errores,
1932 2568 2168 2622 tertium

532 2664 870 2736 Apollinaris
932 2663 1143 2736 dogma
1204 2662 1450 2733 delegit,
1513 2666 1575 2716 ut
1635 2666 1839 2734 negata
1903 2662 2171 2716 humanas

540 2758 719 2812 «urnis
762 2760 933 2828 atque
978 2757 1186 2811 animae
1228 2756 1464 2812 veritate
1496 2758 1681 2809 totum
1717 2754 2027 2810 Dominum
2064 2771 2167 2809 no-

541 2851 716 2907 strum
752 2853 942 2907 Iesum
982 2850 1270 2905 Christum
1311 2849 1484 2905 unius
1515 2854 1730 2904 asserat
1765 2865 1885 2904 esse
1928 2852 2167 2917 naturee,

542 2943 813 3010 tanquam
869 2944 1037 2999 Verbi
1107 2944 1289 2999 deitas
1348 2944 1471 3015 ipsa
1520 2959 1579 2998 se
1638 2944 1696 2997 in
1747 2959 1981 2998 carnem
2034 2959 2167 2997 con-

544 3032 790 3102 verterit,
840 3041 894 3092 et
942 3036 1163 3110 concipi
1199 3055 1262 3093 ac
1314 3037 1489 3107 nasci,
1531 3036 1737 3092 nutriri
1782 3039 1839 3091 et
1895 3053 2167 3104 crescere,

542 3125 796 3197 ρι’υοὶῧεὶ
836 3142 900 3180 ac
933 3130 1100 3200 mori,
1151 3130 1376 3203 sepeliri
1424 3147 1488 3185 ac
1538 3146 1861 3201 resurgere,
1894 3133 1948 3185 et
1974 3147 2170 3185 ascen-
2190 3163 2246 3238 Ο

540 3220 673 3275 dere
726 3219 784 3273 in
841 3220 1078 3295 coelum,
1125 3228 1181 3280 et
1227 3225 1288 3280 in
1345 3224 1527 3280 Patris
1577 3224 1844 3292 dextera,
1900 3225 2049 3280 unde
2100 3225 2171 3279 ad

534 3312 875 3384 jndicandos
927 3313 1081 3367 vivos
1133 3323 1190 3374 et
1256 3322 1514 3374 mortuos
1584 3317 1774 3373 veniet
1834 3319 2167 3387 considere,

542 3407 751 3461 divinae
810 3410 1037 3461 tantum
1081 3412 1333 3467 essentia:
1374 3411 1566 3479 fuerit,
1614 3429 1741 3483 qua:
1790 3413 1933 3467 nihil
1964 3413 2170 3468 horum

542 3501 600 3555 in
652 3518 711 3554 se
766 3499 886 3555 sine
931 3500 1119 3555 carnis
1171 3506 1362 3572 reﬂuit
1407 3506 1677 3575 veritate,
1734 3506 2008 3577 quoniam
2066 3525 2168 3562 na-

543 3600 668 3649 tura
711 3593 1003 3664 Unigeniti
1051 3598 1257 3648 natura
1297 3603 1382 3649 est
1414 3600 1609 3667 Patris,
1663 3604 1869 3655 natura
1922 3605 2007 3655 est
2045 3601 2168 3672 Spi-

548 3688 688 3742 ritus
736 3687 945 3743 Sancti.
996 3687 1289 3759 Simulque
1334 3687 1716 3761 impassibilis,
1764 3693 1933 3747 simul
1971 3699 2055 3749 est
2082 3693 2169 3748 in-

544 3781 968 3837 commutabilis
988 3781 1356 3853 sempiternae
1378 3781 1684 3856 Trinitatis,
1723 3787 1965 3843 indivisa
1986 3788 2173 3842 unitas

548 3881 605 3931 ct
658 3875 1153 3931 consubstantialis
1207 3874 1525 3947 mqualitas.
1585 3877 1735 3937 Unde
1791 3881 1837 3935 si
1888 3881 2173 3952 Apollina-

547 3969 624 4023 ris
660 3968 1024 4040 perversitate
1074 3968 1463 4040 Eutychianus
1509 3968 1745 4040 quisque
1783 3974 2064 4044 desciscit,
2102 3991 2174 4030 ne

547 4062 921 4118 convincatur
944 4062 1218 4117 deitatem
1250 4061 1573 4133 passibilem
1602 4063 1814 4119 sentire
1834 4072 2003 4140 atque
2026 4086 2175 4123 mor-

550 4157 753 4226 talem,
806 4161 861 4211 et
902 4159 1099 4211 tamen
1158 4155 1329 4210 Verbi
1380 4156 1679 4226 incarnati,
1737 4157 1797 4214 id
1846 4166 1959 4228 est,
2011 4162 2174 4217 Verbi

550 4255 606 4305 et
629 4250 814 4305 carnis
842 4265 1023 4303 unam
1060 4248 1233 4303 audet
1272 4250 1644 4320 pronuntiare
1683 4254 1967 4318 naturam,
1999 4256 2177 4311 mani-

548 4346 691 4397 feste
731 4342 786 4397 in
830 4342 1116 4397 Valentini
1163 4346 1222 4397 et
1267 4343 1561 4398 Manichaei
1608 4345 1810 4400 transit
1858 4344 2170 4417 insaniam;

549 4441 605 4491 et
632 4436 1011 4491 mediatorem
1053 4436 1155 4491 Dei
1195 4439 1252 4492 et
1293 4437 1617 4506 hominum,
1659 4440 1961 4494 hominem
1988 4440 2179 4493 Jesum

2263 499 2463 555 omnia
2508 501 2653 557 facta
2693 506 2845 570 sunt,
2893 500 3009 556 sive
3048 516 3178 573 quze
3215 500 3273 557 in
3311 501 3470 568 cosio,
3512 498 3626 553 sive
3664 514 3798 570 qua:
3835 498 3891 553 in

2261 597 2432 649 terra.
2493 594 2601 659 Qui
2654 598 2890 666 propter
2939 611 3044 649 nos
3099 598 3158 649 et
3205 611 3445 667 prosper
3491 599 3749 649 nostram
3804 611 3890 649 sa-

2262 690 2444 744 lutem
2494 689 2787 745 descendit
2831 689 2900 744 de
2954 690 3113 759 cmlo,
3169 694 3226 745 et
3282 689 3609 744 incarnatus
3668 692 3778 757 est,
3842 694 3891 743 et

2262 784 2435 839 homo
2488 784 2686 851 factus,
2745 801 2940 855 passus
2986 787 3091 851 est,
3143 787 3201 838 et
3242 783 3550 839 resurrexit
3590 783 3766 838 tertia
3804 781 3893 836 die

2263 879 2515 934 ascendit
2574 879 2633 932 in
2695 878 2897 946 caelos,
2962 881 3235 933 venturus
3293 877 3554 949 judicare
3618 877 3780 931 vivos
3844 882 3893 929 et

2263 977 2536 1029 mortuos.
2580 975 2647 1028 Et
2692 971 2749 1027 in
2802 972 3074 1044 Spiritum
3108 976 3383 1027 sanctum.
3421 973 3484 1025 In
3516 987 3632 1042 qua
3676 970 3892 1042 profes-

2263 1068 2421 1123 sione
2466 1067 2576 1122 hoc
2641 1066 3065 1122 evidentissime
3097 1066 3443 1133 continetur,
3507 1064 3661 1136 quod
3723 1065 3892 1119 etiam

2262 1179 2367 1216 nos
2420 1161 2490 1216 de
2552 1161 2780 1217 Domini
2824 1160 3213 1216 incarnatione
3267 1159 3623 1225 conﬁtemur,
3671 1160 3731 1213 et
3772 1174 3891 1212 cre-

2264 1256 2450 1311 dimus
2492 1256 2590 1326 qui
2638 1254 2711 1309 ad
2744 1255 2989 1310 salutem
3030 1254 3267 1309 humani
3314 1253 3539 1326 generis
3567 1253 3894 1308 reforman-

2266 1349 2418 1416 dam,
2453 1366 2641 1403 veram
2669 1365 2895 1404 carnem
2926 1352 3135 1403 nostrae
3163 1347 3480 1419 fragilitatis
3509 1364 3627 1401 non
3651 1347 3725 1401 de
3761 1348 3897 1401 coelo

2266 1460 2458 1497 secum
2511 1443 2739 1510 detulit,
2789 1443 2885 1497 sed
2938 1443 2995 1497 in
3053 1447 3213 1498 utero
3265 1441 3511 1513 Virginis
3563 1441 3767 1496 matris
3822 1457 3899 1494 as-

2265 1538 2532 1609 sumpsit.

2341 1633 2402 1686 ll.
2477 1632 2810 1703 Quicunque
2884 1647 3020 1701 ergo
3095 1634 3226 1685 sunt
3289 1629 3366 1685 ita
3425 1630 3694 1685 obcaecati
3750 1635 3811 1685 et
3870 1649 3898 1685 ι

2266 1725 2484 1781 lumine
2534 1725 2790 1780 veritatis
2843 1725 3016 1779 alieni
3053 1727 3117 1779 ut
3162 1723 3344 1778 Verbo
3404 1723 3501 1778 Dei
3547 1740 3580 1778 a
3640 1729 3898 1796 tempore

2267 1818 2672 1874 incarnationis
2712 1820 2979 1873 humanm
3019 1818 3204 1872 carnis
3247 1817 3534 1887 denegent
3575 1817 3896 1884 veritatem,

2267 1914 2568 1968 ostendant
2590 1912 2649 1967 in
2676 1930 2787 1983 quo
2818 1911 2918 1966 sibi
2946 1911 3331 1967 Christianum
3358 1928 3569 1966 nomen
3598 1916 3896 1983 usurpent.

2269 2010 2336 2063 Et
2382 2023 2510 2062 cum
2558 2007 2866 2078 Evangelia
2924 2004 3178 2060 veritatis
3233 2021 3346 2077 qua
3396 2004 3612 2060 ratione
3664 2022 3897 2061 concor-

2269 2102 2426 2168 dent,
2471 2101 2515 2155 si
2562 2101 2743 2155 beatte
2785 2099 3031 2171 Virginis
3074 2101 3239 2170 partu
3285 2101 3384 2153 aut
3427 2115 3559 2153 caro
3612 2100 3736 2154 sine
3783 2100 3899 2155 dei-

2268 2199 2404 2264 tatc,
2455 2197 2551 2248 aut
2610 2194 2785 2249 deitas
2835 2197 2920 2247 est
2978 2197 3105 2248 orta
3153 2192 3274 2248 sine
3313 2208 3506 2247 carne.
3550 2192 3709 2248 Sicut
3749 2194 3899 2248 enim

2270 2288 2465 2358 negari
2490 2305 2608 2342 non
2639 2291 2846 2359 potest,
2882 2286 3231 2359 evangelista
3255 2286 3497 2354 dicente,
3532 2286 3686 2359 quod
3721 2309 3750 2335 α
3781 2288 3905 2342 Ver-

2268 2383 2406 2437 bum
2447 2398 2577 2437 caro
2626 2382 2836 2436 factum
2882 2386 2985 2448 est,
3037 2385 3095 2437 et
3128 2380 3405 2436 habitavit
3448 2380 3507 2434 in
3532 2380 3700 2435 nobis
3732 2382 3901 2450 (Joan.

2273 2494 2308 2543 ι,
2368 2477 2496 2545 Ui);
2556 2496 2583 2525 ››
2640 2476 2720 2530 ita
2789 2476 2987 2547 negari
3048 2492 3163 2530 non
3219 2478 3441 2547 potest,
3507 2475 3675 2530 beato
3738 2476 3903 2530 Paulo

2268 2570 2522 2642 apostolo
2569 2569 2937 2641 przedicante,
2985 2569 3140 2641 quod
3175 2591 3202 2618 «
3239 2570 3386 2624 Deus
3421 2573 3545 2624 erat
3584 2569 3647 2624 in
3684 2569 3904 2625 Christo

2270 2664 2553 2719 mundum
2594 2662 2963 2719 reconcilians
3002 2662 3107 2718 sibi
3162 2665 3207 2729 (Ι
3244 2664 3364 2721 Cor.
3413 2679 3465 2728 v,
3511 2665 3617 2730 t9).
3678 2684 3705 2711 υ
3771 2664 3906 2728 Quae

2271 2762 2466 2812 autem
2519 2757 2642 2812 haec
2682 2757 3062 2812 reconciliatio
3104 2773 3225 2813 esse
3266 2759 3453 2828 posset
3496 2772 3611 2828 qua
3651 2757 3907 2812 humano

2273 2850 2469 2923 generi
2523 2851 2932 2922 propitiaretur
2979 2853 3129 2907 Deus
3194 2850 3303 2905 nisi
3352 2850 3608 2905 omnium
3677 2868 3908 2906 causam

2272 2945 2557 3000 mediator
2600 2945 2697 2999 Dei
2738 2945 3153 3016 hominumque
3203 2944 3565 3016 susciperet?
3606 2945 3731 3009 Qua
3780 2962 3909 3000 vero

2272 3039 2485 3094 ratione
2528 3038 2823 3093 veritatem
2866 3038 3186 3093 Mediatoris
3228 3038 3517 3110 impleret,
3558 3037 3670 3093 nisi
3715 3039 3821 3111 qui
3852 3039 3905 3093 in

2271 3133 2458 3187 forma
2498 3132 2597 3186 Dei
2648 3132 2881 3204 aequalis
2921 3137 3004 3187 est
3050 3131 3204 3188 Patri
3248 3132 3307 3187 in
3350 3132 3537 3187 forma
3579 3133 3729 3187 servi
3776 3150 3903 3206 par-

2270 3226 2445 3297 ticeps
2498 3229 2640 3281 esset
2693 3231 2748 3281 et
2807 3226 3006 3295 nostri,
3052 3230 3116 3280 ut
3157 3225 3357 3281 mortis
3396 3225 3689 3280 vinculum
3738 3228 3907 3282 unius

2270 3319 2736 3392 praevaricatione
2818 3323 3171 3375 contractum
3199 3362 3212 3388 ,
3284 3320 3455 3374 unius
3518 3322 3706 3373 morte
3780 3321 3906 3392 (qui

2272 3413 2423 3469 solus
2466 3413 2638 3467 morti
2686 3413 2828 3467 nihil
2874 3413 3089 3483 debuit)
3117 3413 3475 3468 solveretur?
3503 3412 3715 3468 Eﬂ’usio
3755 3415 3903 3468 enim

2273 3525 2374 3579 pro
2398 3508 2475 3579 inj
2487 3507 2625 3561 ustis
2656 3506 2955 3578 sanguinis
2977 3506 3117 3561 Justi
3147 3510 3261 3561 tam
3289 3511 3488 3579 potens
3516 3506 3627 3562 fuit
3651 3507 3723 3562 ad
3748 3507 3906 3579 privi-

2272 3600 2510 3672 legium,
2545 3604 2660 3654 tam
2695 3599 2847 3655 dives
2888 3600 2957 3655 ad
3005 3599 3297 3671 pretium;
3345 3604 3409 3655 ut
3472 3600 3516 3654 si
3572 3600 3906 3655 universitas

2274 3694 2621 3766 captivorum
2658 3694 2717 3748 in
2759 3693 3205 3764 Redemptorem
3245 3709 3412 3748 suum
3439 3694 3729 3763 crederet,
3757 3696 3905 3750 nulla

2273 3788 2487 3843 diaboli
2511 3788 2746 3842 vincula
2772 3787 3113 3855 retinerent;
3154 3787 3451 3859 quoniam,
3495 3787 3645 3843 sicut
3671 3791 3901 3861 Aposto-

2273 3882 2360 3936 lus
2382 3881 2481 3951 ait,
2518 3902 2545 3931 «
2574 3880 2672 3936 ubi
2689 3880 2997 3935 abundavit
3022 3885 3319 3952 peccatum
3345 3881 3830 3952 superabundavit
3852 3888 3903 3937 et

2275 3975 2460 4047 gratia
2492 3974 2655 4045 (Rom.
2688 3990 2741 4043 v,
2782 3974 2889 4045 20).
2928 3993 2954 4025 ››
2990 3976 3055 4030 Et
3080 3990 3211 4029 cum
3251 3974 3355 4029 sub
3382 3974 3603 4046 peccati
3644 3977 3903 4048 prejudi-

2274 4068 2361 4122 cio
2404 4067 2523 4123 nati
2551 4069 2887 4139 potestatem
2916 4070 3257 4140 acceperunt
3289 4068 3362 4123 ad
3384 4068 3675 4139 justitiam
3712 4086 3902 4125 renas—

2273 4161 2459 4227 cendi,
2497 4160 2732 4216 validius
2771 4162 2988 4217 factum
3026 4170 3109 4217 est
3146 4162 3365 4217 donum
3409 4161 3689 4217 libertatis
3737 4179 3901 4235 quam

2274 4255 2528 4311 debitum
2558 4255 2863 4310 servitutis.
2891 4257 3072 4321 Quam
3102 4256 3293 4327 itaque
3320 4255 3431 4311 stbi
3456 4255 3518 4311 in
3540 4255 3715 4328 hujus
3734 4273 3904 4311 sacu-

2275 4349 2457 4404 menti
2482 4349 2747 4420 preesidio
2777 4366 2938 4421 spem
2984 4350 3336 4421 relinquunt,
3379 4349 3479 4421 qui
3516 4349 3575 4403 in
3623 4350 3901 4405 Salvatore

2274 4446 2470 4498 nostro
2511 4447 2727 4514 negant
2765 4443 3003 4498 humani
3045 4443 3298 4515 corporis
3327 4443 3625 4499 veritatem
3649 4444 3679 4499 7
3715 4445 3903 4501 Dicant

548 4531 835 4586 Christum
876 4530 1226 4585 simulatorie
1268 4532 1451 4587 credit
1490 4532 1687 4587 omnia
1715 4534 1916 4605 egisse,
1946 4550 2052 4589 nec
2077 4533 2182 4588 hu-
2204 4531 2261 4605 D
2281 4554 2393 4610 quo
2416 4537 2689 4591 sacrificio
2712 4537 3078 4605 reconciliati,
3119 4537 3313 4592 dicant
3350 4552 3466 4608 quo
3497 4538 3777 4609 sanguine
3802 4538 3908 4591 sint

550 4640 791 4680 manum
821 4624 879 4679 in
906 4625 1026 4695 ipso
1048 4641 1277 4697 corpus,
1302 4625 1402 4680 sed
1420 4626 1913 4697 plantasmaticam
1933 4627 2187 4698 corporis

553 4718 801 4789 speciem
831 4717 1006 4772 oculis
1042 4718 1369 4790 apparuisse
1401 4720 1777 4775 cernentium.
1812 4722 1946 4785 Quae
1981 4720 2184 4790 impie-

550 4812 675 4865 tatis
721 4812 1053 4880 mendacia,
1101 4813 1371 4885 quoniam
1420 4814 1553 4868 olim
1600 4814 1737 4868 fides
1778 4813 2058 4868 catholica
2096 4813 2186 4867 dc-

554 4908 816 4972 testatur,
858 4910 916 4960 et
948 4906 1188 4961 aliarum
1220 4908 1596 4963 assertionum
1627 4905 1923 4976 sacrilegia
1946 4922 2182 4960 concor-

551 4998 719 5053 dibus
792 5015 894 5071 per
969 5002 1151 5055 totum
1233 5002 1512 5055 mundum
1588 5002 1888 5055 beatorum
1956 5002 2187 5055 Patrum

551 5093 767 5148 dudum
819 5098 952 5149 sunt
997 5094 1269 5149 damnata
1313 5094 1625 5163 sententiis,
1678 5111 1794 5149 non
1838 5093 2074 5149 dubium
2106 5099 2189 5150 est

551 5204 677 5242 eam
720 5204 823 5242 nos
868 5187 1040 5243 ﬁdem
1079 5188 1392 5260 prazdicare
1434 5193 1601 5260 atque
1652 5188 1979 5256 defendere,
2014 5205 2185 5260 quam

549 5284 749 5337 sancta
797 5282 1057 5354 Synodus
1094 5282 1319 5337 Nicaena
1369 5282 1727 5337 confirmavit
1763 5283 1957 5338 dicens
1998 5300 2011 5337 :
2059 5283 2187 5338 Cre-

549 5375 739 5430 dimus
802 5376 860 5431 in
924 5392 1104 5430 unum
1167 5376 1346 5430 Deum
1409 5378 1633 5431 Patrem
1694 5377 2182 5448 omnipotentem,

546 5469 859 5524 visibilium
920 5474 977 5524 et
1024 5467 1392 5524 invisibilium
1445 5470 1743 5538 factorem,
1800 5475 1856 5524 et
1904 5470 1961 5523 in
2003 5486 2187 5525 unum

552 5562 863 5617 Dominum
905 5564 1096 5617 Jesum
1142 5562 1429 5617 Christum
1473 5564 1674 5618 Filium
1721 5564 1839 5631 Dei,
1886 5567 2082 5618 natum
2117 5564 2185 5619 de

550 5657 712 5711 Patre
766 5655 1151 5727 unigenitum,
1220 5655 1326 5710 hoc
1381 5662 1465 5711 est
1508 5657 1565 5711 in
1617 5657 1931 5712 substantia
1984 5657 2182 5712 Patris.

548 5748 725 5802 Deum
762 5748 831 5803 de
885 5749 1021 5818 Deo,
1071 5748 1267 5803 lumen
1305 5749 1374 5805 de
1410 5751 1649 5820 lumine,
1680 5752 1855 5806 Deum
1888 5768 2085 5806 verum
2117 5751 2185 5806 de

549 5840 658 5891 lico
686 5856 845 5909 vero;
874 5846 1072 5896 natum
1102 5860 1214 5932 non
1245 5843 1481 5912 factum,
1513 5845 1678 5900 unius
1700 5845 2027 5901 substantitc
2049 5862 2181 5900 cum

2288 4630 2606 4702 redempti?
2660 4653 2686 4679 ‹‹
2718 4630 2851 4695 Quis
2879 4634 2964 4685 est
2994 4631 3075 4699 (ut
3103 4631 3403 4702 Apostolus
3429 4631 3526 4701 ait)
3558 4632 3659 4701 qui
3687 4630 3901 4687 tradidit

2288 4725 2653 4797 semetipsum
2689 4741 2795 4795 pro
2833 4723 2999 4778 nobis
3043 4723 3390 4780 oblationem
3435 4728 3493 4780 et
3524 4726 3769 4781 hostiam
3798 4725 3901 4779 Deo

2288 4812 2345 4866 in
2370 4812 2593 4873 Odorem
2635 4817 2921 4872 suavitatis
2949 4818 3168 4890 (Ephes.
3209 4835 3263 4886 v,
3294 4820 3395 4891 2)?
3426 4842 3454 4869 ››
3493 4822 3607 4874 Aut
3632 4819 3780 4891 quod
3806 4833 3899 4872 un-

2288 4922 2460 4978 quam
2495 4911 2829 4966 sacriticium
2874 4911 3144 4967 sacratius
3174 4911 3301 4980 fuit,
3343 4929 3517 4984 quam
3556 4913 3716 4985 quod
3754 4927 3901 4967 verus

2289 5004 2346 5054 et
2392 5004 2637 5055 aeternus
2664 5004 2915 5070 pontifex
2946 5004 3108 5060 altari
3140 5006 3320 5061 crucis
3340 5022 3443 5078 per
3461 5005 3899 5061 immolationem

2288 5110 2401 5148 sum
2423 5094 2609 5148 carnis
2632 5092 2938 5165 imposuit?
2964 5098 3235 5164 Quamvis
3258 5100 3412 5154 enim
3443 5099 3760 5155 multorum
3786 5114 3897 5153 san-

2286 5193 2508 5243 ctorum
2538 5187 2596 5241 in
2634 5195 2932 5258 conspectu
2970 5192 3198 5247 Domini
3244 5194 3495 5265 pretiosa
3527 5210 3686 5249 mors
3721 5190 3894 5247 fuerit.

2288 5281 2501 5337 nullius
2528 5284 2721 5335 tamen
2742 5281 2977 5340 insontis
2993 5287 3198 5342 occisio
3216 5286 3536 5360 redemptio
3557 5288 3667 5343 fuit
3694 5282 3893 5341 mundi.

2287 5374 2813 5446 Accepel‘untjusli,
2846 5391 2962 5429 non
2990 5380 3269 5436 dederunt
3288 5397 3552 5449 coronas,
3582 5383 3641 5437 et
3658 5381 3727 5437 de
3750 5375 3893 5435 forti-

2288 5469 2486 5523 tudine
2522 5467 2775 5523 ﬁdelium
2809 5468 3077 5540 exempla
3107 5480 3237 5530 nata
3265 5479 3397 5529 sunt
3440 5476 3753 5546 patientiae,
3790 5485 3890 5526 non

2289 5563 2437 5617 dona
2460 5561 2717 5634 justitim.
2750 5561 3081 5633 Singulares
3120 5568 3320 5642 quippe
3347 5567 3408 5623 in
3429 5568 3676 5641 singulis
3701 5567 3892 5622 mortes

2285 5656 2537 5722 fuerunt,
2584 5671 2689 5710 nec
2727 5655 2959 5710 alterius
3006 5656 3305 5727 quisquam
3345 5662 3604 5719 debitum
3645 5678 3743 5716 suo
3789 5658 3889 5711 ﬁne

2286 5749 2577 5823 persolvit,
2612 5766 2741 5805 cum
2771 5748 2924 5803 inter
2948 5749 3097 5804 filios
3123 5749 3428 5813 hominum
3461 5773 3602 5812 unus
3630 5756 3773 5810 solus
3795 5752 3889 5805 Do-

2288 5844 2477 5900 minus
2497 5847 2686 5899 nostcr
2712 5844 2869 5899 Iesus
2894 5842 3166 5909 Christus,
3185 5847 3284 5916 qui
3307 5848 3435 5903 vere
3454 5853 3569 5906 erat
3589 5863 3765 5922 agnus
3788 5846 3873 5900 illl-
