4026 6182
190 232 302 287 845

1438 228 1908 285 DECRETALIUM
1949 231 2332 287 CULLECTIO.

3465 239 3569 293 846

188 338 508 393 maculatus
534 338 832 408 exstiterit,
861 338 920 393 in
949 354 1063 410 quo
1093 353 1294 393 omnes
1320 337 1595 408 cruciﬁxi,
1623 354 1829 394 omnes
1849 348 1910 422 Α
1926 339 2238 395 reticorum
2263 342 2564 397 mendacia
2582 342 2931 413 destruebat,
2954 345 3019 398 ut
3036 342 3301 399 universa
3320 345 3571 403 Ecclesia

190 433 432 501 mortui,
487 448 685 488 omnes
734 432 959 503 sepulti,
1010 447 1209 487 omnes
1261 435 1395 487 sunt
1436 432 1610 487 etiam
1654 433 1828 487 susci-

186 528 315 581 tati.
342 528 421 581 De
451 526 658 598 quibus
692 526 812 597 ipse
837 526 1060 581 dicebat
1087 543 1101 581 :
1137 548 1165 575 ‹‹
1197 527 1337 582 Cum
1368 526 1647 582 exaltatus
1666 527 1829 582 fuero

186 639 223 675 ει
248 624 422 687 terra,
446 620 641 675 omnia
662 621 886 676 traham
906 621 978 675 ad
1010 620 1294 692 meipsum
1327 620 1498 691 (Joan.
1532 636 1627 688 xu,
1660 624 1768 691 32).
1798 643 1825 669 ››

188 716 358 770 Fides
385 715 543 770 enim
569 720 755 769 vestra
768 714 1089 786 justiﬁcans
1114 714 1323 786 impios
1353 718 1411 769 et
1439 715 1831 786 creansjustos

183 810 262 864 ad
286 809 665 864 humanitatis
684 825 800 863 sua:
819 811 997 863 tracta
1018 808 1373 881 participem,
1392 808 1451 862 in
1473 808 1572 863 illo
1590 808 1831 879 acquirit

188 904 467 972 salutem,
507 903 565 957 in
598 919 712 974 quo
743 903 859 957 solo
887 902 1065 958 homo
1107 919 1164 958 se
1194 902 1413 957 invenit
1438 903 1826 969 innocentem,

182 997 440 1052 liberum
484 997 702 1052 habens
742 1012 844 1068 per
890 995 1135 1067 gratiam
1161 996 1264 1051 Dei
1290 997 1361 1052 de
1413 995 1665 1068 potentia
1708 997 1830 1068 ejus

186 1091 427 1162 gloriari
454 1091 552 1163 qui
583 1093 781 1145 contra
807 1091 1034 1146 hostem
1061 1090 1300 1145 humani
1320 1091 1544 1162 generis
1566 1091 1623 1145 in
1641 1090 1831 1145 carnis

188 1189 407 1240 nostra:
451 1184 781 1239 humilitate
821 1201 1161 1256 congressus
1207 1184 1298 1238 his
1330 1184 1629 1239 victoriam
1663 1200 1827 1239 suam

184 1279 414 1346 tribuit,
447 1279 505 1333 in
540 1294 784 1349 quorum
815 1293 1050 1349 corpore
1084 1278 1477 1350 triumphavit.
1510 1278 1663 1333 Licet
1689 1294 1828 1349 ergo

190 1373 245 1425 in
278 1389 399 1427 uno
430 1372 675 1427 Domino
698 1374 830 1427 Jesu
857 1372 1078 1428 Christo
1104 1387 1237 1425 vero
1258 1371 1357 1426 Dei
1386 1375 1555 1444 atque
1581 1371 1830 1427 hominis

182 1467 306 1521 tilio
341 1466 511 1520 Verbi
540 1470 598 1521 et
626 1467 809 1521 carnis
849 1482 965 1520 una
993 1482 1236 1537 persona
1264 1465 1355 1534 sit,
1387 1481 1515 1536 qua:
1545 1465 1831 1537 insepara-

186 1561 388 1615 biliter
430 1566 600 1632 atque
644 1559 885 1614 indivise
930 1575 1266 1615 communes
1302 1559 1517 1614 habeat
1556 1559 1826 1629 actiones,

188 1653 588 1725 intelligendas
615 1657 803 1709 tamen
825 1657 958 1709 sunt
978 1654 1231 1725 ipsorum
1250 1669 1489 1725 operum
1505 1653 1824 1725 qualitates,

185 1752 247 1802 et
275 1724 519 1803 sincera:
546 1748 682 1802 fidei
707 1724 1187 1819 contemplatione
1216 1724 1572 1802 cernendum
1600 1751 1703 1817 est,
1754 1747 1827 1802 ad
1846 1724 1903 1796 B

183 1859 317 1915 quae
342 1842 688 1914 provehatur
712 1842 1009 1897 humilitas
1027 1841 1232 1911 carnis,
1256 1845 1314 1895 et
1336 1842 1409 1896 ad
1432 1858 1561 1912 quae
1595 1841 1829 1897 incline-

184 1941 284 1990 tur
310 1936 555 1991 altitudo
582 1935 909 1991 divinitatis.
941 1936 1082 2000 Quid
1113 1935 1185 1990 sit
1210 1935 1362 2008 quod
1386 1952 1514 1991 caro
1541 1935 1663 1990 sine
1691 1938 1823 1990 Ver-

182 2030 261 2085 bo
286 2047 406 2084 non
432 2030 551 2102 agit
574 2046 588 2096 ;
635 2030 774 2101 quid
801 2030 873 2085 sit
901 2030 1057 2101 quod
1083 2030 1337 2085 Verbum
1368 2030 1489 2084 sine
1514 2047 1685 2085 carne
1711 2046 1827 2085 non

181 2124 388 2179 efﬁcit.
408 2124 538 2179 Sine
556 2123 724 2179 Verbi
746 2124 901 2179 enim
923 2123 1180 2195 potentia
1199 2140 1303 2179 nec
1320 2124 1636 2196 conciperet
1656 2124 1825 2196 Virgo

184 2235 295 2273 nec
322 2221 573 2289 pareret,
617 2222 673 2273 et
698 2218 821 2273 sine
854 2218 1021 2272 Verbi
1055 2218 1293 2273 veritate
1331 2218 1516 2273 carnis
1559 2218 1826 2273 obvoluta

180 2312 399 2384 pannis
420 2311 663 2367 infantia
687 2328 804 2366 non
828 2312 1062 2383 jaceret.
1093 2312 1223 2368 Sine
1243 2312 1406 2367 Verbi
1435 2312 1688 2384 potentia
1712 2328 1826 2367 non

181 2407 505 2461 adorarent
533 2406 689 2477 magi
718 2421 959 2477 puerum
984 2407 1144 2462 stella
1162 2406 1352 2461 indice
1373 2405 1744 2476 declaratum,
1769 2410 1827 2461 et

179 2500 312 2555 sine
373 2500 603 2555 veritate
656 2499 844 2555 carnis
893 2516 1011 2555 non
1060 2500 1365 2571 juberetur
1406 2499 1464 2554 in
1523 2502 1826 2571 [Egyptum

173 2594 482 2649 transferri
513 2610 655 2665 puer
683 2599 740 2649 et
784 2594 855 2648 ab
895 2593 1133 2650 Herodis
1173 2592 1566 2665 persecutione
1597 2593 1822 2650 abduci.

176 2689 321 2744 Sine
353 2687 519 2742 Verbi
549 2687 808 2759 potentia
834 2703 951 2742 non
981 2687 1191 2742 diceret
1219 2703 1325 2741 vox
1350 2687 1532 2742 Patris
1557 2687 1729 2741 missa
1755 2688 1825 2743 de

175 2784 330 2837 ccelo
365 2798 378 2836 :
414 2804 440 2831 ‹‹
470 2781 563 2836 Hic
594 2784 680 2836 est
711 2781 880 2836 Filius
925 2797 1089 2835 meus
1132 2780 1389 2850 dilectus,
1427 2781 1487 2836 in
1534 2797 1648 2853 quo
1683 2781 1826 2836 mihi

175 2877 340 2931 bene
372 2875 708 2948 complacui,
741 2876 929 2947 ipsum
964 2874 1156 2929 audite
1187 2874 1405 2945 (Matth.
1433 2891 1515 2943 III,
1554 2876 1660 2947 t7).
1697 2897 1725 2924 ››
1760 2877 1826 2931 Et

173 2972 309 3025 sine
324 2969 568 3024 veritate
588 2969 776 3024 carnis
790 2985 905 3023 non
924 2970 1337 3040 protestaretur
1352 2969 1623 3024 Joannes:
1644 2992 1671 3019 ‹‹
1684 2970 1825 3024 Ecce

172 3081 375 3135 agnus
422 3063 541 3130 Dei,
594 3079 723 3118 ecce
758 3063 857 3134 qui
896 3063 1037 3117 tollit
1077 3065 1306 3133 peccata
1341 3062 1543 3117 mundi
1574 3062 1749 3134 (Joan.
1786 3080 1821 3129 ι,

171 3160 297 3227 29).
330 3179 359 3205 ι)
393 3157 523 3213 Sine
567 3157 733 3212 Verbi
766 3155 1017 3228 potentia
1059 3172 1175 3210 non
1224 3155 1390 3211 ﬁeret
1416 3155 1826 3228 redintegratio

171 3252 460 3307 debilium
489 3257 544 3306 et
578 3250 880 3305 viviﬁcatio
916 3253 1296 3317 mortuorum,
1342 3254 1398 3323 et
1437 3250 1558 3304 sine
1585 3250 1825 3306 veritate

171 3346 380 3400 carnis
404 3362 509 3399 nec
527 3344 687 3399 cibus
694 3344 917 3415 jejuno,
940 3360 1043 3398 nec
1067 3359 1298 3398 somnus
1311 3348 1456 3398 esset
1470 3345 1824 3400 necessarius

172 3439 444 3510 fatigato.
476 3441 766 3493 Postremo
788 3438 910 3491 sine
936 3437 1104 3491 Verbi
1130 3437 1383 3509 potentia
1412 3455 1529 3491 non
1558 3454 1618 3492 se
1641 3439 1825 3494 Domi-

170 3551 295 3589 nus
323 3532 473 3588 Patri
499 3532 861 3604 proﬁteretur
886 3532 1190 3603 aequalem,
1215 3534 1273 3585 et
1292 3531 1417 3586 sine
1436 3531 1669 3587 veritate
1698 3549 1819 3588 car-

170 3628 273 3682 nis
300 3643 416 3681 non
442 3626 591 3682 idem
621 3625 834 3681 diceret
855 3626 1080 3680 Patrem
1103 3640 1226 3679 esse
1254 3625 1555 3696 majorem,
1584 3642 1714 3681 cum
1731 3643 1818 3681 ca-

167 3721 402 3776 tholica
420 3720 560 3775 fides
579 3725 887 3791 utrumque
908 3719 1199 3790 suscipiat,
1227 3721 1531 3790 utrumque
1554 3720 1821 3775 defendat

170 3832 315 3887 quae
362 3815 670 3869 secundum
719 3812 1133 3868 confessionem
1183 3813 1336 3868 beati
1376 3813 1617 3884 apostoli
1668 3814 1820 3868 Petri

172 3925 375 3965 unum
411 3908 698 3963 Christum
723 3908 822 3962 Dei
855 3906 966 3962 vivi
993 3907 1197 3962 Filium
1232 3911 1290 3961 et
1318 3907 1611 3963 hominem
1642 3908 1823 3963 credit

170 4007 240 4059 et
268 4002 540 4057 Verbum.
567 4001 837 4066 Quamvis
866 4001 1059 4073 itaque
1086 4001 1156 4055 ab
1181 4000 1279 4055 illo
1305 4001 1467 4056 initio
1487 4018 1599 4073 quo
1622 4002 1684 4056 in
1704 4008 1821 4058 ute-

172 4114 247 4152 ro
278 4095 523 4167 virginis
550 4096 800 4150 Verbum
829 4111 963 4150 caro
1000 4096 1215 4150 factum
1266 4099 1351 4149 est
1392 4095 1534 4150 nihil
1562 4111 1819 4168 unquam

169 4194 335 4246 inter
364 4192 667 4261 utramque
694 4189 941 4244 formam
971 4188 1264 4244 divisionis
1294 4189 1595 4256 exstiterit,
1629 4193 1688 4244 et
1716 4207 1820 4261 per

167 4284 378 4339 omnia
420 4284 768 4339 incrementa
804 4299 1075 4354 corporea
1104 4282 1275 4337 unius
1304 4298 1570 4354 personas
1608 4283 1819 4338 fuerint

166 4379 352 4433 totius
378 4377 650 4448 temporis
665 4376 935 4446 actiones,
969 4393 1035 4431 ea
1062 4376 1187 4447 ipsa
1215 4380 1410 4431 tamen
1440 4392 1569 4447 quae
1600 4377 1819 4449 insepa-

1930 432 2137 488 Christi
2174 433 2488 491 imbuenda
2526 436 2797 492 doctrinis
2829 438 2937 492 hoc
2984 454 3101 493 non
3142 438 3249 493 sibi
3283 438 3571 496 dubitaret

1930 526 2282 583 credendum
2299 529 2452 600 quod
2469 531 2709 601 apostoli
2725 535 3093 602 susceperant
3110 533 3565 603 praedicandum.

1929 621 2007 673 Ac
2049 620 2093 674 si
2132 621 2190 676 in
2220 624 2378 676 tanta
2407 623 2532 677 luce
2557 623 2810 679 veritatis
2853 625 3119 681 tenebras
3148 642 3276 680 suas
3300 627 3567 683 haeretica

1932 713 2235 770 obduratio
2274 732 2392 771 non
2421 716 2712 788 relinquit,
2743 718 3045 774 ostendant
3081 720 3237 774 unde
3269 720 3375 774 sibi
3401 738 3561 793 spem

1929 808 2060 863 vitae
2084 809 2459 880 polliceantur
2483 815 2734 881 internas,
2776 812 2851 866 ad
2878 829 3050 883 quem
3077 813 3186 867 nisi
3214 830 3319 886 per
3334 815 3560 870 'media-

1928 906 2114 957 torem
2147 902 2246 958 Dei
2276 908 2333 958 et
2360 904 2688 972 hominum,
2723 905 3017 961 hominem
3062 907 3251 961 Iesum
3279 908 3563 964 Christum

1929 1012 2047 1051 non
2091 1001 2278 1068 potest
2305 997 2608 1069 perveniri.
2659 998 2814 1054 Sicut
2857 999 3011 1054 enim
3036 1000 3116 1055 ait
3142 1001 3345 1056 beatua
3368 1003 3565 1058 Petrus

1930 1091 2241 1161 apostolus,
2276 1110 2305 1143 ί(
2336 1093 2459 1146 Non
2480 1097 2564 1147 est
2588 1092 2744 1147 aliud
2772 1109 2986 1148 nomen
3012 1093 3209 1148 datum
3238 1095 3563 1151 hominibus

1930 1184 2034 1238 sub
2062 1185 2223 1253 caelo,
2262 1185 2320 1239 in
2363 1202 2476 1256 quo
2504 1189 2763 1258 oporteat
2792 1204 2895 1241 nos
2934 1187 3119 1242 salvos
3145 1188 3266 1243 ﬁeri
3305 1189 3445 1258 (Act.
3485 1208 3560 1258 ιγ,

1932 1280 2038 1347 12),
2068 1298 2095 1329 ››
2141 1294 2248 1333 nec
2291 1278 2611 1350 redemptio
2648 1280 2987 1351 captivitatis
3033 1281 3306 1336 humanas
3352 1282 3462 1337 nisi
3505 1284 3561 1337 in

1930 1370 2205 1441 sanguine
2225 1372 2346 1443 ejus
2370 1394 2398 1423 «
2424 1372 2521 1444 qui
2540 1373 2699 1458 dedit
2718 1374 3087 1445 semetipsum
3108 1374 3561 1448 redemptionem

1928 1481 2033 1534 pro
2077 1465 2342 1520 omnibus
2383 1466 2431 1535 (Ι
2470 1469 2606 1522 Tim.
2644 1484 2703 1535 ιι,
2730 1470 2803 1537 6),
2840 1489 2868 1517 ››
2897 1472 2954 1523 et
2979 1467 3097 1539 qui,
3131 1468 3272 1523 sicut
3297 1468 3566 1540 praedicat

1928 1557 2125 1613 beatus
2150 1560 2356 1615 Paulus
2385 1560 2698 1632 apostolus,
2731 1583 2758 1609 ‹‹
2789 1578 2919 1616 cum
2940 1562 2997 1616 in
3024 1562 3207 1617 forma
3252 1563 3351 1618 Dei
3394 1566 3561 1630 esset,

1929 1667 2046 1706 non
2068 1654 2326 1724 rapinam
2347 1654 2651 1709 arbitratus
2672 1659 2754 1709 est
2780 1671 2901 1710 esse
2926 1671 2985 1710 se
3006 1656 3288 1728 aequalem
3307 1658 3439 1725 Deo,
3463 1658 3561 1712 sed

1927 1746 2295 1818 semetipsum
2322 1747 2638 1803 exiuanivit
2657 1748 2910 1804 formam
2932 1751 3081 1804 servi
3107 1750 3390 1821 accipiens
3416 1751 3475 1806 in
3496 1752 3562 1806 si-

1927 1839 2310 1896 militudinem
2335 1841 2637 1897 hominum
2661 1842 2863 1909 factus,
2899 1846 2957 1897 et
2987 1843 3186 1898 habitu
3214 1844 3479 1898 inventus
3498 1848 3563 1899 ut

1926 1933 2121 1988 homo.
2146 1935 2473 1990 Humiliavit
2494 1937 2864 2008 semetipsum
2893 1936 3073 1991 factus
3091 1936 3361 1991 obediens
3380 1954 3559 2008 usque

1928 2027 2000 2082 ad
2042 2031 2307 2097 mortem,
2357 2032 2602 2085 mortem
2644 2032 2837 2085 autem
2884 2028 3076 2103 209
3105 2031 3302 2085 crucis.
3330 2032 3564 2102 Propter

1925 2122 2080 2193 quod
2106 2125 2164 2176 et
2191 2123 2335 2177 Deus
2363 2123 2633 2178 exaltavit
2655 2124 2821 2178 illum
2862 2127 2919 2178 et
2954 2124 3186 2179 donavit
3220 2124 3301 2179 illi
3346 2141 3558 2180 nomen

1926 2215 2083 2286 quod
2102 2219 2189 2270 est
2208 2233 2377 2288 super
2395 2232 2565 2273 omne
2586 2234 2820 2287 nomen,
2842 2222 2904 2273 ut
2920 2218 2979 2273 in
2997 2219 3229 2274 nomine
3244 2220 3372 2274 Jesu
3389 2235 3559 2275 omne

1926 2325 2075 2380 genu
2096 2310 2356 2366 flectatur
2377 2310 2708 2381 cmlestium,
2724 2312 3083 2367 terrestrium
3103 2319 3158 2368 et
3177 2312 3557 2384 infernorum,

1926 2405 1982 2457 et
1998 2403 2188 2457 omnis
2209 2404 2405 2476 lingua
2424 2406 2760 2461 conﬁteatur
2780 2406 2917 2477 quia
2937 2406 3208 2461 Dominus
3226 2408 3386 2462 Jesus
3406 2408 3560 2465 Chri-

1927 2498 2045 2549 stus
2072 2495 2126 2550 in
2156 2497 2336 2568 gloria
2362 2502 2449 2552 est
2479 2499 2578 2553 Dei
2604 2499 2785 2553 Patris
2812 2498 3031 2571 (Philip.
3064 2516 3124 2568 ιι,
3154 2503 3320 2573 6-11).
3357 2519 3384 2551 ››
3416 2502 3557 2557 Cum

1927 2604 2067 2660 ergo
2094 2605 2244 2645 unus
2267 2590 2339 2646 sit
2358 2592 2626 2647 Dominus
2646 2593 2802 2647 Jesus
2827 2592 3081 2648 Christus
3101 2596 3159 2648 et
3181 2609 3312 2649 vere
3339 2594 3561 2650 deitatis

1923 2697 2171 2754 vereque
2208 2684 2583 2740 humanitatis
2610 2685 2669 2741 in
2696 2686 2820 2757 ipsa
2849 2703 2964 2741 una
2993 2703 3223 2758 prorsus
3249 2688 3563 2761 eademque

1925 2791 2172 2847 persona
2192 2778 2287 2845 sit,
2309 2779 2713 2834 exaltationem
2732 2784 2928 2835 tamen
2948 2796 3060 2852 qua
3080 2780 3243 2836 illum
3270 2781 3414 2837 sicut
3436 2781 3564 2837 doc-

1928 2873 2016 2923 tor
2035 2871 2294 2941 gentium
2309 2872 2463 2942 dicit,
2484 2873 2755 2929 exaltavit
2774 2874 2915 2929 Deus
2932 2879 2988 2929 et
3008 2874 3241 2930 donavit
3257 2874 3336 2929 illi
3350 2892 3559 2931 nomen

1925 2964 2077 3035 quod
2093 2970 2179 3021 est
2192 2983 2366 3038 super
2386 2984 2557 3023 omne
2574 2984 2789 3023 nomen
2807 2968 3049 3040 excellit,
3066 2969 3137 3025 ad
3156 2985 3281 3025 eam
3294 2969 3561 3042 intelligi-

1927 3073 2055 3111 mus
2077 3060 2366 3129 pertinere
2390 3062 2630 3116 formam
2658 3079 2788 3133 qua
2808 3062 3041 3118 ditanda
3061 3066 3184 3118 erat
3202 3066 3377 3119 tanta:
3395 3065 3565 3135 glori-

1925 3149 2201 3207 ﬁcationis
2232 3161 2563 3227 augmento.

1999 3246 2059 3299 lu
2085 3245 2273 3302 forma
2298 3249 2511 3320 quippe
2540 3249 2642 3303 Dei
2673 3249 2909 3321 aequalis
2933 3252 3058 3304 erat
3092 3249 3267 3305 Filius
3294 3250 3462 3319 Patri,
3504 3255 3559 3305 et

1925 3336 2079 3393 inter
2104 3341 2430 3411 genitorem
2457 3348 2629 3414 atque
2656 3342 3019 3415 unigenitum
3046 3344 3204 3397 nulla
3228 3344 3287 3397 in
3316 3345 3560 3398 essentia

1925 3432 2213 3503 discretio,
2247 3437 2404 3491 nulla
2432 3438 2490 3492 in
2525 3438 2819 3509 majestate
2849 3437 3167 3508 diversitas,
3212 3454 3315 3492 nec
3342 3454 3445 3510 per
3467 3439 3556 3493 in-

1924 3530 2269 3592 carnationis
2284 3531 2624 3602 mysterium
2645 3530 2861 3602 aliquid
2878 3530 3192 3586 decesserat
3204 3531 3386 3587 Verbo
3399 3533 3555 3603 quod

1923 3632 1975 3687 ei
2000 3628 2181 3685 Patris
2201 3641 2439 3682 munere
2461 3624 2818 3680 redderetur.
2839 3626 3043 3680 Forma
3065 3629 3258 3681 autem
3289 3627 3434 3681 servi
3453 3644 3557 3698 per

1922 3741 2095 3797 quam
2116 3718 2482 3792 impassibilis
2500 3718 2679 3774 deitas
2699 3724 3119 3774 sacramentum
3138 3736 3365 3791 magna:
3384 3722 3557 3793 pieta-

1924 3818 1992 3873 tis
2025 3815 2304 3888 implevit,
2336 3814 2591 3868 humana
2612 3812 2903 3867 humilitas
2929 3817 3034 3882 est,
3068 3830 3195 3884 qua:
3222 3814 3283 3869 in
3310 3815 3555 3887 gloriam

1920 3910 2124 3967 divinae
2150 3906 2445 3981 potestatis
2470 3910 2660 3961 evecta
2686 3909 2787 3973 est,
2828 3906 2888 3960 in
2914 3909 3135 3960 tantam
3171 3907 3451 3963 unitatem
3482 3909 3553 3964 ab

1918 4006 2044 4078 ipso
2061 4004 2336 4073 conceptu
2352 4000 2588 4071 virginis
2602 3999 2810 4055 deitate
2827 4003 2885 4054 et
2899 4000 3255 4056 humanitate
3272 4008 3526 4058 conserta
3537 4046 3550 4069 ,

1920 4104 1984 4154 ut
2016 4113 2119 4153 nec
2160 4096 2279 4150 sine
2320 4094 2554 4149 homine
2581 4092 2790 4160 divina,
2834 4109 2937 4149 nec
2962 4093 3085 4149 sine
3113 4095 3226 4149 Deo
3244 4101 3553 4167 agerentur

1919 4192 2192 4247 humana.
2222 4190 2461 4259 Propter
2489 4187 2642 4259 quod
2669 4186 2815 4241 sicut
2837 4188 3109 4242 Dominus
3135 4189 3446 4260 majestatis
3475 4190 3553 4245 di-

1918 4286 2066 4341 citur
2093 4283 2415 4352 cruciﬁxus,
2444 4281 2526 4336 ita
2552 4282 2646 4352 qui
2667 4297 2734 4335 ex
2751 4282 3198 4353 sempiternitate
3215 4284 3448 4355 aaqualis
3469 4288 3555 4340 est

1918 4380 2050 4447 Deo,
2082 4378 2288 4434 dicitur
2312 4377 2610 4445 exaltatus,
2644 4375 2776 4446 quia
2802 4376 3261 4446 inseparabiliter
3279 4382 3549 4433 manente

164 4472 435 4527 rabiliter
450 4472 598 4525 facta
619 4475 772 4536 sunt,
796 4470 957 4525 nulla
971 4469 1365 4525 commistione
1380 4470 1809 4537 confundimus,
1832 4472 1891 4544 D
1915 4473 2133 4527 unitate
2164 4487 2446 4542 personas,
2479 4485 2627 4523 unus
2651 4472 2822 4539 atque
2858 4468 3013 4525 idem
3044 4475 3147 4537 est,
3190 4474 3247 4524 et
3272 4474 3424 4526 totus
3450 4472 3549 4526 Dei

163 4567 269 4621 sed
299 4566 437 4636 quid
462 4565 623 4636 cujus
649 4565 847 4619 formae
877 4564 951 4617 sit
982 4568 1040 4618 et
1068 4580 1309 4634 operum
1337 4564 1612 4635 qualitate
1638 4565 1811 4620 senti-

168 4676 326 4715 mus.
356 4659 557 4713 Dicant
585 4674 721 4729 ergo
741 4658 836 4712 isti
863 4657 1200 4728 hypocritas,
1223 4657 1322 4729 qui
1344 4658 1506 4713 caecis
1527 4659 1813 4715 mentibus

164 4756 373 4808 lumen
422 4753 623 4806 nolunt
671 4750 924 4822 recipere
980 4750 1270 4818 veritatis,
1335 4752 1395 4806 in
1455 4767 1570 4823 qua
1632 4752 1815 4807 forma

168 4845 361 4902 crucis
387 4845 542 4917 ligno
572 4844 844 4899 Dominus
872 4844 1184 4915 majestatis
1205 4845 1462 4900 Christus
1486 4845 1687 4900 afﬁxus
1704 4846 1814 4902 sit?

166 4940 321 5013 quid
341 4940 592 5009 jacuerit
631 4938 691 4993 in
734 4938 1039 5010 sepulcro?
1078 4942 1135 4993 et
1165 4939 1423 4993 revoluto
1451 4940 1814 4995 monumenti

168 5033 393 5107 lapide,
426 5049 554 5104 quae
575 5032 743 5089 tertio
765 5032 857 5086 die
879 5048 1009 5087 caro
1032 5031 1381 5087 resurrexit?
1412 5035 1467 5086 et
1482 5032 1540 5087 in
1559 5049 1671 5104 quo
1687 5038 1815 5106 post

169 5127 649 5184 resurrectionem
683 5142 847 5181 suam
874 5142 989 5180 non
1021 5125 1316 5181 credentes
1343 5126 1620 5197 quosdam
1642 5126 1812 5183 disci-

172 5224 344 5294 pulos
368 5221 665 5292 arguebat,
689 5223 747 5274 et
762 5219 1177 5275 haesitationem
1199 5220 1594 5275 cunctantium
1612 5221 1809 5276 confu-

168 5317 337 5371 tabat
364 5330 495 5369 cum
523 5314 774 5369 diceret:
802 5333 829 5366 «
852 5313 1080 5384 Palpate
1108 5316 1165 5367 et
1191 5312 1396 5382 videte,
1428 5313 1565 5386 quia
1582 5314 1813 5385 spiritus

170 5424 411 5464 carnem
445 5411 503 5463 et
540 5424 662 5462 ossa
701 5424 811 5463 nen
845 5406 1019 5461 habet
1042 5406 1186 5461 sicut
1230 5423 1325 5461 me
1365 5406 1566 5462 videtis
1603 5408 1813 5463 habere

174 5508 328 5561 (Luc.
368 5518 515 5570 XXIV,
558 5500 665 5573 39).
697 5522 724 5550 »
768 5501 838 5554 Et
860 5500 1117 5572 apostolo
1142 5499 1371 5554 Thomas
1400 5517 1414 5554 :
1451 5519 1479 5551 α
1511 5501 1664 5556 Infer
1690 5518 1808 5557 ma-

176 5612 320 5651 num
349 5601 513 5651 tuam
534 5593 591 5648 in
615 5594 763 5649 latus
777 5609 992 5662 meum,
1017 5595 1076 5647 et
1095 5592 1223 5647 vide
1245 5609 1452 5648 manus
1467 5609 1622 5649 meas
1639 5599 1698 5650 et
1712 5611 1810 5667 pe-

176 5693 302 5751 dns,
361 5695 420 5745 et
467 5688 585 5745 noli
629 5704 751 5743 esse
794 5687 1122 5742 incredulus
1156 5686 1252 5741 scd
1299 5686 1484 5742 ﬁdelis
1515 5689 1686 5756 (Joan.
1721 5706 1808 5757 xx,

176 5790 288 5857 27).
327 5807 352 5834 ››
385 5785 608 5850 Quanta
649 5781 1104 5841 manifestatione
1134 5779 1385 5853 corporis
1412 5781 1498 5838 sui
1522 5782 1654 5855 'jam
1689 5783 1808 5841 hm-

1916 4567 2087 4621 Filius
2121 4569 2353 4637 propter
2379 4580 2555 4617 uuam
2595 4578 2724 4617 cum
2751 4563 2915 4616 Patre
2941 4561 3232 4618 deitatem.
3264 4564 3550 4636 Quidquid

1915 4659 2071 4716 enim
2098 4659 2159 4713 in
2190 4661 2446 4729 tempore
2472 4655 2688 4725 accepit
2727 4655 2985 4711 Christus
3015 4656 3329 4711 secundum
3364 4658 3545 4713 homi-

1916 4770 2047 4809 nem
2067 4751 2306 4823 accepit,
2329 4750 2420 4805 cui
2448 4766 2577 4820 quae
2598 4765 2715 4803 non
2737 4747 2939 4802 habuit
2958 4749 3373 4805 conferrentur.
3407 4753 3547 4807 Nam

1915 4846 2232 4902 secundum
2264 4844 2574 4916 potentiam
2633 4841 2858 4897 deitatis
2907 4841 3305 4898 indiﬂ‘ereuter
3351 4847 3549 4902 omnia

1915 4957 2044 5012 quae
2060 4939 2235 4994 habet
2262 4940 2443 5003 Pater,
2467 4936 2638 4991 etiam
2657 4935 2826 4990 Filius
2844 4936 3039 5003 habet,
3063 4939 3121 4991 et
3138 4954 3265 5009 quin
3283 4938 3340 4993 in
3362 4940 3547 4995 forma

1914 5034 2059 5089 servi
2085 5050 2115 5087 a
2135 5034 2300 5087 Patre
2326 5029 2563 5100 accepit,
2582 5028 2787 5084 eadem
2814 5030 2873 5084 in
2900 5029 3081 5085 forma
3104 5031 3204 5086 Dei
3228 5032 3399 5088 etiam
3430 5034 3545 5106 ipse

1913 5126 2163 5183 donavit.

1987 5223 2073 5277 lll.
2096 5218 2421 5276 Secundum
2439 5218 2685 5274 formam
2696 5217 2853 5273 enim
2869 5218 2967 5274 Dei
2979 5219 3097 5291 ipse
3114 5221 3351 5275 etPater
3362 5236 3540 5274 unum

1912 5320 2070 5383 sunt;
2100 5313 2410 5370 secundum
2435 5312 2681 5367 formam
2700 5316 2893 5368 autem
2912 5312 3056 5368 servi
3095 5334 3124 5363 ‹‹
3150 5328 3269 5368 ηοιι
3289 5296 3444 5366 venit
3464 5313 3543 5367 fa-

1912 5426 2037 5465 cere
2057 5409 2409 5464 voluntatem
2430 5423 2615 5475 suam,
2634 5406 2733 5463 sed
2752 5407 3106 5463 voluntatem
3130 5406 3251 5477 ejus
3269 5405 3368 5477 qui
3388 5405 3543 5460 misit

1914 5520 2047 5558 eum
2072 5504 2244 5573 (Joan.
2269 5517 2342 5571 v1,
2372 5502 2480 5570 38).
2513 5521 2540 5553 »

1983 5596 2307 5651 Secundum
2325 5594 2691 5667 formampei
2714 5616 2741 5643 ‹‹
2760 5593 2905 5648 sicut
2916 5595 3082 5647 Pater
3095 5591 3268 5646 habet
3283 5591 3456 5647 vitam
3479 5592 3540 5647 in

1912 5691 2235 5763 semetipso,
2266 5689 2343 5743 sic
2369 5688 2524 5743 dedit
2550 5692 2606 5744 et
2637 5687 2773 5742 Filio
2801 5688 2974 5742 vitam
3004 5684 3214 5741 habere
3244 5686 3303 5741 in
3330 5691 3536 5743 semet-

1912 5784 2034 5856 ipso
2061 5785 2235 5855 (Joan.
2266 5800 2319 5852 v,
2349 5783 2457 5851 26).
2494 5803 2522 5831 ι)
