4026 6182
528 199 631 256 847

1418 202 1700 257 ΑΡΡΕΝΒ.
1743 202 1831 258 AD
1870 201 2032 258 S/EC.
2067 204 2153 258 1X.

2290 202 2535 258 lSlDORl
2572 200 2998 259 MERCATORJS
3722 210 3800 266 848

601 290 927 346 Secundum
973 291 1212 345 formam
1252 289 1396 345 servi
1438 312 1464 340 «
1506 290 1677 346 tristis
1702 294 1787 346 est
1812 292 2003 347 anima
2028 309 2157 349 mea
2177 304 2231 378 Α
2256 291 2456 346 bilium
2492 292 2725 346 Patrum
2749 290 3253 364 praedicationibus
3291 308 3390 347 nos
3419 296 3707 352 concordari
3726 316 3804 366 co-

530 400 711 454 usque
753 383 824 438 ad
868 386 1117 439 mortem
1157 383 1372 454 (Matth.
1419 400 1600 451 xxxv1,
1640 386 1750 455 28),
1782 407 1808 437 »
1853 390 1907 441 et
1941 387 2152 441 «idem

532 478 650 548 ipse
690 482 792 543 est,
840 477 985 532 sicut
1014 477 1092 532 ait
1120 479 1446 549 Apostolus,
1476 483 1532 534 et
1562 479 1717 534 dives
1748 483 1805 535 et
1839 497 2059 552 pauper
2088 482 2159 552 (11

532 573 650 628 Cor.
685 586 800 639 vm,
831 569 903 642 9).
934 592 962 620 »
1007 570 1189 641 Dives,
1222 572 1357 644 quia
1389 573 1736 645 evangelista
1765 574 2009 640 dicente,
2041 596 2067 625 ‹‹
2098 577 2159 630 ln

526 663 809 736 principio
837 670 961 719 erat
987 666 1234 721 Verbum
1260 670 1317 721 et
1341 667 1591 722 Verbum
1624 671 1747 722 erat
1776 669 1929 740 apud
1956 670 2155 734 Deum,

530 764 589 813 et
625 761 766 814 Deus
815 763 939 815 erat
971 760 1235 815 Verbum.
1270 762 1385 815 Hoc
1426 764 1548 815 erat
1586 762 1644 816 in
1686 761 1966 834 principio
2005 763 2158 834 apud

528 855 729 923 Deum,
752 854 948 909 omnia
962 870 1067 925 per
1078 854 1267 926 ipsum
1282 854 1429 910 facta
1442 860 1591 922 sunt,
1609 859 1666 911 et
1681 855 1801 911 sine
1814 856 1935 927 ipso
1949 856 2157 913 factum

532 950 614 1001 est
633 946 774 1002 nihil
799 946 971 1018 (Joan.
1002 964 1040 1018 ι,
1078 951 1212 1016 1-3).
1245 969 1271 995 ››
1680 936 1683 941 ’

602 1043 822 1112 Pauper
844 1058 999 1111 vero,
1026 1041 1160 1113 quia
1179 1044 1413 1114 propter
1446 1059 1550 1097 nos
1579 1044 1874 1099 «Verbum
1902 1059 2030 1098 caro
2055 1046 2160 1098 fac-

528 1140 653 1189 tum
689 1140 794 1201 est,
842 1138 898 1190 et
938 1135 1213 1191 habitavit
1241 1136 1301 1191 in
1326 1137 1492 1191 nobis
1526 1136 1702 1207 (Joan.
1746 1155 1781 1207 ι,
1817 1139 1924 1209 ta).
1957 1159 1983 1186 υ
2023 1138 2160 1201 Quae

531 1232 723 1284 autem
761 1234 845 1283 est
874 1229 995 1300 ejus
1026 1228 1362 1298 exinanitio,
1413 1247 1611 1302 quasve
1649 1232 2005 1303 paupertas?
2053 1231 2161 1285 nisi

530 1323 729 1378 formas
750 1322 962 1378 servilis
987 1323 1238 1395 acceptio
1269 1324 1297 1378 τ
1323 1340 1425 1395 per
1451 1341 1646 1395 quam,
1674 1325 1838 1379 Verbi
1866 1326 2161 1397 majestate

529 1416 728 1485 velata,
745 1416 1091 1489 dispensatio
1103 1417 1374 1472 humanae
1386 1418 2044 1491 redemptionisimpleta
2056 1424 2156 1475 est.

530 1512 673 1565 Nam
700 1509 834 1582 quia
856 1510 1191 1582 captivitatis
1210 1514 1416 1566 nostra}
1438 1512 1638 1566 resolvi
1656 1513 1955 1583 originalia
1975 1514 2162 1568 vincu-

532 1605 584 1658 la
627 1620 743 1659 non
773 1608 1060 1676 poterant,
1092 1604 1199 1659 nisi
1230 1604 1494 1660 existeret
1520 1606 1692 1661 homo
1722 1607 1901 1662 nostri
1937 1607 2161 1678 generis

2261 391 2512 457 gnoscat,
2557 384 2876 456 aliquantus
2915 401 3114 440 eorum
3165 386 3467 441 sententias
3503 387 3621 442 huic
3645 392 3807 447 credidi

2260 479 2620 551 subjicendas
2648 495 2768 534 esse
2799 478 3071 534 sermoni.
3103 479 3317 544 Quibus
3336 479 3381 534 si
3409 480 3640 552 digneris
3662 487 3806 540 atten-

2260 574 2392 628 dere
2441 572 2753 641 recensitis,
2804 590 2924 629 non
2964 572 3117 629 aliud
3153 590 3258 630 nos
3299 574 3590 646 praedicare
3619 580 3810 648 reperies

2259 684 2433 738 quam
2465 667 2620 739 quod
2647 668 2825 722 sancti
2856 669 3051 722 Patres
3083 667 3266 723 nostri
3297 670 3411 723 toto
3450 668 3578 723 orbe
3599 669 3808 741 docuere,

2261 778 2366 815 nec
2393 777 2740 833 quemquam
2782 761 2854 816 ab
2890 761 3001 815 illis
3033 761 3133 816 nisi
3178 761 3328 817 solos
3356 762 3555 834 impios
3577 763 3811 820 hereticos

2262 847 2602 925 discrepare.
2641 855 2736 910 His
2770 855 2967 927 igitur,
3012 855 3416 927 gloriosissime
3459 861 3513 911 et
3539 857 3811 913 venerabilis

2260 949 2593 1020 imperator,
2623 953 2836 1021 quanta
2865 949 3026 1021 potui
3057 949 3330 1005 brevitate
3372 950 3681 1022 perstrictis,
3715 968 3808 1006 cum

2259 1041 2534 1113 inspirata
2558 1041 2663 1096 tibi
2687 1041 2956 1097 divinitus
2985 1041 3097 1097 ﬁde
3129 1042 3301 1098 etiam
3320 1044 3570 1098 nostram
3597 1043 3809 1114 praedica-

2262 1135 2475 1190 tionem
2508 1135 2734 1191 unitam
2765 1151 2882 1191 esse
2913 1152 3214 1208 cognosce,
3244 1152 3348 1191 nec
3379 1137 3437 1190 in
3465 1136 3637 1207 aliquo
3665 1138 3809 1191 noset

2261 1231 2589 1300 evangelica
2629 1230 3048 1301 apostolicaquc
3095 1230 3371 1299 doctrina,
3423 1231 3505 1285 vel
3538 1248 3568 1284 a
3592 1231 3811 1286 catholica

2259 1323 2628 1394 professionis
2644 1323 2902 1394 symbolo
2918 1323 3254 1403 discrepare,
3270 1324 3552 1396 quoniam,
3566 1324 3813 1379 sicutdocet

2260 1417 2457 1471 beatus
2471 1419 2758 1488 apostolus
2769 1419 2989 1485 Paulus,
3017 1438 3045 1467 ‹‹
3065 1435 3348 1489 magnum
3370 1423 3453 1473 est
3465 1417 3667 1490 pietatis
3682 1434 3816 1473 sacra-

2260 1513 2519 1566 mentum
2574 1512 2728 1582 quod
2769 1512 3193 1567 manifestatum
3221 1517 3304 1567 est
3327 1512 3387 1566 in
3414 1528 3592 1578 carne,
3611 1511 3815 1582 justifies-

2260 1609 2387 1659 tum
2430 1608 2513 1659 est
2556 1605 2776 1676 spiritu,
2828 1605 3097 1676 apparuit
3134 1605 3374 1677 angelis,
3408 1605 3735 1677 prasdicatum
3758 1608 3815 1659 est

529 1700 853 1770 nostrasque
879 1701 1117 1768 naturas,
1145 1714 1319 1770 quem
1345 1698 1560 1769 peccati
1589 1700 1921 1772 praejudicia
1948 1718 2064 1756 non
2086 1705 2163 1756 te-
2182 1685 2238 1757 B
2263 1697 2546 1769 gentibus,
2571 1697 2851 1753 creditum
2875 1702 2962 1752 est
2978 1698 3038 1752 in
3066 1698 3301 1768 mundo,
3336 1702 3667 1770 assumptum
3692 1701 3757 1752 est
3775 1698 3813 1751 in

531 1796 814 1859 nerent,et
826 1791 921 1863 qui
934 1791 1296 1847 immaculato
1310 1792 1585 1864 sanguine
1602 1811 1703 1848 suo
1718 1794 2163 1866 chirographum

530 1885 738 1940 lcthale
763 1885 1025 1955 dilueret,
1054 1886 1199 1941 sicut
1222 1886 1291 1940 ab
1319 1885 1485 1942 initio
1511 1893 1630 1943 erat
1651 1887 1919 1943 divinitus
1945 1904 2159 1959 praeor-

531 1979 814 2046 dinatum,
864 1979 947 2034 ita
987 1984 1072 2034 est
1111 1980 1168 2033 in
1208 1979 1562 2051 plenitudine
1591 1980 1859 2052 praeﬁniti
1890 1982 2162 2054 temporis

531 2075 768 2142 factum,
797 2078 860 2128 ut
885 2073 1077 2128 multis
1104 2073 1293 2129 modis
1317 2074 1635 2147 signiﬁcata
1663 2075 1963 2147 promissio
1985 2078 2042 2131 in
2065 2076 2161 2132 diu

532 2170 918 2239 exspectatum
949 2169 1137 2223 veniat
1161 2168 1446 2239 effectum,
1480 2185 1581 2224 nec
1614 2173 1807 2240 posset
1831 2186 1951 2226 esse
1977 2171 2158 2225 stribi-

534 2278 710 2330 guum
742 2262 894 2332 quod
915 2263 1200 2318 continuis
1220 2262 1714 2319 testiﬁcationibus
1732 2280 1958 2336 semper
1977 2264 2164 2319 fuerat

529 2354 879 2411 nuntiatum.
932 2357 990 2410 In
1026 2373 1240 2428 magno
1284 2360 1479 2412 autem
1518 2357 1811 2430 sacrilegio
1857 2375 1916 2412 se
1947 2359 2162 2414 versari

532 2448 935 2504 haereticorum
978 2450 1306 2506 manifestat
1348 2450 1632 2522 impietas,
1672 2468 1802 2507 cum
1833 2451 1937 2507 sub
1980 2452 2163 2523 specie

531 2542 755 2597 deitatis
781 2543 1135 2599 honorandae
1163 2545 1431 2599 humanas
1458 2544 1641 2600 carnis
1669 2545 1729 2600 in
1750 2545 1970 2601 Christo
1996 2546 2162 2601 dene-

532 2639 672 2701 gant
696 2636 1015 2705 veritatem,
1059 2642 1115 2693 et
1142 2638 1407 2709 religiose
1435 2638 1722 2694 aestimant
1754 2639 1902 2694 credi
1932 2639 1976 2694 si
2007 2639 2158 2694 dica—

534 2734 624 2783 tur
652 2729 713 2785 in
740 2730 1024 2786 Salvatore
1054 2736 1269 2801 nostro,
1292 2749 1491 2787 verum
1521 2748 1635 2787 non
1665 2749 1785 2788 esse
1810 2733 1960 2803 quod
1991 2734 2165 2787 salvat

534 2840 664 2877 cum
712 2823 808 2892 ita,
855 2825 1170 2880 secundum
1227 2825 1668 2897 promissionem
1716 2826 1906 2881 omnia
1957 2828 2164 2882 saecula

534 2922 1005 2988 praecurrentem,
1060 2919 1309 2974 mundus
1361 2919 1433 2973 sit
1486 2920 1599 2974 Deo
1656 2920 2047 2975 reconciliatus
2104 2921 2162 2975 in

534 3010 778 3080 Christo,
806 3016 872 3066 ut
896 3010 1004 3066 nisi
1039 3012 1281 3067 Verbum
1308 3012 1643 3084 dignaretur
1667 3030 1795 3069 caro
1833 3014 1979 3082 fieri,
2008 3015 2164 3070 nulla

537 3104 710 3175 possit
747 3122 878 3160 caro
922 3106 1140 3161 salvari.
1177 3107 1354 3162 Omne
1382 3107 1538 3162 enim
1572 3111 1996 3163 sacramentum
2032 3108 2163 3164 ﬁdei

535 3198 866 3254 Christianas
907 3216 1116 3270 magno
1158 3200 1240 3271 (ut
1283 3200 1531 3255 haeretici
1560 3202 1774 3273 volunt)
1808 3202 2167 3258 decoloratur

537 3293 793 3363 obscuro,
842 3294 888 3348 si
930 3294 1025 3350 lux
1059 3293 1312 3349 veritatis
1350 3294 1454 3348 sub
1491 3295 1788 3349 mendacio
1824 3300 2059 3366 putatur
2085 3296 2164 3350 la-

539 3386 711 3441 tuisse
758 3387 1189 3458 phantasmatis.
1228 3389 1351 3443 Non
1387 3404 1525 3458 ergo
1566 3388 1867 3460 quisquam
1896 3389 2005 3443 sibi
2032 3405 2162 3444 eru-

536 3481 883 3535 bescendum
916 3480 1201 3537 existimet
1224 3481 1577 3536 Christianus
1602 3481 1671 3536 de
1692 3483 1871 3537 nostri
1887 3483 1945 3537 in
1962 3483 2166 3539 Christi

535 3591 771 3646 corpore
797 3575 1051 3645 veritate,
1080 3575 1215 3648 quia
1240 3591 1440 3630 omnes
1471 3576 1706 3647 apostoli
1745 3577 2163 3648 apostolorum-

537 3684 648 3739 que
664 3668 928 3740 discipuli
943 3673 998 3725 et
1007 3670 1270 3741 praeclari
1281 3669 1646 3725 ecclesiarum
1661 3669 1871 3741 quique
1884 3670 2165 3741 doctores,

540 3761 637 3832 qui
680 3762 751 3817 ad
789 3763 1050 3834 martyrii
1092 3779 1361 3818 coronam
1396 3763 1483 3818 vel
1511 3763 1881 3819 confessionis
1906 3780 2168 3819 meruere

539 3856 781 3926 gloriam
815 3858 1133 3929 pervenire,
1165 3858 1222 3912 in
1256 3858 1424 3929 hujus
1449 3856 1559 3913 ﬁde
1589 3857 1804 3913 lumine
1830 3858 2168 3929 splenduere

539 3951 801 4006 consonis
836 3952 1048 4024 ubique
1074 3952 1371 4007 sententiis
1400 3951 1748 4019 intonantes,
1780 3952 1930 4023 quod
1962 3952 2019 4006 in
2053 3954 2164 4007 Do-

537 4045 695 4099 mino
721 4046 850 4099 Jesu
874 4045 1092 4100 Christo
1120 4044 1350 4099 deitatis
1378 4048 1435 4099 et
1460 4045 1646 4099 carnis
1677 4061 1788 4098 una
1810 4044 1882 4099 sit
1899 4046 2168 4100 confiten-

540 4138 610 4190 da
652 4154 916 4209 persona.
967 4138 1091 4201 Qua
1135 4142 1326 4192 autem
1361 4137 1594 4192 rationis
1627 4137 2021 4207 similitudine,
2055 4155 2168 4210 qua

538 4229 860 4286 divinorum
876 4230 1237 4286 voluminum
1257 4230 1518 4301 portione
1536 4230 1806 4285 haeretica
1823 4231 2088 4303 impietas
2108 4249 2169 4287 se

541 4323 830 4379 existimat
870 4324 1148 4395 adjuvari,
1195 4341 1321 4396 quas
1361 4323 1659 4378 veritatem
1704 4327 1873 4395 negat
1917 4326 2170 4397 corporis

2183 3055 2240 3131 C

2267 1790 2444 1862 gloria
2471 1794 2518 1861 (Ι
2541 1794 2676 1846 Tim.
2704 1809 2785 1858 iu,
2812 1792 2916 1862 16).
2945 1814 2972 1842 ››
3006 1792 3151 1857 Quid
3171 1792 3349 1863 igitur
3369 1797 3478 1848 tua:
3499 1792 3816 1848 utiliusestsa-

2263 1885 2386 1954 luti,
2417 1885 2556 1956 quid
2584 1891 2697 1941 tuae
2723 1885 3137 1957 congruentius
3164 1887 3448 1958 potestati,
3479 1902 3637 1958 quam
3656 1890 3711 1941 ut
3730 1885 3814 1955 paci

2263 1979 2629 2034 ecclesiarum
2659 1979 2881 2034 Domini
2921 1984 3016 2034 tua
3040 1980 3446 2036 constitutione
3474 1978 3757 2052 prospicias,
3779 1983 3816 2033 et

2264 2072 2322 2126 in
2352 2072 2614 2127 omnibus
2644 2073 2744 2127 tibi
2773 2073 3016 2128 subditis
3042 2073 3190 2128 dona
3229 2074 3329 2129 Dei
3377 2074 3645 2141 defendas,
3681 2088 3815 2143 neque

2261 2166 2370 2221 ulla
2406 2166 2620 2221 ratione
2659 2166 2891 2238 patiaris
2921 2183 3026 2238 per
3054 2166 3330 2222 invidiam
3360 2167 3563 2222 diaboli
3595 2165 3819 2222 ministros

2262 2258 2436 2330 ipsius
2465 2260 2524 2314 in
2556 2260 2833 2331 cujusque
2859 2260 3056 2315 saivire
3101 2260 3442 2332 perniciem,
3474 2266 3535 2316 ut
3567 2260 3653 2331 qui
3678 2260 3725 2313 in
3746 2259 3818 2312 hoc

2262 2356 2455 2407 sancto
2480 2354 2777 2426 temporali
2801 2354 3018 2410 emines
3039 2370 3219 2426 regno
3240 2354 3299 2409 in
3317 2359 3594 2411 aeternum
3615 2351 3821 2409 merearis

2262 2462 2504 2517 regnare
2525 2463 2657 2501 cum
2683 2447 2927 2504 Christo.

2334 2540 2521 2596 Sancti
2562 2540 2756 2596 Hilarii
2798 2541 3157 2615 Pictavieqsis
3199 2543 3455 2614 episcOpi
3481 2547 3536 2598 et
3560 2540 3822 2597 confessoris

2264 2635 2322 2689 in
2353 2634 2499 2689 libro
2523 2635 2772 2690 secundo
2814 2635 2965 2690 inter
3001 2639 3226 2691 caetera.
3260 2637 3451 2691 Unum
3482 2636 3643 2707 igitur
3663 2634 3747 2689 hoc
3766 2638 3823 2687 est

2263 2728 2553 2783 immobile
2594 2728 3059 2799 fundamentum,
3100 2746 3215 2785 una
3253 2730 3382 2785 haec
3413 2730 3536 2786 felix
3562 2729 3681 2785 ﬁdei
3705 2729 3822 2800 petra

2263 2822 2417 2876 Petri
2445 2838 2543 2877 ore
2570 2823 2832 2878 confessa
2860 2840 2872 2877 :
2906 2842 2933 2875 ‹‹
2964 2825 3044 2878 Tu
3075 2840 3154 2892 es,
3191 2824 3401 2896 inquit,
3435 2824 3669 2880 Christus
3704 2820 3824 2876 Filius

2266 2915 2362 2969 Dei
2389 2916 2500 2970 vivi
2533 2917 2704 2986 (Joan.
2755 2933 2826 2983 x1,
2868 2919 2975 2987 27),
3010 2938 3039 2967 ››
3068 2920 3225 2973 tanta
3248 2918 3306 2972 in
3338 2935 3400 2973 se
3434 2920 3735 2990 argumenta
3755 2931 3822 2967 su-

2264 3009 2476 3064 stinens
2514 3010 2783 3080 veritatis,
2821 3015 3052 3082 quantae
3077 3011 3520 3083 perversitatum
3547 3008 3823 3082 quastioues

2264 3103 2613 3159 inﬁdelitatis
2654 3104 2937 3158 calumnia
2980 3105 3383 3160 movebuntur.
3424 3107 3543 3161 Jam
3586 3104 3637 3159 in
3664 3101 3824 3158 steteris

2265 3196 2607 3268 dispensatio
2647 3198 2951 3252 voluntatis
2980 3201 3235 3269 paternae
3268 3198 3362 3270 sit,
3403 3199 3578 3271 virgo,
3607 3202 3767 3269 partus
3787 3197 3823 3246 et

2265 3307 2491 3362 corpus,
2540 3294 2669 3362 post
2706 3308 2836 3364 quae
2877 3307 3034 3360 crux,
3068 3308 3242 3361 mors,
3288 3292 3486 3361 inferi,
3534 3291 3665 3346 salus
3686 3291 3825 3345 nostra

2269 3390 2369 3439 est.
2396 3385 2638 3439 Humani
2665 3384 2820 3440 enim
2846 3384 3069 3457 generis
3101 3401 3269 3441 causa
3312 3386 3412 3441 Dei
3444 3386 3604 3440 Filius
3629 3388 3823 3439 natusex

2266 3479 2489 3549 virgine
2517 3481 2620 3546 est,
2650 3482 2706 3533 et
2732 3479 2944 3551 Spiritu
2970 3482 3163 3534 sancto
3192 3480 3316 3552 ipso
3343 3480 3453 3535 sibi
3477 3480 3534 3535 in
3560 3480 3652 3535 hac
3673 3490 3822 3548 opera-

2268 3573 2422 3627 tione
2453 3573 2789 3639 famulante,
2813 3577 2870 3628 et
2890 3590 2991 3628 sua
3008 3573 3103 3629 Dei
3125 3572 3393 3630 videlicet
3413 3573 3738 3629 inumbrante
3752 3568 3825 3620 vir-

2269 3669 2387 3720 tute
2424 3666 2671 3736 corporis
2714 3665 2821 3720 sibi
2864 3665 3024 3721 initia
3053 3667 3325 3734 consevit,
3369 3670 3428 3722 et
3455 3665 3667 3722 exordia
3691 3660 3824 3718 carnis

2266 3759 2538 3823 instituit;
2571 3765 2636 3814 ut
2660 3759 2835 3815 homo
2874 3760 3058 3815 factus
3099 3776 3167 3815 ex
3206 3761 3430 3832 virgine
3456 3764 3693 3816 naturam
3716 3757 3760 3809 iu
3784 3767 3823 3805 se

2267 3853 2448 3907 carnis
2470 3854 2774 3925 exciperet,
2805 3870 2909 3925 per
2934 3870 3060 3926 quae
3083 3854 3253 3926 hujus
3280 3854 3627 3910 admistionis
3649 3849 3823 3907 societas

2269 3947 2681 4002 sanctiﬁcatum
2708 3948 2766 4001 in
2795 3964 2860 4003 eo
2890 3947 3135 4003 universi
3170 3949 3398 4018 generis
3427 3946 3648 4004 humani
3676 3956 3823 4013 corpus

2267 4040 2550 4109 existeret,
2583 4046 2643 4096 ut
2668 4041 3163 4113 quemadmodum
3185 4058 3387 4098 omnes
3400 4043 3458 4098 in
3475 4060 3533 4098 se
3552 4056 3645 4113 per
3661 4038 3706 4094 id
3718 4032 3823 4108 quod

2269 4151 2611 4206 corporeum
2643 4152 2701 4190 se
2727 4151 2847 4190 esse
2874 4136 3053 4191 voluit
3090 4137 3447 4201 conderetur,
3488 4137 3561 4191 ita
3582 4146 3765 4190 rursum
3783 4128 3821 4180 in

2268 4244 2464 4283 omnes
2488 4229 2607 4300 ipse
2629 4246 2733 4300 per
2751 4229 2809 4283 id
2828 4230 2983 4301 quod
3004 4229 3051 4301 ej
3062 4246 3124 4285 us
3146 4233 3232 4284 est
3257 4230 3536 4285 invisibile
3560 4229 3821 4284 referretur.

2266 4322 2363 4378 Dei
2392 4322 2569 4395 igitur
2591 4322 2784 4394 imago
2804 4322 3106 4378 invisibilis
3124 4323 3403 4394 pudorem
3425 4321 3648 4379 humani
3664 4313 3822 4374 exordii

539 4417 766 4485 Christi,
793 4434 924 4473 cum
952 4418 1099 4473 hanc
1130 4434 1244 4473 non
1271 4418 1361 4473 lex
1392 4416 1699 4482 testiﬁcari,
1732 4434 1847 4472 non
1870 4419 2167 4491 prophetia
2187 4431 2246 4504 D
2266 4432 2384 4471 non
2411 4416 2709 4485 recusavit,
2731 4421 2788 4471 et
2805 4433 2908 4489 per
2927 4417 3357 4488 conceptionem
3373 4422 3616 4489 partum,
3633 4411 3821 4483 vagitum

538 4512 870 4582 praecinere,
912 4529 1027 4567 non
1073 4511 1419 4582 evangelista
1443 4511 1661 4577 docere,
1695 4527 1811 4567 non
1844 4511 1964 4583 ipse
1995 4512 2166 4568 desti-

541 4607 671 4661 terit
685 4607 938 4663 Christus
956 4606 1255 4661 ostendere
1268 4606 1295 4660 ?
1315 4607 1580 4671 Quaerant
1594 4620 1696 4675 per
1714 4622 1945 4661 omnem
1960 4606 2167 4662 seriem

536 4701 980 4771 Scripturarum,
1008 4717 1122 4772 quo
1142 4699 1409 4755 tenebras
1435 4716 1566 4754 suas
1592 4698 1834 4770 fugiant,
1856 4700 1915 4754 in
1944 4717 2056 4772 quo
2081 4717 2169 4756 ve-

539 4811 668 4849 rum
696 4794 892 4849 lumen
912 4794 1230 4849 obscurent.
1262 4794 1330 4847 Et
1359 4810 1461 4864 per
1480 4794 1674 4848 omnia
1704 4796 1910 4848 saecula
1933 4794 2010 4850 ita
2026 4795 2169 4850 veri-

534 4891 711 4942 tatem
754 4886 1045 4942 invenient
1081 4890 1498 4953 coruscantem,
1530 4890 1597 4940 ut
1639 4903 1918 4958 magnum
1963 4888 2069 4943 hoc
2111 4892 2167 4943 et

536 4980 792 5036 mirabile
823 4984 1245 5036 sacramentum
1282 4980 1353 5034 ab
1391 4980 1553 5035 initio
1595 4980 1821 5035 videant
1861 4981 2162 5047 creditum,

535 5076 687 5147 quod
718 5078 801 5129 est
823 5074 882 5129 in
911 5074 1022 5129 ﬁne
1047 5075 1413 5145 completum.
1439 5075 1514 5129 De
1540 5090 1654 5146 quo
1681 5091 1811 5129 cum
1840 5078 2163 5130 sanctarum

535 5170 854 5224 litterarum
881 5168 1040 5222 nulla
1064 5184 1195 5238 pars
1221 5168 1398 5233 sileat,
1431 5166 1637 5222 sufﬁcit
1663 5168 1925 5239 quaedam
1960 5185 2161 5224 conso-

534 5281 605 5317 ua
650 5262 903 5318 veritatis
941 5261 1107 5333 signa
1150 5262 1421 5333 patuisse,
1464 5261 1670 5333 quibus
1707 5261 2001 5332 diligentia
2034 5261 2165 5317 ﬁdei

532 5356 993 5429 splendidissima
1010 5355 1311 5412 latitudine
1334 5355 1634 5427 dirigatur,
1665 5356 1949 5410 etsincera
1963 5354 2165 5410 intelli-

534 5451 738 5522 gentiae
764 5452 888 5507 luce
916 5450 1242 5523 perspiciat,
1273 5450 1427 5521 quod
1455 5450 1514 5504 in
1560 5448 1698 5504 Filio
1740 5448 1838 5503 Dei
1866 5448 1960 5519 qui
1991 5465 2047 5504 se
2076 5449 2161 5504 in-

531 5545 873 5601 cessabiliter
914 5544 1095 5599 ﬁlium
1134 5543 1384 5599 hominis
1425 5546 1481 5598 et
1523 5542 1820 5598 hominem
1867 5543 2165 5614 proﬁtetur

529 5654 646 5691 non
689 5638 759 5692 sit
800 5638 1129 5693 Christianis
1182 5637 1649 5703 erubescendum,
1691 5637 1788 5690 sed
1836 5636 2164 5692 constantis-

531 5728 670 5784 sime
698 5730 1074 5801 gloriandum.
1102 5732 1173 5787 Ut
1198 5734 1391 5787 autem
1415 5730 1597 5802 pietas
1626 5733 1721 5786 tua
1759 5745 1890 5787 cum
1919 5746 2157 5789 venera-

2269 4514 2325 4565 et
2349 4527 2543 4577 cunas,
2571 4526 2770 4565 omnes
2807 4513 3026 4565 naturae
3065 4515 3272 4566 nostra:
3315 4508 3668 4566 contumelias
3686 4510 3820 4559 trans-

2268 4603 2534 4659 cucurrit.
2567 4604 2713 4668 Quid
2736 4604 2969 4660 tandem
2993 4604 3346 4675 dignationis
3373 4604 3588 4659 aﬂ‘ectui
3607 4595 3820 4671 repende-

2267 4698 2402 4753 tur?
2438 4696 2837 4753 Inenarrabilis
2869 4714 2901 4752 a
2934 4698 3048 4753 Deo
3087 4698 3329 4769 originis
3376 4714 3525 4754 unus
3564 4690 3821 4765 unigenitus

2267 4794 2410 4847 Deus
2435 4790 2496 4845 in
2526 4791 2849 4863 corpusculi
2875 4791 3117 4846 humani
3141 4792 3385 4848 formam
3414 4795 3613 4848 sancta:
3635 4781 3821 4856 Virginis

2270 4891 2427 4941 utero
2453 4884 2700 4940 insertus
2728 4885 3010 4941 accrescit.
3038 4884 3143 4951 Qui
3163 4887 3355 4942 omnia
3374 4886 3631 4948 continet,
3652 4887 3699 4936 et
3713 4879 3819 4932 intra

2269 4995 2442 5051 quem
2474 4983 2531 5034 et
2559 4995 2664 5051 per
2683 4996 2857 5051 quem
2878 4983 3084 5035 cuncta
3112 4985 3263 5048 sunt,
3286 4980 3523 5035 humani
3541 4981 3711 5052 partus
3730 4972 3821 5039 lege

2266 5072 2574 5143 profertur,
2601 5075 2659 5127 et
2695 5072 2771 5127 ad
2820 5074 2979 5145 cujus
3007 5090 3199 5129 vocem
3232 5072 3550 5144 archangeli
3581 5074 3723 5139 atque
3744 5077 3819 5115 an.

2268 5166 2382 5238 geli
2412 5170 2684 5235 tremunt,
2714 5167 2918 5222 coelum
2945 5173 3001 5223 et
3018 5177 3173 5224 terra
3199 5172 3256 5223 et
3280 5167 3474 5222 omnia
3498 5165 3651 5236 hujus
3669 5151 3817 5215 mundi

2266 5262 2625 5316 resolvuntur
2656 5262 2958 5330 elementa,
3002 5262 3198 5333 vagitu
3239 5260 3471 5316 infantis
3497 5257 3713 5313 auditur.
3743 5245 3815 5310 Ουί

2265 5353 2558 5410 invisibilis
2599 5359 2654 5408 et
2679 5355 3210 5427 comprehensibilis
3245 5360 3345 5425 est,
3386 5370 3499 5409 non
3535 5350 3661 5415 visu,
3697 5354 3814 5436 5995'?

2265 5453 2555 5520 tractuque
2596 5448 3000 5518 moderandus,
3039 5450 3201 5504 cunis
3240 5452 3321 5506 est
3344 5447 3646 5504 obvolutus.
3669 5440 3812 5533 Ηωςξξ

2264 5543 2392 5615 quis
2418 5543 2654 5615 indigna
2683 5544 2792 5598 Deo
2823 5543 3035 5611 recolit,
3070 5547 3230 5599 tanto
3275 5559 3332 5599 se
3367 5539 3587 5613 majoris
3614 5527 3812 5591 beneficii

2263 5637 2568 5692 obnoxium
2610 5636 2996 5705 conﬁtebitur,
3027 5642 3245 5710 quanto
3270 5637 3456 5692 minus
3483 5637 3593 5690 haec
3617 5626 3692 5684 Dei
3712 5635 3809 5676 cou-

2262 5730 2525 5789 venerint
2565 5730 2866 5803 majestati.
2900 5731 3022 5787 Non
3061 5731 3153 5788 ille
3195 5731 3350 5805 eguit
3377 5732 3543 5789 homo
3566 5718 3704 5787 efﬁci.
3737 5726 3810 5787 Per
