4026 6182
175 272 275 327 849

1396 270 1869 327 DECRETALIUM
1905 269 2296 326 COLLECTlO.

3431 275 3531 330 850

172 396 341 451 quem
384 346 559 434 homo
601 381 778 435 factus
828 383 932 447 est,
973 380 1069 436 sed
1094 397 1198 436 nos
1237 379 1503 451 eguimus
1545 382 1610 433 ut
1648 380 1795 435 Deus
1816 390 1875 463 Α
1898 378 2077 432 Deum
2107 380 2256 433 totus
2275 379 2449 433 homo
2479 383 2536 433 et
2560 382 2711 433 totus
2728 380 2897 446 Deus,
2916 396 3034 435 non
3060 380 3375 436 confundas
3394 385 3536 436 tem-

172 490 302 528 caro
329 472 492 528 ﬁeret
518 475 575 529 et
602 473 884 530 habitaret
906 473 967 528 in
1000 473 1178 543 nobis,
1204 473 1265 528 id
1285 476 1387 542 est,
1411 473 1799 544 assumptione

171 565 351 623 carnis
378 566 546 621 unius
575 566 800 622 interna
833 566 1113 622 universae
1142 566 1327 621 carnis
1350 567 1626 622 incoleret
1653 583 1666 620 :
1700 567 1798 621 hu-

169 660 378 715 militas
403 660 532 731 ejus
553 664 748 715 nostra
766 660 1032 716 nobilitas
1049 664 1155 730 est,
1183 660 1528 717 contumelia
1550 660 1673 732 ejus
1694 676 1796 714 no-

169 758 281 810 ster
328 755 512 809 honor
548 759 651 810 est.
696 754 858 819 Quod
884 755 976 810 ille
1004 755 1149 810 Deus
1173 754 1233 809 in
1262 770 1434 809 carne
1461 754 1795 820 consistens,

169 850 273 904 hoc
323 865 428 903 nos
474 848 717 903 vicissim
763 848 823 903 in
870 848 1097 903 Domini
1137 864 1307 904 carne
1338 847 1614 903 renovati.
1655 849 1798 903 Item

167 942 422 1013 ejusdem
466 941 526 997 in
571 942 719 997 libro
744 958 895 997 nono
932 942 1083 997 inter
1120 946 1325 997 caetera
1355 958 1368 997 :
1400 941 1588 996 Nescit
1629 941 1797 1013 plane

166 1037 343 1090 vitam
369 1052 555 1103 suam,
589 1035 765 1091 nescit
804 1035 901 1108 qui
940 1034 1229 1092 Christum
1264 1036 1461 1091 Jesum
1492 1040 1554 1090 ut
1595 1051 1797 1089 verum

169 1131 346 1185 Deum
377 1129 454 1184 ita
492 1134 549 1184 et
590 1146 789 1185 verum
834 1130 1135 1185 hominem
1170 1129 1420 1201 ignorat,
1458 1133 1515 1184 et
1540 1128 1799 1200 ejusdem

169 1222 403 1294 periculi
430 1239 519 1278 res
561 1229 647 1278 est
672 1223 959 1279 Christum
988 1225 1181 1279 Iesum
1207 1224 1293 1278 vel
1321 1223 1587 1295 spiritum
1621 1224 1799 1279 Deum

165 1317 251 1372 vel
276 1332 510 1372 carnem
534 1317 712 1372 nostri
739 1319 993 1389 corporis
1018 1317 1304 1389 denegare
1333 1334 1346 1372 :
1378 1338 1405 1366 ‹‹
1439 1317 1636 1372 Omnis
1661 1333 1799 1388 ergo

164 1410 262 1482 qui
292 1411 660 1466 conﬁtebitur
684 1428 775 1466 me
799 1428 995 1466 coram
1020 1411 1372 1479 hominibus,
1403 1410 1718 1466 conﬁtebor
1742 1415 1800 1466 et

165 1521 271 1575 ego
288 1520 427 1559 eum
454 1520 646 1560 coram
680 1506 843 1560 Patre
883 1522 1035 1573 meo,
1063 1505 1160 1577 qui
1180 1510 1267 1560 est
1286 1505 1345 1559 in
1372 1505 1544 1560 caelis.
1574 1504 1681 1569 Qui
1703 1521 1799 1559 au-

166 1604 278 1653 tem
308 1598 598 1669 negaverit
625 1615 716 1654 me
744 1615 941 1654 coram
977 1598 1328 1667 hominibus,
1361 1599 1580 1670 negabo
1606 1602 1663 1653 et
1687 1615 1796 1669 ego

162 1709 290 1746 eum
320 1708 514 1747 coram
540 1694 703 1748 Patre
729 1708 878 1760 meo,
915 1693 1012 1764 qui
1042 1696 1128 1747 est
1160 1693 1220 1746 in
1265 1692 1438 1747 coelis.
1478 1693 1695 1763 (Matth.
1740 1708 1794 1759 Χ,

164 1789 249 1851 3'2,
279 1788 395 1854 33).
433 1806 459 1836 ››
496 1787 608 1841 Hoc
647 1786 892 1841 Verbum
933 1803 1064 1841 caro
1101 1786 1316 1841 factum
1358 1785 1710 1857 loquebatur,
1742 1764 1875 1840 etB

166 1880 339 1933 homo
380 1881 539 1934 Jesus
588 1880 842 1934 Christus
890 1880 1158 1934 Dominus
1189 1878 1500 1950 majestatis
1531 1878 1795 1947 docebat,

164 1973 455 2028 mediator
481 1974 603 2044 ipse
628 1973 687 2028 in
716 1990 775 2027 se
802 1974 875 2028 ad
896 1974 1138 2028 salutem
1162 1972 1419 2029 Ecclesia:
1437 1972 1795 2041 constitutus,

162 2072 215 2120 et
242 2068 370 2138 ipso
388 2067 485 2121 illo
507 2067 654 2122 inter
684 2069 863 2123 Deum
895 2071 952 2121 et
982 2067 1243 2122 homines
1274 2066 1598 2122 mediatoris
1619 2082 1801 2121 sacra-

164 2166 360 2216 mento
389 2165 699 2233 utrumque
734 2178 879 2216 unus
907 2161 1173 2230 existens,
1210 2160 1348 2215 dum
1374 2161 1496 2232 ipse
1525 2177 1595 2216 ex
1624 2160 1797 2215 unitis

163 2255 489 2326 injidipsum
512 2258 730 2310 natura:
749 2255 1042 2327 utriusque
1059 2271 1147 2309 res
1167 2255 1362 2310 eadem
1386 2259 1488 2323 est,
1510 2255 1587 2310 ita
1604 2258 1796 2308 tamen

162 2355 219 2403 ut
272 2355 483 2403 neutro
531 2354 749 2404 careret
787 2350 847 2403 in
889 2353 1156 2421 utroque,
1207 2364 1277 2403 ne
1328 2349 1472 2403 forte
1506 2349 1650 2403 Deus
1680 2363 1799 2403 esse

161 2442 338 2497 homo
359 2443 640 2497 nascendo
667 2442 969 2510 desineret,
1000 2448 1059 2499 et
1086 2443 1257 2497 homo
1277 2458 1473 2496 rursus
1502 2443 1650 2497 Deus
1675 2458 1796 2495 ma-

157 2536 358 2591 nendo
390 2553 508 2590 non
550 2540 712 2591 esset.
748 2537 874 2591 Haec
906 2536 1099 2608 utique
1130 2528 1399 2590 humanm
1431 2534 1799 2589 beatitudinis

158 2630 304 2685 ﬁdes
332 2647 465 2684 vera
493 2634 577 2685 est
601 2631 784 2685 Deum
804 2633 861 2685 et
880 2630 1171 2687 hominem
1192 2629 1523 2701 praedicare,
1551 2629 1799 2683 Verbum

160 2728 214 2779 et
241 2740 488 2778 carnem
528 2723 803 2791 conﬁteri,
854 2739 1040 2795 neque
1087 2723 1265 2778 Deum
1293 2722 1513 2777 nescire
1557 2722 1708 2793 quod
1745 2726 1802 2777 et

158 2819 338 2874 homo
367 2817 458 2884 sit,
493 2834 675 2888 neque
700 2833 933 2871 carnem
960 2817 1228 2888 ignorare
1255 2816 1407 2888 quod
1433 2815 1679 2870 Verbum
1708 2815 1796 2869 sit.

158 2915 303 2968 ltem
348 2911 603 2982 ejusdem
651 2910 709 2965 in
743 2911 945 2966 eodem
982 2910 1130 2965 libro
1162 2910 1313 2965 inter
1354 2913 1559 2965 eaetera
1588 2926 1600 2963 :
1630 2910 1801 2963 Natus

158 3006 345 3077 igitur
363 3004 693 3076 unigenitus
714 3005 863 3059 Deus
877 3020 945 3059 ex
965 3004 1199 3076 Virgine
1218 3006 1392 3059 homo
1416 3008 1471 3059 et
1488 3003 1801 3058 secundmn

159 3097 586 3170 plenitudinem
603 3103 929 3169 temporum
950 3097 1009 3152 in
1030 3098 1337 3170 semetipso
1357 3098 1717 3169 profecturus
1742 3097 1801 3151 in

160 3194 344 3248 Deum
364 3192 677 3259 hominem,
695 3193 847 3247 hunc
865 3208 969 3264 per
986 3192 1177 3246 omnia
1199 3191 1507 3264 evangelici
1523 3190 1803 3245 sermonis

156 3287 404 3341 modum
432 3286 638 3353 tenuit,
681 3291 746 3341 ut
779 3303 838 3341 se
886 3286 1090 3341 Filium
1136 3286 1235 3340 Dei
1272 3286 1428 3340 credi
1459 3285 1708 3353 doceret,
1746 3288 1805 3338 et

156 3375 418 3431 hominis
447 3374 629 3429 ﬁlium
655 3375 953 3446 praedicari
982 3374 1339 3443 admoneret,
1370 3375 1590 3429 locutus
1617 3379 1674 3428 et
1704 3390 1797 3445 ge-

157 3486 288 3524 rens
318 3468 499 3523 homo
524 3467 783 3522 universa
816 3484 945 3539 quas
973 3467 1071 3522 Dei
1090 3470 1240 3535 sunt,
1265 3468 1502 3538 loquens
1521 3467 1725 3522 deinde
1748 3470 1805 3520 et

157 3578 372 3633 gerens
403 3563 546 3616 Deus
570 3562 840 3616 universa
869 3577 998 3632 quae
1028 3560 1281 3616 hominis
1313 3567 1462 3615 sunt.
1497 3563 1581 3615 lta
1608 3564 1800 3615 tamen

156 3661 219 3711 ut
244 3657 379 3728 ipso
407 3654 500 3709 illo
526 3656 819 3727 utriusque
842 3654 1067 3727 generis
1090 3671 1353 3709 sermone
1378 3671 1672 3727 nunquam
1696 3654 1803 3708 nisi

157 3767 292 3805 cum
348 3749 764 3821 signiﬁcatione
819 3755 875 3805 et
922 3749 1175 3804 hominis
1226 3750 1446 3803 locutus
1487 3753 1543 3804 et
1581 3749 1677 3803 Dei
1711 3748 1798 3803 sit.

156 3848 302 3901 Item
336 3843 447 3898 alio
471 3844 597 3899 loco
616 3843 677 3897 in
696 3843 898 3898 eodem
918 3843 1063 3899 libro
1086 3843 1236 3898 inter
1256 3846 1457 3898 caetera
1487 3861 1500 3898 :
1534 3842 1670 3897 Hinc
1691 3842 1800 3896 ita-

157 3956 270 4011 que
302 3937 551 3994 fallendi
576 3937 858 4008 simplices
875 3939 1047 4009 atque
1069 3938 1396 4009 ignorantes
1416 3936 1697 3991 haereticis
1717 3952 1803 3990 oc-

158 4033 321 4088 casio
368 4036 473 4097 est,
513 4034 579 4085 ut
623 4047 751 4102 quae
780 4030 850 4084 ab
888 4047 954 4085 eo
982 4031 1293 4085 secundum
1335 4030 1627 4084 hominem
1656 4028 1803 4084 dicta

160 4132 316 4193 sunt,
344 4126 493 4180 dicta
520 4141 643 4178 esse
669 4124 985 4179 secundum
1011 4129 1230 4178 naturae
1262 4124 1467 4178 divinae
1496 4123 1800 4177 inﬁrmita-

160 4225 275 4275 tem
300 4218 679 4287 mentiantur,
702 4221 759 4273 et
778 4218 913 4290 quia
933 4234 1081 4272 unus
1099 4221 1267 4288 atque
1285 4217 1436 4271 idem
1457 4221 1541 4271 est
1563 4218 1805 4287 loquens

160 4313 368 4367 omnia
395 4328 523 4383 quae
544 4311 794 4383 loquitur
818 4311 887 4366 de
914 4310 1241 4381 semetipso,
1268 4309 1461 4363 omnia
1488 4326 1620 4363 eum
1647 4310 1800 4364 locu-

161 4411 283 4461 tum
298 4422 428 4462 esse
444 4405 811 4461 contendant.
842 4406 862 4427 ‘
876 4405 957 4459 Ne
980 4420 1117 4459 sane
1140 4406 1619 4475 negamustotum
1640 4403 1804 4457 illum

1898 471 2127 543 poribus
2165 476 2223 526 et
2259 472 2565 541 generibus
2609 472 3044 545 dispensationis
3075 479 3529 539 sacramentum,

1896 581 2027 619 cum
2051 581 2155 636 pro
2182 565 2451 636 qualitate
2484 581 2761 636 generum
2791 582 2856 621 ac
2883 570 3247 637 naturarum,
3278 566 3456 623 alium
3478 568 3533 622 ei

1896 660 1957 714 in
1983 662 2337 714 sacramento
2367 659 2617 714 hominis
2648 676 2877 714 necesse
2895 663 2982 715 est
3010 677 3333 716 sermonem
3360 661 3532 717 fuisse

1896 769 2012 808 non
2036 756 2195 821 nato,
2226 752 2401 807 alium
2415 752 2602 808 adhuc
2629 754 2922 821 morituro,
2943 754 3122 809 alium
3143 754 3267 825 jam
3286 757 3526 810 aeterno.

1898 847 2084 902 Nostri
2122 846 2298 919 igitur
2336 863 2506 901 causa
2551 847 2672 901 haec
2698 848 2891 902 omnia
2916 849 3074 903 Iesus
3105 848 3362 904 Christus
3398 865 3523 904 ma-

1900 956 2041 995 nens
2068 943 2128 995 et
2156 940 2408 1012 corporis
2433 940 2616 995 nostri
2640 940 2813 995 homo
2838 947 3025 1010 natus,
3055 942 3367 998 secundum
3399 960 3531 998 con-

1898 1034 2262 1090 suetudinem
2297 1037 2520 1089 naturae
2560 1039 2769 1089 nostra:
2804 1034 3025 1090 locutus
3055 1040 3161 1104 est,
3192 1052 3311 1115 non
3337 1039 3528 1093 tamen

1898 1128 2162 1184 omittens
2206 1129 2429 1184 naturae
2460 1144 2578 1182 suae
2604 1144 2725 1183 esse
2771 1128 2926 1199 quod
2970 1129 3118 1183 Deus
3143 1135 3244 1185 est.
3279 1130 3422 1184 Nam
3453 1135 3531 1185 ta-

1897 1222 2068 1276 metsi
2100 1222 2157 1276 in
2190 1226 2351 1293 partu
2383 1226 2439 1277 et
2466 1221 2731 1293 passione
2752 1225 2809 1277 et
2836 1226 3040 1289 morte,
3074 1225 3294 1277 natura;
3325 1228 3531 1277 nostrae
3578 1266 3581 1267 ν

1899 1332 1986 1373 res
2012 1316 2317 1387 peregerit,
2346 1331 2439 1370 res
2464 1320 2657 1371 tamen
2685 1316 2834 1385 ipsas
2861 1331 3059 1371 omnes
3084 1316 3291 1372 virtute
3314 1319 3533 1371 naturae

1897 1426 2012 1465 suae
2039 1409 2233 1480 gessit.
2264 1411 2329 1465 Et
2358 1409 2599 1481 reliqua.
2621 1411 2762 1465 ltem
2789 1409 2903 1464 alio
2924 1410 3049 1465 loco
3074 1409 3135 1464 in
3156 1409 3359 1465 eodem
3385 1410 3533 1464 libro

1898 1504 2045 1559 inter
2070 1509 2276 1559 caetera
2310 1521 2322 1558 :
2354 1504 2523 1559 Vides
2551 1520 2625 1558 ne
2657 1505 2738 1558 ita
2763 1505 2943 1559 Deum
2973 1508 3028 1559 et
3058 1503 3354 1559 hominem
3383 1520 3530 1575 prm-

1898 1598 2071 1652 dicari
2103 1602 2165 1652 ut
2193 1613 2348 1652 mors
2377 1596 2621 1666 homini,
2656 1598 2771 1652 Deo
2811 1614 2943 1652 vero
2972 1597 3160 1652 carnis
3200 1597 3531 1653 exercitatio

1898 1691 2207 1762 deputetur
2220 1691 2248 1744 ‘I
2269 1691 2391 1745 Non
2409 1692 2603 1745 tamen
2622 1693 2687 1744 ut
2702 1690 2844 1745 alius
2863 1690 2938 1745 sit
2954 1691 3051 1762 qui
3070 1694 3335 1747 mortuus
3352 1695 3456 1758 est,
3479 1694 3536 1746 et

1900 1784 2042 1838 alius
2059 1784 2133 1838 sit
2146 1800 2250 1855 per
2261 1800 2434 1855 quem
2451 1789 2709 1839 mortuus
2728 1784 2993 1855 resurgit.
3018 1784 3270 1855 Spoliata
3289 1785 3343 1838 ei
3363 1801 3536 1839 carne

1900 1877 2093 1951 210
2127 1878 2381 1934 Christus
2416 1882 2499 1932 est
2530 1881 2810 1941 mortuus,
2841 1884 2898 1933 et
2926 1894 3156 1932 rursum
3185 1878 3474 1933 Christum
3500 1895 3535 1933 a

1899 1972 2136 2027 mortuis
2168 1971 2418 2026 excitans
2446 1971 2599 2026 idem
2636 1972 2890 2050 Chrjstus
2918 1977 3005 2027 est
3035 1987 3202 2026 carne
3242 1987 3302 2026 se
3338 1988 3535 2042 exspo-

1899 2070 2140 2141 polians.
2171 2070 2443 2125 Naturam
2471 2068 2567 2125 Dei
2594 2069 2653 2123 in
2678 2068 2886 2124 virtute
2914 2068 3339 2124 resurrectionis
3364 2068 3531 2124 intel-

1898 2164 2035 2235 lige,
2063 2163 2547 2235 dispensationem
2571 2162 2820 2217 hominis
2848 2163 2906 2217 in
2932 2166 3114 2218 morte
3140 2178 3443 2233 cognosce.
3468 2163 3535 2216 Et

1898 2274 2026 2311 cum
2080 2256 2193 2311 sint
2236 2265 2474 2328 utraque
2519 2256 2632 2311 suis
2663 2259 2820 2327 gesta
2853 2255 3093 2325 naturis,
3129 2273 3309 2311 unum
3340 2262 3536 2311 tamen

1899 2350 2188 2405 Christum
2214 2351 2407 2403 Jesum
2434 2366 2563 2404 eum
2598 2356 2887 2405 memento
2928 2366 3049 2405 esse
3093 2350 3193 2421 qui
3227 2354 3536 2422 utrumque

1899 2449 2001 2499 est.
2038 2445 2175 2499 Item
2220 2448 2349 2514 post
2384 2460 2565 2513 pauca
2598 2460 2612 2498 :
2651 2445 2777 2498 Haec
2806 2444 2985 2514 igitur
3023 2444 3475 2498 demonstranda
3500 2460 3534 2498 a

1900 2553 1992 2591 me
2022 2537 2215 2609 paucis
2249 2536 2500 2605 fuerunt,
2542 2540 2607 2591 ut
2640 2537 2937 2608 utriusque
2974 2542 3193 2592 naturae
3234 2553 3534 2608 personam

1901 2630 2130 2685 tractari
2152 2630 2212 2685 in
2235 2631 2473 2685 Domino
2500 2632 2523 2686 J
2532 2646 2632 2685 esu
2653 2630 2876 2686 Christo
2897 2631 3374 2699 meminissemus,
3404 2631 3537 2701 quia

1900 2742 2141 2780 manens
2170 2724 2230 2779 in
2276 2725 2458 2778 forma
2493 2724 2589 2779 Dei
2641 2724 2887 2779 formam
2928 2724 3073 2779 servi
3104 2725 3369 2795 suscepit.
3397 2726 3534 2779 ltem

1901 2818 2082 2873 sancti
2129 2817 2424 2873 Athanasii
2468 2818 2862 2873 Alexandrinae
2907 2817 3158 2873 ecclesiae
3194 2818 3442 2889 episcOpi
3481 2822 3536 2873 et

1900 2912 2237 2967 confessoris
2266 2911 2340 2967 ad
2367 2912 2690 2983 Epictetum
2710 2911 3141 2967 Corinthiorum
3157 2912 3525 2984 episcopum:

1903 3006 2209 3070 Quomodo
2237 3010 2433 3060 autem
2460 3006 2551 3060 vel
2573 3005 2837 3061 dubitare
2853 3006 2977 3061 ausi
2997 3009 3130 3061 sunt
3149 3006 3248 3078 qui
3270 3006 3538 3061 dicuntur

1900 3099 2223 3165 Christiani,
2252 3099 2298 3153 si
2327 3099 2601 3154 Dominus
2622 3099 2720 3170 qui
2742 3116 2813 3154 ex
2830 3100 2999 3155 Maria
3023 3100 3245 3170 virgine
3261 3100 3538 3172 processit

1902 3192 2051 3247 ﬁlius
2093 3193 2327 3264 quidem
2373 3193 2685 3247 substantia
2726 3199 2783 3248 et
2831 3197 3036 3247 natura
3093 3194 3195 3247 Dei
3232 3197 3338 3262 est,
3382 3194 3536 3265 quod

1903 3285 2216 3342 secundum
2269 3302 2495 3340 carnem
2547 3303 2614 3339 ex
2671 3285 2888 3341 semine
2925 3286 3099 3341 David
3146 3291 3231 3342 est
3270 3289 3329 3341 et
3370 3303 3536 3341 carne

1905 3384 2111 3435 sanctae
2158 3380 2349 3435 Maria:
2377 3380 2404 3434 ?
2462 3380 2599 3434 Item
2648 3379 2821 3434 sancti
2871 3379 3152 3434 Ambrosii
3187 3380 3438 3451 episc0pi
3482 3384 3538 3434 et

1903 3473 2237 3528 confessoris
2279 3473 2708 3528 Mediolanensis
2757 3473 3022 3539 ecclesiae,
3070 3473 3221 3544 quod
3266 3472 3415 3526 misit
3462 3472 3537 3526 ad

1905 3569 2314 3638 imperatorem
2374 3566 2704 3621 Gratianum
2743 3566 2801 3621 in
2845 3567 2992 3621 libro
3034 3566 3282 3622 secundo
3319 3565 3389 3622 de
3425 3566 3536 3621 ﬁde

1904 3662 2055 3716 inter
2071 3664 2275 3716 caetera
2306 3678 2318 3715 :
2353 3662 2540 3715 Unum
2563 3659 2703 3713 illud
2722 3660 2875 3731 quod
2897 3661 3103 3715 lectum
3127 3664 3211 3715 est
3232 3660 3535 3717 Dominum

1904 3755 2218 3825 majestatis
2247 3754 2577 3809 cruciﬁxum
2610 3769 2751 3819 esse,
2794 3770 2911 3809 non
2951 3753 3110 3825 quasi
3146 3754 3204 3809 in
3238 3754 3535 3825 majestate

1904 3848 2238 3902 cruciﬁxum
2282 3852 2571 3919 putemus.
2624 3846 2738 3902 Sed
2803 3847 2938 3918 quia
2981 3847 3134 3902 idem
3178 3849 3343 3913 Deus,
3384 3848 3535 3902 idem

1906 3943 2114 4010 homo,
2182 3958 2284 4012 per
2346 3940 2702 3995 divinitatem
2740 3942 2923 4009 Deus,
2990 3958 3090 4012 per
3116 3940 3533 4013 susceptionem

1903 4031 2088 4086 carnis
2141 4030 2314 4086 homo
2363 4030 2617 4085 Christus
2675 4031 2835 4085 Jesus
2891 4030 3166 4086 Dominus
3225 4029 3536 4102 majestatis

1906 4125 2112 4180 dicitur
2164 4125 2496 4191 cruciﬁxus,
2547 4123 2681 4195 quia
2732 4139 2959 4179 consors
3010 4124 3307 4197 utriusque
3364 4128 3534 4179 natu-

1905 4235 2005 4286 rae,
2033 4218 2089 4274 id
2119 4221 2222 4285 est,
2252 4219 2523 4273 humanae
2549 4222 2720 4289 atque
2748 4217 2955 4272 divinee
2981 4218 3041 4273 in
3070 4223 3271 4273 natura
3291 4217 3539 4274 hominis

1905 4311 2080 4366 subiit
2101 4312 2446 4384 passionem,
2478 4315 2545 4366 ut
2572 4311 2879 4367 indiscrete
2902 4314 2961 4366 et
2978 4312 3251 4367 Dominus
3280 4312 3539 4383 majesta-

1906 4405 1978 4460 tis
2003 4405 2227 4461 dicatur
2256 4422 2377 4461 esse
2404 4405 2502 4477 qui
2533 4422 2735 4477 passus
2766 4408 2869 4472 est,
2903 4409 2960 4460 et
2986 4405 3137 4460 ﬁlius
3167 4406 3438 4475 hominis,
3458 4406 3534 4460 si-

160 4502 257 4572 qui
287 4499 419 4569 ejus
449 4502 641 4554 manet
667 4502 886 4553 natura:
913 4514 1031 4552 sua:
1059 4514 1181 4553 esse
1222 4513 1572 4552 sermonem.
1623 4496 1733 4551 Sed
1762 4497 1808 4550 si
1827 4506 1886 4580 D
1909 4499 2026 4554 cuti
2057 4500 2333 4570 scriptum
2377 4504 2483 4568 est,
2524 4500 2623 4571 qui
2652 4499 2943 4554 descendit
2969 4499 3039 4554 de
3069 4500 3230 4554 coelo.
3259 4502 3398 4554 Item
3428 4499 3539 4553 alio

157 4598 326 4650 .lesus
352 4593 606 4648 Christus
627 4595 683 4648 et
707 4592 880 4647 homo
906 4597 963 4647 et
991 4593 1158 4659 Deus,
1181 4596 1237 4646 et
1256 4607 1443 4663 neque
1469 4607 1603 4645 cum
1631 4591 1805 4646 homo

160 4695 285 4744 tum
337 4687 591 4759 primum
626 4687 794 4753 Deus,
828 4702 1014 4757 neque
1047 4689 1169 4740 tum
1214 4701 1344 4739 cum
1384 4688 1442 4739 et
1483 4685 1654 4740 homo
1681 4688 1805 4740 tum

160 4800 281 4837 non
313 4781 493 4837 etiam
524 4783 580 4836 et
605 4781 773 4847 Deus,
799 4795 988 4851 neque
1011 4782 1137 4850 post
1157 4778 1453 4833 hominem
1473 4779 1533 4833 in
1554 4780 1669 4834 Deo
1690 4796 1804 4834 non

164 4880 327 4931 totus
360 4875 537 4931 homo
576 4879 726 4930 totus
768 4874 936 4941 Deus,
982 4889 1158 4927 unum
1196 4877 1363 4944 atque
1394 4872 1546 4927 idem
1580 4889 1804 4929 necesse

158 4971 478 5024 'dictorum
504 4970 926 5023 sacramentum
960 4966 1081 5038 ejus
1121 4982 1242 5022 esse
1287 4965 1440 5037 quod
1473 4966 1719 5036 generis,
1751 4971 1808 5023 et

156 5081 299 5119 cum
340 5064 401 5118 in
442 5079 508 5118 eo
545 5062 855 5117 secundum
893 5066 1121 5132 tempus
1148 5059 1420 5115 discernis
1454 5059 1748 5116 hominem
1775 5080 1806 5114 a

155 5161 299 5227 Deo,
335 5157 436 5212 Dei
464 5160 585 5210 tum
611 5161 782 5228 atque
814 5154 1066 5210 hominis
1096 5154 1352 5209 discerne
1373 5170 1723 5209 sermonem.
1743 5156 1809 5209 Et

157 5268 299 5307 cum
331 5251 506 5305 Deum
536 5255 706 5321 atque
729 5249 1025 5304 hominem
1054 5248 1111 5302 in
1139 5252 1406 5318 tempore
1427 5247 1803 5313 conﬁteberis,

160 5346 267 5400 Dei
295 5347 473 5415 atque
501 5343 751 5399 hominis
787 5343 846 5397 in
874 5347 1133 5414 tempore
1166 5341 1320 5396 dicta
1364 5342 1632 5413 dijudica.
1665 5343 1805 5396 Cum

160 5456 304 5495 vero
334 5456 405 5494 ex
428 5438 665 5494 homine
695 5441 753 5493 et
770 5438 886 5492 Deo
912 5452 1141 5490 rursum
1166 5435 1341 5490 totius
1368 5435 1614 5490 hominis
1638 5435 1808 5489 totius

145 5536 283 5605 jam
314 5533 411 5586 Dei
442 5531 719 5603 temporis
738 5530 1029 5602 intelligis,
1063 5529 1109 5583 si
1139 5529 1279 5600 quid
1307 5529 1447 5583 illud
1476 5529 1546 5583 ad
1567 5530 1805 5584 demon-

156 5626 508 5683 strationem
521 5625 644 5695 ejus
659 5624 933 5698 temporis
953 5623 1171 5679 dictum
1191 5625 1275 5677 est
1292 5622 1533 5693 tempori
1549 5625 1809 5694 coaptato

160 5738 301 5791 quae
317 5719 468 5774 dicta
484 5724 637 5785 sunt,
658 5723 723 5773 ut
746 5736 873 5774 cum
895 5717 1050 5772 aliud
1072 5716 1144 5770 sit
1165 5721 1298 5771 ante
1319 5715 1617 5770 hominem
1642 5717 1805 5785 Deus,

161 5813 338 5869 aliud
371 5813 442 5868 sit
467 5814 642 5870 homo
676 5816 731 5868 et
758 5814 924 5882 Deus,
967 5811 1122 5868 aliud
1153 5811 1224 5867 sit
1262 5813 1387 5881 post
1427 5810 1723 5865 hominem
1755 5814 1810 5865 et

1905 4593 2029 4648 loco
2054 4593 2115 4647 in
2146 4592 2346 4648 eodem
2374 4592 2521 4647 libro
2550 4592 2703 4647 inter
2727 4594 2929 4647 caetera
2956 4609 2968 4646 :
2998 4591 3540 4663 Sileantigiturina—

1905 4703 2006 4742 nes
2047 4686 2116 4740 de
2149 4686 2509 4741 sermonibus
2547 4685 2910 4757 quaestiones,
2945 4685 3078 4756 quia
3105 4703 3133 4736 «
3159 4701 3407 4757 regnum
3438 4685 3538 4739 Dei

1907 4779 2070 4850 (sicut
2088 4778 2364 4851 scriptum
2397 4780 2497 4849 est)
2524 4779 2719 4834 nonin
2748 4779 3116 4851 persuasione
3136 4778 3294 4835 verbi
3312 4782 3417 4850 est,
3440 4780 3541 4834 sed

1906 4873 2229 4929 ostensione
2259 4872 2483 4928 virtutis
2514 4872 2564 4942 (Ι
2595 4875 2713 4931 Cor.
2758 4889 2816 4941 ιι,
2851 4874 2923 4943 4).
2956 4894 2983 4922 ››
3013 4873 3313 4929 Servemus
3347 4873 3541 4929 distiu-

1907 4968 2154 5023 ctionem
2192 4966 2500 5022 divinitatis
2541 4971 2599 5023 et
2632 4966 2815 5023 carnis
2845 4983 2858 5020 :
2890 4983 3037 5020 unus
3070 4966 3129 5021 in
3180 4972 3419 5040 utroque
3464 4971 3543 5024 lo-

1907 5062 2101 5134 quitur
2126 5062 2226 5116 Dei
2249 5061 2439 5129 Filius,
2471 5060 2606 5133 quia
2629 5060 2689 5115 in
2709 5060 2914 5116 eodem
2943 5065 3180 5133 utraque
3205 5066 3414 5117 natura
3434 5067 3538 5129 est,

1907 5160 1963 5210 et
1984 5156 2028 5210 si
2057 5155 2208 5210 idem
2237 5155 2507 5227 loquitur,
2538 5172 2656 5210 non
2688 5171 2802 5210 uno
2824 5171 3052 5226 semper
3072 5155 3327 5228 loquitur
3348 5155 3539 5209 modo.

1908 5249 2141 5304 Intende
2167 5265 2396 5303 mecum
2421 5266 2572 5304 nunc
2599 5248 2841 5321 gloriam
2855 5249 2974 5318 Dei,
2990 5266 3142 5304 nunc
3154 5248 3399 5303 hominis
3419 5264 3546 5317 pas-

1909 5343 2120 5398 siones.
2161 5342 2330 5408 Quasi
2361 5343 2506 5397 Deus
2544 5343 2797 5415 loquitur
2829 5360 2959 5415 qua:
2989 5348 3120 5398 sunt
3154 5341 3365 5409 divina,
3407 5340 3543 5411 quia

1908 5437 2156 5491 Verbum
2198 5439 2315 5504 est;
2350 5435 2510 5507 quasi
2554 5436 2731 5491 homo
2768 5437 2905 5492 dicit
2946 5452 3073 5508 quae
3099 5439 3230 5489 sunt
3265 5434 3541 5501 humana,

1911 5529 2047 5600 quia
2086 5529 2143 5583 in
2171 5546 2234 5584 ea
2264 5529 2579 5585 substantia
2603 5529 2956 5600 loquebatur.
2994 5528 3146 5582 idem
3191 5526 3451 5597 ejusdem
3487 5526 3545 5581 in

1909 5622 2057 5678 libro
2081 5622 2152 5677 de
2180 5623 2577 5678 lncarnatione
2604 5622 2831 5677 Domini
2856 5624 3056 5676 contra
3071 5619 3497 5691 Apollinaristas
3528 5637 3541 5674 :

1910 5716 2025 5772 Sed
2039 5716 2176 5771 dum
2193 5717 2295 5772 hos
2316 5716 2712 5789 redarguimus
2732 5718 3061 5786 emergunt,
3078 5713 3173 5768 alii
3195 5713 3294 5785 qui
3310 5730 3541 5769 carnem

1911 5810 2139 5867 Domini
2181 5810 2371 5868 dicant
2409 5814 2468 5866 et
2514 5809 2869 5867 divinitatem
2917 5806 3086 5865 unius
3127 5809 3368 5864 naturae.
3409 5808 3544 5873 Quo:
