4026 6182
253 289 359 345 853

1477 297 1941 354 DECRETALIUM
1976 296 2364 351 COLLECTIO.

3523 299 3622 354 854

253 404 310 454 et
337 401 496 472 quod
542 401 883 458 offerebatur
919 406 1076 460 nulla
1111 409 1335 462 macula
1376 407 1710 463 fcedebatur.
1744 409 1886 462 Nam
1908 423 1967 495 Α
1990 422 2131 471 ram,
2163 422 2263 460 nec
2291 405 2558 460 divinitas
2588 407 2644 461 in
2674 412 2880 462 nostrae
2906 411 3124 462 naturae
3155 423 3315 462 versa
3342 413 3426 464 est
3463 409 3620 463 simi-

251 499 310 548 et
337 495 458 549 suis
483 496 745 552 manibus
773 499 1018 570 suscepit
1044 500 1321 570 oblatum,
1350 505 1406 557 et
1435 519 1551 557 suae
1579 502 1728 556 sedis
1754 501 1888 556 fecit

250 605 379 642 esse
413 590 776 661 participem,
808 597 882 663 et,
914 594 1068 665 quod
1099 595 1223 666 plus
1255 598 1359 662 est,
1388 596 1460 650 ad
1511 599 1730 652 Patrem
1769 613 1885 649 sua:

250 683 506 738 dexteras
555 686 863 742 collocavit.
909 689 1334 760 Cognoscamus
1372 690 1498 761 quis
1541 691 1634 745 ille
1665 695 1745 744 est
1787 691 1886 762 qui

249 777 505 832 audivit:
523 778 669 833 Sede
688 780 761 834 ad
783 781 1069 836 dexteram
1087 799 1297 850 meam;
1317 800 1442 855 quae
1457 789 1660 839 natura
1678 787 1781 852 est,
1797 783 1885 838 cui

249 871 429 925 dixit:
450 873 581 927 Esto
599 890 742 928 mea:
756 876 1040 947 particeps
1057 877 1222 944 sedis;
1249 877 1341 932 illa
1357 881 1560 932 natura
1582 895 1707 948 quas
1727 878 1887 932 audi-

246 966 328 1019 vit
361 983 376 1018 :
409 970 558 1020 terra
594 984 651 1021 es
679 973 734 1022 et
761 969 821 1022 in
855 973 1065 1025 terram
1097 971 1221 1026 ibis.
1255 975 1391 1027 Item
1421 973 1677 1042 ejusdem
1703 973 1761 1026 in
1791 989 1883 1027 ea-

247 1059 387 1113 dem
417 1059 670 1116 homelia
702 1062 854 1117 inter
879 1067 1084 1120 caetera
1111 1082 1123 1120 :
1161 1066 1284 1130 Quo
1305 1082 1571 1121 sermone
1600 1072 1746 1135 utar;
1769 1083 1884 1138 quo

247 1153 426 1208 verbo
458 1154 642 1209 dicam
683 1158 935 1227 reperire
967 1175 1080 1213 non
1114 1176 1361 1230 possum.
1395 1162 1606 1215 Natura
1642 1160 1880 1232 fragilis,

249 1254 457 1302 natura
501 1254 846 1321 contempta,
873 1257 929 1306 et
973 1253 1237 1309 omnibus
1280 1258 1595 1310 monstrata
1637 1255 1886 1311 deterior

246 1342 448 1396 omnia
475 1343 624 1413 vicit,
649 1344 841 1398 omnia
873 1347 1178 1417 superavit,
1206 1348 1466 1403 omnibus
1493 1349 1772 1404 hodierna
1792 1349 1883 1404 die

247 1437 468 1490 meruit
497 1437 771 1492 excelsior
796 1441 1058 1511 reperiri.
1088 1441 1260 1497 Hodie
1290 1443 1474 1513 angeli
1503 1443 1600 1498 diu
1631 1446 1758 1498 vota
1787 1443 1881 1498 de-

247 1530 500 1586 siderata
547 1541 842 1605 ceperunt,
891 1535 1062 1590 hodie
1106 1537 1456 1608 archangeli,
1506 1538 1658 1609 quod
1702 1538 1883 1592 multo

247 1629 509 1696 tempore
556 1627 880 1698 cupiebant,
920 1629 1198 1700 inspicere
1243 1631 1564 1698 valuerunt,
1617 1637 1882 1686 naturam

249 1722 505 1774 nostram
531 1721 589 1774 in
617 1721 749 1775 sede
781 1723 1072 1777 Dominica
1098 1723 1405 1779 immortali
1426 1725 1741 1795 fulgentem
1770 1725 1885 1796 glo-

1986 499 2306 555 litudinem.
2343 522 2368 548 n
2407 500 2598 555 Sancti
2623 500 2881 572 Gregorii
2921 501 3174 573 episcopi
3200 501 3531 556 Nazianzeni
3562 503 3621 557 in

1987 593 2219 648 homilia
2242 594 2311 648 de
2341 594 2655 664 Epiphania
2677 595 2826 649 inter
2857 599 3062 649 caetera
3089 612 3102 650 :
3145 598 3286 652 Cum
3318 613 3456 667 ergo
3482 613 3618 668 pro-

1987 687 2244 742 cessisset
2268 705 2338 742 ex
2367 688 2596 759 Virgine
2645 690 2792 743 Deus
2827 689 2884 744 in
2911 705 2978 744 ea
3009 705 3181 761 quam
3217 695 3618 761 assumpserat,

1988 781 2239 836 humana
2264 786 2687 849 natura,unum
2707 799 2738 837 e
2757 782 2978 837 duobus
3000 783 3103 837 sibi
3133 783 3374 838 invicem
3400 787 3623 838 contra-

1988 875 2085 929 riis
2101 875 2341 930 existens
2367 891 2535 930 carne
2567 879 2624 930 et
2651 875 2871 946 spiritu,
2900 876 3056 931 aliud
3087 878 3148 932 in
3177 879 3357 933 Deum
3385 877 3622 933 assumi-

1986 975 2100 1036 tur,
2129 969 2280 1023 aliud
2309 969 2531 1024 deitatis
2555 970 2799 1040 gratiam
2826 974 3080 1042 praestat.
3115 973 3254 1027 ltem
3283 971 3435 1026 infra
3460 989 3472 1026 :
3502 971 3621 1026 Mis-

1987 1080 2080 1116 sus
2105 1067 2188 1118 est
2213 1063 2447 1134 quidem
2471 1064 2566 1118 sed
2595 1067 2655 1117 ut
2678 1064 2873 1132 homo,
2898 1064 3104 1136 duplex
3139 1066 3293 1120 enim
3320 1069 3445 1120 erat
3465 1066 3522 1120 in
3549 1083 3618 1120 eo

1988 1160 2206 1210 natura.
2251 1157 2383 1211 Inde
2428 1157 2674 1228 denique
2703 1162 2760 1212 et
2788 1157 3068 1212 laboravit
3097 1175 3166 1213 ex
3211 1159 3432 1227 itinere,
3464 1159 3616 1214 idem

1985 1255 2042 1304 et
2070 1250 2287 1319 esuriit,
2318 1255 2376 1304 et
2405 1251 2597 1318 sitivit,
2628 1256 2684 1305 et
2723 1251 3092 1307 contristatus
3116 1257 3220 1320 est,
3249 1256 3306 1308 et
3332 1253 3485 1308 flevit
3513 1254 3619 1308 hu-

1987 1343 2139 1397 mani
2167 1344 2422 1416 corporis
2449 1345 2596 1416 lege.
2627 1345 2815 1400 Sancti
2843 1345 3030 1400 Basilii
3053 1345 3301 1418 episcopi
3324 1347 3617 1418 Cappado-

1985 1438 2064 1493 cis
2096 1455 2109 1492 :
2141 1439 2281 1493 Cum
2310 1455 2449 1510 ergo
2477 1439 2742 1510 quaedam
2772 1440 2832 1493 in
2861 1439 3084 1496 Christo
3110 1441 3194 1495 ita
3223 1440 3482 1496 videmus
3513 1441 3619 1495 hu-

1985 1549 2176 1598 mana,
2220 1537 2286 1587 ut
2329 1533 2470 1587 nihil
2515 1550 2548 1587 a
2597 1533 2890 1587 communi
2940 1533 3268 1588 mortalium
3317 1534 3620 1607 fragilitate

1985 1626 2190 1680 distare
2217 1625 2537 1693 videantur,
2567 1627 2824 1698 quadam
2859 1627 2936 1681 ita
2963 1627 3156 1682 divina
3197 1645 3325 1700 quae
3356 1629 3500 1683 nulli
3525 1627 3621 1682 alii

1986 1719 2094 1773 nisi
2133 1719 2213 1773 illi
2241 1719 2516 1774 ineffabili
2545 1725 2766 1774 naturae
2793 1721 3135 1776 conveniant
3160 1722 3406 1790 deitatis,
3442 1723 3624 1776 haeret

243 1813 330 1866 ria
364 1814 766 1884 prmviderunt.
795 1816 986 1870 Sancti
1028 1817 1321 1888 Theophili
1365 1819 1609 1890 episcopi
1641 1820 1883 1874 Alexan-
1905 1800 1962 1872 Β
1987 1813 2226 1866 humani
2260 1813 2578 1869 intellectus
2605 1814 2885 1884 angustia,
2914 1818 2971 1868 et
3015 1820 3182 1870 tantae
3225 1815 3622 1870 admirationis

248 1906 402 1961 drini
425 1907 493 1961 de
516 1909 755 1978 epistola
780 1910 1050 1982 paschali,
1070 1928 1240 1982 quam
1269 1929 1372 1982 per
1393 1914 1700 1983 Egyptum
1719 1913 1886 1968 desti-

244 2001 406 2054 navit
430 2018 444 2055 :
467 2002 639 2072 Cujus
665 2003 746 2057 rei
776 2005 934 2059 testis
959 2008 1042 2059 est
1068 2005 1160 2059 ille
1190 2005 1287 2077 qui
1312 2006 1582 2077 loquitur.
1617 2026 1643 2057 (ι
1675 2006 1885 2062 Omnes

246 2094 632 2164 declinavere,
660 2097 829 2152 simul
857 2098 1086 2153 inutiles
1103 2098 1237 2153 facti
1266 2103 1398 2154 sunt
1424 2100 1588 2168 (Psal.
1609 2117 1732 2168 xm,
1756 2103 1826 2170 3).
1856 2123 1880 2148 η

245 2189 313 2242 Et
344 2190 642 2260 prophetae
688 2191 896 2246 Christi
944 2193 1217 2248 auxilium
1263 2193 1670 2264 deprecantes:
1708 2217 1733 2243 ‹‹
1777 2196 1881 2249 Do-

243 2282 426 2351 mine,
475 2283 684 2338 inclina
731 2285 900 2340 ccelos
941 2290 1070 2341 tuos
1117 2292 1173 2341 et
1229 2287 1510 2342 descende
1547 2287 1713 2358 (Psal.
1748 2305 1880 2357 xvn,

251 2377 358 2442 l0).
389 2398 417 2422 ν)
447 2377 566 2431 Non
596 2383 660 2432 ut
686 2385 934 2434 mutaret
973 2381 1093 2434 loca
1117 2381 1177 2434 in
1215 2397 1328 2452 quo
1368 2381 1559 2436 omnia
1600 2386 1752 2448 sunt,
1785 2383 1882 2437 sed

240 2475 306 2523 ut
326 2477 562 2541 propter
579 2472 820 2528 salutem
842 2478 1093 2528 nostram
1123 2491 1355 2529 carnem
1382 2476 1642 2529 humanae
1664 2476 1878 2547 fragili-

245 2563 380 2617 tatis
410 2569 744 2620 assumeret.
778 2569 948 2621 Paulo
977 2569 1235 2638 apostolo
1265 2569 1465 2623 eadem
1498 2570 1834 2625 concinente
1865 2588 1876 2624 :

244 2681 270 2702 ει
325 2659 472 2712 Cum
520 2663 663 2714 esset
717 2659 890 2728 dives,
945 2678 1048 2731 pro
1099 2662 1262 2716 nobis
1303 2679 1526 2733 pauper
1567 2664 1747 2717 factus
1799 2669 1882 2719 est

241 2755 320 2806 {II
348 2753 468 2809 Cor.
510 2769 626 2818 vm,
660 2754 732 2824 9),
766 2777 792 2802 ››
832 2758 896 2808 ut
939 2772 1042 2809 nos
1087 2755 1236 2810 illius
1281 2761 1616 2828 paupertate
1667 2757 1878 2812 ditare-

241 2862 398 2910 mur,
429 2846 697 2916 venitque
717 2846 775 2901 in
804 2850 1006 2917 terras,
1026 2853 1081 2903 et
1112 2849 1182 2903 de
1211 2850 1471 2920 virginali
1498 2854 1683 2917 utero,
1707 2867 1879 2922 quem

238 2939 632 3005 sanctificavit,
653 2957 916 3011 egressus
932 2943 1127 3011 homo,
1142 2942 1675 3014 interpretationem
1700 2945 1881 2999 nomi-

239 3034 332 3087 nis
363 3033 447 3087 sui
482 3035 842 3102 Emmanuel,
875 3035 930 3089 id
961 3041 1064 3103 est,
1088 3036 1384 3091 nobiscum
1411 3039 1577 3106 Deus,
1597 3039 1881 3109 dispensa-

241 3129 396 3181 tione
429 3128 1024 3194 conﬁrmans,mirum
1044 3130 1103 3184 in
1127 3131 1365 3186 modum
1393 3131 1561 3202 coepit
1588 3148 1706 3187 esse
1727 3133 1879 3204 quod
1900 3172 1956 3245 Ο

243 3237 346 3245 ..Α-
385 3238 575 3245 ---__-_
639 3227 686 3245 ,ι
716 3240 824 3245 ___
870 3224 1025 3245 J_-321
1081 3241 1188 3245 Α---
1253 3226 1392 3245 ___-j
1433 3229 1542 3245 -__A
1599 3226 1676 3245 (‘3,
1729 3243 1743 3245 _

243 3237 348 3275 nos
383 3238 598 3290 sumus,
634 3227 690 3276 et
716 3240 830 3277 non
863 3224 1029 3278 desiit
1073 3241 1194 3279 esse
1245 3226 1394 3295 quod
1425 3229 1566 3280 erat.
1599 3226 1685 3281 Sic
1721 3243 1878 3280 assu-

241 3331 408 3368 mens
437 3321 696 3370 naturam
724 3321 997 3382 nostram,
1032 3322 1092 3372 ut
1121 3319 1274 3389 quod
1301 3324 1420 3373 erat
1459 3318 1577 3389 ipse
1605 3336 1720 3374 non
1751 3337 1880 3390 per-

238 3408 423 3462 deret.
470 3411 823 3481 Quamquam
870 3411 1022 3465 enim
1068 3413 1316 3466 Joannes
1361 3412 1587 3482 scribat,
1637 3414 1880 3468 Verbum

237 3517 374 3554 caro
419 3502 631 3556 factum
683 3507 787 3570 est,
816 3503 873 3558 id
904 3507 988 3558 est
1014 3504 1142 3559 aliis
1171 3505 1362 3559 verbis
1403 3507 1548 3559 Deus
1587 3507 1763 3561 homo
1795 3507 1876 3561 fa-

235 3600 367 3649 ctus
388 3600 490 3661 est,
521 3596 766 3651 Verbum
794 3602 988 3652 tamen
1021 3615 1135 3653 non
1165 3603 1249 3653 est
1273 3616 1500 3653 versum
1539 3601 1596 3654 in
1626 3617 1876 3668 carnem,

235 3689 379 3760 quia
408 3706 701 3760 nunquam
728 3691 876 3745 Deus
903 3708 1024 3746 esse
1054 3693 1310 3747 cessavit.
1345 3695 1426 3748 Ad
1456 3710 1628 3763 quem
1659 3698 1714 3748 et
1751 3695 1877 3765 Spi-

236 3784 387 3837 ritus
431 3788 659 3838 sanctus
704 3785 998 3855 loquitur:
1035 3808 1059 3834 ‹‹
1090 3787 1171 3840 Tu
1215 3791 1408 3841 autem
1445 3787 1603 3841 idem
1655 3788 1775 3858 ipse
1821 3805 1880 3842 es

238 3877 427 3935 (Hebr.
449 3893 488 3945 1,
519 3881 601 3930 12‘)
621 3895 632 3930 :
652 3899 679 3925 ››
699 3879 762 3932 Et
791 3880 958 3932 Pater
988 3879 1056 3933 de
1088 3881 1229 3934 caelo
1251 3885 1622 3944 contestatur.
1638 3884 1694 3934 et
1717 3873 1876 3952 dicit,

238 3991 264 4020 (ι
296 3971 383 4024 Tu
406 3987 466 4024 es
495 3971 666 4025 Filius
695 3988 854 4026 meus
881 3973 1140 4040 dilectus,
1164 3973 1220 4027 in
1251 3990 1364 4044 quo
1396 3975 1536 4028 mihi
1564 3975 1708 4029 bene
1732 3993 1881 4030 com-

235 4065 432 4134 placui
474 4065 687 4132 (Matth.
720 4081 797 4134 ιιι,
831 4067 936 4137 t7).
972 4089 998 4115 »
1029 4068 1098 4121 Ut
1133 4070 1189 4121 et
1239 4068 1414 4122 homo
1463 4069 1646 4123 factus
1684 4074 1880 4123 nostra

235 4156 598 4211 confessione
630 4174 962 4228 permanere
1011 4159 1178 4228 dicat,
1214 4160 1367 4231 quod
1399 4161 1503 4214 fuit
1547 4161 1877 4233 priusquam

237 4253 416 4306 homo
464 4251 644 4319 ﬁeret,
691 4253 860 4306 Paulo
906 4253 1201 4307 nobiscum
1247 4254 1445 4307 eadem
1490 4256 1874 4324 praedicante:

243 4366 267 4388 ιι
304 4345 462 4398 Iesus
491 4344 746 4400 Christus
771 4345 894 4400 heri
926 4351 983 4400 et
1014 4345 1186 4401 hodie
1213 4347 1365 4401 idem
1395 4347 1514 4417 ipse
1543 4353 1599 4401 et
1625 4347 1683 4401 in
1714 4354 1875 4402 aster-

239 4454 386 4490 num
418 4438 596 4505 (Hebr.
645 4454 765 4502 xm,
801 4439 874 4508 8).
907 4461 934 4485 η
994 4441 1054 4493 In
1099 4456 1164 4493 eo
1213 4440 1370 4494 enim
1414 4441 1564 4511 quod
1613 4441 1691 4495 ait
1739 4441 1876 4511 ipse,

1985 1910 2211 1977 stupore
2251 1907 2507 1978 perculsa
2552 1924 2664 1978 quo
2711 1908 2976 1977 declinet,
2999 1910 3137 1980 quid
3175 1915 3385 1976 teneat,
3415 1925 3528 1980 quo
3563 1925 3622 1963 se

1984 2004 2188 2069 vertat,
2219 2000 2468 2072 ignorat.
2497 2001 2550 2056 Si
2596 2001 2897 2056 hominem
2948 2008 3130 2073 putet,
3165 2003 3386 2058 devicto
3419 2002 3623 2056 mortis

1985 2110 2163 2164 regno
2215 2111 2347 2149 cum
2404 2095 2598 2166 spoliis
2645 2096 2985 2151 redeuntem
3034 2115 3067 2150 a
3118 2096 3359 2151 mortuis
3418 2095 3618 2151 cernit.

1986 2190 2220 2258 Propter
2247 2189 2402 2260 quod
2429 2205 2559 2243 cum
2581 2189 2737 2243 omni
2765 2194 2923 2244 metu
2950 2197 3005 2246 et
3026 2191 3346 2245 reverentia
3374 2196 3621 2245 contem-

1985 2281 2262 2352 plandum
2291 2287 2394 2351 est,
2424 2287 2485 2337 ut
2510 2283 2569 2337 in
2599 2300 2712 2338 uno
2743 2285 3062 2356 eodemque
3086 2285 3166 2339 ita
3191 2284 3486 2354 utriusque
3517 2301 3614 2338 na-

1983 2381 2124 2430 tura:
2161 2377 2362 2432 veritas
2409 2377 2853 2442 demonstretur,
2884 2384 2945 2432 ut
2976 2395 3162 2449 neque
3211 2378 3428 2449 aliquid
3470 2377 3618 2432 indi-

1985 2487 2163 2540 gnum
2181 2474 2238 2524 et
2264 2470 2534 2524 indecens
2548 2471 2618 2525 de
2633 2471 2818 2525 divina
2836 2471 2930 2526 illa
2948 2477 3003 2526 et
3015 2472 3286 2526 ineffabili
3306 2471 3621 2526 substantia

1981 2563 2276 2632 sentiatur,
2306 2580 2493 2635 neque
2521 2581 2749 2619 rursum
2781 2582 2907 2636 quas
2933 2571 3095 2636 gesta
3125 2571 3256 2620 sunt
3282 2565 3432 2619 falsis
3459 2565 3618 2620 illusa

1982 2658 2325 2729 imaginibus
2353 2658 2728 2713 aestimentur.
2775 2659 2971 2715 Sancti
2996 2659 3184 2730 Cyrilli
3208 2659 3463 2732 episcopi
3489 2660 3616 2714 Ale-

1981 2751 2248 2806 xandrini
2278 2771 2290 2806 :
2328 2753 2506 2806 Homo
2539 2753 2866 2807 nominatus
2890 2759 2974 2808 est
2997 2770 3128 2808 cum
3153 2753 3224 2808 sit
3250 2757 3456 2808 natura
3478 2754 3620 2807 Deus

1982 2846 2082 2900 Dei
2110 2846 2291 2900 Patris
2318 2845 2585 2913 Verbum,
2613 2847 2890 2918 quoniam
2921 2847 3182 2902 similiter
3211 2845 3327 2920 21
3346 2846 3394 2919 1
3428 2851 3491 2900 ut
3515 2863 3619 2901 nos

1980 2940 2247 3010 sanguini
2294 2939 2736 2995 communicavit
2779 2946 2834 2995 et
2881 2941 3040 2996 carui
3069 2959 3082 2996 :
3117 2941 3162 2995 si
3187 2941 3340 2996 enim
3370 2941 3427 2995 in
3454 2940 3619 2995 terris

1981 3034 2248 3104 apparuit
2289 3050 2405 3089 non
2454 3035 2718 3089 amittens
2745 3034 2804 3088 id
2830 3036 2980 3107 quod
3008 3039 3148 3105 erat,
3178 3036 3277 3090 sed
3329 3051 3622 3089 assumens

1981 3127 2355 3182 humanitatis
2384 3133 2653 3182 naturam
2681 3129 2737 3182 in
2760 3145 2862 3182 sua
2883 3129 3104 3184 ratione
3126 3130 3463 3200 perfectam.
3483 3131 3622 3183 Item

1982 3221 2239 3292 ejusdem
2271 3221 2327 3274 in
2359 3221 2506 3275 libro
2543 3222 2642 3292 qui
2677 3221 2883 3276 dicitur
2909 3222 3067 3276 Colia
3099 3239 3112 3276 :
3141 3224 3298 3277 Unus
3332 3223 3510 3293 igitur
3538 3228 3622 3277 est

1981 3320 2036 3370 et
2060 3319 2190 3368 ante
2221 3314 2670 3369 incarnationem
2718 3317 2862 3369 Deus
2891 3332 3078 3384 verus,
3108 3320 3166 3369 et
3188 3317 3286 3387 qui
3317 3316 3378 3370 in
3413 3316 3616 3370 divini-

1980 3411 2094 3462 tate
2125 3407 2333 3462 mansit
2359 3408 2416 3461 in
2445 3424 2559 3478 qua
2585 3411 2723 3473 erat,
2754 3411 2856 3476 est,
2882 3413 2939 3462 et
2976 3409 3104 3463 erit.
3134 3410 3256 3463 Non
3291 3409 3614 3464 discernen-

1981 3500 2120 3555 dum
2171 3501 2345 3571 igitur
2391 3517 2571 3555 unum
2625 3501 2929 3557 Dominum
2985 3503 3179 3557 Jesum
3223 3503 3509 3556 Christum
3561 3503 3619 3556 in

1981 3595 2278 3649 hominem
2305 3611 2581 3663 seorsum,
2617 3599 2673 3650 et
2699 3612 2951 3650 seorsum
2980 3595 3039 3650 in
3069 3598 3267 3663 Deum,
3301 3597 3394 3650 sed
3438 3613 3615 3650 unum

1981 3689 2362 3760 eumdemque
2378 3691 2568 3743 Jesum
2587 3689 2874 3744 Christum
2898 3706 3017 3744 esse
3035 3690 3278 3744 dicimus
3295 3707 3306 3744 :
3323 3707 3439 3744 non
3461 3691 3621 3761 igno-

1981 3788 2174 3836 rantes
2217 3781 2566 3836 differentias
2610 3786 2969 3849 naturarum,
3008 3783 3107 3838 sed
3151 3799 3244 3838 eas
3295 3783 3620 3838 inconfusas

1981 3876 2133 3929 inter
2175 3892 2232 3928 se
2275 3881 2584 3932 servantes.
2628 3877 2769 3931 ltem
2823 3877 2986 3946 cujus
3034 3893 3205 3948 supra
3242 3895 3253 3931 :
3294 3878 3618 3948 Diciturquc

1979 3986 2112 4024 nam
2145 3973 2419 4041 tanquam
2451 3970 2601 4024 aliud
2639 3970 2696 4024 in
2741 3970 2850 4024 alio
2888 3969 3170 4039 habitare,
3201 3971 3256 4025 id
3287 3976 3388 4036 est,
3424 3970 3616 4024 divina

1979 4066 2183 4117 natura
2213 4061 2266 4116 in
2301 4063 2652 4118 humanitate
2686 4081 2799 4118 non
2827 4080 3097 4136 perpessa
3125 4063 3524 4118 commistione
3549 4067 3614 4119 ut

1980 4159 2128 4211 esset
2149 4157 2300 4227 quod
2327 4173 2439 4210 non
2469 4165 2611 4211 erat.
2634 4157 2919 4228 Quidquid
2952 4157 3106 4212 enim
3136 4158 3192 4210 in
3220 4157 3328 4212 alio
3357 4157 3616 4212 habitare

1979 4250 2185 4305 dicitur
2211 4267 2324 4304 non
2354 4250 2540 4321 ipsum
2574 4251 2646 4303 sit
2673 4251 2788 4306 tale
2819 4252 2987 4322 quale
3016 4254 3100 4306 est
3144 4251 3197 4305 id
3224 4251 3281 4306 in
3313 4268 3425 4324 quo
3453 4251 3615 4306 habi-

1981 4348 2082 4410 tat,
2112 4344 2211 4398 sed
2241 4343 2397 4398 aliud
2423 4343 2482 4398 in
2523 4344 2636 4398 alio
2665 4345 2849 4416 magis
2898 4345 3259 4415 intelligitur.
3289 4348 3360 4399 At
3390 4361 3522 4400 vero
3555 4345 3614 4399 in

1982 4437 2148 4491 Verbi
2198 4454 2461 4508 persona,
2507 4442 2562 4492 et
2611 4438 2980 4492 humanitatis
3021 4439 3184 4492 nobis
3228 4440 3403 4493 solam
3453 4439 3614 4493 diffe-

243 4532 501 4585 ostendit
529 4549 659 4585 eum
699 4533 997 4603 pristinam
1032 4550 1143 4586 non
1173 4537 1420 4588 mutasse
1461 4538 1739 4601 naturam,
1776 4545 1956 4617 necD
1979 4531 2222 4585 rentiam
2260 4531 2517 4601 designat
2559 4531 2852 4585 diversitas
2883 4535 3237 4585 naturarum.
3272 4533 3425 4586 Unus
3457 4531 3611 4586 enim

241 4625 556 4679 divinitatis
579 4643 694 4679 sua?
723 4626 1081 4680 imminuisse
1109 4627 1497 4698 divitias,quia
1529 4632 1758 4699 propter
1777 4644 1880 4683 nos

243 4735 461 4789 pauper
479 4719 710 4774 effectus
738 4719 968 4790 plenam
998 4720 1426 4776 similitudinem
1454 4726 1662 4774 nostrae
1692 4722 1882 4776 condi-

242 4813 416 4866 tionis
464 4815 865 4883 assumpserat.
924 4815 1062 4867 Item
1109 4813 1364 4883 ejusdem
1396 4815 1454 4868 in
1492 4814 1602 4867 alia
1643 4815 1880 4885 epistola

240 4907 487 4977 paschali
508 4910 702 4960 contra
722 4906 1028 4976 Origenem
1057 4906 1206 4960 inter
1229 4912 1432 4962 caetera
1453 4923 1464 4961 :
1489 4931 1514 4956 ‹‹
1540 4909 1692 4962 Unus
1712 4908 1880 4962 Filius

235 5000 427 5054 Patris
450 5001 627 5055 nostri
653 5000 958 5069 mediator,
989 5017 1091 5055 nec
1141 5001 1472 5072 qualitatem
1502 5001 1625 5070 ejus
1662 5001 1875 5069 amisit,

235 5111 348 5148 nec
370 5111 403 5147 a
430 5099 626 5149 nostro
655 5094 939 5148 consortio
964 5100 1255 5166 separatus
1282 5098 1384 5150 est.
1417 5095 1716 5149 Invisibilis
1735 5096 1880 5149 Deus

235 5193 296 5242 et
327 5187 565 5242 visibilis
606 5188 798 5253 homo,
832 5189 1013 5241 forma
1059 5188 1206 5242 servi
1251 5188 1614 5242 absconditus
1657 5192 1715 5242 et
1764 5189 1873 5243 Do-

234 5281 433 5334 minus
461 5281 656 5352 glorize
688 5281 1039 5336 confessione
1071 5282 1426 5336 credentium
1452 5281 1872 5352 comprobatus.

237 5376 437 5445 Neque
465 5376 620 5429 enim
648 5376 889 5446 privavit
913 5392 1044 5430 eum
1077 5377 1242 5430 Pater
1272 5379 1488 5430 natura:
1509 5393 1624 5430 suae
1648 5376 1876 5430 nomine

235 5475 540 5540 postquam
555 5486 656 5540 pro
672 5470 832 5524 nobis
851 5471 1022 5524 homo
1039 5475 1093 5524 et
1111 5487 1330 5541 pauper
1342 5470 1574 5524 effectus
1589 5473 1802 5535 est,nec
1817 5471 1874 5524 in

230 5562 482 5617 Iordane
495 5563 665 5618 fluvio
685 5564 1027 5635 baptizatum
1055 5563 1236 5618 altero
1255 5563 1563 5634 appellavit
1576 5563 1872 5631 vocabulo,

235 5656 335 5711 sed
381 5657 582 5710 Filium
630 5657 1041 5727 unigenitum:
1088 5678 1113 5703 «ι
1147 5659 1228 5711 Tu
1272 5674 1331 5711 es
1370 5657 1538 5710 Filius
1584 5673 1746 5712 meus
1785 5656 1872 5710 di-

233 5751 415 5804 lectus
440 5749 498 5803 in
531 5767 645 5821 quo
677 5751 814 5805 mihi
847 5751 993 5805 bene
1027 5750 1344 5821 complacui
1373 5751 1590 5821 (Matth.
1625 5755 1676 5815 3,
1715 5753 1815 5819 l7).
1845 5774 1870 5796 ››

233 5845 342 5898 Nec
373 5843 683 5900 similitudo
710 5847 903 5899 nostra
931 5845 987 5900 in
1016 5844 1325 5900 divinitatis
1353 5847 1432 5900 est
1463 5847 1681 5899 mutata
1711 5847 1872 5898 natu-

1983 4641 2047 4677 ex
2081 4627 2322 4694 utroque
2349 4624 2688 4693 intelligitur
2710 4624 2983 4679 Christus.
3013 4626 3160 4694 Ergo
3190 4624 3246 4677 in
3268 4624 3616 4691 confusione,

1982 4721 2045 4772 ut
2090 4722 2220 4772 ante
2272 4717 2403 4780 dixi,
2451 4723 2665 4771 servata
2726 4717 3073 4771 inhabitasse
3131 4717 3210 4771 ait
3256 4717 3503 4772 Verbum
3558 4719 3616 4772 in

1980 4811 2161 4865 nobis.
2217 4811 2331 4867 Scit
2395 4810 2549 4864 enim
2614 4827 2794 4864 unum
2846 4827 2963 4865 esse
3018 4811 3200 4865 filium
3257 4811 3617 4882 unigenitum

1981 4922 2208 4959 carnem
2257 4908 2469 4958 factum
2501 4907 2556 4958 et
2585 4905 2900 4958 hominem.
2948 4906 3086 4960 ltem
3129 4905 3289 4976 cujus
3332 4922 3504 4977 supra
3547 4906 3615 4960 ad

1982 4998 2322 5052 Nestorium.

2050 5092 2140 5146 Ait
2168 5091 2347 5162 igitur
2372 5097 2560 5145 sancta
2589 5095 2646 5146 et
2671 5107 2879 5162 magna
2907 5092 3156 5161 synodus
3187 5093 3376 5164 ipsum
3404 5093 3502 5163 qui
3534 5097 3618 5145 est

1981 5203 2051 5239 ex
2078 5187 2195 5240 Deo
2224 5187 2384 5240 Patre
2421 5189 2586 5239 natus
2633 5185 2963 5240 naturaliter
3003 5185 3207 5239 Filium
3255 5185 3615 5256 unigenitum

1981 5281 2162 5334 Deum
2193 5295 2389 5334 verum
2431 5279 2500 5333 de
2543 5280 2658 5333 Deo
2697 5295 2851 5345 vero,
2879 5279 3074 5334 lumen
3119 5279 3187 5332 de
3237 5277 3471 5331 lumine.
3514 5279 3620 5330 Per

1980 5390 2152 5444 quem
2181 5378 2236 5427 et
2262 5390 2391 5427 cum
2425 5390 2539 5443 quo
2567 5373 2761 5428 omnia
2790 5374 2987 5427 fecerit
3014 5374 3179 5426 Pater
3206 5371 3356 5424 hunc
3383 5371 3616 5424 descen-

1977 5468 2144 5536 disse,
2176 5467 2536 5521 incarnatum
2567 5484 2709 5533 esse,
2729 5469 2786 5520 et
2808 5465 3104 5520 hominem
3129 5464 3362 5529 factum,
3386 5479 3616 5533 passum

1977 5577 2119 5627 esse,
2149 5561 2524 5615 resurrexisse
2558 5561 2722 5615 tertia
2755 5560 2862 5624 die,
2895 5563 2952 5612 et
2979 5557 3298 5612 ascendisse
3326 5573 3518 5610 rursus
3547 5558 3616 5612 ad

1977 5657 2166 5710 caelos.
2197 5656 2322 5709 Haec
2354 5671 2454 5708 nos
2484 5655 2643 5726 sequi
2669 5653 2840 5708 verba
2885 5651 3182 5717 debemus,
3216 5649 3306 5704 his
3336 5666 3442 5704 nos
3478 5667 3614 5705 con-

1975 5749 2130 5804 venit
2159 5749 2554 5819 obtemperare
2599 5745 2988 5816 dogmatibus,
3021 5743 3448 5799 considerantes
3479 5745 3613 5816 quid

1976 5843 2047 5897 sit
2067 5843 2426 5897 incarnatum
2443 5858 2563 5894 esse
2587 5847 2642 5893 et
2665 5839 2958 5893 hominem
2983 5839 3196 5893 factum
3221 5838 3322 5892 Dei
3347 5837 3610 5893 Verbum.
