4026 6182
489 259 603 311 85ῖὶ

1398 253 1679 308 ΑΡΡΕΝΙ).
1723 255 1809 309 ΑΒ
1847 252 2005 309 SIEC:
2049 256 2133 309 1X.
2163 283 2231 295 —-
2272 255 2513 313 lSlDORl
2551 255 2974 313 MERCATORIS
3714 267 3791 318 856

490 365 613 418 Non
660 365 809 417 enim
857 362 1098 416 dicimus
1142 360 1295 431 quod
1334 361 1433 415 Dei
1476 362 1681 416 natura
1722 378 1992 417 conversa
2033 363 2125 418 vel
2146 379 2205 453 Α
2229 381 2356 419 mus
2383 365 2658 437 accipere,
2688 365 2748 419 in
2774 365 2831 420 id
2864 364 3172 420 incidimus
3203 368 3265 419 ut
3291 366 3431 421 duos
3456 368 3709 424 ﬁliosesse
3730 373 3796 426 di-

492 466 791 520 immutata
810 464 959 518 facta
978 463 1050 519 sit
1076 479 1229 530 caro,
1243 478 1346 518 nec
1374 462 1528 535 quod
1548 463 1607 519 in
1629 467 1813 519 totum
1830 465 2129 520 hominem

490 569 586 640 qui
617 570 701 623 est
743 584 809 621 ex
859 566 1050 622 anima
1079 568 1136 621 et
1172 582 1412 636 corpore
1467 566 1868 623 transformata
1907 568 1997 637 sit,
2028 567 2129 622 sed

487 670 628 725 illud
657 669 840 741 magis
869 669 1027 741 quod
1052 685 1288 723 carnem
1317 669 1627 723 animatam
1650 670 1845 725 anima
1867 669 2129 725 rationali

489 773 595 827 sibi
642 772 994 844 copulaverit
1038 772 1311 842 Verbum,
1338 777 1392 827 et
1432 772 1895 842 substantialiter,
1927 773 2129 829 ineil'a-

486 876 681 930 bilitcr
706 878 764 929 et
791 873 1372 946 irreprehensibiliter
1398 876 1579 929 factus
1599 875 1671 930 sit
1686 876 1880 946 homo,
1908 882 1964 932 et
1988 893 2129 931 nun-

491 982 729 1050 cupatus
758 979 832 1033 sit
855 978 1030 1033 etiam
1057 978 1212 1033 filius
1239 978 1508 1045 hominis,
1539 995 1657 1033 non
1682 980 1836 1034 nuda
1865 984 2127 1035 tantum-

494 1082 667 1138 modo
694 1084 1002 1149 voluntate,
1028 1082 1122 1136 sed
1148 1098 1255 1135 nec
1284 1082 1676 1154 assumptione
1704 1084 1819 1139 sola
1846 1099 2127 1154 personas,

490 1186 588 1240 sed
616 1186 766 1256 quod
789 1184 1023 1239 diversae
1052 1185 1283 1255 quidem
1313 1189 1549 1252 naturas,
1572 1185 1632 1239 in
1662 1203 1837 1241 unum
1860 1202 2132 1241 convene-

492 1290 625 1358 rint,
659 1304 807 1343 unus
834 1292 1030 1342 tamen
1055 1304 1120 1341 ex
1148 1288 1427 1342 ambabus
1454 1287 1708 1345 Christus
1732 1294 1789 1344 et
1823 1289 1991 1356 iilius,
2014 1305 2130 1343 non

490 1396 759 1447 cvacuata
784 1394 883 1445 aut
914 1391 1133 1445 sublata
1160 1390 1483 1446 diversitate
1511 1395 1850 1447 naturarum
1880 1408 1979 1462 per
2004 1408 2133 1446 con-

484 1488 862 1559 junctionem,
879 1489 980 1543 sed
1000 1488 1136 1560 quia
1162 1489 1329 1543 simul
1359 1489 1415 1542 in
1438 1489 1603 1544 nobis
1622 1490 1934 1545 effecerunt
1951 1506 2134 1544 unum

494 1583 802 1639 Dominum
843 1587 900 1637 et
940 1582 1226 1638 Christum
1255 1587 1311 1638 et
1351 1583 1556 1649 ﬁlium,
1588 1583 1647 1638 id
1674 1587 1759 1638 est
1787 1583 2053 1638 divinitas
2078 1586 2136 1638 et

490 1677 820 1732 humanitas
845 1694 950 1749 per
976 1693 1246 1732 arcanam
1272 1677 1431 1732 illam
1460 1677 1926 1749 ineﬁ'abilemque
1954 1694 2131 1748 copu-

2229 475 2445 513 camus.
2476 459 2712 514 Necesse
2743 461 2829 514 est
2855 458 3009 514 enim
3037 458 3359 515 discernere
3385 463 3439 514 et
3460 459 3631 516 dicere
3652 463 3799 521 homi-

2229 569 2364 606 nem
2394 552 2701 623 separatim
2737 552 2910 607 fuisse
2938 552 3053 608 sola
3080 552 3199 607 Filii
3225 568 3462 624 persona
3489 554 3800 623 honoratum,

2230 649 2287 699 et
2329 663 2556 700 rursum
2587 646 2835 701 Verbum
2882 646 3039 718 quod
3080 650 3167 701 est
3208 663 3275 700 ex
3322 649 3435 702 Deo
3462 650 3517 700 et
3537 650 3739 705 nomine
3761 656 3801 707 et

2228 739 2463 796 veritate
2508 740 2712 795 Filium
2760 739 2878 809 Dei,
2925 740 3022 796 sed
3060 741 3376 796 discernere
3420 741 3478 794 in
3527 742 3657 798 duos
3691 744 3805 800 ﬁlios

2228 851 2348 888 non
2393 834 2669 889 debemus
2713 850 2897 889 unum
2958 834 3263 889 Dominum
3315 836 3506 890 lesum
3548 836 3802 893 Christum.

2231 928 2425 998 Neque
2457 927 2611 983 enim
2642 927 2698 983 id
2723 928 2954 999 adjuvat
2981 933 3195 983 rectam
3227 927 3360 982 ﬁdei
3399 928 3684 999 rationem,
3706 931 3805 987 licet

2229 1021 2489 1075 nonnulli
2517 1020 2707 1076 nescio
2732 1038 2902 1093 quam
2930 1020 3267 1092 perhibeant
3300 1021 3625 1077 divisionem
3652 1040 3802 1094 perso-

2231 1132 2456 1170 narum.
2485 1116 2605 1170 Non
2637 1115 2779 1170 dixit
2822 1115 2977 1170 enim
3019 1115 3311 1187 Scriptura
3339 1116 3580 1171 Verbum
3600 1118 3687 1172 Dei
3707 1136 3803 1188 per-

2232 1226 2435 1264 sonam
2454 1209 2701 1264 hominis
2730 1208 2837 1263 sibi
2869 1210 3263 1281 assumpsisse,
3286 1209 3387 1265 sed
3404 1225 3625 1265 carnem
3641 1211 3805 1266 factum

2232 1320 2373 1359 esse.
2406 1303 2465 1357 ld
2494 1306 2688 1358 autem
2721 1306 2806 1358 est
2842 1303 3139 1358 ostendere
3190 1302 3288 1357 Dei
3317 1303 3562 1358 Verbum
3599 1304 3808 1361 similiter

2232 1398 2304 1451 ad
2324 1412 2426 1451 nos
2450 1396 2944 1469 participationem
2980 1395 3243 1451 habuisse
3264 1396 3453 1451 carnis
3478 1400 3533 1452 et
3550 1398 3806 1469 sanguinis,

2236 1495 2293 1544 et
2327 1506 2532 1562 corpus
2572 1494 2831 1545 nostrum
2862 1490 3091 1561 proprie
3126 1507 3297 1544 suum
3344 1490 3559 1559 fecisse,
3586 1484 3641 1546 et
3663 1492 3803 1547 homi-

2234 1600 2363 1640 nem
2407 1602 2475 1638 ex
2519 1584 2763 1639 muliere
2808 1584 3163 1654 processisse,
3194 1600 3309 1638 non
3361 1584 3574 1655 ahjecta
3613 1601 3700 1639 nec
3735 1585 3807 1641 de-

2233 1678 2418 1749 posita
2445 1678 2653 1733 deitate
2680 1681 2778 1731 aut
2808 1677 3174 1748 generatione
3198 1678 3291 1732 illa
3316 1694 3494 1749 quam
3521 1678 3737 1734 habebat
3759 1696 3807 1733 ex

494 1771 719 1827 lationis
739 1771 1167 1826 adunationem.
1200 1774 1393 1843 Itaque
1421 1772 1469 1825 is
1498 1770 1596 1843 qui
1628 1774 1760 1825 ante
1788 1772 1994 1825 saecula
2014 1764 2205 1836 om-B
2230 1774 2411 1840 Patre,
2450 1772 2550 1827 sed
2595 1772 2873 1827 mansisse
2916 1771 3089 1826 etiam
3130 1771 3192 1826 in
3244 1773 3629 1843 assumptione
3667 1773 3809 1827 carnis

490 1865 583 1919 nia
613 1867 700 1919 est
725 1870 895 1920 natus
921 1882 985 1919 ex
1018 1867 1203 1934 Patre,
1238 1864 1413 1918 etiam
1458 1881 1527 1919 ex
1556 1864 1795 1919 muliere
1823 1864 2131 1920 carnaliter

493 1958 699 2013 dicitur
724 1962 1073 2029 procreatus.
1103 1960 1224 2012 Non
1256 1958 1389 2029 quia
1417 1957 1610 2012 divina
1638 1958 1814 2029 ipsius
1837 1964 2039 2013 natura
2061 1957 2130 2012 de

490 2068 650 2107 sacra
675 2052 907 2123 Virgine
946 2052 1189 2123 sumpsit
1233 2052 1555 2119 exordium,
1581 2068 1688 2106 nec
1713 2052 1869 2123 quod
1895 2054 2132 2123 propter

492 2146 737 2216 seipsam
768 2162 910 2216 opus
941 2145 1138 2199 habuit
1173 2145 1423 2199 secundo
1470 2146 1625 2199 nasci
1667 2148 1798 2216 post
1826 2145 1981 2199 illam
2025 2161 2129 2199 na-

492 2238 772 2294 tivitatem
791 2255 962 2310 quam
990 2238 1236 2293 habebat
1262 2255 1325 2293 ex
1351 2240 1530 2293 Patre.
1565 2241 1659 2292 Est
1687 2238 1842 2292 enim
1870 2237 2131 2309 ineptum

491 2336 545 2385 et
574 2333 811 2387 stultum
837 2332 943 2386 hoc
974 2332 1188 2399 dicere,
1222 2332 1377 2403 quod
1421 2331 1467 2385 is
1497 2332 1596 2403 qui
1626 2337 1757 2386 ante
1797 2332 1991 2385 omnia
2021 2348 2127 2386 sae-

492 2427 618 2480 cula
641 2430 725 2480 est
752 2425 1247 2497 consempiternus
1277 2425 1425 2480 Patri
1451 2424 1713 2479 secundas
1752 2424 2131 2496 generationis

491 2520 717 2589 cguerit
742 2522 807 2574 ut
836 2537 959 2575 esse
1004 2519 1306 2591 inciperet.
1347 2519 1457 2574 Sed
1505 2518 1636 2589 quia
1672 2524 1911 2591 propter
1948 2536 2047 2573 nos
2078 2523 2134 2573 et

490 2618 743 2668 nostram
771 2614 1008 2669 salutem
1052 2618 1314 2668 naturam
1343 2612 1463 2667 Filii
1495 2612 1775 2683 copulavit
1814 2613 2131 2667 humanam

490 2712 545 2761 et
573 2707 849 2778 processit
890 2724 959 2767 ex
1004 2707 1267 2775 muliere,
1294 2706 1506 2761 idcirco
1549 2705 1760 2773 dicitur
1800 2708 1966 2760 natus
2012 2722 2131 2760 esse

490 2801 814 2855 carnaliter.
864 2802 1055 2872 Neque
1085 2800 1239 2854 enim
1277 2800 1431 2871 prius
1462 2803 1630 2854 natus
1660 2804 1743 2854 est
1771 2800 1940 2853 homo
1971 2815 2129 2853 com-

490 2892 683 2948 munis
724 2894 794 2948 de
827 2896 1020 2948 sancta
1046 2892 1297 2964 Virgine,
1326 2895 1383 2947 et
1411 2898 1545 2947 tunc
1581 2892 1813 2946 demum
1858 2892 2133 2948 habitavit

492 2987 551 3040 in
579 3002 645 3040 eo
673 2985 938 3069 Verbum,
963 2986 1063 3040 sed
1100 2985 1160 3039 in
1191 2986 1314 3057 ipsa
1340 2985 1501 3039 vulva
1544 2987 1823 3056 uteroque
1868 2985 2132 3057 virginali

493 3096 685 3134 secum
731 3095 959 3134 carnem
1006 3078 1305 3150 conjunxit
1341 3084 1398 3133 et
1428 3077 1697 3133 sustinuit
1730 3079 2132 3150 cognationem

492 3174 809 3243 carnalem,
837 3173 1021 3227 carnis
1048 3190 1166 3227 suae
1192 3172 1544 3228 nativitatem
1578 3190 1738 3228 suam
1774 3173 2010 3228 faciens.
2041 3173 2133 3228 Sic

493 3268 655 3322 illum
688 3267 930 3322 dicimus
979 3270 1037 3321 et
1070 3283 1296 3338 passum
1339 3282 1458 3323 esse
1493 3269 1549 3320 et
1591 3266 1983 3334 resurrexisse,
2019 3284 2132 3322 non

493 3361 627 3433 quia
676 3363 824 3415 Deus
884 3361 1131 3415 Verbum
1179 3361 1236 3415 in
1282 3378 1383 3414 sua
1432 3364 1637 3416 natura
1680 3377 1874 3432 passus
1919 3360 2007 3428 sit,
2036 3365 2134 3416 aut

494 3456 778 3511 clavorum
809 3453 1225 3523 transﬁxiones,
1254 3458 1353 3509 aut
1380 3454 1489 3509 alia
1510 3455 1778 3524 vulnera;
1810 3456 1958 3509 Deus
1978 3471 2134 3509 nam-

492 3566 602 3621 que
630 3548 1002 3620 incorporalis
1030 3552 1188 3603 extra
1228 3548 1547 3619 passionem
1580 3552 1684 3617 est,
1717 3548 1813 3603 sed
1841 3548 1973 3620 quia
2008 3564 2128 3602 cor-

496 3660 598 3714 pus
623 3640 765 3697 illiid
794 3643 945 3714 quod
976 3642 1156 3713 ipsius
1184 3642 1483 3714 proprium
1514 3641 1727 3697 factum
1771 3646 1873 3708 est,
1905 3658 2132 3713 passum

492 3741 595 3806 est,
624 3737 751 3792 ideo
794 3736 918 3791 haec
946 3737 1141 3791 omnia
1176 3753 1279 3807 pro
1305 3736 1466 3790 nobis
1506 3735 1625 3806 ipse
1670 3734 1876 3790 dicitur
1914 3751 2129 3806 passus.

489 3833 673 3886 luerat
697 3830 851 3885 enim
880 3830 938 3885 in
968 3847 1034 3885 eo
1060 3846 1294 3901 corpore
1325 3829 1477 3902 quod
1513 3828 1833 3900 patiebatur
1856 3831 2004 3884 Deus
2035 3828 2133 3900 qui

492 3925 609 3995 pati
638 3942 754 3980 non
784 3929 1025 3996 poterat.
1059 3923 1241 3980 Simili
1268 3923 1440 3979 modo
1471 3925 1529 3977 et
1562 3927 1812 3978 mortem
1838 3921 2014 3994 ipsius
2040 3923 2127 3976 in-

490 4018 821 4091 telligimus.
846 4019 1172 4074 Immortale
1199 4018 1352 4073 enim
1379 4023 1434 4072 et
1456 4016 1886 4088 incorruptibile
1918 4019 2005 4072 est
2028 4032 2127 4070 na-

493 4112 753 4166 turaliter
776 4115 835 4166 et
862 4111 979 4165 vita
1021 4116 1078 4165 et
1101 4110 1384 4165 viviﬁcans
1413 4109 1513 4164 Dei
1543 4110 1809 4165 Verbum.
1848 4109 1959 4165 Sed
2000 4109 2132 4181 quia

492 4221 697 4276 corpus
723 4205 902 4275 ipsius
928 4202 1221 4274 proprium
1243 4203 1428 4274 gratia
1452 4203 1547 4258 Dei
1569 4203 1733 4275 juxta
1752 4203 1911 4257 Pauli
1939 4219 2130 4258 vocem

496 4322 519 4345 ‹‹
550 4314 655 4368 pro
702 4296 967 4351 omnibus
1004 4288 1249 4351 mortem
1302 4296 1545 4368 gustavit
1573 4297 1750 4361 (Hebr.
1781 4312 1841 4362 Il,
1870 4298 1945 4366 9),
1977 4318 2003 4345 ››
2037 4296 2127 4351 id-

492 4390 643 4445 circo
664 4390 783 4461 ipse
806 4388 1013 4445 dicitur
1032 4393 1279 4445 mortem
1305 4405 1504 4460 passus
1523 4406 1643 4445 esse
1670 4406 1774 4460 pro
1805 4389 1987 4455 nobis,
2011 4407 2126 4445 non

493 4484 647 4555 quod
676 4482 733 4538 in
754 4499 813 4538 se
840 4487 1083 4539 mortem
1105 4488 1250 4538 esset
1276 4486 1542 4554 expertus
1566 4486 1845 4554 quantum
1862 4483 1934 4538 ad
1958 4483 2131 4554 ipsius
2148 4507 2208 4579 D

494 4582 758 4633 naturam
794 4577 1061 4650 pertinet.
1091 4577 1317 4632 Insania
1347 4580 1432 4631 est
1457 4576 1612 4631 enim
1658 4578 1761 4631 hoc
1796 4577 1882 4631 vel
1922 4576 2131 4632 sentire

492 4671 576 4725 vel
606 4671 815 4726 dicere.
846 4672 957 4727 Sed
994 4670 1151 4742 quod
1179 4670 1261 4741 (ut
1291 4686 1465 4741 supra
1496 4670 1763 4742 diximus)
1793 4687 1925 4725 caro
1960 4670 2133 4741 ipsius

494 4769 740 4820 mortem
762 4764 1026 4835 gustavit.
1051 4767 1126 4819 Ita
1158 4770 1214 4819 et
1239 4769 1576 4835 resurgente
1604 4764 1788 4819 carnis
1814 4764 1993 4835 ipsius
2011 4781 2133 4818 rur-

492 4875 585 4913 sus
614 4858 1092 4913 resurrectionem
1128 4858 1396 4927 diximus,
1425 4874 1542 4912 non
1571 4858 1701 4929 quia
1731 4858 1790 4912 in
1818 4858 2130 4929 corruptio-

490 4968 622 5008 nem
678 4951 944 5006 ceciderit
989 4952 1146 5024 quod
1191 4951 1354 5021 absit,
1401 4952 1496 5006 sed
1537 4951 1670 5024 quia
1719 4951 1841 5022 ejus
1889 4953 2131 5007 surrexit

491 5062 711 5117 corpus.
738 5047 815 5100 Ita
846 5045 1134 5101 Christum
1158 5050 1215 5101 et
1240 5044 1544 5100 Dominum
1573 5062 1750 5101 unum
1774 5046 2128 5114 conﬁtemur,

489 5157 603 5195 non
629 5145 908 5212 tanquam
941 5139 1239 5195 hominem
1264 5156 1395 5195 cum
1423 5140 1604 5195 Verbo
1642 5140 2030 5207 coadorantes,
2058 5159 2129 5194 ne

489 5233 784 5290 divisionis
827 5232 1140 5305 quamdam
1190 5233 1405 5305 species
1454 5232 1780 5304 inducatur,
1810 5234 1909 5289 sed
1952 5251 2129 5289 unum

481 5329 603 5399 jam
631 5332 691 5384 et
724 5326 995 5382 eumdem
1036 5326 1363 5397 adorantes,
1393 5327 1528 5398 quia
1557 5344 1673 5382 non
1703 5330 1789 5382 est
1817 5327 2071 5382 alienum
2099 5345 2131 5381 a

489 5422 669 5477 Verbo
714 5438 920 5493 corpus
967 5436 1157 5488 suum,
1197 5437 1330 5476 cum
1382 5436 1494 5493 quo
1546 5420 1650 5492 ipsi
1705 5420 1881 5476 etiam
1925 5420 2133 5476 assidet

490 5515 658 5570 Patri.
704 5517 813 5570 Nec
858 5516 967 5570 hoc
996 5514 1074 5570 ita
1100 5514 1340 5570 dicimus
1362 5514 1529 5586 quasi
1575 5514 1795 5570 duobus
1832 5513 1965 5569 ﬁliis
1990 5514 2128 5571 assi-

494 5608 779 5675 dentibus,
805 5609 903 5663 sed
934 5625 1052 5663 uno
1096 5626 1223 5663 cum
1265 5625 1432 5664 carne
1468 5625 1570 5679 pro
1613 5607 1913 5664 unitatem.
1947 5608 2058 5675 Qui
2084 5610 2131 5664 si

496 5700 664 5754 talem
715 5701 1140 5772 copulationem
1195 5703 1399 5756 factam
1450 5717 1551 5772 per
1598 5701 1990 5771 substantiam,
2033 5709 2131 5758 aut

492 5791 651 5860 quasi
678 5793 1022 5866 passibilem,
1055 5798 1153 5850 aut
1182 5793 1339 5867 quasi
1371 5810 1574 5865 parum
1604 5793 1866 5850 decoram
1887 5796 2131 5852 nolueri-

2231 1866 2539 1920 Dominum
2578 1864 2733 1937 quod
2766 1867 2905 1918 erat.
2937 1865 3048 1919 Hoc
3093 1864 3305 1934 ubique
3348 1867 3521 1919 rectas
3558 1865 3674 1920 ﬁdei
3708 1866 3808 1918 ratio

2231 1962 2597 2031 protestetur,
2631 1958 2689 2012 in
2714 1958 2807 2012 tali
2840 1974 3011 2012 sensu
3040 1963 3266 2013 sanctos
3296 1959 3488 2013 Patres
3518 1958 3673 2013 fuisse
3695 1975 3807 2012 com.

2231 2052 2503 2124 perimus.
2533 2052 2656 2108 ldeo
2682 2051 2763 2106 illi
2788 2068 2903 2106 non
2935 2051 3268 2107 dubitavere
3297 2055 3552 2106 sanctam
3573 2052 3808 2123 Virginem

2233 2147 2419 2201 dicere
2448 2147 2782 2213 theotocon,
2808 2162 2925 2200 non
2951 2145 3103 2218 quod
3127 2145 3297 2199 Verbi
3324 2149 3530 2201 natura
3571 2146 3810 2216 deitasque

2232 2241 2291 2295 in
2335 2244 2530 2295 sancta
2576 2240 2805 2311 Virgine
2851 2239 3097 2311 sumpsit
3139 2238 3465 2308 exordium,
3497 2239 3587 2294 sed
3612 2239 3810 2310 quodex

2234 2351 2299 2388 ea
2326 2337 2526 2389 natum
2555 2334 2629 2387 sit
2656 2350 2882 2390 sacrum
2910 2333 3055 2388 illud
3081 2349 3284 2405 corpos
3315 2333 3649 2398 animatum,
3667 2332 3812 2385 anima

2232 2427 2518 2494 rationali,
2545 2427 2633 2482 cui
2661 2427 3103 2483 substantialiter
3148 2427 3469 2483 adunatum
3497 2426 3589 2483 Dei
3620 2426 3812 2481 Verbum

2234 2520 2540 2576 carnaliter
2571 2525 2768 2576 natum
2796 2536 2918 2576 esse
2944 2520 3167 2576 dicitur.

2235 2639 2360 2692 LIV.
2393 2668 2461 2678 —
2490 2639 2737 2708 Epistola
2760 2639 3043 2693 decretalis
3085 2639 3273 2692 Leonis
3310 2653 3479 2707 papa:
3518 2637 3589 2690 ad
3623 2638 3811 2691 Anasta-

2531 2711 2671 2765 sium
2694 2712 3000 2779 episcopum
3030 2709 3568 2763 Thessalonicensem.

2306 2802 2530 2865 Quanta
2572 2802 2916 2857 fraternitati
2959 2798 3073 2856 tuas
3105 2818 3138 2855 a
3162 2801 3494 2856 beatissimo
3534 2803 3680 2872 patre
3710 2813 3812 2868 apo-

2232 2897 2373 2951 stolo
2401 2896 2514 2950 sint
2550 2895 2875 2962 commissa,
2898 2899 2956 2950 et
2985 2896 3175 2966 qualia
3211 2895 3393 2950 etiam
3434 2900 3620 2950 nostro
3646 2891 3733 2947 tibi
3754 2890 3815 2945 fa-

2232 3006 2367 3044 vore
2415 2990 2528 3044 sint
2580 2989 2815 3056 credita,
2859 2990 2903 3043 si
2949 3005 3081 3044 vera
3131 2988 3358 3044 ratione
3406 2988 3744 3061 perspiceres,
3775 2988 3816 3039 et

2225 3079 2380 3150 justo
2429 3079 2691 3133 examine
2740 3078 3113 3149 ponderares,
3156 3078 3412 3134 multum
3463 3092 3729 3150 possemus
3764 3074 3813 3127 de

2234 3171 2493 3243 injuncta
2532 3171 2635 3226 tibi
2664 3171 3057 3227 sollicitudinis
3089 3172 3403 3227 devotione
3432 3170 3682 3243 gaudere.
3704 3169 3813 3232 Quo-

2234 3266 2392 3320 niam
2419 3266 2561 3320 sicut
2584 3281 2958 3336 praecessores
3004 3264 3122 3319 mei
3166 3264 3603 3336 praecessoribus
3627 3260 3736 3326 tuis,
3761 3259 3815 3313 ita

2234 3360 2407 3415 etiam
2452 3375 2559 3431 ego
2606 3359 2894 3415 dilectioni
2941 3364 3053 3414 tua:
3104 3359 3371 3431 priorum
3416 3362 3632 3414 secutus
3668 3369 3812 3411 exem-

2232 3455 2410 3524 plum,
2443 3453 2593 3508 vices
2636 3453 2753 3507 mei
2802 3452 3216 3508 moderaminis
3262 3452 3543 3524 delegavi,
3569 3455 3628 3506 ut
3663 3460 3813 3503 curam

2235 3564 2407 3617 quam
2434 3547 2712 3602 universis
2738 3547 2989 3602 ecclesiis
3038 3546 3432 3618 principaliter
3456 3563 3523 3601 ex
3560 3543 3728 3599 divina
3750 3541 3813 3594 in-

2233 3640 2527 3696 stitutione
2552 3641 2849 3707 debemus,
2878 3640 3135 3695 imitator
3157 3644 3371 3695 nostra
3398 3632 3813 3694 mansuetudinis.

2232 3734 2547 3806 adjuvares,
2578 3739 2635 3790 et
2658 3734 2990 3807 longinquis
3013 3734 3082 3789 ab
3115 3733 3429 3805 apostolica
3473 3733 3598 3788 sede
3635 3728 3813 3801 provin-

2234 3827 2332 3882 ciis
2390 3827 2757 3899 praesentiam
2807 3827 3229 3900 quodammodo
3275 3833 3493 3883 nostra:
3540 3820 3814 3880 visitatiouis

2231 3922 2308 3975 im
2315 3921 2613 3993 penderes;
2629 3922 2764 3993 quia
2774 3922 2843 3977 de
2855 3921 3166 3977 continenti
3178 3926 3575 3994 Oportunoque
3588 3916 3813 3991 profectu,

2231 4019 2566 4087 promptum
2584 4014 2688 4069 tibi
2713 4018 2859 4070 esset
2880 4031 3186 4087 agnoscere
3211 4015 3350 4086 quid
3363 4016 3454 4070 vel
3484 4016 3542 4069 in
3563 4012 3741 4086 quibus
3753 4022 3814 4062 re-

2231 4110 2337 4164 bus
2363 4110 2450 4165 vel
2475 4109 2665 4165 studio
2691 4125 3071 4180 componeres
3095 4110 3179 4165 vel
3205 4113 3406 4165 nostro
3430 4108 3641 4181 judicio
3670 4117 3812 4159 reser-

2232 4219 2410 4258 vares.
2441 4204 2581 4258 Nam
2605 4219 2736 4258 cum
2765 4203 2990 4274 majora
3016 4203 3247 4274 negotia
3277 4206 3334 4258 et
3361 4201 3694 4258 difﬁciliores
3716 4210 3811 4250 cau-

2230 4312 2419 4352 sarum
2440 4296 2623 4352 exitus
2647 4297 2896 4353 liberum
2922 4296 3025 4352 tibi
3054 4301 3203 4353 esset
3246 4297 3350 4351 sub
3380 4299 3590 4352 nostra
3629 4294 3810 4348 senten-

2232 4390 2323 4445 tiae
2348 4390 2771 4460 exspectatione
2799 4391 3165 4462 suspendere,
3192 4407 3297 4446 nec
3327 4390 3475 4445 ratio
3500 4405 3601 4444 nec
3628 4380 3813 4441 nemi-

2232 4488 2316 4539 tas
2349 4483 2542 4539 fuitin
2567 4483 2624 4538 id
2650 4485 2802 4555 quod
2829 4501 3163 4540 mensuram
3214 4488 3376 4540 tuam
3423 4482 3703 4538 excederet
3738 4475 3810 4528 de-

2229 4578 2437 4634 viandi.
2488 4578 2797 4634 Abundant
2848 4578 3003 4633 enim
3060 4578 3213 4650 apud
3269 4582 3325 4633 te
3380 4576 3811 4632 monimentorum

2231 4673 2438 4743 scripta
2479 4675 2824 4742 nostrorum,
2858 4672 3063 4743 quibus
3096 4676 3150 4728 te
3179 4672 3249 4727 de
3276 4672 3535 4727 omnium
3578 4666 3811 4723 actionum

2233 4766 2611 4836 temperantia
2654 4766 2983 4837 frequenter
3031 4765 3424 4834 instruximus,
3467 4770 3531 4819 ut
3572 4769 3807 4817 commen-

2232 4860 2393 4915 datas
2427 4859 2526 4914 tibi
2556 4860 2817 4915 ecclesias
2858 4876 2960 4931 per
2990 4860 3447 4915 exhortationem
3477 4851 3738 4912 charitatis
3758 4845 3809 4901 ad

2232 4953 2626 5009 salubritatem
2665 4953 2994 5009 obedientia
3034 4968 3394 5025 provocares.
3426 4951 3565 5017 Quia
3600 4946 3691 5003 etsi
3720 4942 3811 5014 ple-

2232 5064 2476 5120 rumque
2522 5047 2769 5103 existunt
2804 5047 2954 5103 inter
2983 5048 3343 5119 negligentes
3372 5047 3461 5101 vel
3490 5042 3691 5101 desides
3726 5036 3810 5090 fra-

2230 5147 2367 5211 tres,
2409 5158 2539 5214 quae
2584 5145 2845 5213 oporteat
2897 5141 3110 5213 majore
3157 5140 3485 5197 austeritate
3542 5132 3719 5198 curari,
3752 5126 3809 5180 Sic

2237 5241 2429 5291 tamen
2456 5238 2541 5291 est
2565 5234 2889 5292 adhibenda
2937 5235 3232 5307 correctio,
3263 5239 3329 5290 ut
3366 5247 3587 5304 semper
3607 5228 3672 5283 sit
3693 5222 3807 5278 salva

2232 5329 2474 5385 dilectio.
2503 5328 2660 5385 Unde
2692 5334 2749 5384 et
2791 5330 2991 5384 beatus
3029 5330 3316 5401 apostolus
3354 5328 3553 5384 Paulus
3576 5321 3640 5377 ad
3666 5315 3804 5373 eccle-

2233 5423 2518 5477 siasticum
2546 5422 2810 5495 regimen
2838 5423 3201 5479 Timotheum
3226 5423 3484 5478 imbuens
3511 5416 3634 5474 dicit
3659 5430 3671 5465 :
3698 5432 3719 5459 α
3737 5407 3806 5462 59‘

2231 5516 2453 5573 niorem
2476 5533 2548 5571 ne
2574 5517 2974 5589 increpaveris,
3007 5517 3108 5573 sed
3136 5517 3369 5573 obsecra
3393 5519 3459 5570 ut
3499 5500 3803 5584 patremylu’

2232 5626 2405 5666 venes
2453 5615 2514 5666 ut
2577 5613 2801 5679 fratres,
2848 5627 2989 5666 anus
3030 5615 3098 5666 ut
3140 5616 3370 5680 matres,
3402 5602 3706 5680 juvenculas
3756 5594 3804 5646 ιιι

2233 5721 2456 5759 sorores
2502 5705 2562 5760 in
2608 5704 2767 5760 omni
2820 5705 3071 5760 castitate
3118 5708 3163 5773 (1
3211 5708 3347 5761 Tim.
3378 5719 3429 5771 v,
3464 5706 3512 5767 1,
3539 5700 3605 5767 2).
3633 5715 3656 5741 υ
3694 5689 3799 5753 011⁸⁸

2234 5798 2550 5873 moderatio
2579 5799 2623 5854 si
2651 5800 3086 5872 quibuscunque
3119 5797 3478 5858 inferioribus
3501 5784 3730 5851 membris
3749 5793 3798 5833 ex
