4026 6182
172 329 278 382 857

1379 321 1851 384 DECRETALIUM
1887 321 2273 384 COLLECTIO.

3439 328 3540 382 858

168 434 476 505 apostolica
522 432 876 489 institutione
922 433 1181 505 debetur,
1222 438 1440 507 quanto
1479 437 1660 507 magis
1698 436 1804 490 fra-
1828 451 1883 521 Α
1904 436 2159 490 consulta
2187 434 2544 491 rescriberet.
2575 434 2709 503 Sed,
2729 439 2791 489 ut
2808 435 2991 503 video,
3027 433 3171 489 bene
3195 433 3265 489 de
3282 435 3545 489 moribus

168 527 351 581 tribus
387 533 444 582 et
474 527 821 599 coepiscopis
850 526 971 582 sine
1013 528 1328 584 offensione
1357 528 1650 584 reddenda
1675 530 1803 584 est?

169 623 239 676 Ut
269 621 401 676 licet
436 637 854 693 nonnunquam
885 621 1160 691 accidant,
1191 638 1318 694 quae
1355 623 1417 676 in
1449 623 1805 678 sacerdotali-

169 715 278 769 bus
307 714 421 769 sint
452 715 921 787 reprehendenda
962 716 1238 787 personis,
1273 717 1400 788 plus
1438 719 1633 771 tamen
1665 732 1804 788 erga

167 808 509 879 corrigenda
560 826 619 863 se
670 814 805 880 agat
854 809 1254 866 benevolentia
1297 826 1471 882 quam
1518 809 1800 877 severitas,

167 903 297 973 plus
328 902 640 958 cohortatio
666 919 838 975 quam
864 904 1189 971 commotio,
1212 905 1338 975 plus
1361 904 1611 959 charitas
1628 920 1803 977 quam

169 1000 444 1067 potestas.
492 996 600 1051 Sed
646 996 727 1065 hi,
771 997 869 1068 qui
914 1014 1042 1068 qua:
1072 1014 1176 1052 sua
1206 1002 1340 1053 sunt
1368 1002 1652 1070 quierunt,
1685 1014 1801 1053 non

168 1105 298 1160 qua).
337 1090 468 1144 Jesu
507 1089 734 1157 Christi,
773 1089 937 1145 facile
968 1091 1040 1145 ab
1070 1092 1179 1147 hac
1217 1093 1339 1163 lege
1370 1091 1799 1157 discernuntur;

167 1188 223 1237 et
251 1182 393 1238 dum
417 1184 617 1238 donari
642 1184 830 1254 magis
856 1200 1030 1255 quam
1056 1186 1349 1241 consulere
1374 1185 1612 1241 subditis
1641 1200 1800 1257 quae-

169 1280 324 1346 runt,
344 1276 529 1347 placet
545 1278 747 1345 honor,
769 1278 927 1333 inflat
943 1280 1234 1350 superbia,
1257 1285 1332 1348 et,
1351 1280 1500 1351 quod
1518 1280 1803 1350 provisum

166 1376 253 1424 est
280 1370 358 1424 ad
387 1371 749 1426 concordiam
772 1372 958 1427 tendit
977 1373 1050 1427 ad
1070 1389 1297 1428 noxam.
1319 1373 1481 1438 Quod
1504 1378 1565 1427 ut
1580 1389 1803 1428 necesse

170 1464 483 1520 habeamus
508 1465 587 1519 ita
614 1466 799 1521 dicere
822 1482 939 1521 non
964 1467 1032 1521 de
1050 1483 1228 1538 parvo
1250 1467 1427 1522 animi
1454 1467 1650 1522 dolore
1680 1484 1805 1537 pro-

172 1557 344 1613 cedit.
370 1558 646 1630 Meipsum
672 1559 828 1614 enim
856 1561 1277 1632 quodammodo
1310 1562 1370 1615 in
1404 1562 1569 1633 culpa
1599 1561 1801 1628 sentio,

169 1667 303 1706 cum
346 1657 401 1707 te
442 1670 475 1707 a
524 1652 740 1707 traditis
782 1653 883 1707 tibi
928 1654 1142 1725 regulis
1184 1655 1243 1709 in
1289 1655 1515 1710 modico
1555 1655 1804 1710 deviasse

170 1761 472 1816 cognosco.
508 1746 615 1809 Qui
660 1746 707 1800 si
744 1751 856 1801 tute
899 1748 1290 1803 aestimationis
1322 1765 1527 1820 parum
1555 1749 1804 1820 diligens

1906 529 2050 584 meis
2079 529 2391 598 aestimasti,
2422 534 2479 585 et
2503 545 2675 601 quam
2703 529 2885 584 civilia
2910 544 3013 599 pro
3042 528 3431 583 conservanda
3459 546 3543 583 sa-

1903 623 2176 678 cerdotali
2224 623 2526 679 concordia
2570 638 2942 695 responsurus
2988 638 3190 690 essem,
3250 621 3540 677 verissime

1906 717 2234 790 praevidisti,
2258 720 2316 771 et
2335 716 2466 771 ideo
2492 720 2678 771 motus
2709 721 2831 771 tuos
2865 716 3101 788 exsequi
3120 716 3242 771 sine
3265 715 3537 771 dilatione

1904 811 2243 881 properasti,
2272 826 2346 865 ne
2369 826 2500 865 cum
2523 809 2930 865 moderationis
2953 814 3160 864 nostrae
3181 809 3333 864 aliud
3357 809 3542 880 dispo-

1902 905 2090 960 nentis
2111 898 2322 975 scripta
2338 902 2695 975 sumpsisses,
2710 903 2954 958 faciendi
2973 902 3031 957 id
3045 902 3199 974 quod
3221 904 3435 957 factum
3457 907 3543 958 est

1901 999 2195 1053 licentiam
2246 1015 2361 1053 non
2407 998 2666 1053 haberes.
2704 998 2792 1051 An
2838 998 2987 1051 forte
3013 996 3243 1067 aliquod
3272 996 3375 1051 tibi
3402 997 3540 1052 faci-

1904 1109 2032 1148 mus
2074 1092 2261 1148 fratris
2302 1093 2653 1159 innotuerat,
2689 1094 2747 1146 et
2778 1090 3284 1162 metropolitanum
3327 1090 3541 1162 episco-

1903 1202 2042 1258 pum
2080 1187 2209 1241 novi
2243 1187 2393 1258 apud
2428 1190 2484 1241 te
2526 1186 2783 1240 criminis
2817 1185 3042 1257 pondus
3079 1184 3357 1257 urgebat?
3381 1184 3542 1248 Quod

1903 1280 2135 1353 quidem
2165 1281 2418 1335 alienum
2451 1280 2522 1335 ab
2550 1280 2648 1334 illo
2672 1279 2844 1335 etiam
2872 1283 2933 1333 tu
2962 1279 3103 1333 nihil
3135 1279 3189 1333 ei
3225 1277 3543 1348 objiciendo

1904 1374 2223 1429 confirmas.
2246 1374 2359 1431 Sed
2384 1373 2603 1428 etiamsi
2623 1373 2759 1444 quid
2790 1372 3219 1427 intolerandum
3250 1370 3534 1442 gessisset,

1902 1473 2093 1523 nostra
2120 1472 2242 1524 erat
2275 1468 2654 1539 exspectanda
2679 1483 2939 1533 censura,
2976 1470 3038 1520 ut
3070 1465 3211 1520 nihil
3237 1464 3396 1536 prius
3422 1464 3541 1535 ipse

1904 1562 2243 1617 decerneres
2292 1578 2464 1632 quam
2508 1561 2649 1633 quid
2684 1560 2849 1614 nobis
2890 1560 3139 1631 placeret
3178 1574 3540 1631 agnosceres.

1905 1656 2060 1710 Vices
2085 1656 2239 1711 enim
2261 1659 2479 1710 nostras
2500 1655 2579 1709 ita
2597 1659 2709 1709 tuae
2736 1653 3081 1709 credidimus
3100 1652 3365 1708 charitati
3395 1655 3458 1706 ut
3484 1652 3541 1706 in

1903 1753 2126 1822 partem
2157 1749 2230 1803 sis
2272 1752 2502 1803 vocatus
2531 1746 2949 1815 sollicitudinis,
2980 1762 3097 1801 non
3126 1746 3543 1818 plenitudinem

171 1854 323 1907 eras,
344 1855 489 1893 mese
505 1839 706 1894 saltem
722 1840 891 1895 fama:
910 1857 1143 1911 parcere
1163 1841 1408 1896 debuisti
1434 1859 1446 1896 :
1470 1858 1542 1897 ne
1559 1852 1687 1914 quae
1704 1846 1803 1897 tuo
1824 1827 1881 1900 Β
1902 1843 2215 1915 potestatis.
2248 1843 2403 1897 Unde
2440 1843 2585 1897 sicut
2611 1842 2862 1896 multum
2891 1857 2997 1895 nos
3026 1857 3096 1894 ea
3124 1856 3262 1912 qua:
3293 1857 3327 1894 a
3364 1844 3418 1893 te
3450 1840 3540 1911 pie

166 1937 398 1987 tantum
410 1933 556 1987 facta
570 1934 904 1989 suntanimo
923 1938 1118 1990 nostro
1134 1935 1471 1990 viderentur
1486 1940 1643 2007 gesta
1654 1935 1806 2007 judi—

169 2025 276 2080 cio.
310 2026 551 2097 Relegat
573 2027 897 2083 fraternitas
925 2034 1021 2083 tua
1047 2028 1287 2099 paginas
1315 2034 1553 2099 nostras,
1584 2030 1804 2084 omnia-

168 2135 282 2191 que
300 2119 375 2174 ad
394 2123 519 2174 tuos
534 2120 708 2175 missa
733 2121 982 2193 majores
1010 2123 1337 2194 apostolicae
1359 2122 1518 2178 Sedis
1539 2124 1808 2194 praesules

165 2214 385 2284 scripta
435 2214 721 2284 decurrat,
766 2220 821 2269 et
867 2217 952 2271 vel
997 2233 1029 2270 a
1070 2232 1161 2271 me
1192 2217 1342 2272 vela
1370 2216 1807 2288 prazcessoribus

168 2307 318 2362 meis
368 2307 619 2364 inveniat
658 2308 987 2364 ordinatum
1036 2310 1189 2381 quod
1231 2328 1264 2365 a
1300 2316 1359 2366 te
1399 2311 1642 2382 cognovi
1689 2326 1808 2366 esse

166 2405 611 2473 praesumptum.
652 2402 818 2457 Venit
854 2419 1103 2476 namque
1132 2404 1207 2458 ad
1234 2421 1340 2460 nos
1368 2422 1498 2460 cum
1529 2404 1809 2477 episcopis

168 2495 483 2566 provinciae
527 2513 644 2551 sum
684 2497 861 2553 frater
902 2503 1094 2553 noster
1132 2498 1349 2553 Atticus
1383 2499 1589 2555 veteris
1615 2499 1810 2570 Ephiri

166 2589 649 2661 metropolitauus
701 2592 957 2659 antistes,
1002 2597 1059 2647 et
1102 2592 1172 2647 de
1208 2592 1605 2664 indignissima
1652 2594 1810 2647 astri-

166 2683 361 2738 ctione
386 2700 559 2755 quam
587 2686 822 2755 pertulit
844 2686 1196 2757 lacrymabili
1223 2688 1441 2742 actione
1472 2692 1812 2759 conquestus

170 2781 256 2832 est
293 2794 493 2832 coram
537 2778 851 2834 astantibus
895 2780 1219 2836 diaconibus
1259 2781 1391 2850 tuis,
1422 2781 1521 2852 qui
1564 2782 1811 2853 querelis

170 2872 464 2927 flebilibus
484 2872 626 2926 nihil
649 2876 845 2928 contra
872 2874 1178 2929 referendo
1206 2891 1276 2929 ea
1303 2891 1433 2946 quae
1467 2876 1626 2930 nobis
1653 2876 1811 2946 inge-

170 2965 457 3019 rebantur
498 2965 609 3021 fide
656 2984 773 3021 non
820 2983 1014 3023 carere
1046 2969 1458 3023 monstrabant.
1496 2969 1813 3040 Legebatur

168 3075 409 3131 quoque
442 3059 502 3113 in
529 3060 735 3115 litteris
764 3061 894 3129 tuis,
922 3078 1064 3133 quas
1091 3062 1248 3117 idem
1280 3061 1509 3117 diaconi
1533 3063 1809 3129 detulere,

1905 1942 2037 1992 sunt
2063 1941 2256 1991 curata
2282 1935 2547 2006 laetiﬁcat,
2584 1937 2663 1990 ita
2696 1934 2940 1989 nimium
2963 1950 3031 1989 ea
3078 1950 3208 2005 quae
3235 1950 3542 2005 perperam

1906 2035 2040 2085 sunt
2062 2033 2220 2102 gesta
2249 2030 2603 2086 contristent.
2665 2031 2732 2084 Et
2769 2045 2997 2085 necesse
3034 2032 3119 2083 est
3153 2032 3283 2099 p’ost
3337 2027 3540 2082 multa-

1906 2141 2034 2179 rum
2052 2125 2445 2195 experimenta
2464 2139 2767 2179 causarum
2800 2122 3088 2177 sollicitius
3107 2120 3355 2194 prospici
3386 2126 3443 2176 et
3467 2121 3547 2176 di-

1905 2216 2174 2289 ligentius
2194 2218 2519 2290 praecaveri,
2538 2223 2822 2289 quatenus
2843 2234 2947 2289 per
2963 2216 3224 2287 spiritum
3252 2214 3545 2270 charitatis

1909 2318 1966 2367 et
1993 2312 2146 2384 pacis
2173 2312 2358 2367 omnis
2383 2312 2623 2367 materia
2644 2311 3045 2366 scandalorum
3072 2310 3143 2365 de
3170 2309 3416 2365 ecclesiis
3435 2309 3543 2363 Do-

1907 2405 2052 2461 mini
2072 2406 2230 2478 (quas
2247 2406 2352 2460 tibi
2371 2404 2916 2475 commendavimus)
2943 2404 3255 2472 auferatur,
3274 2403 3543 2474 praemi-

1909 2504 2082 2555 nente
2112 2500 2345 2571 quidem
2368 2499 2426 2553 in
2463 2499 2570 2554 illis
2601 2498 2908 2570 provinciis
2942 2498 3302 2569 episcopatus
3333 2496 3418 2551 tui
3437 2498 3545 2551 fas-

1911 2594 2071 2665 tigio,
2099 2594 2197 2650 sed
2226 2596 2525 2665 amputato
2552 2594 2725 2649 totius
2747 2591 3129 2664 usurpationis
3150 2607 3402 2647 excessu.
3436 2591 3546 2661 lgi-

1912 2692 2004 2743 tur
2030 2688 2344 2744 secundum
2383 2692 2715 2743 sanctorum
2740 2688 2974 2742 Patrum
3008 2701 3254 2741 canones
3279 2685 3544 2756 spiritum

1912 2782 2012 2836 Dei
2038 2782 2294 2837 conditos
2321 2784 2379 2836 et
2396 2781 2570 2836 totius
2596 2779 2801 2835 mundi
2826 2780 3150 2835 reverentia
3169 2783 3545 2845 consecratos,

1912 2876 2381 2946 metropolitanos
2403 2875 2759 2946 singularum
2780 2874 3208 2945 provinciarum
3231 2872 3544 2945 episcopos,

1912 2969 2118 3041 quibus
2137 2986 2206 3024 ex
2227 2969 2586 3040 delegatione
2611 2966 2728 3041 21
2744 2967 2805 3040 2
2824 2973 3018 3023 nostra
3029 2967 3399 3023 fraternitatis
3415 2983 3551 3022 cura

1911 3062 2303 3134 praetenditur,
2341 3063 2437 3133 jus
2480 3062 2705 3117 traditae
2751 3061 2857 3117 sibi
2889 3061 3204 3134 antiquitus
3257 3061 3554 3133 dignitatis

169 3154 327 3225 quod
356 3152 534 3208 frater
553 3154 767 3209 Atticus
793 3155 1246 3211 Thessalonicam
1262 3156 1523 3227 venisset,
1545 3156 1813 3227 quodque
1836 3205 1885 3227 η
1913 3156 2320 3223 intemeratum
2361 3156 2570 3211 habere
2618 3156 3001 3224 decernimus,
3046 3156 3125 3210 ita
3157 3160 3223 3211 ut
3267 3172 3301 3210 a
3339 3154 3553 3225 regulis

182 3205 309 3225 γη
805 3205 1246 3211 --η-ν-τ--η-
1275 3205 1523 3227 -τ--τ---ι
1552 3205 1811 3227 ι-ν-πη
1913 3205 2320 3223 ----~.—---—~—---
2363 3205 2567 3211 ———~--
2624 3205 3001 3224 ——~--—-——v,
3047 3205 3124 3210 -ω
3164 3205 3222 3211 —-
3269 3205 3300 3210 —
3340 3205 3549 3225 --ο--η

169 3263 525 3301 consensum
537 3263 705 3303 suum
722 3249 899 3304 etiam
915 3249 1206 3321 scripturae
1223 3250 1571 3322 professione
1592 3250 1807 3322 signas-
1832 3205 1888 3281 Ο
1912 3250 2245 3322 prmstitutis
2269 3248 2428 3305 nulla
2446 3254 2544 3304 aut
2574 3250 2949 3321 negligentia,
2975 3254 3070 3304 aut
3101 3248 3551 3321 praesumptione

169 3344 278 3410 set,
315 3346 384 3396 ut
402 3340 473 3396 de
496 3342 589 3411 illo
615 3358 729 3397 non
751 3343 907 3397 aliud
927 3360 961 3398 a
984 3344 1146 3399 nobis
1168 3344 1407 3416 intelligi
1429 3348 1619 3416 posset
1637 3360 1812 3416 quam

169 3435 398 3506 proprii
427 3436 646 3491 arbitrii
670 3440 727 3491 et
745 3441 1072 3509 spontaneaz
1098 3438 1412 3494 devotionis
1434 3438 1635 3493 fuissse
1655 3438 1811 3510 quod

169 3534 427 3596 venerat,
459 3545 688 3601 quoque
714 3531 1029 3587 chartulam
1057 3533 1125 3587 de
1147 3532 1489 3588 obedientiae
1509 3533 1812 3604 sponsione

169 3623 614 3693 conscripserat.
654 3625 715 3679 In
759 3625 917 3696 cujus
958 3632 1156 3681 tamen
1200 3627 1471 3682 chartulae
1524 3627 1812 3681 mentione

171 3716 413 3787 signum
444 3716 794 3787 prodebatur
820 3719 1067 3790 injuriae.
1098 3721 1219 3775 Non
1242 3720 1395 3775 enim
1426 3720 1813 3775 necessarium

170 3809 368 3864 fuerat
394 3814 462 3863 ut
488 3810 841 3881 obligaretur
868 3812 1095 3884 scripto,
1119 3814 1218 3886 qui
1236 3813 1623 3869 obedientiam
1646 3829 1812 3868 suam

172 3903 295 3974 ipso
320 3903 450 3973 jam
470 3905 778 3959 voluntarii
801 3906 1078 3962 adventus
1112 3907 1392 3978 probabat
1418 3907 1622 3962 officio.
1654 3908 1813 3962 Unde

168 3997 674 4068 deplorationibus
701 4000 1057 4070 supradictis,
1080 4001 1203 4058 haec
1230 4000 1403 4056 verba
1428 4002 1686 4072 epistolae
1704 4006 1816 4056 tuas

172 4091 574 4147 testimonium
623 4094 946 4165 praetulere.
990 4097 1060 4150 Et
1097 4111 1202 4166 per
1238 4096 1345 4151 hoc
1390 4096 1541 4168 quod
1579 4112 1699 4151 non
1733 4100 1818 4151 est

172 4185 422 4239 tacitum
452 4186 732 4242 nudatum
763 4192 849 4243 est
872 4188 1016 4243 illud
1044 4189 1196 4261 quod
1228 4190 1450 4245 silentio
1478 4192 1663 4246 fuerat
1683 4190 1818 4245 ado-

176 4284 415 4350 pertum
439 4321 453 4347 ,
517 4280 835 4337 adhibitam
896 4282 1107 4337 scilicet
1163 4283 1363 4355 Illyrici
1421 4285 1819 4355 praefecturam

173 4373 651 4429 sublimissimam
700 4375 849 4432 inter
897 4376 1222 4431 mundanos
1279 4378 1466 4450 apices
1521 4382 1815 4449 potestan-

174 4471 295 4521 tem
342 4468 404 4521 in
452 4468 859 4525 exhibitionem
903 4471 1141 4526 insontis
1187 4472 1451 4528 antistitis
1503 4472 1815 4539 incitatam,

1914 3344 2223 3399 discedant.

1987 3440 2044 3491 ln
2066 3437 2401 3504 civitatibus,
2424 3452 2666 3509 quarum
2693 3440 2936 3490 rectores
2963 3435 3230 3503 obierint,
3255 3435 3328 3489 de
3352 3434 3553 3490 substi-

1915 3531 2136 3585 tuendis
2162 3530 2440 3602 episcopis
2456 3530 2577 3585 haec
2592 3528 2775 3584 forma
2800 3536 3072 3596 servetur,
3088 3534 3153 3584 ut
3171 3528 3270 3600 qui
3287 3528 3554 3583 ordinan-

1913 3625 2018 3680 dus
2036 3630 2138 3695 est,
2163 3625 2335 3679 etiam
2354 3624 2401 3678 si
2419 3623 2587 3684 bona:
2608 3623 2739 3678 vitae
2758 3622 2972 3677 habeat
2993 3622 3403 3690 testimonium,
3428 3639 3549 3678 non

1910 3719 2103 3785 laicus,
2125 3735 2241 3773 non
2260 3718 2597 3789 neOphytus,
2616 3733 2720 3772 nec
2731 3716 2992 3772 secundae
3009 3716 3272 3787 conjugis
3286 3716 3548 3783 maritus,

1913 3816 2009 3867 aut
2030 3812 2128 3883 qui
2144 3828 2317 3867 unam
2338 3812 2566 3883 quidem
2589 3811 2814 3879 habeat,
2832 3810 2920 3864 vel
2938 3810 3355 3880 habuerit,'sed
3377 3826 3553 3881 quam

1914 3906 2019 3961 sibi
2040 3906 2268 3961 viduam
2300 3905 2596 3976 cepularit.
2630 3904 2995 3960 Sacerdotum
3035 3905 3192 3958 enim
3226 3907 3343 3958 tam
3365 3906 3553 3959 excel-

1915 4001 2039 4056 lens
2059 4003 2143 4055 est
2162 3999 2361 4055 electio
2380 4004 2444 4054 ut
2465 4000 2587 4053 haec
2616 4015 2744 4070 quae
2765 3999 2826 4052 in
2847 3997 2972 4051 aliis
2992 3997 3249 4053 Ecclesia:
3278 3998 3554 4053 membris

1915 4111 2029 4150 non
2046 4098 2316 4149 vocantur
2336 4094 2393 4148 in
2414 4094 2667 4165 culpam,
2689 4092 2749 4146 in
2773 4092 2884 4146 illis
2900 4094 3091 4147 tamen
3112 4092 3433 4148 habeantur
3449 4093 3557 4148 illi-

1916 4191 2042 4244 cita.
2064 4190 2207 4243 Nam
2227 4205 2357 4242 cum
2392 4192 2548 4242 extra
2579 4187 2911 4241 clericorum
2944 4187 3202 4242 ordinem
3230 4187 3557 4242 constitutis

1919 4282 2250 4354 nuptiarum
2272 4281 2528 4337 societati
2549 4284 2606 4335 et
2626 4280 3003 4352 procreationi
3024 4280 3338 4335 liberorum
3371 4280 3560 4336 stude-

1917 4394 1980 4431 re
2002 4378 2075 4431 sit
2098 4377 2362 4445 liberum,
2391 4376 2463 4429 ad
2489 4374 2876 4430 exhibendam
2895 4378 3093 4428 tamen
3128 4375 3395 4445 perfectae
3424 4392 3555 4430 con-

1918 4470 2174 4529 tinentiaa
2208 4470 2546 4542 puritatem,
2579 4485 2684 4523 nec
2712 4468 3154 4523 subdiaconibus
3177 4469 3401 4524 carnale
3422 4486 3555 4524 con-

176 4566 239 4615 ut
256 4561 444 4617 missa
467 4564 829 4619 exsecutione
860 4565 1103 4620 terribili
1134 4583 1260 4637 quae
1287 4568 1480 4621 omnia
1504 4566 1610 4621 sibi
1636 4566 1821 4621 officia
1838 4587 1899 4661 D
1922 4564 2161 4619 nubium
2181 4564 2537 4630 conceditur,
2563 4567 2622 4617 ut
2644 4562 2741 4633 qui
2762 4562 2980 4616 habent
3001 4561 3113 4615 sint
3144 4564 3418 4632 tanquam
3439 4578 3554 4616 non

176 4655 416 4727 publica
443 4656 517 4711 ad
543 4656 809 4713 effectum
835 4659 1242 4731 praeceptionis
1268 4661 1630 4732 adjungeret,
1671 4678 1706 4716 a
1730 4677 1821 4715 sa-

177 4751 294 4804 cris
322 4751 577 4805 ecclesias
612 4752 819 4807 additis
844 4754 1000 4808 nullo
1037 4755 1126 4810 vel
1161 4755 1304 4810 falso
1337 4755 1696 4811 insimulatus
1722 4755 1825 4810 cri-

178 4845 347 4898 mine
373 4846 767 4900 extraheretur
800 4848 1082 4917 sacerdos,
1113 4849 1206 4904 cui
1247 4866 1366 4905 non
1398 4849 1471 4904 ob
1504 4850 1825 4905 molestiam

177 4936 547 5009 egritudinis
571 4939 848 4996 obstantis
877 4941 1081 4998 hiemis
1107 4943 1381 4999 darentur
1417 4943 1681 5010 inducite,
1724 4942 1826 4997 sed

178 5033 297 5087 iter
347 5032 612 5103 aspidum
662 5039 719 5088 et
760 5036 1025 5106 periculis
1067 5038 1303 5109 plenum
1342 5053 1445 5108 per
1482 5037 1661 5091 invias
1691 5054 1824 5091 cau-

182 5132 271 5181 tes
332 5141 506 5197 agere
548 5131 798 5199 cogeret.
840 5129 987 5194 Quid
1026 5132 1169 5186 tanti
1202 5131 1410 5187 laboris
1449 5130 1703 5202 tantique
1737 5130 1825 5186 di-

183 5219 482 5274 scriminis
536 5221 665 5289 fuit,
716 5227 780 5276 ut
816 5239 884 5278 ex
923 5224 1012 5279 his
1058 5225 1155 5297 qui
1205 5226 1535 5298 episcopum
1574 5225 1829 5279 comitati

184 5320 331 5368 sunt
376 5314 612 5386 quidam
668 5316 937 5373 defecisse
988 5319 1266 5375 dicantur.
1312 5322 1551 5377 Multum
1589 5323 1826 5391 stupeo,

187 5408 377 5462 frater
412 5409 760 5479 charissime,
795 5411 894 5466 sed
940 5417 997 5468 et
1030 5414 1345 5484 plurimum
1374 5415 1557 5481 doleo,
1592 5412 1830 5486 quodin

188 5518 335 5556 eum
366 5502 435 5557 de
473 5520 586 5575 quo
626 5505 765 5560 nihil
798 5508 1048 5578 amplius
1085 5508 1432 5564 indicaveras
1472 5525 1645 5580 quam
1681 5507 1833 5579 quod

189 5602 463 5652 evocatus
484 5598 679 5654 adesse
700 5599 979 5673 differret,
1003 5606 1061 5657 et
1084 5603 1507 5657 excusationem
1536 5601 1834 5657 infirmita-

190 5692 266 5745 tis
292 5691 639 5760 ostenderet,
665 5697 782 5749 tam
813 5696 1083 5751 atrociter
1111 5700 1169 5751 et
1199 5700 1314 5750 tam
1344 5696 1715 5751 vehementer
1740 5710 1836 5767 po-

194 5784 382 5840 tueris
420 5788 783 5860 commoveri,
827 5790 1141 5861 praesertim
1181 5806 1312 5845 cum
1342 5790 1443 5846 etsi
1475 5790 1586 5845 tale
1621 5788 1835 5861 aliquid

195 5886 540 5952 mereretur,
585 5884 1027 5954 exspectandum
1076 5884 1178 5941 tibi
1224 5886 1405 5941 fuerat
1449 5884 1589 5958 quid
1630 5885 1699 5939 ad
1740 5888 1837 5938 tua

1922 4658 2215 4728 habentes,
2240 4661 2299 4712 et
2313 4658 2413 4729 qui
2430 4673 2548 4711 non
2564 4656 2799 4724 habent,
2824 4657 3203 4726 permaneant
3220 4654 3557 4726 singulares.

1922 4753 2085 4819 Quod
2113 4753 2161 4807 si
2184 4752 2244 4807 in
2274 4752 2381 4806 hoc
2409 4750 2632 4817 ordine,
2665 4748 2766 4821 qui
2793 4753 3029 4820 quartus
3058 4765 3092 4803 a
3118 4748 3300 4820 capite
3336 4756 3441 4817 est,
3474 4751 3561 4806 di-

1926 4863 2104 4919 gnum
2136 4849 2221 4900 est
2250 4844 2542 4911 custodiri,
2575 4848 2787 4914 quanto
2815 4842 3001 4914 magis
3025 4842 3084 4897 in
3113 4843 3320 4914 primo,
3345 4849 3445 4900 aut
3470 4861 3559 4900 se-

1925 4940 2132 5008 cundo,
2156 4940 2241 4994 vel
2264 4941 2432 4994 tertio
2460 4936 2806 4993 servandum
2828 4941 2931 5007 est,
2969 4953 3040 4992 ue
3062 4940 3162 4992 aut
3182 4937 3427 4993 Levitico
3448 4940 3559 4994 mi-

1926 5034 2179 5102 nisterio,
2213 5037 2313 5088 aut
2340 5030 2716 5104 presbyterali
2750 5031 2987 5100 honore,
3026 5036 3125 5086 aut
3145 5032 3449 5105 episcopali
3471 5050 3567 5087 ex-

1929 5128 2184 5183 cellentia
2218 5127 2517 5198 quisquam
2533 5125 2787 5183 idoneus
2823 5125 3157 5195 aestimetur,
3193 5126 3294 5198 qui
3324 5143 3381 5179 se
3410 5143 3442 5179 a
3468 5142 3560 5179 vo-

1928 5223 2143 5293 luptate
2171 5220 2367 5275 uxoria
2392 5219 2636 5274 necdum
2666 5219 2919 5274 frenasse
2948 5218 3255 5290 detegitur.

2001 5316 2123 5371 Cuu
2151 5332 2288 5387 ergo
2316 5315 2383 5370 de
2409 5314 2628 5376 summi
2648 5313 2958 5368 sacerdotis
2986 5312 3266 5367 electione
3297 5311 3562 5365 tractabi-

1931 5417 2042 5478 tur,
2075 5411 2168 5465 ille
2195 5409 2460 5465 omnibus
2486 5411 2872 5481 praeponatur,
2893 5422 3065 5480 quem
3085 5406 3247 5460 cleris
3270 5405 3563 5476 plebisque

1932 5522 2237 5560 consensus
2262 5503 2617 5559 concorditer
2642 5500 3025 5574 postulaverit.
3055 5501 3133 5554 Ita
3148 5501 3213 5553 ut
3237 5498 3284 5553 si
3308 5498 3367 5553 in
3392 5498 3562 5553 aliam

1933 5600 2076 5654 forte
2128 5613 2430 5670 personam
2483 5597 2733 5667 partium
2789 5609 2847 5648 se
2902 5597 3028 5670 vota
3071 5592 3380 5660 diviserint,
3444 5609 3563 5647 me-

1934 5664 2262 5763 tropolitani
2304 5664 2543 5761 judicio,
2592 5689 2637 5742 is
2691 5686 2855 5741 alteri
2905 5664 3261 5757 praeferatur,
3302 5687 3399 5758 qui
3436 5703 3562 5743 ma-

1930 5786 2151 5857 joribus
2196 5788 2253 5838 et
2299 5783 2497 5839 studiis
2535 5784 2788 5853 juvatur,
2841 5784 2899 5835 et
2945 5778 3184 5835 meritis.
3230 5781 3472 5835 Tantum
3507 5787 3569 5837 ut

1937 5880 2128 5936 nullus
2153 5877 2343 5934 invitis
2370 5880 2426 5931 et
2456 5891 2571 5932 non
2596 5873 2919 5945 petentibus
2937 5871 3252 5944 ordinetur,
3276 5890 3350 5929 ne
3371 5875 3569 5931 civitas
