4026 6182
502 297 604 348 839

1401 289 1684 348 APPEND.
1728 293 1814 348 AD
1853 291 2015 349 S/EC.
2057 291 2146 348 IX.
2174 321 2242 331 —
2277 289 2522 347 lSlDORl
2559 289 2978 350 MERCATORIS
3698 306 3772 358 860

502 403 828 472 episcopum
855 415 971 454 non
1001 402 1283 472 optatum,
1316 405 1414 455 aut
1432 405 1778 471 contemnat,
1801 407 1899 457 aut
1919 401 2126 469 oderit,
2152 400 2556 486 Aquindecim
2613 402 2734 456 dies
2789 402 2886 474 qui
2937 401 3328 469 convenerint,
3375 404 3704 463 retardentnr.
3738 412 3778 464 Si

504 501 563 549 ut
589 496 687 548 ﬁat
715 494 906 547 minus
926 494 1190 565 religiosa
1210 512 1378 565 quam
1401 496 1686 562 convenit,
1708 496 1798 550 cui
1823 513 1934 550 non
1955 497 2128 550 licue-

502 590 574 643 rit
592 588 802 642 habere
824 604 998 658 quem
1022 589 1217 644 voluit.
1243 589 1316 642 De
1334 605 1578 660 persona
1592 593 1786 644 autem
1808 607 2134 645 consecran-

501 682 559 735 di
579 680 846 752 episcopi,
871 684 928 735 et
957 681 1026 735 de
1057 682 1195 736 cleri
1216 682 1514 753 plebisque
1545 699 1818 738 consensu
1841 690 2131 754 metropo-

501 775 708 829 litanus
749 773 1046 846 episcopus
1099 775 1174 829 ad
1224 776 1639 832 fraternitatem
1690 780 1846 831 tuam
1901 777 2131 844 referat,

501 869 754 940 quidque
779 869 835 923 in
861 869 1150 940 provincia
1179 869 1324 924 bene
1349 870 1579 940 placuit,
1610 871 1749 926 scire
1776 874 1831 925 te
1860 871 2047 941 faciat,
2073 875 2136 925 ut

501 963 924 1018 ordinationem
964 963 1069 1018 rite
1107 963 1505 1018 celebrandam
1546 969 1644 1019 tua
1691 982 1918 1037 quoque
1948 967 2136 1020 ﬁrmet

501 1062 824 1116 auctoritas.
870 1064 1003 1133 Quae
1046 1061 1211 1117 rectis
1260 1061 1724 1132 dispositionibus
1754 1063 1899 1117 nihil
1931 1079 2130 1132 moras,

500 1158 596 1207 aut
615 1153 958 1207 difficultatis
983 1153 1153 1208 debet
1169 1152 1390 1216 afferre,
1415 1170 1486 1208 ne
1510 1155 1778 1225 gregibus
1797 1154 2021 1209 Domini
2037 1154 2133 1209 diu

505 1245 652 1301 desit
680 1263 813 1300 cura
842 1251 1149 1317 pastorum.

574 1340 998 1411 Metropolitano
1048 1357 1180 1394 vero
1233 1340 1520 1408 defuncto,
1571 1359 1702 1396 cum
1753 1343 1810 1396 in
1849 1344 1975 1398 loco
2014 1342 2134 1413 ejus

505 1434 647 1489 alius
674 1435 866 1503 'fuerit
909 1434 1327 1504 subrogandus,
1376 1436 1748 1505 provinciales
1776 1436 2026 1507 episcopi
2062 1436 2132 1490 ad

503 1529 792 1583 civitatem
836 1528 1336 1598 metropolitanam
1377 1530 1682 1584 convenire
1725 1531 2033 1598 debebunt,
2075 1534 2137 1583 ut

505 1622 763 1676 omnium
785 1621 1122 1676 clericorum
1147 1626 1315 1694 atque
1335 1624 1594 1678 omnium
1614 1623 1821 1678 civium
1842 1625 2133 1678 voluntate

503 1715 770 1784 discussa,
796 1720 852 1770 et
878 1715 1222 1794 presbyteris
1250 1715 1504 1786 ejusdem
1528 1717 1797 1785 ecclesiae,
1824 1717 1912 1771 vel
1933 1734 2000 1771 ex
2023 1716 2134 1771 dia-

2233 501 2423 550 autem
2465 496 2521 550 in
2551 512 2618 550 eo
2655 496 2812 567 quod
2842 514 2971 551 cum
3016 497 3284 552 fratribus
3327 500 3648 554 tractandum
3683 503 3780 557 deti-

2232 590 2626 660 niendumque
2670 590 2981 645 credideris
3025 591 3245 645 diversa
3276 608 3467 645 eorum
3491 594 3783 651 fueritatua

2233 684 2522 738 voluntate
2573 683 2875 751 sententia,
2923 685 2994 738 ad
3036 701 3141 739 nos
3192 685 3381 739 omnia
3423 686 3516 740 sub
3550 692 3782 757 gestorum

2235 776 2626 832 testiﬁcatione
2654 777 2992 845 referantur,
3011 783 3092 845 ut,
3113 778 3346 832 remotis
3370 779 3784 850 ambiguitatibus,

2233 871 2387 942 quod
2413 872 2525 924 Deo
2551 871 2775 941 placeat
2799 871 3154 926 decernatur.
3189 872 3274 926 Ad
3295 872 3442 926 hunc
3472 874 3610 928 enim
3633 876 3783 945 ﬁnem,

2233 981 2464 1019 omnem
2500 964 2764 1019 effectum
2800 969 3064 1020 nostrum
3099 982 3405 1036 curamque
3445 966 3720 1037 dirigimus,
3743 947 3792 1024 ut

2234 1058 2389 1130 quod
2417 1059 2488 1114 ad
2511 1058 2787 1113 unitatem
2813 1059 3152 1127 concordiae,
3183 1065 3242 1115 et
3269 1059 3420 1131 quod
3444 1061 3510 1114 ad
3529 1062 3785 1116 custodiam

2234 1152 2481 1223 pertinet
2509 1153 2841 1224 disciplinae,
2864 1153 3024 1207 nulla
3043 1153 3392 1208 dissensione
3413 1154 3647 1223 violetur,
3673 1157 3790 1210 nulla

2234 1245 2450 1300 desidia
2488 1246 2837 1317 negligatur.
2871 1250 2938 1304 Et
2961 1252 3016 1302 te
3054 1247 3248 1318 igitur,
3297 1249 3467 1303 frater
3502 1249 3788 1317 charissime,

2234 1345 2290 1394 et
2315 1357 2414 1394 eos
2439 1340 2641 1394 fratres
2667 1345 2891 1395 nostros
2923 1341 3017 1412 qui
3053 1341 3122 1395 de
3152 1341 3263 1396 tuis
3289 1341 3636 1397 offenduntur
3657 1360 3792 1399 exces-

2235 1433 2407 1500 sibus,
2437 1449 2566 1488 cum
2595 1440 2787 1488 tamen
2835 1451 2951 1489 non
2989 1434 3189 1489 similis
3221 1435 3292 1490 sit
3323 1437 3571 1491 omnium
3605 1437 3792 1490 materia

2235 1529 2613 1598 querelarum,
2645 1528 2845 1582 hortor
2870 1533 2926 1583 et
2957 1545 3187 1597 moneo,
3228 1533 3292 1584 ut
3332 1547 3458 1600 quae
3484 1531 3570 1602 pie
3597 1536 3706 1585 sunt
3728 1549 3791 1584 or-

2233 1621 2443 1688 dinata,
2487 1621 2902 1692 salubriterque
2935 1622 3219 1694 disposita,
3260 1624 3418 1678 nulla
3443 1625 3792 1678 concertatione

2235 1715 2556 1770 turbentur.
2587 1717 2761 1770 Nemo
2789 1717 2941 1787 quod
2967 1732 3133 1771 suum
3168 1733 3292 1772 esse
3324 1722 3555 1788 quaerat,
3583 1718 3668 1772 sed
3683 1720 3792 1790 quod

501 1809 738 1863 conibus
761 1809 1012 1879 Optimus
1032 1809 1297 1880 eligatur,
1326 1810 1394 1864 de
1420 1811 1580 1881 cujus
1605 1810 1841 1865 nomine
1868 1810 1941 1864 ad
1974 1815 2131 1864 tuam
2153 1789 2210 1862 Β
2234 1809 2483 1875 alterius,
2511 1809 2655 1864 sicut
2677 1811 2975 1880 Apostolus
3001 1810 3080 1864 ait
3103 1827 3116 1864 :
3146 1833 3172 1860 «
3199 1811 3584 1883 Unusquisque
3603 1816 3793 1866 vestrum

502 1903 762 1958 notitiam
792 1903 1164 1972 provinciales
1195 1903 1443 1959 referant
1473 1905 1809 1974 sacerdotes,
1845 1904 2132 1975 impleturi

498 2000 632 2050 vota
656 1996 1033 2067 poscentium,
1063 1995 1108 2050 si
1135 1997 1286 2068 quod
1313 1997 1448 2068 ipsis
1480 1997 1710 2068 placuit,
1760 1998 1864 2051 tibi
1903 2015 2133 2070 quoque

499 2090 774 2161 placuisse
811 2091 1201 2159 cognoverint.
1246 2090 1399 2145 Sicut
1435 2092 1588 2146 enim
1619 2092 1801 2162 justas
1831 2092 2133 2147 electiones

500 2183 671 2236 nullis
699 2182 1061 2237 dilationibus
1089 2184 1353 2237 volumus
1369 2184 1623 2254 fatigari,
1649 2185 1723 2239 ita
1741 2185 1883 2240 nihil
1906 2185 2133 2256 permit-

499 2276 671 2330 timus
705 2280 759 2330 te
793 2276 1097 2345 ignorante
1127 2277 1416 2347 praesumi.

572 2371 650 2424 De
685 2369 933 2424 conciliis
968 2375 1160 2424 autem
1204 2371 1618 2442 episcopalibus
1647 2389 1765 2427 non
1797 2373 1950 2427 aliud
1974 2373 2129 2444 judi-

498 2480 699 2518 camus
727 2480 900 2535 quam
927 2464 1109 2518 sancti
1141 2465 1331 2519 Patres
1362 2466 1664 2520 salubriter
1685 2466 2046 2536 ordinarunt,
2067 2473 2134 2522 ut

497 2557 712 2612 scilicet
754 2557 872 2611 bini
916 2563 1226 2612 conventus
1268 2551 1370 2629 per
1408 2576 1586 2613 annos
1613 2561 1862 2630 singulos
1889 2561 2133 2616 habean-

497 2658 608 2721 tur,
641 2652 700 2706 in
722 2652 929 2722 quibus
955 2652 1022 2706 de
1049 2652 1312 2707 omnibus
1338 2653 1584 2723 querelis
1613 2671 1741 2725 quin
1770 2654 1917 2709 inter
1945 2654 2127 2708 diver-

500 2764 587 2800 sos
620 2745 881 2800 Ecclesiae
909 2746 1134 2800 ordines
1165 2746 1316 2800 nasci
1349 2748 1619 2816 assolent,
1644 2747 1953 2816 judicetur.
1994 2751 2060 2803 Et
2086 2749 2129 2802 si

500 2842 642 2894 forte
678 2839 826 2893 inter
869 2838 1020 2908 ipsos
1061 2839 1157 2909 qui
1206 2846 1463 2909 prassunt
1504 2840 1574 2894 de
1618 2840 1926 2910 majoribus
1958 2843 2129 2914 (quod

500 2933 662 3002 absit)
698 2931 939 3003 peccatis
973 2949 1142 2986 causa
1187 2938 1470 3002 nascatur,
1512 2951 1640 3004 quae
1667 2935 1999 3006 provinciali
2029 2952 2126 2990 ne-

500 3032 670 3097 queat
693 3025 956 3080 examine
978 3025 1228 3094 difﬁniri,
1251 3027 1668 3082 fraternitatem
1689 3034 1845 3084 tuam
1867 3029 1934 3084 de
1962 3029 2131 3084 totius

499 3120 714 3191 negotii
748 3119 1020 3191 qualitate
1057 3120 1538 3191 metropolitanus
1569 3122 1788 3177 curabit
1827 3123 2128 3197 instruere,

499 3218 556 3270 et
585 3213 630 3268 si
657 3231 851 3269 coram
887 3213 1082 3285 positis
1109 3214 1384 3285 partibus,
1413 3232 1516 3270 nec
1545 3220 1643 3271 tuo
1674 3216 1844 3272 fuerit
1870 3234 1961 3272 res
1989 3219 2133 3289 sopi-

498 3314 556 3363 ta
583 3307 820 3379 judicio,
864 3308 934 3362 ad
971 3313 1226 3362 nostram
1257 3308 1644 3380 cognitionem
1681 3311 1964 3383 quidquid
1989 3312 2132 3366 illud

499 3405 602 3469 est,
632 3401 1029 3457 transferatur.

568 3495 620 3552 Si
650 3495 972 3568 episcopus,
1004 3495 1398 3552 mediocritate
1427 3495 1667 3552 civitatis
1698 3513 1814 3553 suae
1841 3498 2128 3570 despecta,

500 3589 1049 3644 administrationem
1069 3589 1174 3644 loci
1199 3590 1523 3646 celebrioris
1547 3590 1828 3658 ambierit,
1850 3597 1906 3647 et
1921 3593 1991 3646 ad
2010 3609 2128 3646 ma-

489 3684 680 3756 jorem
711 3700 770 3739 se
799 3684 1024 3754 plebem
1061 3700 1401 3756 quacunque
1439 3684 1725 3740 occasione
1759 3686 2128 3755 transtulerit,

495 3796 529 3833 a
567 3779 839 3833 cathedra
877 3778 1112 3848 quidem
1158 3779 1408 3849 pellatur
1440 3779 1646 3846 aliena,
1689 3779 1787 3834 sed
1825 3780 2040 3834 carebit
2076 3785 2132 3835 et

497 3873 745 3945 propria,
767 3875 832 3927 ut
850 3888 955 3927 nec
974 3872 1083 3927 illis
1098 3872 1396 3943 praesideat
1415 3889 1556 3944 quos
1570 3891 1675 3944 per
1689 3874 1981 3929 avaritiam
2003 3891 2131 3929 con-

497 3966 729 4039 cupivit,
750 3983 854 4021 nec
870 3965 980 4020 illis
999 3983 1138 4038 quos
1160 3983 1263 4038 per
1281 3967 1611 4038 superbiam
1635 3968 1871 4038 sprevit;
1894 3969 2011 4023 suis
2032 3970 2130 4040 igi-

495 4067 589 4116 tur
607 4061 865 4116 terminis
893 4063 1191 4116 contentus
1213 4060 1283 4116 sit
1306 4060 1543 4132 quisque
1565 4077 1669 4116 nec
1701 4078 1875 4133 supra
1895 4079 2127 4117 mensu-

496 4171 687 4209 suram
710 4153 857 4224 juris
880 4153 966 4208 sui
989 4153 1214 4210 atl'ectet
1244 4154 1465 4225 augeri.

567 4246 831 4301 Alienum
861 4246 1133 4302 clericum
1158 4247 1331 4302 invito
1358 4248 1622 4319 episcopo
1641 4248 1821 4319 ipsius
1843 4265 2009 4304 nemo
2034 4267 2128 4304 su-

496 4339 714 4412 spiciat,
745 4343 804 4394 et
828 4357 1000 4395 nemo
1019 4339 1304 4410 sollicitet,
1326 4340 1432 4396 nisi
1460 4341 1604 4396 forte
1624 4358 1690 4396 ex
1713 4342 1918 4413 placito
1939 4343 2126 4398 chari-

496 4433 624 4490 tatis
641 4434 697 4488 id
711 4433 857 4490 inter
867 4434 1097 4490 dantem
1113 4434 1596 4507 accipientemque
1619 4437 1966 4493 convenerit.
1986 4439 2126 4502 Nam

2235 1903 2493 1973 proximo
2519 1920 2622 1958 suo
2641 1903 2862 1974 placeat
2891 1904 2948 1958 in
2981 1904 3131 1959 bono
3152 1905 3224 1959 ad
3243 1904 3655 1960 aediﬁcationem
3673 1908 3793 1974 (Rom

2233 2013 2324 2063 xv,
2372 1997 2446 2067 2).
2495 2020 2520 2045 n
2555 1998 2662 2050 Nec
2704 1996 2860 2051 enim
2905 1997 3114 2067 poterit
3150 1983 3404 2053 veritatis
3446 2004 3637 2052 nostrae
3676 1998 3796 2052 firma

2234 2106 2356 2145 esse
2383 2107 2680 2161 compago,
2710 2089 2820 2144 nisi
2839 2107 2941 2145 nos
2967 2091 3037 2145 ad
3064 2091 3504 2163 inseparabilem
3525 2092 3796 2146 soliditatem

2233 2183 2522 2238 vinculum
2549 2184 2846 2239 charitatis
2891 2185 3246 2254 astrinxerit;
3293 2187 3431 2257 quia
3477 2187 3611 2240 sicut
3641 2186 3687 2238 in
3718 2201 3798 2238 uno

2234 2294 2472 2348 corpore
2529 2277 2708 2332 multa
2756 2279 3018 2334 membra
3075 2279 3378 2349 habemus,
3436 2280 3615 2334 omnia
3655 2284 3800 2332 autem

2233 2372 2490 2426 membra
2509 2388 2625 2426 non
2643 2373 2908 2428 eumdem
2927 2377 3119 2427 actum
3140 2373 3383 2441 habent,
3405 2373 3481 2427 ita
3498 2373 3646 2428 multi
3665 2388 3798 2426 unum

2233 2482 2435 2536 corpus
2463 2483 2658 2521 sumus
2700 2467 2762 2520 in
2790 2467 3031 2536 Christo,
3072 2467 3283 2538 singuli
3310 2472 3504 2523 autem
3540 2467 3669 2522 alter
3694 2468 3800 2520 alte-

2231 2559 2351 2613 rius
2373 2560 2654 2616 membra.
2683 2562 2806 2616 Haec
2836 2561 3116 2616 connexio
3144 2560 3320 2616 totius
3349 2562 3579 2633 quidem
3605 2560 3802 2632 corporis

2234 2653 2669 2709 unanimitatem
2697 2655 2953 2726 requirit,
2983 2656 3084 2709 sed
3105 2656 3394 2726 praecipue
3421 2657 3591 2727 exigit
3617 2670 3802 2708 concor-

2233 2747 2381 2802 diam
2412 2748 2788 2803 sacerdotum.
2819 2748 3034 2812 Quibus
3059 2765 3192 2804 cum
3223 2748 3478 2819 dignitas
3505 2749 3572 2803 sit
3595 2764 3802 2803 commu-

2231 2841 2339 2910 nis,
2370 2859 2484 2895 non
2503 2846 2587 2896 est
2606 2845 2799 2896 tamen
2822 2842 2961 2897 ordo
2988 2843 3305 2914 generalis;
3339 2844 3605 2915 quoniam
3630 2849 3678 2897 et
3696 2842 3808 2896 inter

2231 2935 2585 2990 beatissimos
2632 2937 2921 3006 apostolos
2965 2937 3024 2990 in
3076 2937 3451 2992 similitudine
3477 2937 3690 2991 honoris
3728 2934 3806 2988 fuit

2233 3030 2494 3100 quaedam
2529 3029 2790 3084 discretio
2844 3031 3174 3101 potestatis;
3214 3036 3271 3085 et
3309 3048 3444 3086 cum
3481 3031 3712 3086 omnium
3734 3044 3809 3099 par

2233 3127 2379 3177 esset
2406 3123 2627 3193 electio,
2662 3123 2756 3178 uni
2789 3129 2980 3179 tamen
3007 3124 3201 3180 datum
3229 3131 3337 3191 est,
3377 3131 3444 3180 ut
3471 3125 3673 3180 caeteris
3699 3138 3804 3194 prte-

2235 3217 2528 3284 cmineret,
2573 3217 2641 3272 de
2688 3234 2802 3288 qua
2840 3219 3024 3273 forma
3065 3219 3469 3290 episcoporum
3515 3234 3716 3291 quoque
3749 3221 3809 3269 est

2235 3316 2357 3366 orta
2385 3310 2691 3379 distinctio,
2721 3315 2778 3367 et
2803 3329 3015 3383 magua
3041 3313 3417 3385 dispositione
3446 3313 3710 3385 provisum
3729 3314 3805 3368 est.

2236 3421 2305 3461 ne
2333 3421 2534 3460 omnes
2559 3405 2662 3459 sibi
2689 3407 2887 3461 omnia
2916 3406 3293 3474 vindicarent,
3325 3409 3424 3463 sed
3453 3410 3631 3464 essent
3655 3408 3704 3460 in
3721 3405 3808 3458 sin-

2233 3495 2382 3565 gulis
2408 3496 2711 3576 provinciis
2740 3495 2969 3567 singuli,
2999 3513 3242 3568 quorum
3274 3497 3430 3553 inter
3459 3498 3648 3552 fratres
3671 3493 3807 3548 habe-

2233 3594 2390 3642 retur
2422 3589 2609 3659 prima
2639 3590 2950 3659 sententia;
2987 3593 3044 3645 et
3063 3607 3256 3646 rursus
3284 3591 3524 3662 quidam
3550 3592 3604 3645 in
3632 3587 3811 3658 majori-

2231 3681 2337 3737 bus
2378 3682 2615 3738 urbibus
2657 3684 2969 3752 constituti,
3021 3685 3471 3741 sollicitudinem
3519 3684 3811 3754 susciperent

2230 3776 2584 3848 ampliorem,
2613 3794 2718 3848 per
2743 3794 2886 3848 quos
2917 3777 2989 3832 ad
3017 3795 3195 3832 unam
3237 3780 3391 3834 Petri
3421 3779 3608 3834 sedem
3634 3776 3812 3830 univer-

2231 3870 2358 3924 salis
2407 3869 2657 3924 ecclesize
2701 3887 2838 3926 cura
2878 3871 3210 3938 conﬂueret,
3258 3876 3319 3926 et
3358 3873 3507 3927 nihil
3547 3885 3760 3943 unquam
3789 3882 3812 3918 ε

2231 3980 2332 4018 suo
2372 3964 2550 4034 capite
2596 3964 2915 4019 dissideret.
2953 3965 3058 4028 Qui
3107 3981 3244 4035 ergo
3289 3966 3630 4036 quibusdam
3664 3964 3812 4017 scitse

2231 4076 2352 4112 esse
2398 4057 2786 4129 praepositum,
2832 4075 2950 4113 non
2997 4058 3237 4113 moleste
3270 4059 3426 4114 ferat
3477 4060 3705 4131 aliquem
3733 4051 3812 4108 sibi

2232 4169 2353 4206 esse
2381 4151 2702 4222 praelatum,
2737 4152 2833 4205 sed
2856 4151 3239 4207 obedientiam
3267 4170 3448 4224 quam
3469 4155 3657 4224 exigit,
3683 4150 3812 4205 etiam

2230 4246 2347 4318 ipse
2375 4245 2678 4316 dependat,
2707 4249 2763 4300 et
2789 4246 2934 4300 sicut
2965 4262 3078 4300 non
3107 4248 3225 4302 vult
3251 4249 3445 4318 gravis
3473 4248 3653 4302 oneris
3689 4240 3812 4298 sarci-

2232 4357 2363 4394 nam
2401 4341 2569 4407 ferre,
2604 4339 2680 4394 ita
2717 4356 2832 4394 non
2872 4340 3080 4395 audeat
3105 4340 3200 4395 alii
3240 4340 3604 4413 importabile
3641 4337 3813 4411 pondus

2231 4434 2540 4505 imponere.
2583 4433 2848 4505 Discipuli
2897 4434 3049 4488 enim
3099 4451 3292 4489 sumus
3339 4436 3580 4490 humilis
3622 4438 3669 4488 et
3697 4427 3812 4486 mitis

493 4528 676 4602 gravis
695 4528 917 4601 injuria:
944 4546 1075 4584 reus
1097 4535 1182 4584 est
1201 4530 1297 4600 qui
1316 4529 1386 4584 de
1407 4529 1599 4584 fratris
1624 4531 1857 4585 ecclesia
1881 4530 1938 4586 id
1970 4533 2124 4604 quod
2144 4542 2204 4613 D
2228 4529 2482 4600 magistri
2511 4528 2750 4583 dicentis
2779 4546 2791 4583 :
2826 4549 2852 4580 ‹‹
2884 4529 3084 4584 Discite
3110 4546 3140 4583 a
3187 4546 3278 4584 me
3301 4531 3446 4600 quia
3475 4530 3620 4585 mitis
3646 4542 3751 4582 smn
3770 4527 3813 4575 et

495 4628 581 4678 est
604 4623 796 4679 utilius
819 4627 919 4678 aut
943 4623 1244 4695 pretiosius
1267 4623 1444 4678 audet
1462 4625 1549 4678 vel
1573 4623 1822 4691 allicere,
1854 4626 1941 4680 vel
1968 4632 2125 4682 tene-

493 4734 572 4773 re.
612 4721 810 4790 Itaque
845 4718 890 4772 si
931 4718 1083 4773 intra
1123 4717 1470 4789 provinciam
1502 4735 1591 4772 res
1631 4723 1854 4790 agatur,
1886 4721 2128 4776 transfu-

493 4828 626 4882 gam
679 4811 946 4866 clericum
993 4811 1066 4866 ad
1105 4829 1264 4866 suam
1309 4812 1601 4868 ecclesiam
1646 4813 2126 4884 metropolitanus

492 4905 680 4960 redire
724 4905 1047 4976 compellat.
1095 4905 1149 4960 Si
1198 4909 1390 4961 autem
1433 4907 1657 4978 longius
1703 4907 1994 4978 processit,
2044 4909 2125 4963 tui

493 4999 765 5070 pl‘tecepti
803 4999 1138 5054 auctoritate
1174 4999 1556 5070 revocabitur,
1596 5005 1656 5056 ut
1700 5018 1802 5055 nec
1830 5001 2123 5072 cupiditati

492 5109 599 5148 nec
623 5091 922 5147 ambitioni
951 5093 1169 5148 occasio
1196 5094 1570 5165 relinquatur.

561 5189 623 5244 In
650 5187 948 5242 evocandis
973 5192 1164 5242 autem
1198 5187 1270 5242 ad
1306 5191 1360 5243 te
1399 5188 1700 5260 episcopis,
1736 5189 2120 5245 moderatissi-

491 5299 653 5338 mum
690 5286 746 5337 te
788 5299 906 5337 esse
947 5281 1229 5350 volumus,
1278 5299 1350 5336 ne
1386 5298 1489 5354 per
1528 5282 1762 5354 majoris
1809 5283 2121 5354 diligentia)

490 5377 761 5448 speciem,
789 5375 1055 5432 fraternis
1081 5376 1325 5431 videaris
1363 5376 1590 5447 gloriari
1615 5375 1858 5446 injuriis.
1889 5377 2044 5432 Unde
2075 5377 2120 5431 si

487 5487 657 5525 causa
683 5470 872 5541 aliqua
898 5470 1083 5540 major
1107 5469 1403 5537 exstiterit,
1435 5470 1507 5524 ob
1531 5486 1704 5540 quam
1735 5471 2120 5526 necessarium

485 5564 558 5618 sit
587 5565 906 5619 fraternum
933 5565 1208 5618 advocare
1239 5566 1603 5631 conventum,
1633 5563 1800 5618 binos
1826 5564 1894 5618 de
1923 5563 2117 5636 singu-

484 5657 552 5709 lis
578 5657 881 5726 provinciis
902 5657 1216 5728 episcopos,
1245 5672 1388 5728 quos
1406 5657 1833 5727 metropolitani
1856 5659 2115 5714 credide-

485 5749 598 5801 rint.
647 5767 768 5803 esse
815 5749 1124 5805 mittendos
1168 5750 1237 5804 ad
1272 5749 1678 5804 fraternitatem
1723 5755 1883 5806 tuam
1921 5753 2116 5808 venire

481 5840 739 5896 sufficiat.
794 5844 874 5896 Ita
919 5846 982 5896 ut
1021 5843 1077 5897 iu
1127 5842 1445 5916 praestituto
1489 5846 1742 5915 tempore
1797 5862 1912 5902 non
1969 5849 2116 5903 ultra

2229 4623 2458 4677 humilis
2487 4623 2674 4689 corde,
2718 4627 2776 4678 et
2808 4622 3108 4677 invenietis
3144 4623 3409 4696 requiem
3439 4622 3720 4679 animabus
3741 4633 3810 4671 ve-

2228 4716 2374 4782 stris,
2412 4716 2619 4787 jugum
2655 4716 2808 4771 enim
2840 4733 3033 4772 meum
3061 4734 3232 4772 suave
3271 4722 3378 4788 est,
3414 4722 3472 4773 et
3501 4734 3635 4772 onus
3658 4726 3809 4769 meum

2226 4811 2344 4865 leve
2375 4814 2458 4864 est
2486 4810 2701 4880 (Matth.
2735 4827 2806 4877 x1,
2837 4813 2924 4878 29,
2955 4812 3060 4880 30).
3096 4832 3124 4860 »
3168 4811 3334 4875 Quod
3369 4811 3651 4884 quomodo
3679 4817 3809 4877 expe-

2224 4904 2461 4972 riemur,
2493 4904 2601 4958 nisi
2629 4910 2684 4959 et
2725 4904 2865 4960 illud
2897 4905 2957 4959 in
2991 4904 3415 4961 observantiam
3452 4906 3648 4973 veniat,
3693 4895 3809 4972 quod

2224 4997 2377 5054 idem
2413 4998 2686 5053 Dominus
2723 5000 2841 5053 ait:
2880 5019 2906 5050 «
2939 5001 3043 5064 Qui
3091 5001 3278 5070 major
3321 5007 3410 5056 est
3440 5004 3698 5064 vestrum,
3731 4989 3810 5047 erit

2223 5093 2486 5148 minister
2511 5096 2694 5148 vester
2719 5094 2938 5166 (Matth.
2968 5110 3120 5160 xxm,
3158 5095 3265 5164 ll),
3299 5114 3324 5145 »
3371 5118 3398 5143 ‹‹
3430 5095 3528 5166 qui
3567 5095 3734 5147 autem
3766 5100 3808 5138 se

2224 5189 2448 5257 exaltat,
2471 5188 2896 5256 humiliabitur;
2929 5192 2985 5242 et
3002 5189 3100 5259 qui
3123 5205 3182 5242 se
3205 5189 3500 5259 humiliat,
3523 5181 3807 5243 exaltabitur

2223 5280 2369 5349 (Luc.
2398 5297 2505 5346 x1v,
2541 5284 2644 5351 Η).
2681 5306 2709 5331 ››

2402 5377 2504 5429 LV.
2535 5407 2604 5415 —
2630 5376 2722 5431 Ad
2746 5379 3044 5448 Septimum
3073 5378 3382 5448 episcopum
3406 5376 3662 5433 Altinum.

2294 5470 2402 5525 Leo
2429 5472 2662 5526 Saprmo
2693 5471 2956 5542 episcopo
2993 5471 3202 5527 Altino.

2293 5564 2468 5619 Lectis
2508 5568 2620 5620 tuae
2654 5565 3026 5621 fraternitatis
3064 5566 3264 5621 litteris
3293 5565 3550 5635 vigorem
3579 5560 3695 5618 fidei
3720 5564 3804 5612 tur

2221 5674 2393 5728 quam
2421 5658 2560 5713 olim
2600 5676 2955 5730 noveramus,
2998 5659 3358 5731 agnovimus,
3388 5655 3804 5728 congratulantes

2219 5750 2320 5807 tibi
2347 5753 2496 5824 quod
2527 5753 2599 5807 ad
2628 5754 2938 5809 custodiam
2980 5771 3223 5826 gregum
3258 5753 3470 5809 Christi
3511 5745 3803 5824 pastoralem

2218 5861 2412 5902 curam
2437 5847 2735 5919 vigilanter
2761 5849 3104 5920 exsequeris,
3137 5865 3207 5904 ne
3235 5847 3374 5921 lupi,
3406 5848 3504 5921 qui
3531 5845 3625 5901 sub
3653 5836 3802 5912 specie
