4026 6182
192 352 289 403 861

1458 340 1879 405 DECRETALIU
1886 347 1931 403 Μ
1968 342 2350 404 COLLECTIO.

3459 350 3561 406 862

190 460 385 510 ovium
408 454 758 524 subintrant,
780 453 1095 537 bestiarum
1124 454 1337 509 saevitia
1358 454 1641 526 simplices
1665 472 1831 526 quos-
1854 456 2043 541 Asive
2087 454 2332 521 diaconi,
2364 454 2479 509 sive
2527 455 2803 527 cujusque
2853 454 3072 510 ordinis
3110 455 3318 523 clerici,
3351 457 3451 527 qui
3490 458 3560 511 de

191 566 303 621 que
353 549 682 615 dilacerent,
724 565 836 603 non
891 549 1075 603 solum
1118 549 1225 619 ipsi
1274 549 1430 603 nulla
1480 548 1831 604 correctione

187 642 514 714 proficiant,
543 642 641 696 sed
663 641 839 696 etiam
870 658 938 697 ea
958 659 1085 713 quae
1109 646 1243 697 sunt
1271 660 1407 698 sana
1436 646 1828 714 corrumpant.

183 736 354 801 Quod
428 753 500 790 ne
574 735 806 806 viperea
877 736 1057 807 possit
1129 736 1391 791 obtinere
1458 737 1698 804 fallacia,
1762 737 1830 791 ad

188 829 701 900 metropolitanum
731 829 1061 900 episcopum
1090 830 1395 902 provincias
1425 830 1673 886 Venetiae
1693 830 1827 885 scri-

189 926 290 995 pta
335 923 650 977 direximus
694 922 899 993 quibus
939 922 1010 977 ad
1059 926 1234 978 status
1266 924 1349 978 sui
1396 924 1710 995 periculum
1736 940 1831 978 co-

192 1020 497 1088 gnosceret
528 1016 839 1087 pertinere,
868 1016 914 1070 si
956 1017 1262 1087 quisquam
1291 1018 1361 1071 de
1390 1017 1833 1087 Pelagianorum

191 1114 252 1164 et
268 1110 736 1165 Coelestianorum
768 1110 1053 1165 consortio
1081 1111 1318 1165 veniens
1344 1111 1402 1165 in
1431 1110 1833 1166 communione

189 1204 477 1259 catholica
524 1203 643 1257 sine
695 1203 1046 1274 professione
1101 1205 1374 1274 legitimae
1439 1204 1836 1259 satisfactionis

190 1297 500 1353 habeatur.
560 1297 1013 1352 Saluberrimum
1064 1298 1220 1352 enim
1265 1302 1369 1365 est,
1423 1304 1481 1353 et
1527 1298 1835 1370 spiritualis

190 1390 500 1446 medicinae
528 1391 772 1445 utilitate
797 1390 1216 1462 plenissimum,
1248 1395 1313 1445 ut
1342 1393 1458 1446 sive
1499 1391 1831 1463 presbyteri,

189 1485 309 1539 sive
354 1484 601 1551 diaconi,
631 1484 745 1538 sive
771 1484 868 1538 alii
897 1485 1198 1555 cujuslibet
1241 1485 1458 1539 ordinis
1503 1485 1689 1539 clerici
1737 1484 1834 1554 qui

190 1596 252 1633 se
286 1581 578 1633 correctos
618 1578 794 1633 videri
834 1580 1050 1645 volunt,
1083 1595 1334 1633 errorem
1374 1596 1540 1633 suum
1580 1582 1639 1632 et
1686 1578 1835 1649 ipsos

190 1672 409 1727 erroris
474 1677 737 1727 auctores
795 1672 1056 1726 damnari
1098 1689 1131 1725 a
1187 1689 1245 1727 se
1296 1672 1415 1727 sine
1466 1672 1835 1743 ambiguitate

188 1768 506 1833 fateantur,
535 1770 599 1822 ut
635 1766 890 1821 sensibus
935 1766 1121 1837 pravis
1161 1770 1219 1821 et
1250 1766 1470 1821 dudum
1520 1766 1835 1837 peremptis

1933 549 2371 619 Pelagianorum
2401 549 2981 621 C(elestianorumque
3008 550 3294 605 consortio
3325 551 3385 604 in
3411 567 3563 606 com-

1932 643 2266 697 munionem
2293 642 2629 697 catholicam
2665 660 2730 697 ea
2762 644 3147 714 imprudentia
3177 648 3312 698 sunt
3345 661 3559 715 praece-

1931 737 2015 808 pti
2042 740 2105 791 ut
2134 753 2251 791 non
2279 736 2441 808 prius
2468 736 2539 791 ad
2563 737 2990 791 damnationem
3018 741 3443 793 coarctarentur
3468 755 3558 793 er-

1932 831 2096 899 roris,
2129 847 2281 885 nunc
2307 832 2510 885 saltem
2539 835 2906 901 posteaquam
2934 831 3243 902 hypocrisis
3266 849 3465 886 eorum
3496 850 3557 887 ex

1933 924 2185 997 quadam
2202 928 2360 996 parte
2380 925 2685 995 detegitur,
2700 924 2772 979 ad
2783 940 2973 978 veram
2988 926 3418 993 correctionem,
3435 943 3564 997 quae

1934 1022 1991 1073 et
2018 1018 2154 1089 ipsis
2189 1019 2460 1088 prodesse
2490 1021 2549 1072 et
2573 1017 2743 1071 nullis
2782 1018 2956 1088 possit
2984 1035 3213 1088 nocere,
3250 1023 3559 1091 cogantur;

1935 1113 2213 1167 damnent
2235 1112 2446 1183 apertis
2481 1111 2928 1183 professionibus
2970 1112 3055 1166 sui
3097 1113 3324 1184 superbi
3354 1114 3563 1169 erroris

1933 1210 2214 1273 auctores,
2246 1208 2304 1259 et
2330 1204 2609 1276 quidquid
2636 1205 2693 1259 in
2722 1204 2979 1259 doctrina
3006 1221 3205 1260 eorum
3229 1206 3563 1261 universalis

1934 1298 2182 1353 Ecclesia
2218 1299 2545 1365 exhorruit,
2580 1299 2947 1367 detestentur,
2994 1299 3303 1370 omniaque
3342 1301 3566 1356 decreta

1934 1392 2228 1463 synodalia
2265 1409 2394 1464 quae
2427 1392 2498 1447 ad
2538 1392 2875 1447 excisionem
2918 1394 3194 1448 hereseos
3245 1394 3567 1464 apostolica-

1936 1485 2094 1541 Sedis
2142 1487 2503 1541 conﬁrmavit
2529 1487 2830 1541 auctoritas
2870 1487 3139 1557 amplecti
3164 1503 3240 1555 se,
3276 1492 3333 1542 et
3356 1488 3415 1542 in
3444 1505 3562 1543 om-

1937 1580 2105 1634 nibus
2129 1580 2448 1652 approbare
2476 1580 2662 1651 plenis
2690 1583 2748 1634 et
2794 1580 3003 1651 apertis
3028 1597 3091 1634 ac
3130 1581 3361 1651 propria
3396 1598 3563 1637 manu

1935 1673 2262 1744 subscriptis
2283 1673 2786 1745 protestationibus
2813 1675 3172 1744 eloquentur.
3203 1674 3352 1729 Nihil
3372 1675 3430 1729 in
3454 1693 3569 1731 ver-

1934 1766 2022 1821 bis
2060 1783 2261 1822 eorum
2304 1767 2629 1831 obscurum,
2662 1766 2802 1821 nihil
2846 1766 3168 1821 inveniatur
3210 1768 3564 1840 ambiguum.

194 1861 364 1915 nulla
392 1860 661 1931 sperandi
688 1860 933 1932 supersit
958 1861 1201 1930 occasio,
1222 1877 1293 1915 ne
1315 1862 1493 1915 ullum
1514 1860 1840 1915 membrum
1864 1851 1918 1922 Β
1940 1861 2222 1925 Quoniam
2266 1860 2528 1916 novimus
2558 1862 2701 1915 hanc
2734 1862 2970 1914 istorum
3000 1877 3120 1915 esse
3150 1863 3473 1929 versutiam,
3507 1869 3569 1918 ut

191 1954 461 2010 Ecclesia;
514 1954 714 2008 talium
762 1953 941 2025 possit
996 1954 1260 2010 societate
1313 1954 1525 2020 violari,
1558 1970 1690 2008 cum
1736 1970 1839 2023 per

191 2049 398 2104 omnia
442 2049 551 2102 illis
578 2047 849 2119 professio
892 2047 1116 2119 propria
1147 2049 1377 2118 cmperit
1401 2047 1647 2102 obviare.
1679 2046 1838 2102 Circa

189 2159 345 2214 quos
374 2142 545 2197 etiam
571 2142 726 2196 illam
752 2158 1037 2196 canonum
1068 2142 1534 2197 constitutionem
1584 2140 1838 2213 praecipi-

190 2252 330 2290 mus
375 2235 665 2303 custodiri,
700 2252 771 2289 ne
801 2235 872 2289 ab
902 2236 990 2290 his
1035 2236 1283 2290 ecclesiis
1324 2236 1396 2289 ad
1435 2252 1577 2306 quas
1606 2234 1837 2306 proprie

188 2330 494 2401 pertinent
520 2329 780 2384 sinantur
811 2330 1133 2399 abscedere,
1160 2332 1218 2383 et
1247 2346 1350 2400 pro
1380 2346 1480 2383 suo
1511 2328 1745 2383 arbitrio
1765 2327 1837 2382 ad

190 2424 321 2478 loca
343 2423 449 2477 sibi
475 2440 593 2478 non
619 2423 888 2494 deputata
915 2424 1175 2478 transire.
1196 2423 1357 2487 Quod
1387 2440 1518 2477 cum
1546 2427 1697 2477 recte
1723 2439 1838 2477 non

188 2517 562 2590 permittitur
608 2517 927 2588 inculpatis,
978 2518 1159 2572 multo
1216 2517 1411 2571 minus
1452 2516 1625 2571 debet
1669 2516 1838 2571 licere

188 2611 495 2682 suspectis.
526 2610 766 2665 Proinde
794 2611 1019 2666 dilectio
1041 2614 1162 2679 tua,
1191 2611 1351 2681 cujus
1376 2610 1675 2665 devotione
1705 2626 1839 2681 gau-

189 2706 428 2773 demus,
451 2704 658 2775 jungat
684 2720 883 2759 curam
915 2721 1078 2759 suam
1104 2703 1569 2775 dispositionibus
1607 2704 1836 2771 nostris,

190 2804 251 2853 et
295 2814 435 2851 cum
482 2798 809 2869 supradicto
869 2798 1310 2869 metropolitano
1359 2797 1456 2853 det
1500 2814 1735 2868 operam
1779 2802 1841 2851 ut

189 2892 612 2962 circumspecte
637 2892 905 2947 velociter
938 2892 1285 2963 impleantur
1312 2908 1381 2946 ea
1411 2908 1539 2962 quae
1563 2892 1633 2946 ad
1666 2891 1840 2945 totius

190 2985 465 3039 Ecclesiae
493 2985 942 3041 incolumitatem
973 2989 1029 3040 et
1056 2985 1415 3041 laudabiliter
1440 2989 1573 3040 sunt
1606 2988 1762 3054 gesta
1782 2987 1841 3038 et

192 3079 510 3134 salubriter
536 3079 814 3134 ordinata.

514 3227 640 3283 LVI.
669 3257 737 3267 —-
764 3230 895 3284 Item
920 3226 1159 3297 ejusdem
1184 3227 1259 3282 ad
1284 3228 1542 3282 eumdem.

272 3362 573 3419 Relatione
618 3363 813 3418 fratris
869 3368 926 3417 et
972 3362 1289 3434 coepiscopi
1344 3362 1522 3418 nostri
1577 3361 1838 3433 Septimi,

191 3473 335 3530 quas
364 3457 421 3511 in
452 3456 687 3512 subditis
716 3456 981 3526 habetur,
1036 3456 1371 3529 agnovimus
1398 3457 1672 3528 quosdam
1706 3472 1836 3527 pre-

191 3552 483 3623 sbyteros,
513 3551 796 3621 diacones,
823 3567 887 3606 ac
913 3551 1118 3606 diversi
1158 3551 1373 3606 ordinis
1418 3550 1667 3619 clericos,
1697 3566 1841 3621 quos

191 3645 529 3716 Pelagiana,
556 3645 643 3698 vel
671 3645 1003 3700 Ccelestiana
1030 3644 1260 3700 haeresis
1285 3645 1550 3699 habuerit
1583 3644 1838 3715 implica-

193 3745 309 3807 tos,
362 3739 441 3792 ita
478 3738 535 3792 in
578 3742 823 3793 vestram
868 3738 1214 3811 provinciam
1256 3739 1325 3793 ad
1377 3737 1842 3794 communionem

191 3832 552 3889 catholicam
595 3832 935 3903 pervenisse,
984 3837 1049 3887 ut
1092 3833 1244 3887 nulla
1297 3833 1368 3887 ab
1418 3832 1499 3887 eis
1554 3831 1845 3886 damnatio

194 3926 428 4000 proprii
460 3926 786 3996 exigeretur
822 3926 1048 3993 erroris,
1079 3930 1141 3980 ut
1172 3926 1547 3998 pastoralibus
1573 3925 1841 3992 excubiis,

200 4021 459 4076 nimium
495 4019 961 4090 dormitantibus,
992 4022 1158 4092 lupus
1182 4021 1371 4075 ovium
1400 4020 1642 4091 pellibus
1666 4023 1845 4075 tectus

196 4116 262 4171 in
277 4114 430 4170 ovile
452 4114 828 4183 Dominicum,
844 4131 959 4170 non
985 4114 1257 4185 depositis
1276 4113 1842 4183 bestialibusanimis,

197 4209 492 4265 introiret.
520 4210 584 4263 Et
604 4225 707 4280 per
729 4208 1124 4264 auctoritatem
1150 4225 1433 4264 canonum
1461 4208 1847 4263 decretorum-

201 4320 324 4377 que
364 4306 711 4371 nostrorum,
740 4320 814 4357 ne
851 4303 1171 4358 insontibus
1220 4302 1455 4373 quidem
1493 4302 1845 4371 conceditur,

204 4403 543 4469 usurparet,
574 4400 640 4451 ut
684 4397 894 4453 relictis
924 4396 1174 4452 ecclesiis
1203 4397 1262 4451 in
1292 4396 1497 4467 quibus
1526 4395 1849 4451 clericatum

205 4496 312 4548 aut
337 4494 692 4563 acceperant,
725 4496 825 4546 aut
849 4495 1201 4562 receperant,
1228 4490 1600 4545 instabilitate
1628 4506 1727 4544 sua
1746 4506 1851 4561 per

1861 3220 1916 3294 C

1938 1955 1996 2008 in
2018 1971 2360 2027 quacunque
2387 1955 2662 2025 particula
2688 1954 2972 2026 dogmatis
2995 1955 3350 2023 exsecrandi,
3378 1973 3491 2027 qua
3509 1974 3566 2010 se

1935 2065 1968 2102 a
1994 2048 2398 2103 damnatorum
2429 2049 2698 2103 societate
2727 2048 3117 2115 discreverint,
3147 2048 3287 2102 nihil
3317 2049 3423 2103 sibi
3447 2067 3571 2105 sen-

1938 2158 2106 2197 suum
2147 2159 2381 2197 suorum
2425 2141 2710 2197 aestiment
2747 2159 2870 2197 esse
2900 2158 3019 2197 non
3049 2142 3284 2197 salvum.
3315 2146 3568 2216 Cumque

1937 2252 2134 2291 omnes
2178 2236 2548 2291 diffinitiones
2598 2253 2727 2291 suas
2753 2236 2825 2290 ad
2854 2240 3075 2291 tantam
3115 2236 3437 2293 facilitatem
3466 2238 3571 2293 im-

1939 2330 2182 2401 probare
2215 2346 2272 2385 se
2300 2329 2590 2398 simulent,
2624 2332 2796 2401 atque
2834 2330 3141 2401 deponere,
3169 2330 3278 2386 hoc
3314 2331 3418 2386 sibi
3448 2336 3568 2387 tota

1937 2428 2059 2478 arte
2104 2423 2360 2492 fallendi,
2390 2422 2495 2477 nisi
2540 2423 2917 2494 intelligatur,
2947 2423 3258 2495 excipiunt,
3285 2429 3351 2480 ut
3390 2426 3570 2497 gratia

1939 2517 2035 2571 Dei
2066 2518 2379 2572 secundum
2428 2516 2637 2571 merita
2674 2516 2793 2571 dari
2832 2517 3229 2588 accipientium
3272 2519 3565 2573 sentiatur.

1939 2611 2077 2675 Quae
2121 2610 2230 2665 nisi
2277 2611 2449 2681 gratis
2499 2610 2686 2678 datur,
2717 2627 2834 2665 non
2873 2614 2960 2664 est
2997 2611 3195 2681 gratia,
3224 2612 3323 2666 sed
3352 2628 3569 2667 merces

1940 2704 2351 2776 retributioque
2397 2705 2756 2771 meritorum,
2785 2703 3009 2759 dicente
3042 2704 3209 2760 beato
3250 2707 3518 2777 Apostolo
3553 2723 3565 2762 :

1942 2821 1969 2847 ‹‹
2002 2799 2190 2854 Gratia
2219 2799 2350 2853 salvi
2392 2799 2522 2853 facti
2562 2800 2692 2853 estis
2726 2816 2828 2865 per
2865 2798 3055 2865 tidem,
3089 2799 3198 2853 hoc
3227 2816 3339 2854 non
3378 2818 3443 2855 ex
3471 2818 3565 2856 vo-

1937 2893 2046 2959 bis,
2079 2892 2178 2947 sed
2206 2893 2303 2947 Dei
2336 2893 2549 2947 donum
2594 2897 2698 2946 est.
2732 2894 2852 2947 Non
2895 2909 2966 2947 ex
3005 2892 3270 2963 operibus
3313 2909 3385 2948 ne
3426 2895 3568 2949 forte

1941 2987 2067 3057 quis
2087 2988 2414 3056 extollatur,
2439 2986 2616 3058 ipsius
2640 2986 2794 3041 enim
2816 3002 3015 3041 sumus
3038 2988 3377 3058 figmentum
3397 2989 3571 3044 creati

1940 3080 1997 3133 in
2026 3080 2245 3136 Christo
2276 3081 2406 3135 Jesu
2449 3079 2507 3133 in
2549 3080 2817 3151 operibus
2848 3096 2975 3151 quas
3024 3082 3363 3151 praeparavit
3405 3083 3569 3150 Deus,

1943 3176 2005 3228 ut
2032 3174 2093 3228 in
2131 3173 2226 3227 illo
2264 3173 2625 3229 ambulemus
2651 3173 2865 3244 (Ephes.
2897 3191 2954 3242 ιι,
2984 3177 3148 3244 8-10).
3180 3197 3206 3223 ››
3240 3176 3435 3230 Omnis
3463 3176 3570 3231 ita-

1942 3284 2054 3338 que
2074 3268 2357 3323 bonorum
2377 3284 2616 3339 operum
2637 3268 2863 3322 devotio
2891 3268 3084 3322 divina
3109 3270 3448 3339 praeparatio
3466 3275 3568 3339 est,

1938 3378 2044 3415 nec
2076 3362 2306 3431 propria
2331 3360 2636 3431 quisquam
2680 3361 3023 3431 justificalur
3051 3361 3276 3430 virtute,
3305 3363 3574 3433 quoniam

1941 3455 2122 3527 gratia
2160 3454 2465 3525 unicuique
2510 3454 2856 3525 principium
2899 3454 3138 3524 justitiaa
3186 3458 3244 3508 et
3288 3456 3573 3511 bonorum

1940 3549 2069 3602 fons
2112 3554 2282 3619 atque
2330 3547 2492 3619 origo
2536 3548 2873 3602 meritorum
2901 3552 3003 3601 est.
3038 3547 3151 3602 Sed
3186 3548 3258 3602 ab
3284 3548 3404 3603 istis
3442 3550 3574 3605 ideo

1941 3658 2045 3713 per
2070 3641 2387 3696 naturalem
2418 3641 2760 3697 industriam
2793 3641 3003 3696 dicitur
3031 3642 3353 3713 praeveniri,
3371 3648 3433 3698 ut
3449 3660 3575 3715 quas

1941 3742 2072 3790 ante
2104 3735 2346 3807 gratiam
2370 3736 2604 3808 pr0prio
2626 3736 2775 3790 clara
2805 3736 2878 3789 sit
2902 3735 3106 3803 studio,
3137 3736 3292 3790 nullo
3315 3736 3579 3793 videatur

1942 3830 2161 3902 peccati
2190 3829 2481 3901 originalis
2507 3830 2741 3884 vulnere
2785 3829 3055 3884 sauciata.
3086 3830 3215 3884 ldeo
3242 3831 3421 3885 etiam
3447 3848 3575 3902 par-

1942 3925 2101 3978 vulos
2122 3923 2337 3993 dicunt,
2360 3923 2407 3977 si
2432 3924 2553 3979 sine
2582 3923 2865 3995 baptismo
2893 3924 3024 3977 hinc
3051 3923 3122 3978 de
3150 3924 3357 3979 saeculo
3384 3923 3578 3998 213

1945 4018 2207 4084 exierint,
2236 4034 2351 4072 non
2381 4034 2543 4089 posse
2571 4018 2855 4081 damnari,
2886 4034 3073 4088 neque
3101 4034 3229 4073 reos
3258 4018 3316 4072 in
3345 4023 3577 4089 peccato

1946 4113 2076 4169 Adae
2104 4112 2306 4180 teneri,
2336 4111 2436 4165 sed
2477 4111 2551 4165 ad
2577 4127 2820 4182 regnum
2853 4112 2951 4165 Dei
2987 4111 3075 4166 vel
3111 4112 3183 4166 ad
3209 4112 3381 4166 vitam
3413 4118 3579 4168 aeter-

1945 4224 2079 4262 nam
2123 4208 2243 4261 sine
2286 4205 2406 4260 ulla
2454 4205 2817 4260 cunctatione
2862 4205 3077 4273 venire,
3108 4221 3238 4259 cum
3280 4207 3581 4277 Apostolus

1949 4301 2137 4356 dicat:
2173 4321 2201 4353 «ι
2234 4302 2341 4355 Per
2382 4315 2562 4353 unum
2593 4299 2885 4354 hominem
2923 4301 3221 4370 peccatum
3267 4299 3497 4355 intravit
3521 4300 3579 4356 in

1949 4395 2253 4463 mundum,
2280 4398 2337 4449 et
2382 4409 2485 4464 per
2514 4396 2812 4464 peccatum
2858 4409 3031 4459 mors,
3067 4397 3124 4446 et
3160 4392 3238 4447 ita
3277 4393 3336 4447 in
3381 4411 3581 4450 omnes

1950 4488 2210 4543 homines
2234 4486 2560 4560 pertransiit
2589 4488 2755 4557 (Rom.
2786 4503 2837 4554 ν,
2874 4489 2985 4556 t2);
3020 4507 3049 4535 »
3080 4490 3315 4557 prapter
3344 4489 3495 4558 quod
3528 4491 3586 4544 et

210 4587 445 4641 diversa
476 4585 965 4651 circumferantur,
1000 4588 1264 4639 amantes
1294 4601 1520 4655 semper
1554 4600 1763 4651 errare,
1796 4590 1930 4666 etD
1953 4582 2058 4653 ipsi
2088 4581 2305 4653 parvuli
2329 4582 2713 4652 baptizantur.
2739 4580 3009 4643 Quamvis
3034 4580 3092 4633 in
3119 4579 3215 4634 illo
3238 4596 3354 4634 uno
3370 4582 3585 4651 possint

212 4692 519 4751 nunquam
538 4679 598 4733 in
612 4679 986 4734 fundamento
1007 4678 1321 4749 apostolico
1338 4695 1695 4750 permanere.
1714 4680 1855 4743 Quo-

212 4775 378 4829 niam
399 4773 557 4845 quod
586 4774 741 4828 nullo
761 4772 996 4828 discussi
1024 4773 1305 4842 examine,
1329 4774 1484 4828 nullo
1505 4777 1635 4827 sunt
1654 4773 1857 4844 prteju—

212 4868 369 4923 dicio
402 4885 518 4922 suae
547 4867 910 4939 professionis
938 4866 1209 4933 obstricti,
1242 4867 1395 4922 hunc
1446 4866 1690 4921 maxime
1732 4867 1852 4921 fru-

212 4968 373 5018 ctum
392 4965 687 5033 expetunt,
706 4967 767 5016 ut
780 4962 884 5016 sub
903 4961 1221 5017 velamento
1234 4961 1653 5016 communionis
1667 4962 1857 5032 plures

213 5057 417 5111 domos
441 5056 666 5121 adeant,
689 5059 746 5111 et
771 5073 873 5128 per
898 5055 1026 5111 falsi
1045 5055 1296 5111 nominis
1321 5055 1631 5122 scientiam,
1656 5056 1858 5111 multo-

218 5167 351 5205 rum
372 5150 548 5205 corda
568 5154 961 5223 corrumpant.
984 5151 1255 5222 Quodque
1283 5150 1476 5221 utique
1499 5149 1719 5205 efficere
1741 5166 1858 5205 non

214 5249 474 5316 possent,
500 5243 547 5298 si
583 5244 951 5300 ecclesiarum
994 5244 1267 5315 prazsules
1311 5244 1683 5299 necessariam
1731 5244 1855 5298 dili-

218 5337 480 5409 gentiam
503 5337 561 5391 in
584 5338 780 5392 talium
799 5338 1120 5408 receptione
1145 5343 1456 5407 servarent,
1472 5354 1577 5392 nec
1592 5336 1858 5408 cuiquam

220 5448 424 5486 eorum
453 5431 680 5503 evagari
704 5431 975 5486 licuisset.
1012 5432 1089 5485 Ne
1124 5448 1262 5503 ergo
1303 5431 1537 5486 ulterius
1564 5431 1855 5499 audeatur,

223 5542 365 5580 neve
394 5542 498 5597 per
524 5526 908 5597 quorumdam
936 5526 1354 5598 negligentiam
1379 5525 1697 5580 introducta
1725 5542 1857 5596 per-

220 5620 401 5675 nicies
431 5620 499 5674 ad
526 5620 882 5676 eversionem
930 5621 1239 5674 multarum
1267 5620 1466 5674 tendat
1506 5618 1860 5685 animarum,

224 5715 331 5770 hac
350 5715 531 5770 nostri
555 5715 890 5770 auctoritate
916 5714 1185 5787 praecepti
1210 5713 1504 5768 industriae
1534 5717 1645 5768 tuae
1667 5714 1862 5767 frater-

226 5807 427 5864 nitatis
470 5808 791 5877 indicimus,
834 5814 895 5864 ut
927 5812 1273 5881 congregata
1313 5806 1465 5879 apud
1502 5823 1598 5861 vos
1642 5805 1862 5879 synodo

230 5902 665 5983 provincialium
716 5903 1090 5971 sacerdotum,
1118 5919 1318 5959 omnes
1364 5901 1479 5957 sive
1523 5900 1861 5974 presbyteri,

1956 4674 2195 4746 intelligi
2224 4674 2389 4745 plura
2410 4675 2665 4745 peccata,
2700 4673 2747 4726 si
2775 4689 2957 4727 unum
2990 4673 3178 4743 ipsum
3205 4673 3263 4727 in
3295 4690 3395 4728 sua
3421 4678 3583 4746 quasi

1956 4769 2216 4824 membra
2245 4767 2472 4838 singula
2496 4766 2797 4821 dividatur.

2027 4866 2165 4919 Nam
2190 4866 2247 4918 et
2273 4860 2538 4933 superbia
2562 4866 2647 4915 est
2673 4860 2806 4929 illic,
2830 4858 2965 4930 quia
2988 4858 3048 4931 in
3071 4877 3170 4914 sua
3200 4860 3374 4917 homo
3402 4864 3589 4935 potius

1958 4973 2079 5012 esse
2108 4973 2281 5029 quam
2315 4955 2374 5009 in
2405 4953 2505 5009 Dei
2533 4955 2816 5025 potestate
2859 4952 3085 5022 dilexit;
3116 4960 3174 5009 et
3204 4956 3583 5029 sacrilegium,

1957 5052 2094 5124 quia
2109 5052 2224 5105 Deo
2239 5066 2354 5105 non
2371 5046 2617 5103 credidit
2634 5064 2651 5117 ;
2674 5051 2733 5102 et
2749 5046 3145 5115 homicidium,
3164 5048 3296 5120 quia
3317 5068 3377 5105 se
3395 5052 3589 5123 praeci-

1958 5144 2156 5218 pitavit
2174 5144 2234 5198 in
2256 5147 2533 5209 mortem;
2566 5146 2622 5196 et
2645 5139 2945 5196 fornicatio
2964 5141 3290 5214 spiritualis,
3307 5145 3589 5216 quiainte-

1961 5240 2137 5311 gritas
2163 5238 2371 5294 mentis
2396 5238 2662 5291 humanae
2692 5235 3015 5307 serpentina
3045 5237 3301 5292 suasione
3323 5243 3590 5311 corrupta

1960 5337 2072 5401 est;
2102 5337 2159 5388 et
2188 5333 2430 5399 furtum,
2457 5332 2593 5403 quia
2619 5330 2937 5402 prohibitus
2965 5336 3265 5401 usurpatas
3293 5336 3377 5385 est
3395 5331 3584 5399 cibus;

1960 5433 2018 5483 et
2048 5427 2306 5493 avaritia,
2337 5425 2471 5496 quia
2510 5425 2641 5496 plus
2666 5441 2839 5495 quam
2872 5424 3131 5479 sufﬁcere
3158 5423 3235 5477 illi
3261 5423 3459 5478 debuit
3486 5442 3587 5496 ap-

1961 5522 2180 5594 petivit,
2208 5526 2265 5575 et
2294 5520 2341 5574 si
2367 5520 2517 5591 quod
2544 5518 2695 5573 aliud
2716 5518 2773 5572 in
2795 5518 2904 5573 hoc
2931 5533 3043 5571 uno
3068 5516 3314 5571 admisso
3330 5516 3589 5589 diligenti

1962 5613 2411 5672 consideratione
2454 5612 2664 5684 poterit
2710 5610 2969 5666 inveniri.
3018 5612 3321 5665 Parentum
3366 5627 3591 5683 quoque

1964 5709 2203 5781 peccatis
2229 5707 2492 5779 parvulos
2523 5705 2764 5777 obligari
2795 5720 2910 5758 non
2941 5704 3122 5757 solum
3148 5702 3468 5774 primorum
3490 5707 3589 5762 ho-

1962 5803 2205 5868 minum,
2232 5802 2331 5856 sed
2360 5801 2533 5856 etiam
2563 5814 2797 5854 suorum
2828 5797 2896 5851 de
2923 5797 3133 5869 quibus
3160 5798 3268 5869 ipsi
3296 5798 3413 5853 nati
3440 5805 3593 5867 sunt,

1964 5914 2083 5953 non
2128 5893 2579 5967 improbabiliter
2627 5890 2850 5946 dicitur.
2906 5889 3008 5946 Illa
3058 5890 3269 5964 quippe
3318 5896 3597 5953 sententia
