4026 6182
504 297 603 351 863
1402 287 1684 343 ΑΡΡΕΝῘ).
1727 288 1814 343 AD
1852 286 2012 343 SEC.
2054 285 2094 342 Ι]

2193 317 2232 328 --
2272 287 2513 343 lSlDORl
2553 287 2978 345 MERCATORIS
3709 302 3783 354 864

505 412 736 466 reddam
780 414 1005 480 peccata
1050 406 1304 479 primum
1335 407 1394 460 in
1421 407 1589 475 ﬁlios,
1625 410 1777 460 tenet
1804 422 1896 460 eos
1943 406 2136 477 utique
2157 420 2217 493 Α
2237 407 2473 460 multam
2505 423 2654 478 saepe
2686 407 2949 462 nutriunt
2988 407 3384 478 pestilentiam,
3411 410 3536 464 dum
3564 417 3782 469 austerio-

502 511 808 575 antequam
847 518 952 573 per
980 501 1412 572 generationem
1457 500 1527 555 ad
1571 501 1989 554 Testamentum
2021 502 2131 553 No—
2237 516 2359 554 rem
2387 500 2743 555 dissimulant
2781 501 3049 557 adhibere
3086 503 3437 558 medicinam.

503 614 633 651 vum
678 595 954 666 incipiant
1002 595 1308 667 pertinere,
1340 595 1490 665 quod
1536 595 1959 648 Testamentum
1998 610 2133 664 pro-
2308 595 2457 648 LVII.
2499 626 2564 633 —-
2594 596 2688 648 Ad
2713 598 2986 652 uni-versos
3011 599 3280 667 episcopos
3300 614 3398 668 per
3420 597 3738 669 Campaniam.

504 689 863 761 phetabatur,
893 706 1021 742 cum
1056 689 1337 744 diceretur
1363 704 1466 758 per
1491 686 1856 753 Ezechielem,
1895 703 2013 740 non
2045 703 2132 739 ac-
2311 687 2416 740 Leo
2440 687 2712 741 universis
2738 688 3018 759 episcopis
3046 707 3147 760 per
3170 691 3541 762 Campaniam,
3559 692 3791 748 Samnium

502 789 766 854 cepturos
811 783 956 837 ﬁlios
986 786 1213 854 peccata
1239 786 1540 852 parentum
1571 796 1824 848 suorum,
1857 796 1960 833 nec
1993 779 2133 833 ulte-
2237 779 2553 836 Picenium.

502 877 620 931 rius
637 878 893 931 futuram
913 876 1152 931 inlsrael
1170 875 1505 946 parabolam
1526 874 1712 928 illam:
1735 876 1967 928 «Patres
1983 890 2138 927 man-
2309 875 2513 945 Magna
2539 875 2942 946 indignatione
2975 893 3356 947 commoveor,
3380 882 3435 932 et
3463 878 3624 934 multo
3650 879 3793 936 dolore

503 973 851 1026 ducaverunt
895 986 1060 1024 uvam
1095 968 1378 1038 acerbam,
1411 972 1467 1022 et
1509 968 1708 1023 dentes
1757 967 2004 1020 ﬁliorum
2033 967 2133 1020 oh-
2239 968 2564 1037 contristor,
2580 970 2734 1040 quod
2754 970 3028 1040 quosdam
3057 987 3122 1024 ex
3145 971 3298 1025 vobis
3323 972 3559 1043 comperi
3585 988 3686 1029 esse
3700 991 3795 1044 apo-

503 1067 833 1136 stupescunt
862 1064 987 1133 (Jer.
1019 1080 1163 1132 xxxr,
1188 1064 1295 1130 29).
1324 1085 1350 1111 »
1388 1063 1517 1117 ldeo
1548 1063 1698 1116 enim
1733 1077 2028 1132 quousque
2056 1077 2138 1114 re-
2239 1061 2446 1116 stolicze
2475 1061 2792 1116 traditionis
2838 1063 3062 1133 oblitos,
3095 1071 3152 1118 et
3192 1064 3378 1119 studio
3423 1066 3502 1119 sui
3529 1067 3704 1120 erroris
3733 1068 3792 1121 in-

504 1159 774 1223 nascitur,
809 1161 872 1210 ut
897 1158 1146 1210 solvatur
1172 1157 1231 1209 in
1260 1172 1328 1210 eo
1358 1155 1638 1226 quidquid
1664 1155 1877 1224 peccati
1905 1158 1990 1208 est
2009 1169 2138 1208 cum
2241 1158 2442 1223 tentos,
2460 1159 2526 1209 ut
2546 1161 2756 1226 praeter
2775 1157 3003 1211 Pascha:
3025 1157 3255 1225 festum,
3275 1159 3364 1212 cui
3383 1160 3495 1213 sola
3510 1160 3795 1214 Pentecostes

502 1269 617 1323 quo
665 1249 931 1305 nascitur.
966 1251 1106 1304 Nam
1140 1253 1368 1321 peccata
1407 1265 1536 1320 quae
1561 1249 1728 1302 .male
1767 1247 1992 1319 agendo
2036 1264 2135 1318 po-
2240 1248 2568 1303 solemnitas
2603 1256 2980 1320 comparatur,
3011 1251 3256 1306 audeant
3281 1251 3504 1306 sibimet
3529 1269 3631 1306 non
3655 1252 3794 1323 aliqua

505 1350 622 1399 stca
642 1345 1101 1411 committuntur,
1131 1347 1365 1414 possunt
1391 1349 1447 1396 et
1468 1342 1796 1413 pmnitendo
1821 1341 2024 1410 sanari,
2041 1341 2142 1394 sic-
2241 1343 2505 1396 humanm
2527 1343 2872 1397 inﬁrmitatis
2895 1346 3223 1400 necessitate
3246 1350 3507 1416 cogente,
3529 1346 3614 1399 sed
3629 1347 3723 1399 sola
3741 1347 3798 1399 in-

505 1445 568 1492 ut
593 1439 764 1492 etiam
814 1441 938 1508 post
969 1437 1314 1508 baptismum
1341 1437 1464 1490 ﬁeri
1495 1436 1768 1490 videmus.
1805 1438 1879 1488 Ac
1906 1451 2009 1505 per
2037 1434 2141 1488 hoc
2241 1435 2573 1506 disciplinati
2610 1437 2824 1491 arbitrii
2856 1437 3142 1505 libertate,
3168 1439 3263 1508 jus
3301 1438 3636 1510 baptismatis
3659 1439 3795 1492 vindi-

509 1550 622 1586 non
652 1543 736 1587 est
763 1532 1016 1585 instituta
1042 1519 1426 1600 regeneratio,
1447 1530 1556 1584 nisi
1576 1529 1710 1601 quia
1727 1529 1926 1583 vitiosa
1947 1531 2028 1583 est
2049 1543 2141 1598 ge-
2241 1546 2386 1595 care,
2407 1533 2462 1582 et
2477 1529 2530 1583 in
2549 1531 2833 1584 natalibus
2854 1535 3170 1602 martyrum
3189 1549 3435 1603 quorum
3452 1533 3573 1587 ﬁnis
3587 1532 3798 1586 aliterlio-

507 1627 750 1696 neratio,
769 1642 946 1697 usque
967 1625 1108 1680 adeo
1134 1630 1192 1679 ut
1219 1625 1390 1678 etiam
1411 1624 1481 1678 dc
1504 1623 1757 1694 legitimo
1775 1621 2141 1676 matrimonio
2239 1624 2532 1677 norandus
2551 1629 2818 1696 estquam
2842 1625 2959 1679 dies
2988 1625 3292 1680 Dominicae
3321 1626 3604 1697 passionis,
3625 1642 3799 1697 regene-

504 1725 833 1791 procreatus
860 1719 1009 1773 dicat
1037 1737 1049 1772 2
1082 1739 1108 1770 «
1141 1721 1201 1773 ln
1232 1717 1621 1790 iniquitatibus
1655 1722 1958 1787 conceptus
1990 1733 2135 1783 sum,
2240 1717 2477 1771 rationis
2497 1717 2781 1772 celebrare
2808 1720 3096 1790 mysteria,
3116 1737 3179 1773 ac
3202 1720 3322 1774 sine
3343 1720 3469 1773 ullis
3489 1721 3796 1790 spiritualium

506 1821 562 1869 et
590 1814 644 1868 in
677 1814 917 1884 peccatis
948 1818 1129 1867 mater
1156 1829 1251 1866 me
1277 1813 1334 1865 in
1367 1816 1532 1866 utero
1567 1811 1706 1864 aluit
1736 1811 1900 1878 (Psal.
1931 1827 1979 1877 L,
2011 1812 2082 1878 6).
2107 1831 2133 1858 η
2158 1791 2214 1863 Β
2239 1811 2655 1866 eruditionibus
2685 1813 3188 1883 przeparationum,
3211 1814 3287 1867 ita
3316 1813 3542 1868 rudibus
3565 1813 3799 1884 etimperi-

505 1910 696 1979 Neque
747 1908 838 1961 hic
895 1907 1033 1960 dixit
1085 1906 1403 1977 iniquitate,
1454 1905 1538 1958 vel
1591 1905 1649 1958 in
1705 1908 1958 1975 peccato,
2010 1919 2137 1957 cum
2241 1905 2310 1958 tis
2342 1905 2562 1960 tradere
2594 1910 3033 1977 sacramentum,
3063 1911 3128 1960 ut
3162 1907 3311 1961 circa
3351 1907 3678 1962 renovandos
3701 1906 3798 1960 nihil

504 2003 613 2055 hoc
664 2005 817 2056 recte
868 2000 978 2054 dici
1028 2005 1233 2070 posset,
1281 1999 1379 2054 sed
1429 1999 1757 2070 iniquitates
1802 2002 1857 2051 et
1907 2000 2139 2067 peccata
2241 1997 2498 2052 doctrina
2555 1999 2954 2066 ecclesiastica,
3000 2000 3144 2054 nihil
3195 2002 3523 2055 exorcismis
3576 2001 3798 2071 impositio

506 2096 694 2149 dicere
741 2094 962 2162 maluit,
998 2093 1132 2163 quia
1164 2098 1221 2147 et
1251 2093 1307 2146 in
1350 2092 1446 2146 illo
1488 2108 1604 2147 uno
1645 2091 1794 2162 quod
1836 2091 1893 2144 in
1939 2106 2139 2144 omnes
2241 2107 2542 2159 manuum,
2573 2093 2718 2147 nihil
2747 2093 2867 2163 ipsa
2903 2095 3122 2166 jejunia
3147 2094 3355 2165 quibus
3385 2098 3533 2150 vetus
3561 2095 3703 2148 homo
3726 2093 3796 2146 de-

505 2188 765 2242 liomines
797 2186 1178 2257 pertransivit,
1206 2189 1379 2256 atque
1405 2191 1518 2240 tam
1549 2200 1829 2254 magnum
1870 2187 1954 2238 est
1982 2190 2041 2237 ut
2071 2200 2137 2237 eo
2240 2185 2496 2252 struitur,
2521 2191 2858 2256 operentur;
2892 2204 3079 2259 neque
3110 2189 3168 2242 in
3199 2193 3362 2244 tanto
3389 2187 3640 2260 mysterio
3664 2186 3802 2240 salutis

506 2287 841 2346 mutaretur,
872 2285 929 2334 et
957 2283 1387 2334 converteretur
1413 2279 1469 2332 in
1498 2278 1891 2332 necessitatem
1942 2277 2139 2330 mortis
2241 2279 2508 2334 humanas
2559 2279 2712 2333 nulla
2765 2280 2887 2350 ejus
2941 2281 3051 2336 diei
3109 2283 3388 2336 habeatur
3437 2282 3684 2353 exceptio,
3723 2296 3802 2349 quo

505 2377 758 2430 humana
804 2378 1023 2444 natura,
1069 2374 1214 2428 sicut
1259 2389 1428 2444 supra
1474 2372 1734 2439 disserui,
1779 2371 2140 2442 reperiuntur
2242 2372 2427 2442 ipsum
2455 2373 2670 2427 donum
2699 2381 2783 2427 est
2809 2375 3098 2428 conditum
3130 2377 3570 2432 renascentibus.
3589 2374 3804 2429 Admone-

503 2471 669 2541 plura
700 2474 927 2539 peccata
963 2473 1018 2523 et
1061 2467 1172 2522 alia
1215 2470 1545 2539 parentum,
1579 2483 1705 2536 quae
1748 2482 1860 2520 non
1906 2468 2141 2535 possunt
2242 2482 2368 2520 mus
2401 2467 2594 2536 igitur,
2626 2473 2680 2521 et
2715 2483 2828 2521 non
2863 2468 2985 2521 sine
3027 2469 3278 2539 periculo
3325 2474 3498 2525 status
3541 2485 3709 2524 eorum
3735 2469 3803 2536 qui

505 2566 723 2617 mutare
742 2567 1209 2632 naturam,reatu
1232 2566 1421 2615 tamen
1440 2560 1696 2630 obligant
1712 2558 1995 2625 ﬁlios,nisi
2019 2574 2140 2628 gra—
2244 2561 2363 2614 haec
2403 2560 2616 2615 faciunt
2661 2565 3062 2632 protestamur,
3095 2569 3157 2617 ut
3183 2563 3252 2617 ab
3283 2563 3389 2617 hac
3431 2561 3803 2635 przesumptione

506 2658 649 2711 tuita
677 2657 859 2727 gratia
880 2661 936 2711 et
958 2655 1347 2710 misericordia
1367 2654 1559 2708 divina
1580 2653 1933 2707 subveniant.
1957 2654 2141 2722 Apar-
2242 2659 2506 2721 cessetur,
2545 2660 2602 2708 et
2645 2671 2926 2710 summam
2971 2657 3120 2710 hanc
3165 2658 3701 2728 potentissimamque
3736 2655 3806 2706 Dei

506 2753 634 2805 vulo
661 2752 816 2805 enim
835 2767 1032 2804 recens
1058 2755 1211 2815 nato,
1234 2765 1414 2819 usque
1443 2748 1510 2801 ad
1543 2746 1896 2817 decrepitum
1921 2761 2138 2811 senem,
2243 2747 2485 2819 gratiam
2514 2765 2626 2802 non
2654 2749 2762 2803 nisi
2793 2750 2850 2803 in
2881 2750 3132 2804 Paschali
3183 2758 3241 2805 et
3281 2753 3625 2806 Pentecostes
3648 2749 3720 2803 die
3743 2747 3808 2802 de-

503 2844 816 2914 quamlibet
844 2843 1091 2913 corporis
1123 2846 1352 2896 aetatem
1384 2843 1610 2910 gerant,
1637 2839 1779 2892 sicut
1807 2839 1996 2892 nullus
2017 2854 2141 2909 pro—
2241 2841 2618 2896 siderantibus
2647 2847 2704 2896 et
2731 2843 3090 2897 credentibus
3111 2845 3439 2913 conferatis,
3457 2847 3693 2899 manente
3711 2856 3808 2911 quo-

505 2937 789 2991 hibendus
817 2941 900 2990 est
928 2953 960 2990 a
987 2936 1287 3006 baptismo,
1320 2935 1397 2988 ita
1420 2935 1608 2987 nullus
1635 2938 1717 2988 est
1746 2932 1845 3003 qui
1875 2949 1991 2986 non
2021 2948 2140 3002 pec-
2243 2935 2380 2989 libet
2408 2939 2665 3006 tempore
2694 2937 2952 3007 gravium
2978 2938 3387 2992 necessitatum
3413 2956 3474 2993 ac
3494 2937 3806 3010 periculorum

507 3036 631 3085 cato
673 3030 947 3084 moriatur
990 3029 1049 3083 in
1094 3029 1397 3100 baptismo.
1433 3026 1544 3080 Sed
1583 3025 1803 3097 parvuli
1853 3025 2137 3095 originali,
2241 3028 2694 3082 consideratione
2727 3030 3042 3084 secundum
3071 3047 3246 3102 quam
3274 3036 3529 3102 oporteat
3563 3028 3805 3085 subveniri.

505 3125 751 3195 majores
781 3126 975 3177 autem
1008 3123 1180 3177 etiam
1220 3123 1306 3174 his
1343 3120 1608 3175 omnibus
1645 3118 1968 3173 moriuntur
2005 3134 2138 3190 pec-
2162 3164 2212 3195 ί,
2242 3138 2314 3175 ne
2345 3121 2666 3176 conditione
2695 3123 2922 3177 mortali
2959 3128 3237 3179 coarctata
3275 3125 3574 3179 inﬁrmitas
3609 3137 3805 3179 necessa-

507 3164 751 3195 ...μάνην
781 3164 975 3177 ww...
1008 3164 1180 3177 νην..-
1220 3164 1305 3174 ...υ
1344 3164 1607 3175 Vm...“-
1645 3164 1957 3173 -.-νην---.κ-
2007 3164 2107 3190 rw
2243 3164 2314 3175 ..ν
2346 3164 2666 3176 cunmm"...
2696 3164 2922 3177 ιηυηι...
2960 3164 3237 3179 summa...
3275 3164 3574 3179 unum...”
3609 3164 3786 3179 μηνυμ-

507 3220 645 3273 catis
687 3233 1041 3288 qumcunque
1092 3217 1237 3270 male
1281 3214 1521 3268 vivendo
1562 3213 1827 3268 addidere
1880 3212 1953 3266 ad
2001 3211 2137 3266 illud
2161 3164 2215 3237 Ο
2243 3215 2325 3269 ria
2349 3215 2682 3270 liberatione
2726 3217 3041 3284 fraudetur,
3075 3235 3204 3273 cum
3245 3224 3467 3274 servata
3495 3220 3640 3286 (sicut
3663 3214 3803 3286 perlu-

506 3313 660 3386 quod
697 3311 982 3366 nascendo
1030 3314 1278 3364 traxere.
1325 3307 1651 3363 Cavendum
1682 3322 1820 3378 ergo
1852 3305 2136 3360 dilectioni
2239 3309 2351 3363 cuti
2378 3309 2596 3381 sumus)
2627 3311 2868 3365 duarum
2900 3312 3296 3367 tantummodo
3326 3314 3674 3369 festivitatum
3699 3324 3808 3363 reve-

504 3411 619 3460 tum
645 3410 730 3460 est
767 3420 1090 3475 magnaque
1131 3401 1425 3472 diligentia
1473 3400 1906 3472 providendum,
1937 3415 2008 3452 ne
2035 3415 2139 3469 per
2238 3403 2446 3466 rentia,
2468 3407 2703 3475 propter
2730 3406 2910 3459 multa
2938 3405 3190 3476 pericula
3216 3407 3287 3460 sit
3305 3407 3631 3470 cavendum,
3650 3419 3707 3457 ne
3724 3401 3805 3454 cui-

505 3499 835 3569 hujusmodi
863 3497 1124 3551 homines
1152 3495 1423 3549 exstincta
1448 3494 1666 3549 dudum
1689 3493 1956 3548 scandala
1972 3493 2139 3546 susci-
2241 3514 2415 3567 quam
2445 3504 2544 3552 aut
2568 3498 2929 3569 indesperata
2960 3499 3318 3570 aegritudine,
3349 3507 3450 3557 aut
3473 3502 3528 3555 in
3553 3497 3808 3554 hostilitatis

510 3599 722 3661 tentur,
746 3598 802 3647 et
828 3593 897 3646 de
927 3591 1116 3645 exciso
1146 3591 1280 3643 olim
1309 3590 1575 3660 dogmate
1606 3587 1893 3658 aliquidin
1913 3586 2139 3657 provin-
2243 3591 2488 3656 incursu,
2521 3595 2618 3646 aut
2647 3593 2708 3645 in
2741 3592 2942 3646 timore
2970 3595 3255 3665 naufragii
3286 3611 3396 3667 per
3422 3595 3710 3650 sacerdotes
3729 3593 3805 3643 Du-

507 3689 594 3742 cia
615 3686 875 3757 ejusdem
895 3685 1027 3740 mali
1051 3700 1293 3756 germen
1321 3683 1552 3752 oriatur,
1574 3680 1727 3752 quod
1747 3697 1859 3734 non
1882 3681 2060 3734 solum
2081 3680 2138 3733 in
2241 3684 2382 3737 mini
2412 3685 2768 3756 regeneratio
2794 3687 3131 3757 denegetur.
3157 3689 3212 3744 Si
3241 3689 3372 3760 quis
3404 3705 3530 3744 vero
3555 3691 3665 3760 post
3685 3686 3807 3739 inter-

507 3782 788 3836 radicibus
838 3779 951 3833 suis
1000 3783 1233 3846 crescat,
1265 3777 1360 3831 sed
1406 3776 1575 3830 etiam
1627 3779 1834 3828 sanctae
1881 3773 2136 3828 Ecclesia?
2241 3777 2456 3833 dictum
2476 3779 2750 3834 ineadem
2770 3779 2940 3834 fuerit
2959 3783 3323 3852 usurpatione
3350 3780 3806 3849 detectus,dignam

507 3876 761 3930 sobolem
792 3890 1012 3929 veneno
1041 3873 1128 3926 sui
1159 3871 1345 3926 odoris
1377 3869 1610 3924 inticiat.
1642 3868 1750 3932 Qui
1776 3873 2056 3922 correctos
2082 3883 2140 3921 se
2240 3871 2560 3942 pertinaciae
2587 3889 2703 3926 suae
2734 3872 2946 3927 incidet
2979 3874 3291 3944 ultionem;
3325 3876 3589 3948 quoniam
3615 3869 3808 3927 ostendit

509 3971 684 4026 videri
727 3970 926 4024 volunt
967 3968 1037 4022 ab
1089 3967 1248 4020 omni
1301 3964 1623 4036 suspicione
1680 3979 1737 4017 se
1783 3965 2050 4032 purgent,
2087 3966 2142 4014 et
2242 3981 2298 4020 se
2327 3968 2492 4036 turpe
2524 3967 2716 4037 potius
2746 3967 2973 4022 lucrum
3002 3985 3176 4040 quam
3199 3969 3494 4041 religionis
3522 3970 3706 4023 cultum
3725 3979 3808 4017 esse

507 4064 826 4119 obediendo
861 4061 1025 4115 nobis
1068 4060 1327 4132 praebent
1377 4075 1435 4111 se
1465 4074 1586 4112 esse
1616 4061 1857 4111 nostros.
1887 4058 2141 4120 Quorum
2241 4064 2539 4114 sectatum.
2570 4061 2725 4114 Illam
2754 4061 2925 4116 etiam
2955 4067 3158 4117 contra
3201 4065 3568 4135 apostolicam
3608 4059 3805 4132 regulam

506 4159 551 4212 si
579 4157 882 4228 quisquam
913 4154 1230 4208 salubribus
1263 4152 1559 4224 prseceptis
1602 4150 1920 4204 satisfacere
1949 4149 2138 4202 detre-
2241 4154 2768 4224 praesumptionem,
2802 4172 2973 4226 quam
3018 4174 3206 4228 nuper
3247 4161 3455 4230 agnovi
3482 4176 3514 4213 a
3537 4153 3807 4229 quibusdam

508 4251 691 4316 ctarit,
721 4249 833 4302 sive
877 4249 970 4302 ille
1011 4246 1265 4311 clericus,
1300 4245 1413 4299 sive
1458 4245 1530 4298 sit
1559 4244 1754 4309 laicus,
1783 4243 1851 4296 ab
1885 4241 2139 4296 Ecclesiae
2243 4247 2435 4302 illicita
2463 4248 2828 4319 usurpatione
2871 4251 3170 4319 committi,
3203 4252 3391 4307 modis
3435 4252 3678 4308 omnibus
3712 4261 3805 4300 con-

509 4344 774 4398 societate
804 4343 1063 4414 pellatur,
1095 4356 1164 4394 ne
1194 4338 1450 4410 perditor
1480 4338 1688 4392 animae
1720 4353 1835 4390 sua:
1857 4337 2022 4390 saluti
2052 4337 2137 4389 iu-
2241 4341 2412 4396 stituo
2455 4342 2795 4397 submoveri.
2826 4345 2901 4398 De
2935 4346 3266 4415 paenitentia
3292 4347 3548 4402 videlicet
3570 4359 3680 4416 quae
3704 4358 3730 4394 a
3763 4337 3806 4390 ﬁ-

508 4438 749 4493 sidietur
779 4435 999 4491 alienae.
1045 4435 1199 4488 Illam
1241 4448 1466 4504 quoque
1498 4439 1719 4503 partem
1758 4430 2140 4485 ecclesiasticae
2244 4435 2461 4489 delibus
2488 4437 2827 4508 postulatur,
2859 4454 2930 4493 ne
2959 4439 3027 4494 de
3053 4439 3410 4511 singulorum
3438 4454 3635 4512 genere
3657 4430 3808 4490 libellis

510 4532 821 4604 disciplinae
869 4547 980 4603 qua
1023 4529 1159 4583 olim
1206 4545 1240 4581 a
1278 4526 1482 4581 sanctis
1530 4526 1786 4580 Patribus
1818 4529 1873 4578 et
1920 4541 1951 4578 a
1982 4524 2143 4578 nobis
2162 4540 2221 4612 D
2245 4531 2452 4600 scripta
2479 4531 2754 4601 professio
2785 4532 3008 4603 publice
3038 4534 3324 4605 recitetur,
3354 4551 3484 4589 cum
3515 4536 3683 4588 reatus
3713 4541 3806 4581 con-

509 4643 657 4699 smpe
694 4627 984 4681 decretum
1024 4627 1127 4690 est,
1169 4626 1234 4677 ut
1276 4637 1380 4676 nec
1407 4621 1464 4674 in
1513 4619 1932 4691 presbyteratus
1964 4618 2144 4690 gradu
2244 4623 2610 4678 scientiarum
2640 4625 2883 4680 sufﬁciat
2903 4627 3036 4681 solis
3062 4627 3450 4683 sacerdotibus
3475 4627 3805 4682 indicat-econ-

511 4738 614 4776 nec
641 4721 701 4775 in
731 4719 1062 4774 diaconatus
1090 4716 1313 4784 ordine,
1343 4731 1444 4769 nec
1473 4715 1532 4769 in
1558 4713 1928 4784 subsequenti
1959 4712 2143 4767 ofﬁcio
2244 4716 2486 4770 fossione
2507 4723 2748 4774 secreta.
2771 4719 3036 4783 Quamvis
3053 4720 3207 4775 enim
3227 4721 3520 4793 plenitudo
3538 4718 3659 4775 ﬁdei
3676 4713 3809 4768 videa-

509 4813 930 4871 clericorumab
949 4811 1195 4866 Ecclesia
1215 4810 1487 4881 cuiquam
1519 4807 1760 4862 transire
1781 4807 1852 4861 sit
1871 4806 2140 4874 liberum,
2243 4816 2336 4864 tur
2365 4826 2485 4865 esse
2529 4812 2822 4867 laudabilis
2865 4831 2991 4886 qua:
3037 4820 3271 4886 propter
3293 4816 3390 4871 Dei
3423 4815 3667 4870 timorem
3701 4803 3807 4878 apud

511 4911 651 4966 utin
675 4909 964 4978 integrum
988 4921 1233 4975 revoces,
1255 4904 1734 4959 admonemus.Et
1755 4900 2143 4971 unusquisque
2243 4904 2506 4959 homines
2546 4905 2876 4962 erubescere
2918 4925 3036 4963 non
3074 4913 3318 4977 veretur,
3347 4914 3537 4965 tamen
3578 4905 3689 4978 quia
3728 4913 3808 4952 non

513 5021 627 5059 non
681 5001 991 5056 ambitione
1049 5000 1288 5065 illectus,
1340 5014 1454 5052 non
1501 4996 1811 5068 cupiditate
1858 4994 2141 5061 seductus,
2246 4998 2505 5053 omnium
2548 5000 2879 5070 hujusmodi
2931 5007 3064 5056 sunt
3101 5007 3331 5074 peccata
3372 5007 3439 5059 ut
3480 5019 3544 5058 ea
3587 4995 3806 5072 painiten-

510 5115 624 5153 non
651 5094 1015 5168 persuasione
1046 5093 1344 5147 hominum
1375 5091 1738 5161 depravatus,
1769 5089 1845 5143 ibi
1878 5088 1970 5142 ubi
1998 5087 2145 5142 ordi-
2243 5091 2380 5146 tiam
2426 5097 2670 5163 poscunt
2718 5112 2836 5150 non
2889 5095 3126 5151 timeant
3169 5098 3473 5168 publicare,
3521 5092 3808 5150 removeatur

510 5197 677 5247 natus
723 5195 806 5244 est
853 5189 1194 5259 perseveret.
1247 5188 1325 5239 lta
1367 5188 1431 5238 ut
1463 5185 1507 5238 si
1536 5184 1662 5255 quis
1711 5200 1810 5237 sua
1858 5199 2140 5254 quaerens,
2243 5186 2699 5257 improbabiliter
2741 5191 3108 5260 consuetudo,
3140 5208 3211 5246 ne
3249 5192 3412 5246 multi
3455 5209 3486 5245 a
3526 5180 3804 5261 poenitentia!

506 5303 622 5342 non
649 5301 777 5357 quae
808 5285 934 5339 .Iesu
963 5281 1192 5348 Christi,
1223 5279 1292 5333 ad
1322 5278 1613 5333 ecclesiam
1641 5293 1802 5332 suam
1830 5276 2016 5330 redire
2044 5293 2140 5331 nc-
2243 5280 2512 5335 remediis
2555 5286 2876 5354 arceantur,
2910 5284 3049 5339 dum
3099 5291 3198 5341 aut
3237 5287 3584 5349 erubescunt,
3613 5282 3694 5335 aut
3717 5287 3802 5328 me-

509 5380 767 5452 glexerit,
795 5377 944 5431 etab
976 5374 1208 5430 honoris
1234 5372 1547 5445 privilegio,
1577 5376 1633 5426 et
1662 5387 1693 5424 a
1727 5369 2143 5424 communionis
2244 5377 2414 5428 tuunt
2445 5375 2687 5430 inimicis
2722 5377 2838 5431 suis
2867 5395 2968 5432 sua
3014 5379 3161 5433 facta
3205 5397 3470 5446 reserare,
3501 5375 3679 5449 quibus
3706 5381 3802 5440 ροῦ-

508 5461 729 5529 vinculo
761 5472 1039 5526 habeatur
1081 5474 1406 5524 extraneus.
1435 5467 1556 5520 Non
1585 5470 1777 5519 autem
1806 5463 2028 5517 dubitet
2056 5463 2140 5517 di-
2242 5472 2374 5522 sunt
2403 5469 2598 5539 legum
2626 5471 3054 5527 constitutiones
3085 5476 3337 5545 percelli.
3364 5472 3566 5532 Sufﬁcit
3590 5466 3716 5522 enim
3733 5459 3799 5512 illa

508 5569 676 5622 lectio
722 5573 818 5621 tua
856 5581 956 5618 nos
987 5564 1030 5617 si
1062 5564 1144 5632 (ut
1174 5578 1291 5616 non
1332 5559 1693 5629 arbitramur)
1724 5557 1979 5628 neglecta
2020 5557 2139 5612 fue-
2243 5562 2524 5617 confessio
2539 5580 2667 5634 quae
2681 5564 2933 5635 primum
2948 5567 3067 5622 Deo
3086 5567 3343 5635 offertur,
3359 5572 3483 5622 tunc
3501 5563 3650 5618 etiam
3666 5567 3800 5610 sacer-

509 5663 641 5728 rint,
671 5675 796 5730 quae
825 5675 928 5728 pro
957 5656 1209 5711 custodia
1238 5669 1547 5719 canonum,
1580 5657 1635 5705 et
1675 5668 1778 5721 pro
1821 5651 1947 5705 ﬁdei
1995 5651 2140 5706 inte-
2244 5655 2359 5708 doti
2382 5673 2483 5726 pro
2510 5656 2727 5712 delictis
2752 5660 3154 5729 pmnitentiuni
3186 5667 3440 5734 peccator
3467 5650 3798 5713 accedit.'l‘nnc

513 5754 710 5822 gritate
727 5750 1104 5816 decernimus,
1123 5745 1513 5801 vehementius
1531 5743 1986 5813 commovendos,
2011 5745 2144 5815 quia
2241 5748 2392 5802 enim
2424 5748 2656 5804 demum
2686 5751 2875 5822 plures
2903 5754 2977 5808 ad
3009 5756 3394 5826 paenitentiam
3433 5749 3664 5826 poterunt
3694 5753 3790 5811 Pm'

512 5843 842 5897 inferiorum
859 5843 1125 5896 ordinum
1143 5840 1324 5910 culpas
1343 5839 1411 5892 ad
1429 5839 1616 5892 nullos
1635 5837 1818 5908 magis
1832 5837 2143 5892 referendas
2242 5841 2452 5909 vocari,
2484 5843 2529 5896 si
2553 5845 2744 5914 populi
2779 5847 3012 5901 auribus
3051 5865 3161 5904 non
3193 5849 3500 5921 publicetur
3523 5829 3798 5898 conscientia

515 5938 663 6002 sunt,
697 5949 863 6004 quam
888 5935 956 5987 ad
988 5933 1212 5986 desides
1247 5931 1713 6001 negligentesque
1747 5935 2012 5998 rectores,
2044 5931 2139 6003 qui
2242 5935 2575 5994 conﬁtentis.
