4026 6182
151 309 238 357 8055

256 411 427 465 LVIII.
460 440 527 449 —
557 410 649 464 Ad
678 412 941 479 episcopos
965 425 1061 478 per
1102 412 1479 479 Campaniam,
1521 414 1654 474 etc.,

786 482 1115 536 constitutos.

212 604 260 653 l.
290 600 362 653 Ut
389 598 579 651 nullus
604 597 897 668 episcopus
917 613 1141 651 servum
1166 596 1400 650 alterius
1418 597 1487 650 ad
1510 596 1762 649 ofﬁcium

146 692 432 746 clericatus
464 696 819 761 promoveat.

204 789 257 839 2.
308 786 377 838 L't
412 785 738 854 quicunque
789 784 859 837 ad
908 775 1303 837 sacerdotium
1336 784 1423 835 vel
1466 783 1764 836 viduarum

145 880 345 946 mariti,
394 878 484 931 vel
537 877 818 932 habentes
852 893 1160 931 numerosa
1201 876 1466 946 coniugia
1514 876 1763 945 promoti

142 972 370 1038 fuerint,
411 971 482 1024 ab
512 970 897 1025 ecclesiasticis
929 970 1128 1024 officiis
1159 974 1476 1023 arceantur.

205 1068 256 1118 3.
287 1064 445 1127 Quod
474 1079 671 1117 usuras
698 1079 815 1117 non
844 1064 1026 1117 solum
1052 1061 1239 1116 clerici
1267 1062 1493 1131 exigere
1517 1077 1633 1115 non
1663 1061 1762 1115 de-

142 1160 304 1211 beant
331 1156 427 1210 sed
459 1172 563 1210 nec
589 1156 731 1209 laici.

205 1252 255 1304 4.
294 1251 363 1303 Ut
387 1248 626 1302 clericus
664 1266 768 1303 nec
807 1265 910 1302 suo
952 1264 1055 1302 nec
1090 1248 1279 1301 alieno
1335 1245 1565 1300 nomine
1600 1246 1765 1301 fenus

140 1348 419 1398 exerceat.

204 1441 253 1490 ὅ.
290 1437 362 1490 L't
392 1435 439 1488 si
465 1435 593 1505 quis
617 1433 980 1487 sacerdotum
1010 1437 1209 1487 contra
1235 1431 1537 1485 interdicta
1563 1431 1763 1485 fecerit

140 1547 169 1584 a
193 1546 298 1583 suo
332 1529 735 1583 submoveatur
758 1527 964 1580 ofﬁcio.

202 1624 317 1677 Leo
343 1622 641 1693 episcopus
664 1620 821 1674 urbis
848 1622 1045 1674 Romae
1075 1619 1346 1673 universis
1368 1619 1644 1690 episcopis
1665 1636 1765 1690 per

135 1715 530 1787 Campaniam,
561 1718 617 1769 et
644 1714 954 1778 Picaenum,
982 1713 1072 1766 vel
1100 1711 1375 1777 Tusciam,
1409 1718 1467 1766 et
1502 1728 1607 1782 per
1636 1712 1761 1766 uni-

1369 300 1839 359 DECRETALIUM
1878 298 2265 355 COLLECTIO.

1786 429 1844 500 Α
1868 409 1971 477 lli).
2006 429 2032 456 ››
2074 408 2182 462 Hos
2212 424 2348 479 ergo
2377 407 2708 479 quicunque
2740 407 2876 463 tales
2900 407 3133 463 admissi
3151 412 3284 463 sunt
3306 409 3379 463 ab
3406 426 3499 464 ec-

3395 306 3495 358 866
3544 296 3549 301 ’

1864 500 2185 554 clesiasticis
2213 501 2435 568 ofﬁciis,
2457 506 2515 555 et
2533 518 2566 555 a
2583 501 2915 556 sacerdotali
2942 502 3198 571 nomine,
3230 503 3495 574 apostoli-

1866 610 1944 648 cae
1983 594 2146 648 Sedis
2172 594 2512 648 auctoritate
2535 594 2809 664 jubemus
2840 595 3040 649 arceri.
3072 597 3182 650 Nec
3207 596 3312 649 hoc
3340 596 3494 651 enim

1865 688 1969 741 sibi
1999 691 2271 758 poterunt
2300 704 2402 757 pro
2431 687 2665 741 arbitrio
2708 688 3014 757 vindicare,
3063 690 3223 760 cujus
3255 706 3493 762 capaces

1866 797 1967 851 per
1986 781 2093 834 hoc
2114 780 2265 852 quod
2288 781 2398 834 illis
2429 780 2743 847 obstiterat,
2776 798 2892 836 non
2922 781 3174 836 fuerunt.
3204 784 3379 853 Hujus
3407 784 3489 838 di-

1867 874 2167 929 scussionis
2193 890 2388 928 curam
2418 873 2581 928 nobis
2612 874 2935 944 specialiter
2956 875 3324 943 vindicantes,
3357 881 3421 931 ut
3449 878 3494 931 si

1866 983 1978 1039 qua
2012 967 2247 1022 forsitan
2279 967 2349 1021 de
2380 967 2467 1021 bis
2497 966 2802 1021 commissa
2829 971 2980 1036 sunt,
3010 968 3389 1039 corrigantur,
3422 987 3492 1024 ne

1865 1061 2031 1115 liceat
2059 1062 2206 1114 ultra
2237 1061 2540 1127 committi,
2575 1067 2632 1114 et
2669 1077 2739 1114 ne
2771 1061 3054 1116 excusatio
3081 1061 3152 1115 de
3182 1062 3490 1132 ignoratio-

1869 1170 1938 1207 ne
1970 1158 2253 1221 nascatur,
2284 1169 2619 1225 quanquam
2650 1154 2913 1223 ignorare
2944 1170 3240 1225 nunquam
3270 1155 3494 1210 licuerit

1865 1247 2221 1302 sacerdotem
2248 1248 2397 1318 quod
2428 1263 2715 1301 canonum
2742 1248 2917 1302 fuerit
2936 1248 3148 1318 regulis
3174 1248 3493 1304 definitum.

1866 1340 1995 1394 Haec
2018 1357 2156 1410 ergo
2186 1340 2255 1394 ad
2281 1341 2605 1412 provincias
2636 1344 2850 1394 vestras
2876 1357 2979 1411 per
3006 1342 3403 1396 Innocentium
3424 1342 3501 1396 le-

1865 1434 2133 1503 gitimum
2165 1437 2221 1488 et
2254 1434 2542 1505 Segetium
2568 1434 2770 1488 fratres
2796 1437 2853 1488 et
2882 1434 3247 1505 coepiscopos
3278 1439 3500 1490 nostros

1866 1528 2076 1598 scripta
2092 1528 2417 1593 direximus,
2443 1531 2503 1581 ut
2526 1544 2652 1598 quae
2675 1527 2820 1581 male
2841 1528 3143 1597 pullulasse
3162 1534 3496 1597 noscuntur,

1864 1620 2134 1675 radicitus
2164 1622 2500 1687 evellantur,
2534 1625 2590 1675 et
2619 1636 2863 1675 messem
2891 1621 3247 1676 Dominicam
3285 1622 3497 1677 zizania

1863 1714 2022 1769 nulla
2032 1718 2418 1785 corrumpant.
2438 1716 2516 1768 lta
2529 1713 2683 1768 enim
2695 1713 2946 1768 fructum
2966 1714 3201 1770 uberem
3212 1732 3343 1787 quae
3364 1721 3495 1771 sunt

136 1826 323 1864 versas
348 1809 667 1879 provincias
692 1807 1013 1861 constitutis
1041 1808 1102 1859 in
1129 1805 1375 1859 Domino
1407 1807 1667 1890 salutem:
1731 1832 1738 1843 -
1785 1809 1841 1879 Β
1866 1808 2082 1862 sincera
2096 1808 2469 1879 praestabunt,
2492 1809 2539 1862 si
2558 1825 2623 1862 ea
2638 1824 2767 1880 quae
2780 1811 2971 1862 natam
2990 1813 3242 1879 segetem
3259 1825 3497 1865 enecare

200 1904 338 1957 CAP.
355 1903 395 1956 ι.
413 1900 655 1955 Utnobis
674 1899 1261 1971 gratulationemfacit
1277 1899 1640 1953 ecclesiarum
1658 1902 1764 1952 sta-

134 2002 218 2049 tus
243 1995 465 2048 salubri
490 1994 857 2063 dispositione
888 1992 1257 2064 compositus,
1287 1993 1362 2045 ita
1385 2009 1499 2046 non
1529 1993 1637 2047 levi
1661 2009 1764 2047 nos

132 2105 377 2143 mosi-ore
398 2089 719 2153 contristat,
749 2086 970 2157 quoties
995 2086 1183 2157 aliqua
1212 2092 1407 2139 contra
1432 2090 1645 2141 statuta
1670 2103 1763 2140 ca-

130 2199 355 2237 nonum
371 2170 1298 2251 ecclesiasticamque‘disciplinam
1316 2192 1663 2251 praesumpta
1678 2180 1762 2234 vel

128 2276 437 2330 commissa
466 2274 882 2345 cognoscimus,
904 2290 1033 2344 quae.
1059 2274 1104 2327 si
1126 2290 1243 2327 non
1267 2290 1381 2344 qua
1398 2274 1672 2328 debemus
1694 2274 1768 2327 vi-

129 2370 437 2440 gilantiam
466 2383 830 2422 recensemus
860 2368 941 2420 illi
973 2367 1071 2437 qui
1104 2384 1204 2420 nos
1235 2368 1620 2437 speculatores
1645 2383 1765 2420 esse

128 2466 307 2517 voluit
320 2478 586 2516 excusare
605 2478 720 2515 non
735 2477 965 2531 possum
976 2477 1055 2527 us,
1075 2462 1471 2531 permittentes
1485 2461 1766 2515 sincerum

125 2574 338 2627 corpus
364 2556 625 2609 Ecclesiae
658 2555 812 2625 quod
832 2555 902 2608 ab
925 2554 1082 2608 omni
1104 2571 1315 2624 purum
1338 2554 1558 2607 macula
1586 2560 1768 2608 custo-

124 2652 247 2705 dire
280 2651 565 2704 debemus
591 2649 973 2703 ambientium
1006 2648 1271 2719 improba
1306 2648 1646 2720 contagione
1672 2648 1768 2701 fte-

127 2744 271 2813 dari,
309 2760 445 2797 cum
467 2743 589 2814 ipsa
610 2743 713 2796 sibi
734 2743 1133 2798 membrorum
1159 2760 1259 2813 per
1280 2741 1767 2796 dissimilationem

122 2853 413 2909 compago
445 2853 559 2890 non
589 2842 886 2907 congruat.
915 2837 1311 2891 Admittuutur
1336 2835 1552 2907 passim
1573 2836 1645 2889 ad
1673 2852 1763 2889 or-

124 2930 333 2984 dinem
362 2947 585 2984 sacruiu
612 2932 816 3001 quibus
845 2932 1002 2984 nulla
1027 2930 1323 2999 natalium,
1355 2931 1508 2984 nulla
1538 2946 1766 2983 morum

119 3025 383 3096 dignitas
404 3024 765 3095 suffragatur,
790 3028 847 3077 et
873 3024 972 3095 qui
994 3042 1026 3078 a
1047 3024 1291 3077 dominis
1311 3023 1425 3078 suis
1445 3024 1766 3078 libertatein

118 3118 403 3189 consequi
422 3119 661 3172 minime
690 3125 1001 3189 potuerunt
1027 3118 1097 3171 ad
1120 3117 1410 3187 fastigium
1437 3117 1763 3187 sacerdotii,

1863 1905 2299 1970 consueverunt,
2324 1901 2655 1973 diligentius
2686 1907 3079 1973 amputentur.
3111 1903 3117 1909 ’

1936 1998 2025 2051 lll.
2050 1997 2158 2049 Nec
2179 1996 2284 2050 hoc
2305 2012 2534 2066 quoque
2554 1995 3022 2066 praetereundum
3043 1995 3311 2049 duximus
3332 2011 3495 2066 quos-

1868 2089 1998 2144 dam
2018 2089 2160 2143 lucri
2177 2090 2359 2161 turpis
2375 2089 2678 2159 cupiditate
2696 2093 2891 2160 captos
2904 2089 3219 2144 usurariam
3238 2105 3497 2145 exercere

1865 2183 2190 2255 pecuniam,
2211 2183 2476 2237 etfenore
2497 2183 2639 2237 velle
2662 2182 2960 2238 ditescere.
2985 2183 3146 2247 Quod
3162 2200 3266 2238 nos
3288 2199 3406 2238 non
3420 2183 3500 2237 di-

1868 2293 1988 2331 cam
2015 2276 2074 2331 in
2102 2293 2199 2331 eos
2228 2277 2325 2348 qui
2355 2282 2488 2330 sunt
2517 2276 2576 2331 in
2601 2277 2845 2331 clericali
2863 2277 3047 2331 ofﬁcio
3067 2276 3378 2345 constituti,
3401 2276 3499 2331 sed

1866 2371 1924 2424 in
1950 2370 2115 2424 laicos
2135 2370 2360 2436 cadere,
2384 2370 2483 2441 qui
2508 2370 2854 2424 Christianos
2875 2387 2933 2425 se
2956 2370 3066 2425 dici
3088 2371 3346 2442 cupiunt,
3371 2386 3501 2425 con-

1868 2463 2149 2530 dolemus,
2168 2464 2317 2534 quod
2337 2463 2605 2517 vindicari
2620 2463 2802 2518 acrius
2816 2464 2875 2519 in
2894 2481 2991 2519 eos
3013 2464 3331 2535 quifuerint
3346 2479 3497 2519 com-

1866 2557 2091 2628 probati
2118 2556 2498 2618 decernimus.
2518 2562 2582 2611 ut
2600 2558 2791 2612 omnis
2810 2557 3085 2628 peccandi
3102 2557 3499 2629 opportunitas

1868 2651 2170 2704 adimatur.

1945 2745 2026 2798 ιν.
2061 2744 2201 2798 lllud
2247 2744 2419 2798 etiam
2453 2744 2698 2799 diximus
2733 2746 3234 2815 praemonendum,
3266 2751 3327 2800 ut
3356 2746 3500 2800 sicut

1868 2854 1983 2892 non
2002 2855 2121 2906 suo,
2146 2838 2223 2892 ita
2242 2854 2347 2892 nec
2366 2838 2552 2892 alieno
2570 2838 2800 2892 nomine
2823 2840 3028 2911 aliquis
3051 2840 3387 2894 clericorum
3409 2855 3501 2893 ex-

1868 2932 2177 2987 ercendum
2214 2932 2378 2985 fenus
2413 2936 2674 2987 attentet.
2700 2932 2972 2987 Indecens
2997 2933 3151 2988 enim
3174 2938 3259 2988 est
3277 2933 3498 2988 crimen

1868 3043 2037 3080 suum
2058 3010 2368 3080 commodis
2388 3025 2587 3079 alienis
2608 3026 2961 3096 impendere.
2983 3027 3166 3082 Fenus
3180 3031 3370 3083 autem
3391 3027 3500 3082 hoc

1868 3121 2055 3174 solum
2081 3120 2350 3190 aspicere,
2390 3122 2447 3172 et
2484 3135 2747 3174 exercere
2782 3120 3078 3187 debemus,
3116 3127 3181 3177 ut
3220 3122 3373 3193 quod
3408 3121 3499 3175 hic

118 3219 408 3284 tanquam
435 3213 711 3266 servilitas
739 3212 1016 3266 honorem
1046 3211 1231 3282 capiat
1258 3211 1674 3281 provehuutur,
1714 3218 1770 3264 et
1789 3179 1843 3253 Ο
1868 3212 2308 3268 misericorditer
2334 3212 2655 3279 tribuimus,
2689 3210 2882 3284 214
2909 3231 2940 3267 a
2969 3214 3205 3269 Domino
3231 3214 3330 3285 qui
3359 3215 3504 3269 mul-

116 3307 363 3376 probari
389 3309 507 3360 Deo
524 3323 583 3359 se
604 3323 765 3377 posse
793 3305 1065 3374 creditur,
1099 3305 1197 3376 qui
1226 3305 1465 3359 Domino
1494 3322 1597 3359 suo
1628 3321 1762 3359 nec-

113 3400 259 3455 dum
286 3401 535 3471 probare
565 3416 623 3454 se
654 3400 861 3471 potuit.
894 3400 1109 3470 Duplex
1148 3400 1336 3470 itaque
1364 3399 1423 3453 in
1452 3400 1557 3453 hac
1584 3415 1685 3469 per
1711 3403 1767 3452 te

113 3503 329 3549 reatus
352 3500 457 3563 est,
492 3494 643 3564 quod
664 3501 719 3549 et
739 3510 963 3547 sacrum
992 3493 1329 3564 mysterium
1352 3493 1480 3546 talis
1501 3492 1769 3546 consortii

112 3590 352 3643 vilitate
374 3589 662 3659 polluitur,
688 3592 745 3642 et
772 3587 1134 3643 dominorum
1153 3592 1435 3658 quantum
1454 3586 1527 3639 ad
1556 3586 1768 3641 illicitze

110 3682 526 3755 usurpationis
544 3684 923 3736 temeritatem
940 3681 1192 3753 pertinet
1205 3681 1338 3751 jura
1351 3682 1669 3735 solvuntur.
1684 3681 1767 3735 Ab

108 3780 203 3833 bis
239 3780 470 3846 itaque,
494 3776 696 3830 fratres
726 3775 1064 3842 charissimi,
1087 3791 1283 3830 omnes
1310 3779 1512 3829 vestras
1540 3775 1764 3845 provin-

108 3873 217 3926 ciae
242 3871 585 3925 abstineant
608 3870 948 3938 sacerdotes,
980 3874 1172 3924 etnon
1200 3874 1421 3924 tantum
1442 3869 1512 3922 ab
1532 3869 1642 3937 his,
1667 3868 1769 3922 sed

107 3967 185 4020 ab
220 3967 352 4021 illis
382 3966 556 4019 etiam
592 3965 688 4035 qui
732 3965 803 4018 ab
836 3963 1098 4035 originali
1135 3970 1233 4019 aut
1260 3964 1431 4018 alicui
1456 3963 1769 4019 conditioni

104 4061 373 4133 obligati
402 4064 554 4127 sunt,
586 4060 843 4113 volumus
881 4059 1212 4129 temperari,
1244 4058 1354 4112 nisi
1390 4058 1538 4114 forte
1566 4076 1768 4114 eorum

101 4156 353 4226 petitio,
376 4163 477 4207 aut
494 4154 753 4208 voluntas
772 4155 1085 4221 accesserit,
1117 4153 1215 4224 qui
1237 4153 1452 4224 aliquid
1478 4153 1584 4209 sibi
1606 4154 1662 4208 in
1686 4154 1769 4208 eis

101 4252 429 4303 vindicant
458 4248 771 4319 potestatis.
802 4248 979 4302 Debet
1016 4248 1171 4302 enim
1209 4263 1328 4303 esse
1378 4248 1652 4302 immunis
1695 4249 1767 4303 ab

96 4346 237 4398 aliis
269 4343 382 4415 qui
408 4342 615 4396 divina:
643 4341 861 4395 militia:
890 4341 1062 4396 fuerit
1080 4342 1505 4413 aggregandus,
1534 4348 1598 4397 ut
1625 4359 1658 4396 a
1684 4359 1768 4396 ca-

100 4440 245 4492 stris
283 4436 606 4491 Uominicis
647 4437 851 4507 quibus
876 4452 1090 4491 nomen
1117 4438 1240 4508 ejus
1267 4436 1568 4491 ascribitur
1600 4437 1769 4491 nullis

96 4531 489 4587 necessitatis
509 4530 745 4584 vinculis
768 4530 1145 4586 abstrahatur.

1869 3306 2158 3377 tipliciter,
2188 3312 2244 3360 et
2267 3306 2325 3359 in
2354 3312 2693 3377 perpetuum
2725 3322 2996 3361 mensura
3027 3308 3323 3377 retribuet,
3351 3308 3499 3361 reci-

1871 3416 2006 3470 pere
2032 3400 2338 3453 valeamus.

1939 3494 2003 3547 V.
2024 3494 2139 3547 Hoc
2164 3492 2360 3563 itaque
2385 3491 2695 3547 admonitio
2718 3498 2915 3548 nostra
2936 3494 3253 3561 denuntiat,
3276 3495 3429 3567 quod
3454 3495 3499 3549 si

1868 3587 1995 3658 quis
2011 3587 2254 3641 fratrum
2271 3590 2471 3641 contra
2487 3586 2610 3640 haec
2627 3576 2931 3642 constituta
2944 3588 3180 3653 venerit,
3202 3589 3289 3642 vel
3307 3589 3499 3644 venire

1870 3680 2190 3749 tentaverit,
2218 3685 2275 3735 et
2292 3680 2584 3751 prohibita
2612 3680 2783 3734 fuerit
2799 3697 2968 3735 ausus
2994 3680 3315 3750 admittere,
3340 3699 3374 3737 a
3395 3699 3498 3738 suo

1872 3791 1929 3828 se
1960 3774 2176 3829 noverit
2205 3774 2391 3829 ofﬁcio
2422 3774 2897 3845 submovendum,
2935 3792 3039 3831 nec
3078 3776 3496 3831 communionis

1870 3874 2077 3923 nostra:
2097 3869 2354 3923 futurum
2375 3884 2493 3923 esse
2513 3871 2832 3923 consortem
2854 3868 2951 3940 qui
2973 3868 3154 3923 socius
3174 3885 3296 3923 esse
3314 3870 3501 3925 noluit

1871 3962 2197 4033 disciplinae.
2233 3963 2310 4016 Ne
2339 3961 2480 4033 quid
2507 3978 2639 4016 vero
2681 3961 2753 4016 sit
2782 3961 2936 4033 quod
2974 3963 3422 4033 praetermissum
3467 3982 3500 4016 ει

1873 4056 2037 4111 nobis
2056 4056 2203 4111 forte
2222 4054 2508 4123 credatur,
2529 4054 2723 4110 omnia
2744 4055 3042 4110 decretalia
3061 4057 3367 4112 constituta
3385 4062 3500 4112 tam

1868 4151 2053 4205 beatas
2074 4149 2479 4204 recordationis
2502 4148 3012 4221 Innocentiiquam
3031 4150 3295 4205 omnium
3314 4151 3502 4206 deces-

1872 4260 2068 4299 surum
2097 4247 2424 4299 nostrorum
2453 4259 2581 4314 quae
2611 4243 2681 4298 de
2707 4242 3094 4298 ecclesiasticis
3126 4244 3502 4300 ordinationi-

1869 4339 1976 4393 bus
2004 4355 2291 4393 canonum
2319 4337 2581 4392 ordinata
2623 4340 2756 4392 sunt
2789 4337 3121 4409 disciplinis,
3153 4338 3235 4393 ita
3257 4344 3499 4393 vestram

1869 4433 2229 4488 dilectionem
2260 4432 2542 4487 custodire
2570 4431 2779 4487 debere
2814 4431 3175 4499 mandamus,
3209 4435 3269 4485 ut
3300 4432 3347 4486 si
3372 4433 3502 4502 quis

1788 4559 1848 4632 D
1872 4526 1967 4582 illa
1987 4525 2412 4597 contempserit,
2432 4525 2665 4579 veniam
2685 4525 2790 4578 sibi
2810 4524 3078 4595 deinceps
3092 4524 3316 4579 noverit
3330 4524 3497 4580 dene-

179 4629 255 4681 ιι.
294 4626 496 4689 Qualis
523 4641 657 4679 vero
680 4642 812 4679 cum
841 4626 1142 4697 unicuique
1166 4626 1479 4682 constiterit
1496 4626 1770 4682 natalium
1788 4617 1843 4632 ’⁷
1871 4621 2014 4693 gari.
2034 4618 2479 4676 Datasextoldus
2495 4618 2771 4687 Octobris,
2788 4617 3033 4673 Maximo
3052 4634 3186 4672 vero
3210 4623 3267 4672 et
3280 4617 3499 4672 Paterio

93 4722 428 4788 honestas,
464 4723 520 4773 et
543 4737 769 4774 morum
800 4737 920 4774 esse
947 4721 1149 4775 debeat
1173 4721 1315 4775 sacri
1345 4722 1538 4777 altaris
1561 4727 1768 4793 myste-

94 4817 193 4871 rio
229 4814 574 4881 soeiandus,
616 4820 672 4868 et
713 4815 983 4885 Apostolo
1028 4831 1133 4869 nos
1174 4815 1432 4883 docente,
1480 4822 1538 4871 et
1583 4817 1772 4871 divina

88 4910 521 4983 praeceptione
542 4908 860 4977 didicimus,
879 4915 936 4963 et
956 4926 1238 4964 canonum
1261 4910 1494 4981 regulis,
1512 4929 1545 4964 a
1566 4910 1771 4982 quibus

86 5010 444 5076 plerosque
462 5002 697 5056 fratrum
726 5004 1135 5072 declinasse,et
1160 5005 1385 5075 penitus
1410 5004 1661 5058 deviasse
1689 5020 1772 5058 re-

86 5100 415 5172 perimus.
465 5098 605 5150 Nam
647 5101 867 5151 constat
912 5098 982 5151 ad
1028 5098 1405 5153 sacerdotium
1445 5098 1771 5170 pervenisse

89 5198 438 5249 viduarum
479 5191 736 5259 maritos,
781 5191 1057 5262 quosdam
1102 5194 1275 5247 etiam
1321 5193 1528 5263 quibus
1558 5191 1773 5246 fuerint

88 5301 449 5344 numerosa
476 5286 765 5356 coniugia,
793 5292 850 5340 et
878 5304 1007 5340 cum
1038 5286 1195 5341 omni
1226 5287 1454 5341 licentia
1481 5287 1609 5341 vita!
1636 5286 1774 5339 libe-

86 5384 328 5449 rioris,
362 5380 434 5433 ad
463 5397 688 5434 sacrum
726 5380 988 5434 ordinem
1019 5381 1232 5451 passim
1268 5380 1568 5453 patefactis
1596 5380 1770 5436 obici-

81 5482 216 5535 bus
247 5473 446 5530 fuisse
478 5474 801 5545 permissos,
824 5479 1019 5530 contra
1038 5475 1198 5529 illam
1219 5476 1372 5529 beati
1399 5475 1656 5546 Apostoﬁ
1676 5490 1774 5528 vo-

84 5588 241 5629 cem
290 5584 417 5639 qua
446 5568 651 5622 talibus
693 5570 995 5637 exclamat,
1037 5570 1267 5625 dicens:
1302 5568 1535 5623 «Unius
1584 5567 1776 5623 uxoris

82 5672 356 5729 virum,
388 5683 412 5708 υ
441 5668 638 5717 contra
666 5663 806 5717 illud
836 5664 1083 5736 antiquae
1110 5664 1256 5735 legis
1284 5669 1634 5735 praeceptum
1660 5677 1775 5734 quo

81 5763 359 5821 dicitur
372 5764 428 5812 et
450 5763 681 5812 cavetur
710 5774 722 5812 :
759 5776 785 5808 α
814 5758 1092 5814 Sacerdos
1122 5759 1405 5830 virginem
1425 5773 1665 5813 uxorem
1685 5772 1775 5811 ac-

81 5859 343 5932 .-ipiat,
388 5870 499 5906 non
538 5854 786 5920 viduam,
833 5872 947 5909 non
982 5856 1335 5927 repudiatam
1371 5856 1652 5919 (Lev.xx1,
1695 5853 1776 5919 13,

559 5959 823 6020 l‘A’I‘HOI..
876 5955 1101 6018 CXXX.

1871 4716 2005 4769 viris
2030 4713 2353 4769 clarissimis
2378 4711 2724 4767 consulibus.
2812 4750 2823 4755 -

1987 4810 2111 4864 LIX.
2152 4838 2219 4847 -—-
2244 4808 2339 4862 Ad
2362 4809 2608 4863 Niceta-m
2634 4806 2937 4875 episcopum
2962 4806 3377 4874 Aquileiensem.

1944 4904 2053 4957 Leo
2081 4904 2291 4957 Nics'rie
2313 4901 2576 4973 episcopo
2607 4897 2976 4970 Aquileiensi.

1944 4999 2251 5068 Regressus
2283 4995 2357 5050 ad
2382 5011 2487 5049 nos
2516 4993 2661 5047 filius
2689 5008 2854 5047 meus
2877 4992 3198 5047 Adeodatus
3228 4994 3499 5050 diaconus

1873 5092 2021 5148 sedis
2048 5096 2259 5146 nostra:
2285 5087 2648 5143 dilectionem
2681 5090 2839 5140 tuam
2863 5086 3186 5158 poposcisse
3213 5103 3497 5143 memora-

1873 5187 1972 5254 vit,
2005 5189 2067 5240 ut
2091 5185 2158 5239 de
2186 5184 2274 5238 his
2314 5200 2346 5237 a
2380 5182 2541 5237 nobis
2565 5180 2964 5236 auctoritatem
2991 5181 3313 5251 apostolicae
3341 5180 3504 5255 Sedis

1875 5281 2177 5352 acciperes,
2206 5294 2336 5350 qua:
2366 5276 2598 5347 quidem
2624 5291 2896 5347 magnam
2927 5274 3321 5330 difﬁcultatem
3348 5273 3497 5344 diju-

1874 5374 2148 5430 dicatonis
2177 5371 2444 5427 videntur
2466 5369 2689 5438 afferre,
2722 5368 2821 5424 'sed
2850 5385 2955 5440 pro
2994 5366 3339 5440 inspectione
3365 5372 3502 5421 tem~

1875 5468 2157 5540 poralium
2197 5464 2593 5521 necessitatum
2633 5462 2957 5518 adhibenda
2996 5460 3212 5516 curatio
3260 5465 3381 5529 est,
3440 5464 3501 5512 ut

1874 5564 2113 5618 vulnera
2153 5577 2281 5632 qua:
2308 5558 2638 5615 hostilitatis
2668 5556 3003 5612 adversitate
3040 5555 3192 5609 illata
3219 5556 3352 5608 sunt
3378 5552 3507 5608 reli-

1878 5656 2065 5729 gionis
2090 5654 2338 5710 maxime
2366 5653 2586 5709 ratione
2612 5648 2906 5706 sanentur.
2935 5651 3075 5705 Cum
3096 5663 3234 5718 ergo
3264 5663 3367 5719 per
3385 5646 3498 5703 bel.

1877 5751 2043 5806 licam
2072 5750 2313 5820 cladem,
2343 5754 2400 5804 et
2432 5761 2537 5819 per
2570 5742 2935 5817 gravissimos
2959 5740 3288 5797 hostilitatis
3311 5742 3502 5795 incur-

1881 5864 1993 5911 sus,
2023 5845 2095 5899 ita
2121 5844 2381 5915 quaedam
2412 5840 2608 5894 dicatis
2628 5837 2807 5891 divisa
2827 5849 2950 5891 esse
2971 5833 3231 5905 conjugia
3257 5838 3317 5889 ut
3332 5833 3509 5894 abdn.

2959 5937 3037 5996 28
