4026 6182
568 327 667 377 8H7

1465 311 1745 367 APPICND.
1790 309 1873 363 AD
1913 309 2071 363 SACC.
2114 306 2201 362 IX.
2235 335 2302 344 -
2341 301 2585 359 lSlDORI
2623 297 3047 356 MERCATORJS
3756 298 3832 349 868

565 432 666 484 ctis
688 429 744 482 in
762 424 1141 496 captivitatem
1155 422 1288 476 viris
1319 422 1545 475 feminas
1569 435 1769 472 eorum
1784 416 2186 481 remanserint,
2211 428 2272 497 Α
2295 412 2483 466 lentiae
2528 408 2863 475 remedium,
2915 396 2971 460 et
3004 420 3108 476 per
3135 401 3543 473 impositionem
3565 400 3834 471 episcopalis

567 521 870 585 destitutas,
892 533 1020 589 qua:
1048 517 1196 570 viros
1221 514 1483 586 proprios
1503 516 1601 566 aut
1627 512 2004 580 interemptos
2028 514 2188 579 puta-

568 616 699 681 rint,
729 618 827 667 aut
860 626 1157 681 nunquam
1187 626 1218 663 a
1264 607 1649 663 dominatione
1679 603 2023 658 crediderint
2050 602 2191 655 libe-

568 707 799 772 randos,
838 707 893 758 et
931 703 1004 757 ad
1041 703 1281 757 aliorum
1324 700 1655 770 conjugium
1687 695 2063 751 sollicitudine
2099 711 2191 749 co-

569 805 739 871 gente
785 796 1129 863 transierint,
1177 810 1419 865 cumque
1459 810 1610 846 nunc
1641 795 1787 845 statu
1818 805 2008 843 rerum
2040 787 2192 841 auxi-

570 894 740 947 liante
770 890 1008 945 Domino
1041 890 1098 943 in
1126 889 1364 943 meliora
1389 902 1683 953 converso,
1711 882 1975 938 nonnulli
1996 897 2194 935 eorum

571 986 668 1058 qui
702 984 1051 1056 putabantur
1080 982 1311 1053 periisse
1341 979 1740 1044 remeaverint,
1775 977 1978 1031 merito
2009 975 2194 1029 chari-

572 1086 655 1133 tas
682 1084 778 1133 tua
815 1078 1032 1131 videtur
1070 1075 1363 1145 ambigere
1395 1074 1530 1144 quid
1578 1072 1647 1126 de
1693 1069 2029 1125 mulieribus
2072 1085 2199 1139 quae

575 1174 700 1227 aliis
717 1172 935 1242 juncta:
964 1172 1098 1222 sunt
1122 1168 1275 1235 viris,
1306 1185 1336 1221 a
1361 1167 1529 1221 nobis
1556 1165 1760 1219 debeat
1787 1162 2056 1218 ordinari.
2092 1161 2201 1216 Sed

576 1266 708 1337 quia
739 1265 1000 1318 novimus
1024 1263 1317 1333 scriptum,
1346 1260 1502 1332 quod
1526 1277 1559 1313 a
1581 1260 1695 1313 Deo
1711 1257 1976 1327 jungitur
1996 1254 2203 1309 mulier

576 1361 715 1425 viro,
750 1363 809 1412 et
832 1358 1040 1412 iterum
1084 1358 1432 1427 prteceptum
1475 1352 1829 1423 agnovimus,
1875 1352 1936 1403 ut
1978 1368 2004 1399 ι(
2051 1347 2203 1419 quod

582 1455 730 1507 Deus
762 1451 970 1522 junxit,
1010 1451 1179 1504 homo
1223 1465 1337 1504 non
1371 1451 1595 1518 separet
1630 1445 1849 1515 (Matth.
1901 1459 2015 1512 XIX,
2055 1443 2128 1512 6),
2174 1464 2199 1490 ››

580 1563 809 1602 necesse
839 1550 923 1599 est
951 1549 1013 1599 ut
1038 1544 1423 1614 legitimarum
1450 1540 1666 1595 fmdera
1693 1537 2027 1608 nuptiarum
2052 1536 2203 1590 rein-

582 1639 856 1712 tegranda
891 1638 1207 1705 credamus,
1237 1641 1293 1691 et
1322 1633 1555 1689 remotis
1581 1633 1741 1687 malis
1769 1648 1893 1702 quae
1930 1630 2209 1685 hostilitas

583 1735 795 1802 intulit,
825 1732 1130 1802 unicuique
1168 1731 1276 1785 hoc
1300 1728 1455 1801 quod
1490 1727 1745 1797 legitime
1776 1725 1994 1793 habuit,
2029 1723 2206 1777 refor-

2291 521 2516 573 manus,
2548 500 2965 558 communionis
3002 496 3280 568 recipiant
3314 495 3595 561 unitatem,
3624 495 3839 564 temporis

2292 596 2659 672 paenitudinis
2680 595 2873 650 habita
2894 590 3292 647 moderatione
3313 593 3410 642 tuo
3431 586 3757 641 constituente
3768 588 3855 658 jug

2294 694 2458 759 dicio,
2506 695 2677 763 prout
2715 702 3115 743 conversorum
3159 683 3378 737 animos
3410 680 3727 753 perspexeris
3752 696 3843 733 esse

2297 788 2548 853 devotos,
2594 783 2802 855 pariter
2842 781 3017 835 etiam
3054 777 3271 833 habens
3308 774 3494 831 senilis
3523 773 3681 828 astatis
3720 774 3844 826 intui-

2299 884 2440 948 tum,
2492 885 2549 933 et
2581 874 2967 948 periculorum
3016 884 3375 944 quorumque
3419 870 3513 922 aut
3562 865 3844 935 mgritudinis

2299 973 2602 1044 respiciens
2631 968 3008 1033 necessitates,
3038 966 3097 1019 in
3121 963 3327 1036 quibus
3351 962 3398 1015 si
3424 959 3542 1031 quis
3567 959 3635 1012 ita
3658 959 3845 1028 graviter

2299 1075 2590 1142 urgeatur,
2638 1073 2702 1122 ut
2745 1067 2880 1121 dum
2928 1064 3114 1119 adhuc
3154 1061 3393 1134 pcenitet
3435 1060 3502 1114 de
3541 1058 3697 1110 salute
3718 1056 3845 1126 ipsius

2303 1166 2649 1236 desperetur,
2690 1163 2912 1233 oportet
2949 1159 2998 1212 ei
3030 1174 3131 1228 per
3156 1154 3555 1209 sacerdotalem
3584 1149 3844 1204 sollicitudi-

2302 1275 2435 1313 nem
2481 1254 2898 1311 communionis
2951 1250 3129 1323 gratia
3185 1246 3491 1302 subveniri.
3535 1245 3660 1297 Nam
3697 1242 3743 1295 hi
3780 1242 3845 1311 qui

2303 1351 2648 1423 baptismum
2674 1349 2744 1402 ab
2782 1345 3067 1400 haereticis
3112 1345 3456 1412 acceperunt
3495 1354 3616 1392 cum
3650 1334 3849 1406 baptizati

2306 1448 2475 1500 antea
2504 1460 2619 1497 non
2658 1441 2915 1508 fuissent,
2948 1439 3066 1492 sola
3100 1435 3456 1491 invocatione
3488 1430 3704 1502 Spiritus
3729 1427 3849 1480 sancti

2306 1555 2409 1610 per
2442 1535 2862 1608 impositionem
2900 1546 3175 1586 manuum
3215 1524 3588 1583 confirmandi
3612 1526 3737 1587 sunt,
3757 1521 3850 1591 quia

2306 1634 2550 1687 formam
2574 1634 2795 1684 tantum
2821 1625 3087 1697 baptismi
3107 1624 3228 1678 sine
3252 1616 3686 1677 sanctiﬁcationis
3704 1615 3849 1667 virtute

2308 1740 2617 1796 sumpsere.
2668 1724 2731 1777 Et
2778 1723 2921 1775 hanc
2968 1719 3220 1789 regulam
3272 1719 3333 1770 ut
3383 1713 3562 1768 sciatis
3598 1707 3851 1765 servandam

584 1833 788 1883 metur.
821 1825 1104 1896 Omnique
1129 1824 1314 1879 studio
1342 1820 1763 1893 procurandum
1785 1824 1868 1873 est
1890 1821 1951 1871 ut
1974 1817 2211 1887 recipiat
2230 1810 2286 1880 B
2311 1818 2575 1875 omnibus
2610 1814 2858 1871 ecclesiis
2894 1812 3291 1884 praedicamus,
3332 1820 3396 1863 ut
3434 1808 3697 1859 lavacrum
3730 1800 3851 1854 semel

583 1921 977 1991 unusquisque
997 1918 1149 1989 quod
1164 1917 1460 1989 proprium
1486 1919 1586 1969 est.
1611 1915 1723 1967 Nec
1740 1918 1934 1967 tamen
1961 1910 2210 1981 culpabi-

586 2016 654 2069 lis
674 2014 983 2084 judicetur,
1017 2014 1075 2066 et
1103 2014 1377 2082 tanquam
1417 2008 1586 2062 alieni
1611 2007 1757 2077 juris
1787 2021 2069 2076 pervasor,
2117 2003 2213 2074 qui

586 2123 892 2181 personam
919 2106 1042 2176 ejus
1058 2104 1247 2158 mariti
1268 2103 1365 2175 qui
1380 2103 1501 2171 jam
1524 2118 1638 2155 non
1662 2116 1781 2154 esse
1802 2098 2211 2162 aestimabatur,

588 2201 912 2271 assumpsit.
945 2199 1030 2253 Sic
1061 2198 1213 2252 enim
1244 2197 1425 2251 multa
1446 2211 1572 2266 quas
1600 2194 1673 2247 ad
1700 2210 1795 2247 eos
1821 2192 1919 2263 qui
1945 2192 2003 2245 in
2035 2190 2211 2260 capti-

587 2296 820 2349 vitatem
879 2292 1029 2347 ducti
1084 2295 1235 2357 sunt,
1282 2288 1665 2362 pertinebant,
1716 2287 1777 2340 in
1814 2285 1908 2356 jus
1966 2284 2215 2338 alienum

591 2388 827 2442 transire
858 2388 1186 2457 potuerunt,
1214 2387 1271 2438 et
1300 2388 1489 2438 tamen
1518 2382 1750 2452 plenum
1762 2378 1998 2450 justitiae
2025 2380 2128 2443 est,
2151 2380 2217 2430 ut

592 2482 790 2536 iisdem
830 2479 1066 2534 reversis
1116 2477 1346 2549 propria
1392 2477 1792 2530 reformentur.
1845 2471 2006 2535 Quod
2055 2471 2101 2524 si
2157 2470 2216 2524 in

591 2574 887 2644 mancipiis
915 2573 1001 2627 vel
1027 2572 1085 2625 in
1115 2571 1287 2642 agris,
1320 2574 1416 2624 aut
1442 2569 1614 2623 etiam
1640 2568 1700 2621 in
1724 2565 1987 2621 domibus
2007 2581 2070 2618 ac
2096 2580 2218 2634 pos-

592 2667 932 2722 sessionibus
958 2666 1063 2720 rite
1093 2667 1367 2731 servatur,
1411 2668 1623 2733 quanto
1646 2661 1828 2730 magis
1848 2659 1906 2712 in
1924 2657 2217 2728 conjugio-

596 2779 723 2817 rum
760 2759 1202 2830 reintegratione
1239 2755 1569 2811 faciendum
1606 2759 1706 2823 est,
1754 2752 1994 2824 utquod
2020 2751 2220 2805 bellica

596 2855 927 2910 necessitate
959 2852 1247 2905 turbatum
1275 2854 1361 2904 est
1385 2849 1537 2920 pacis
1563 2846 1814 2902 remedio
1838 2845 2178 2899 reformatur
2194 2845 2221 2898 ?

596 2951 662 3003 Et
686 2948 818 3003 ideo
848 2946 894 3000 si
926 2945 1025 3017 qui
1052 2950 1177 3015 post
1201 2945 1434 3014 longam
1468 2941 1850 3012 captivitatem
1878 2939 2111 3004 reversi,
2144 2939 2221 2993 ita

596 3043 655 3096 in
676 3040 976 3096 dilectione
1007 3055 1241 3093 suarum
1276 3037 1583 3107 conjugum
1613 3038 2000 3107 perseverant,
2034 3037 2101 3088 ut
2129 3049 2223 3087 eas

597 3135 830 3207 cupiant
868 3134 929 3188 in
973 3149 1139 3187 suum
1186 3131 1367 3186 redire
1418 3129 1784 3196 consortium,
1840 3127 2221 3182 omittendum

597 3234 681 3284 est
699 3234 754 3284 et
771 3227 1113 3299 inculpabile
1124 3225 1500 3296 judicandum
1520 3223 1668 3294 quod
1691 3222 1995 3277 necessitas
2011 3222 2219 3287 intulit,

594 3330 651 3379 et
681 3320 1097 3378 restituendum
1129 3319 1279 3391 quod
1309 3318 1449 3372 ﬁdes
1477 3316 1676 3388 poscit.
1710 3317 1766 3371 Si
1794 3318 1988 3371 autem
2018 3315 2223 3387 aliquae

600 3417 864 3471 mulieres
888 3416 969 3470 ita
995 3413 1372 3486 posteriorum
1396 3411 1646 3465 virorum
1674 3427 1868 3464 amore
1888 3413 2021 3464 sunt
2045 3411 2225 3480 captae

602 3515 663 3565 ut
700 3509 907 3564 malint
938 3508 1023 3561 his
1052 3507 1358 3571 cohaerere,
1391 3522 1566 3576 quam
1599 3504 1657 3558 in
1690 3504 2008 3575 legitimum
2042 3502 2225 3557 redire

601 3603 970 3668 consortium,
1017 3600 1220 3654 merito
1263 3604 1393 3653 sunt
1427 3598 1710 3665 notandus,
1743 3599 1817 3651 ita
1851 3602 1907 3651 ut
1936 3597 2107 3651 etiam
2134 3612 2226 3650 ec-

602 3696 910 3753 clesiastica
938 3694 1339 3749 communione
1372 3692 1684 3763 priventur,
1717 3691 1849 3762 quia
1879 3690 2232 3745 inexcusabi-

605 3792 736 3857 liter
750 3788 1295 3845 contaminationem
1319 3785 1575 3841 criminis
1592 3787 1908 3856 elegerunt,
1929 3784 2233 3839 ostenden-

606 3893 692 3941 tes
735 3883 962 3939 sibimet
1010 3898 1112 3953 pro
1158 3898 1258 3936 sua
1302 3879 1718 3935 incontinentia
1764 3878 2035 3949 placuisse
2078 3877 2233 3949 quod

598 3982 755 4052 justa
780 3976 1035 4033 remissio
1062 3976 1249 4047 potuit
1272 3975 1515 4045 expiare.
1552 3972 1805 4028 Redeant
1825 3988 1963 4042 ergo
1982 3973 2041 4027 in
2068 3988 2235 4026 suum

608 4078 813 4129 statum
865 4069 1182 4126 voluntaria
1228 4068 1673 4138 reintegratione
1721 4066 2002 4137 eonjugia,
2048 4081 2235 4137 neque

610 4168 722 4222 ullo
741 4166 908 4221 modo
939 4164 1009 4218 ad
1041 4161 1416 4234 opprobrium
1439 4161 1606 4215 malae
1627 4160 1933 4214 voluntatis
1956 4158 2235 4226 trahatur,

611 4260 764 4332 quod
784 4257 1031 4314 conditio
1051 4255 1393 4309 necessitatis
1414 4254 1661 4322 extorsit,
1685 4253 1819 4323 quia
1841 4252 1983 4306 sicut
2005 4253 2094 4307 hae
2118 4269 2239 4308 mu-

612 4354 782 4408 lieres
807 4366 933 4422 qute
963 4347 1164 4403 reverti
1184 4348 1254 4401 ad
1273 4346 1422 4401 viros
1445 4362 1574 4400 suos
1594 4346 1796 4399 nolunt
1812 4343 2004 4417 impiae
2025 4346 2235 4400 haben-

617 4447 705 4502 dae
740 4450 889 4515 sunt,
936 4444 1012 4497 ita
1055 4442 1165 4496 illae
1210 4456 1340 4512 quae
1381 4440 1441 4494 in
1476 4439 1745 4493 affectum
1791 4439 2000 4494 initum
2027 4456 2091 4495 ex
2128 4443 2240 4495 Deo

2310 1912 2514 1968 initum
2550 1911 2704 1965 nulla
2734 1907 3036 1963 iteratione
3068 1905 3327 1971 violetur,
3373 1901 3589 1955 dicente
3619 1894 3849 1967 Apostolo:

2316 2027 2343 2057 (ι
2376 2007 2528 2060 Unus
2554 2002 2845 2068 Dominus,
2868 2016 2983 2054 una
3011 1999 3173 2061 fides,
3204 2012 3393 2050 unum
3419 1992 3678 2064 baptisma
3702 1987 3851 2056 (Ephes.

2313 2117 2388 2165 1v,
2412 2102 2483 2169 ὕ),
2511 2119 2538 2145 n
2574 2097 2734 2167 cujus
2760 2094 2974 2149 ablutio
3012 2093 3162 2146 nulla
3203 2088 3509 2144 iteratione
3538 2081 3765 2139 tentanda
3787 2085 3854 2143 est,

2314 2193 2433 2262 sed,
2464 2194 2526 2245 ut
2553 2190 2820 2257 diximus,
2848 2188 2967 2243 sola
2992 2183 3364 2241 sanctificatio
3386 2179 3561 2236 sancti
3580 2175 3781 2248 Spiritus
3798 2173 3856 2225 in-

2314 2286 2565 2341 vocanda
2595 2287 2697 2351 est,
2726 2286 2790 2336 ut
2810 2280 2965 2353 quod
2983 2280 3052 2333 ab
3073 2276 3360 2333 haereticis
3383 2290 3549 2330 nemo
3566 2268 3753 2340 accipit,
3768 2282 3861 2321 aca-

2317 2379 2534 2435 tholicis
2565 2376 2950 2432 sacerdotibus
2976 2373 3379 2442 consequatur.
3424 2370 3568 2423 Hanc
3597 2366 3755 2418 autem
3778 2357 3860 2429 epi-

2318 2474 2521 2528 stolam
2545 2474 2799 2526 nostram
2825 2484 3002 2540 quam
3021 2467 3091 2522 ad
3112 2462 3579 2519 consultationem
3597 2462 3696 2512 tua:
3716 2455 3862 2508 frater-

2319 2566 2512 2622 nitatis
2541 2564 2853 2631 emisimus,
2888 2562 2961 2617 ad
2993 2576 3195 2615 omnes
3224 2558 3431 2612 fratres
3456 2545 3864 2623 comprovinciales

2319 2662 2612 2733 episcopos
2635 2657 2806 2713 facies
2843 2654 3160 2728 pervenire,
3191 2657 3257 2706 ut
3285 2650 3545 2706 omnium
3581 2640 3867 2700 observantia

2321 2755 2451 2811 data
2478 2753 2654 2825 prosit
2678 2750 3007 2806 auctoritas.

2434 2849 2537 2902 LX.
2566 2877 2635 2888 —
2662 2846 2753 2902 Ad
2776 2845 3056 2900 Iulianum
3082 2843 3393 2911 episcopum
3418 2836 3790 2908 Aquileiensem.

2393 2944 2504 2997 Leo
2534 2941 2832 3013 episcopus
2850 2941 3081 2993 JULIANO
3111 2935 3379 3005 episcopo
3407 2926 3743 3002 Aquileiensi.

2393 3036 2571 3092 Lectis
2612 3032 2983 3089 fraternitatis
3012 3034 3126 3085 tuae
3155 3027 3361 3082 litteris
3394 3026 3635 3097 vigorem
3664 3016 3770 3073 ﬁdei
3796 3018 3871 3067 tua?

2323 3147 2497 3202 quem
2521 3128 2655 3183 olim
2686 3141 3046 3193 noveramus,
3079 3121 3445 3194 agnovimus,
3474 3111 3869 3187 congratulantes.

2244 3180 2298 3254 Ο
2325 3180 2477 3296 quod
2496 3221 2568 3275 ad
2590 3220 2903 3275 custodiam
2922 3180 3164 3289 gregum
3180 3214 3391 3270 Christi
3410 3180 3723 3285 pastoralem
3736 3213 3873 3257 curam

2325 3316 2626 3388 vigilanter
2656 3311 2998 3384 exsequeris,
3032 3327 3103 3365 ne
3135 3307 3253 3381 lupi
3287 3308 3390 3378 qui
3421 3306 3522 3359 sub
3557 3301 3717 3373 specie
3737 3293 3873 3350 ovium

2326 3410 2649 3466 subintrant
2672 3406 2890 3462 bestiali
2918 3404 3127 3459 saevitia
3153 3401 3450 3472 simplices
3473 3411 3709 3470 quosque
3734 3390 3874 3444 dilace

2328 3508 2477 3573 rent,
2506 3508 2562 3557 et
2588 3518 2705 3556 non
2733 3501 2914 3555 solum
2946 3498 3056 3570 ipsi
3084 3495 3240 3551 nulla
3268 3493 3611 3550 correctione
3634 3482 3871 3559 proﬁciant,

2331 3599 2426 3653 sed
2457 3597 2627 3651 etiam
2662 3612 2727 3650 ea
2765 3610 2894 3665 quae
2937 3595 3071 3645 sunt
3105 3606 3239 3643 sana
3271 3585 3657 3657 corrumpant.
3685 3574 3809 3642 Quod
3830 3584 3875 3623 ne

2331 3692 2559 3762 viperea
2602 3687 2779 3760 possit
2823 3686 3082 3741 obtinere
3119 3681 3364 3749 fallacia,
3403 3677 3741 3735 dilectionem
3769 3672 3874 3721 tuam

2333 3785 2597 3840 duximus
2626 3780 3132 3846 commonendam,
3163 3776 3521 3829 insinuantes
3549 3770 3614 3824 ad
3638 3766 3801 3822 animai
3820 3772 3879 3828 pe-
3966 3762 3967 3829 l

2332 3879 2576 3934 riculum
2602 3876 2910 3947 pertinere,
2940 3873 2987 3927 si
3007 3871 3306 3943 quisquam
3331 3868 3403 3923 de
3430 3867 3518 3919 his
3542 3862 3634 3936 qui
3658 3878 3685 3914 ει
3706 3850 3877 3913 nobisin

2336 3970 2734 4027 haereticorum
2763 3971 2973 4023 sectam
2994 3965 3277 4035 delapsus,
3308 3967 3366 4016 et
3394 3978 3454 4014 se
3482 3965 3743 4025 utcunque
3760 3951 3881 4002 hair?
3966 3944 3967 3957 ¹

2336 4067 2459 4120 ῐὶρω
2515 4061 2938 4119 communionis
2990 4057 3332 4128 contagione
3390 4050 3693 4115 macularit,
3741 4036 3879 4108 κείρὶ·

2336 4176 2494 4215 scens
2517 4158 2575 4212 in
2613 4155 3015 4212 communione
3041 4150 3320 4207 catholica
3352 4149 3475 4203 sine
3502 4140 3809 4218 promotione
3829 4132 3878 4183 leo
3966 4190 3967 4197 η

2341 4253 2553 4326 gitima:
2586 4248 2979 4306 satisfactionis
3005 4246 3305 4301 habeatur.
3340 4237 3757 4299 Saluberrimum
3777 4226 3879 4326 enini

2341 4320 2397 4403 et
2423 4345 2697 4418 spirituali
2731 4342 3027 4398 medicinae
3066 4340 3307 4395 utilitate
3356 4333 3713 4408 plenissimum
3741 4320 3883 4418 esse

2341 4443 2455 4496 sive
2486 4437 2822 4512 presbyteri,
2864 4436 2978 4491 sive
3008 4433 3247 4500 diaconi,
3288 4436 3389 4485 aut
3425 4424 3710 4499 cujuslibet
3734 4413 3883 4473 ordinIs

616 4542 853 4597 redeunt
881 4537 1085 4593 merito
1113 4539 1246 4590 sunt
1265 4533 1563 4589 laudanda:
1576 4533 1816 4604 judicio.
1843 4534 1919 4589 De
1942 4535 2028 4588 his
2050 4540 2241 4589 autem
2263 4559 2321 4632 D
2344 4533 2551 4603 clerici,
2577 4532 2675 4604 qui
2693 4548 2750 4586 se
2765 4534 3048 4586 correctos
3067 4526 3242 4582 videri
3264 4526 3481 4592 volunt,
3501 4526 3663 4591 atque
3679 4513 3740 4568 ad
3755 4507 3886 4563 catho-

1135 4630 1141 4632 _
1636 4627 1664 4632 .-
1806 4628 1821 4632 -
2200 4628 2208 4632 _
2345 4628 2379 4632 ,Α
2552 4628 2575 4632 --
2602 4627 2616 4632 -
2997 4623 3007 4632 .
3186 4621 3195 4630 .
3220 4620 3235 4632 ι
3480 4616 3491 4627 ο
3578 4616 3672 4632 ,-__A
3725 4610 3880 4632 “nullm

618 4633 948 4691 Christianis
990 4632 1086 4703 qui
1130 4630 1282 4684 inter
1325 4646 1421 4681 eos
1472 4645 1505 4679 a
1552 4627 1756 4698 quibus
1798 4628 2026 4683 fuerant
2068 4628 2240 4699 capti-

621 4730 728 4784 vati
767 4724 1140 4782 inimolatitiis
1178 4723 1314 4777 cibis
1342 4726 1674 4775 asseruntur
1698 4721 1924 4793 polluti,
1957 4722 2243 4776 consulta-

624 4820 761 4877 tioni
791 4819 1080 4875 charitatis
1117 4821 1225 4870 tua:
1260 4817 1364 4869 hoc
1410 4814 1582 4869 etiam
1625 4814 2089 4884 respondendnm
2127 4830 2248 4870 esse

624 4915 905 4970 credimus
959 4917 1019 4966 ut
1074 4909 1415 4982 pcenitentiie
1470 4908 1851 4962 satisfactione
1907 4911 2244 4979 purgentur.

626 5012 761 5075 Quae
806 5026 919 5063 non
962 5012 1081 5061 tam
1130 5004 1401 5075 temporis
1449 5002 1803 5073 longitudine
1847 5019 2019 5073 quam
2061 5002 2249 5057 cordis

624 5102 1061 5175 compunctione
1090 5098 1367 5171 pensanda
1393 5101 1493 5162 est,
1516 5099 1573 5150 et
1592 5096 1704 5150 sive
1729 5096 1835 5150 hoc
1858 5099 2041 5150 terror
2060 5101 2247 5151 extor-

625 5199 778 5265 serit,
810 5197 923 5251 sive
953 5196 1130 5249 fames
1156 5191 1409 5259 suaserit,
1435 5206 1549 5245 non
1571 5190 1862 5245 dubitetur
1880 5190 2248 5257 abolendum,

626 5310 755 5348 cum
784 5288 1107 5362 hujusmodi
1132 5287 1293 5341 cibus
1324 5301 1428 5355 pro
1462 5286 1634 5349 metu,
1663 5289 1760 5337 aut
1788 5283 2110 5353 indigentia
2140 5300 2253 5337 non

628 5404 728 5458 pro
759 5384 1051 5455 religionis
1076 5378 1436 5436 veneratione
1469 5377 1539 5431 sit
1570 5381 1848 5446 sumptus.
1896 5376 1986 5431 llis
2025 5393 2156 5431 vero
2184 5378 2253 5431 de

628 5481 833 5553 quibus
864 5477 1090 5533 dilectio
1124 5480 1219 5528 tua
1254 5470 1519 5525 similiter
1554 5486 1656 5524 nos
1690 5469 1930 5524 credidit
1961 5472 2253 5526 consulen-

630 5572 853 5644 dos,qui
865 5572 934 5626 ad
947 5567 1266 5624 iterandum
1281 5564 1631 5634 baptismum
1645 5565 1727 5617 vel
1742 5568 1897 5618 metu
1913 5565 2088 5618 coacti
2103 5569 2254 5633 sunt,

632 5670 717 5721 vel
749 5682 938 5720 errore
969 5660 1228 5728 traducti,
1248 5665 1304 5714 et
1332 5675 1481 5712 nunc
1502 5675 1560 5712 se
1586 5664 1782 5712 contra
1803 5657 2095 5713 catholicre
2125 5659 2258 5714 ﬁdei

632 5761 1051 5813 sacramentum
1080 5752 1263 5823 egisse
1294 5755 1663 5822 cognoscunt,
1695 5768 1759 5806 ea
1788 5751 2161 5807 custodienda
2175 5756 2261 5808 est

635 5852 795 5913 ratio,
824 5866 933 5919 qua
964 5848 1019 5902 in
1050 5846 1370 5900 societatem
1405 5848 1649 5899 nostram
1680 5862 1794 5900 non
1823 5846 1926 5900 nisi
1955 5863 2058 5917 per
2087 5848 2261 5918 pumi-

2344 4628 2509 4683 licam
2546 4627 2739 4693 ﬁdem,
2783 4641 2953 4696 quam
2986 4620 3336 4694 jampridem
3376 4616 3691 4679 amiserant,
3725 4610 3883 4659 nmium

2346 4722 2550 4777 reverti
2578 4719 2856 4787 ambiunt,
2897 4717 3056 4789 prius
3090 4729 3308 4769 errores
3338 4728 3488 4777 suos,
3518 4714 3573 4763 et
3599 4707 3730 4777 ipsos
3750 4696 3883 4751 θυι-ω·
3966 4696 3967 4765 1

2349 4832 2436 4870 res
2475 4830 2735 4869 errorum
2768 4810 3029 4867 damnari
3069 4825 3103 4862 a
3131 4824 3191 4861 se
3218 4807 3339 4860 sine
3365 4800 3716 4873 ambiguitate
3738 4791 3885 4845 fateaﬂ‘

2350 4913 2461 4979 tur,
2502 4913 2565 4963 ut
2588 4906 2843 4962 sensibus
2869 4903 3054 4976 pravis
3078 4901 3249 4957 etiam
3284 4895 3612 4971 peremptis,
3640 4887 3768 4945 nulla
3966 4887 3967 4939 1

2347 5003 2516 5058 randi
2545 5000 2790 5072 supersit
2821 4998 3057 5064 occasio,
3100 5012 3173 5050 ne
3204 4994 3380 5047 ullum
3419 4987 3718 5044 membrum
3747 4972 3886 5069 ῐλΙίιιξη

2350 5096 2524 5168 possit
2549 5094 2817 5149 societate
2842 5091 3059 5159 violari,
3084 5105 3214 5143 cum
3236 5103 3337 5158 per
3357 5082 3553 5140 omnia
3572 5078 3670 5134 illis
3688 5069 3888 5146 professo

2353 5190 2583 5263 propria
2614 5186 2843 5259 coeperit
2864 5184 3116 5241 obviare.
3144 5184 3305 5238 Circa
3330 5195 3475 5251 quos
3499 5176 3661 5231 etiam
3686 5167 3808 5221 illam
3825 5170 3886 5257 ca-

2353 5301 2573 5340 nonum
2604 5280 3068 5338 constitutionem
3096 5275 3460 5349 praecipimus
3489 5261 3751 5325 custodiri,
3788 5256 3888 5352 ull"
3966 5286 3967 5303 ι

2356 5395 2569 5450 magno
2611 5376 2862 5432 habeant
2897 5372 3192 5441 beneficio,
3232 5369 3279 5423 si
3315 5366 3583 5436 adempta
3607 5355 3700 5413 sibi
3721 5352 3887 5450 omini]?

2357 5489 2454 5543 spe
2480 5469 2870 5543 promotionis,
2904 5468 2962 5522 in
2988 5483 3104 5539 quo
3137 5462 3505 5520 inveniuntur
3534 5454 3714 5511 ordine
3740 5435 3888 5540 δίψαν

2357 5537 2784 5637 tete-perpetua
2822 5537 3109 5631 maneant,
3154 5559 3201 5613 si
3238 5562 3429 5612 tamen
3468 5550 3660 5606 iterata
3691 5537 3889 5637 auctioris

2358 5677 2474 5715 non
2494 5660 2704 5714 fuerint
2728 5656 3010 5713 maculati.
3044 5656 3163 5709 Non
3184 5654 3364 5709 levem
3390 5645 3536 5719 apud
3557 5644 3713 5697 Deum
3740 5632 3891 5684 noxam

2359 5753 2617 5824 incurrit,
2661 5753 2761 5825 qui
2794 5753 2863 5808 de
2900 5750 3110 5806 talibus
3133 5748 3204 5803 ad
3232 5760 3414 5801 sacros
3444 5724 3814 5825 promovendos.
3827 5728 3890 5825 οῖς

2361 5847 2517 5903 dines
2540 5847 2826 5919 judicarit.
2871 5844 3033 5909 Quod
3078 5843 3122 5897 si
3166 5856 3296 5895 eum
3325 5832 3525 5910 grandi
3563 5816 3894 5883 examinatione
3966 5884 3967 5891 γ
