4026 6182
109 316 208 364 869

1344 302 1806 361 DECRETALIUM
1847 303 2230 359 COLLECTlO.

3369 314 3471 363 870

105 418 384 489 promotio
430 415 759 470 conceditur
804 413 1127 483 iuculpatis,
1164 413 1342 467 multo
1384 413 1565 483 magis
1614 430 1729 467 non
1752 426 2001 496 Aquam
2037 412 2260 466 cedere.
2301 413 2576 466 Deformis
2613 417 2810 468 autem
2847 420 2902 468 et
2950 415 3151 485 ignava
3194 415 3473 486 subjectio

104 511 275 565 debet
328 510 492 563 licere
537 506 831 577 suspectis.
889 506 1127 560 Proinde
1175 506 1398 560 dilectio
1441 510 1539 560 tua
1582 506 1742 575 cujus

105 603 404 658 devotione
444 600 780 671 gaudemus,
803 600 1012 670 jungat
1054 599 1123 653 ad
1158 599 1333 653 totius
1360 615 1552 653 curam
1581 616 1741 654 suam

105 694 570 767 dispositionibus
617 692 842 760 nostris,
873 697 931 746 et
969 693 1063 747 det
1109 708 1360 763 operam,
1386 697 1451 747 ut
1498 694 1739 748 circum-

103 795 292 862 specte
338 795 510 860 atque
556 787 826 843 velociter
874 786 1245 857 impleantur,
1285 801 1413 857 quae
1456 786 1529 840 ad
1571 786 1743 841 totius

106 884 361 938 ecclesia!
386 881 863 947 incolumitatem,
878 884 935 934 et
954 878 1305 935 laudabiliter
1329 884 1596 950 suggesta
1613 887 1744 935 sunt

107 985 159 1034 et
184 977 490 1032 salubriter
514 975 795 1030 ordinata.
843 975 967 1028 Non
999 976 1188 1027 autem
1229 972 1490 1027 debiliter
1518 974 1743 1028 dilectio

105 1079 198 1126 tua
224 1088 355 1139 nos,
384 1070 450 1136 si,
482 1069 636 1140 quod
672 1084 788 1122 non
822 1067 1192 1133 arbitramur,
1219 1066 1479 1137 neglecta
1505 1067 1739 1135 fuerint,

105 1181 235 1236 quae
275 1180 382 1235 pro
407 1162 656 1217 custodia
700 1177 1002 1227 canonum,
1032 1166 1087 1214 et
1111 1176 1216 1231 pro
1244 1160 1377 1214 fidei
1416 1159 1743 1230 integritate

105 1257 486 1321 decernimus,
518 1254 909 1309 vehementius
943 1253 1402 1321 commovendos,
1430 1253 1561 1324 quia
1592 1253 1741 1308 infe-

104 1352 331 1406 riorum
359 1350 621 1404 ordinum
652 1348 836 1419 culpae
876 1347 948 1402 ad
973 1347 1161 1401 nullos
1211 1348 1395 1419 magis
1428 1347 1743 1402 referendae

106 1450 258 1511 sunt,
307 1460 481 1515 quam
533 1442 607 1495 ad
664 1441 901 1507 desides,
953 1441 1429 1512 negligentesque
1478 1444 1741 1507 rectores,

106 1540 205 1609 qui
231 1539 478 1592 multam
506 1552 655 1606 saepe
683 1534 946 1588 nutriunt
968 1534 1352 1605 pestilentiam
1382 1534 1520 1589 dum
1559 1551 1746 1589 neces-

106 1633 314 1685 sariam
335 1629 697 1683 dissimulant
719 1628 991 1683 adhibere
1020 1627 1388 1683 medicinam.
1410 1629 1544 1682 Data
1563 1628 1745 1699 pridie

106 1724 396 1779 Kalendas
423 1723 574 1789 Julii,
602 1722 781 1793 Alipio
807 1725 864 1776 et
888 1722 1200 1776 Ardabura:
1227 1721 1565 1776 consulibus.

241 1819 375 1872 LXI.
410 1848 476 1857 -—
500 1817 591 1872 Ad
614 1820 814 1871 Dorum
840 1819 1267 1871 Beneventanum
1290 1818 1609 1887 episcopum.

174 1911 559 1966 Dilectissimo
586 1910 749 1965 fratri
778 1910 944 1976 Dono,
972 1910 1082 1963 Leo
1112 1908 1432 1980 episcopus.

170 2004 466 2060 Judicium
505 2003 659 2074 quod
702 2003 771 2056 de
815 2006 869 2056 te
908 2001 1272 2073 sperabamus
1320 2003 1585 2056 dolemus
1623 2017 1744 2055 esse

102 2099 469 2165 frustratum,
506 2096 732 2167 quando
766 2111 833 2150 ea
876 2099 931 2149 te
971 2095 1324 2149 commisisse
1375 2094 1748 2166 perspicimus

104 2207 239 2262 qua:
270 2206 505 2244 omnem
534 2188 923 2243 ecclesiasticae
950 2188 1256 2243 sanctionis
1280 2188 1535 2259 regulam
1564 2188 1749 2259 culpa-

101 2285 201 2339 bili
260 2284 508 2338 novitate
573 2283 869 2348 fiedarent,
923 2298 1051 2337 cum
1113 2281 1438 2352 plenissime
1499 2281 1744 2351 noveris,

102 2381 332 2449 quanta
393 2376 765 2431 sollicitudine
821 2392 922 2446 per
968 2390 1165 2429 omnes
1211 2374 1438 2429 Domini
1484 2375 1749 2430 ecclesias

101 2477 488 2543 paternorum
512 2470 752 2525 velimus
772 2485 1058 2523 canonum
1104 2473 1391 2539 praecepta
1420 2484 1664 2534 servare,
1694 2471 1751 2521 et

101 2566 256 2619 hanc
287 2564 540 2618 maxime
565 2554 757 2618 curam
782 2563 852 2617 ad
872 2562 1194 2617 sacerdotes
1226 2563 1617 2616 universarum
1638 2563 1749 2632 ple-

100 2660 271 2712 bium
292 2657 602 2729 pertinere,
615 2668 680 2711 ut
695 2661 1023 2711 sanctarum
1044 2656 1513 2711 constitutionum
1532 2655 1749 2727 regulae

101 2753 287 2806 nullis
334 2754 778 2822 corrumpantur
819 2749 1159 2805 excessibus.
1192 2750 1350 2803 Unde
1386 2750 1664 2803 miramur
1696 2754 1750 2804 te

96 2863 288 2918 quem
326 2846 727 2900 auctoritatum
772 2844 1095 2916 apostolicze
1124 2843 1284 2898 Sedis
1322 2842 1746 2898 observantissi-

99 2958 277 2994 mum
325 2956 447 2994 esse
489 2944 853 3007 convenerat,
884 2944 1002 2993 tam
1057 2937 1439 3007 negligenter,
1466 2954 1531 2991 ac
1561 2937 1750 3008 potius

96 3034 429 3088 insolenter
454 3032 657 3103 egisse,
690 3036 755 3086 ut
783 3032 1117 3087 traditarum
1144 3030 1245 3085 tibi
1272 3031 1469 3101 legum
1511 3047 1629 3085 non
1652 3047 1748 3085 cu-

94 3136 226 3183 stos
252 3128 355 3181 sed
384 3131 768 3198 transgressor
793 3126 1077 3189 existeres.
1110 3125 1326 3179 Libello
1353 3124 1568 3179 etenim
1595 3124 1749 3179 Pauli

92 3221 438 3293 presbyteri
468 3177 673 3291 tuioqui
706 3220 761 3274 in
786 3220 1026 3273 subditis
1054 3219 1353 3287 habentur,
1384 3218 1752 3290 cognovimus
1773 3177 1827 3250 Ο

92 3315 267 3387 apud
298 3320 355 3368 te
382 3331 527 3369 novo
568 3315 807 3382 ambitu,
838 3314 1101 3385 foedoque
1132 3314 1372 3369 colluvio
1416 3313 1753 3385 presbyterii

90 3411 383 3465 ordinem
404 3408 575 3463 fuisse
602 3408 895 3463 turbatum
911 3409 991 3463 ita
1014 3412 1080 3463 ut
1103 3409 1291 3475 unius,
1322 3407 1549 3475 festina,
1572 3410 1631 3461 et
1651 3407 1754 3461 im-

89 3509 339 3559 matura
371 3502 655 3572 provectio
681 3502 944 3573 quaedam
979 3518 1179 3557 eorum
1221 3501 1458 3573 dejectio
1486 3503 1635 3556 facta
1662 3502 1750 3569 sit,

89 3597 268 3670 quod
298 3602 439 3651 aetas
474 3596 934 3666 commendabat,
963 3602 1019 3651 et
1049 3597 1206 3651 nulla
1233 3597 1400 3667 culpa
1436 3596 1750 3651 minuebat.

86 3693 273 3756 Quod
325 3692 372 3744 si
420 3691 681 3744 ambietis
724 3690 985 3757 intentio,
1018 3694 1115 3744 aut
1142 3691 1405 3761 imperita
1444 3691 1755 3745 faventium

86 3785 303 3839 studia
330 3785 388 3839 id
414 3784 568 3856 quod
607 3800 906 3854 nunquam
942 3784 1142 3838 habuit
1181 3784 1533 3838 consuetudo
1567 3800 1754 3855 posce-

88 3882 276 3947 bant,
307 3881 374 3931 ut
412 3878 686 3948 incipiens
728 3877 1000 3943 emeritis,
1028 3882 1084 3931 et
1114 3878 1366 3932 novellus
1392 3878 1757 3948 praeferretur

87 3971 431 4044 antiquius,
459 3978 570 4026 tuae
594 3972 783 4026 fuerat
822 3971 1114 4025 industriae
1154 3974 1322 4043 atque
1366 3971 1659 4036 doctrinae,
1692 3977 1756 4026 ut

88 4068 330 4138 injuste
376 4066 690 4135 petentium
731 4064 1013 4119 desideria
1054 4064 1378 4119 rationabili
1418 4066 1753 4121 auctoritate

86 4160 442 4225 cohiberes,
464 4176 533 4213 ne
560 4174 733 4230 quem
757 4159 816 4212 in
847 4157 1185 4212 sacerdotali
1214 4175 1457 4231 propere
1487 4160 1755 4231 provehe—

91 4258 218 4309 bas
262 4254 486 4307 honore
523 4252 596 4307 ad
641 4252 905 4323 injuriam
946 4268 1142 4305 eorum
1191 4252 1397 4323 quibus
1440 4253 1785 4313 sociebatur.

86 4348 422 4418 inciperet.
455 4346 624 4401 Miror
660 4348 757 4417 qui
786 4347 830 4399 si
866 4346 1026 4401 fieret
1051 4346 1110 4400 in
1142 4346 1237 4400 illo
1265 4363 1377 4401 non
1423 4346 1757 4401 humilitatis

90 4444 322 4509 virtus,
343 4440 443 4494 sed
471 4440 729 4495 elationis
753 4440 953 4494 vitium
975 4441 1356 4495 roboraretur.
1385 4441 1577 4512 Neque
1600 4440 1755 4494 enim

1842 507 1985 559 bene
2012 506 2119 559 sibi
2144 506 2416 573 conscius,
2448 510 2649 560 etnon
2693 507 2915 562 irritam
2956 508 3292 562 facientibus
3344 526 3471 580 gra-

1842 599 1978 652 tiam
2016 598 2107 652 Dei
2137 598 2506 669 praajudicare
2544 616 2657 655 non
2702 600 2902 671 potuit,
2931 605 2996 655 ut
3030 601 3308 672 primatus
3347 620 3474 657 suos

1843 708 2180 763 quocunque
2226 693 2567 747 commercio
2600 694 2655 747 in
2691 695 3027 749 alterutrum
3063 696 3476 751 transferentes

1844 786 2313 856 subsequentium
2360 802 2597 841 suorum
2649 788 2973 843 minuerent
3023 789 3384 859 dignitatem,
3423 796 3477 845 et

1844 880 1979 949 quia
2012 879 2274 933 ultimum
2304 879 2409 933 sibi
2442 884 2890 952 anteposuerant
2918 883 3136 936 caeteris
3166 885 3475 954 preemine-

1844 977 1989 1028 rent.
2056 973 2315 1027 Prmdicti
2367 974 2541 1044 igitur
2584 974 2901 1046 presbyteri
2958 976 3056 1045 qui
3104 976 3373 1048 indignos
3419 997 3477 1034 se

1846 1067 2075 1121 honoris
2102 1068 2186 1121 sui
2215 1068 2413 1121 ordine
2456 1073 2588 1123 sunt
2632 1068 2870 1139 professi
2909 1068 3040 1122 licet
3069 1070 3273 1139 privari
3303 1072 3475 1127 etiam

1843 1160 2153 1214 sacerdotio
2182 1164 2558 1229 mererentur,
2578 1165 2766 1215 tamen
2783 1166 2848 1215 ut
2870 1178 2976 1233 pro
2998 1164 3316 1233 apostolicae
3337 1166 3481 1220 sedis

1845 1254 2055 1324 pietate
2104 1259 2392 1325 parcatur,
2418 1253 2609 1309 ultimi
2640 1255 2789 1308 inter
2824 1271 3023 1309 omnes
3060 1255 3309 1311 ecclesiae
3359 1274 3482 1328 pre-

1846 1348 2101 1417 sbyteros
2152 1347 2481 1401 habeantur.
2528 1349 2597 1402 Et
2643 1352 2703 1400 ut
2747 1348 2947 1418 judicii
3007 1350 3092 1403 sui
3137 1350 3479 1405 sententiam

1846 1441 2050 1508 ferant,
2070 1440 2367 1496 inferiores
2393 1442 2563 1496 etiam
2588 1442 2683 1495 illo
2711 1446 2878 1495 erunt
2903 1458 3069 1513 quem
3097 1444 3332 1514 prOpria
3352 1461 3478 1499 sen-

1849 1539 2028 1593 tentia
2050 1539 2273 1593 sibimet
2290 1538 2840 1609 praztulere,ca:teris
2856 1540 3121 1593 omnibus
3144 1541 3483 1613 presbyteris

1847 1633 1905 1686 in
1927 1649 1994 1686 eo
2019 1631 2220 1686 ordine
2249 1632 2714 1703 permanentibus
2740 1648 2909 1703 quem
2932 1632 3241 1704 unicuique
3259 1635 3482 1689 ordina-

1849 1726 2018 1781 tionis
2047 1743 2162 1779 sua:
2206 1731 2434 1795 tempus
2479 1725 2758 1796 ascripsit.
2790 1723 2981 1798 215
3020 1727 3132 1781 Nec
3176 1728 3480 1799 quisquam

1767 1805 1822 1875 Β
1846 1824 2053 1889 praeter
2073 1818 2369 1890 praedictos
2398 1817 2542 1872 duos
2572 1818 2888 1872 imminutm
2918 1818 3213 1891 dignitatis
3234 1822 3482 1891 patiatur

1848 1911 2135 1983 injuriam,
2177 1911 2274 1964 sed
2324 1912 2381 1965 in
2429 1927 2629 1965 eorum
2676 1915 2886 1966 statum
2934 1913 3334 1967 tantummodo
3372 1914 3480 1968 hoc

1847 2008 2105 2059 recurrat
2132 2004 2501 2075 opprobrium
2532 2005 2685 2076 quod
2710 2006 2930 2060 novello
2963 2009 3020 2060 et
3052 2006 3354 2062 immature
3384 2024 3477 2061 or-

1846 2105 1980 2153 nato
2005 2098 2321 2155 inferiores
2366 2098 2488 2153 ﬁeri
2536 2100 2785 2170 elegere,
2812 2104 2876 2153 ut
2901 2100 3066 2172 illam
3097 2101 3479 2172 evangelicam

1849 2192 2187 2246 sententiam
2233 2193 2301 2246 ad
2348 2209 2406 2246 se
2453 2193 2699 2246 sentiant
2740 2192 3046 2264 pertinere,
3077 2210 3191 2264 qua
3232 2195 3478 2251 dicitur:

1852 2309 1876 2333 ‹‹
1909 2285 2033 2349 Quo
2070 2285 2287 2356 judicio
2328 2285 2712 2355 judicaveritis
2737 2285 3090 2356 judicabitur
3115 2287 3183 2341 de
3213 2287 3390 2359 vobis,
3423 2294 3482 2343 et

1850 2396 1963 2450 qua
1992 2395 2257 2433 mensura
2277 2378 2460 2433 mensi
2482 2379 2722 2445 fueritis,
2746 2378 2944 2433 eadem
2972 2381 3301 2435 remetietur
3328 2382 3482 2437 vobis

1853 2473 2063 2540 (Matth.
2087 2489 2182 2538 vn,
2204 2473 2320 2542 2).»
2338 2473 2540 2526 Paulus
2562 2488 2694 2525 vero
2715 2472 3010 2542 presbyter
3031 2472 3290 2529 ordinem
3313 2491 3479 2530 suum

1850 2566 1919 2620 de
1941 2582 2054 2636 quo
2069 2565 2330 2619 laudabili
2348 2565 2615 2625 ﬁrmitate
2635 2582 2751 2619 non
2772 2566 2957 2635 cessit,
2971 2566 3245 2621 obtineat.
3266 2568 3378 2623 Nec
3402 2572 3485 2624 ul-

1850 2659 2022 2713 terius
2057 2659 2272 2729 aliquid
2298 2659 2356 2713 in
2383 2660 2717 2730 cujusquam
2744 2664 3050 2729 praesumat
3084 2660 3376 2730 injuriam,
3406 2663 3480 2719 ita

1849 2757 1910 2806 ut
1923 2752 2148 2807 dilectio
2164 2759 2254 2806 tua
2269 2768 2445 2823 quam
2465 2768 2578 2806 non
2594 2751 2885 2806 immerito
2901 2756 3020 2808 tota
3033 2754 3163 2807 facti
3177 2754 3347 2826 hujus
3362 2759 3485 2827 pul-

1849 2850 1931 2899 sat
1959 2846 2165 2900 invidia
2195 2847 2302 2900 hoc
2323 2846 2518 2901 saltem
2545 2846 2794 2901 remedio
2822 2863 3018 2901 curare
3039 2864 3097 2902 se
3110 2854 3394 2920 properet,
3427 2858 3483 2906 ut

1849 2940 1970 2994 sine
1998 2940 2452 2995 dissimulatione
2478 2941 2600 2994 haec
2627 2956 2754 3011 quae
2797 2940 3159 2996 decernimus
3189 2944 3486 2999 tradantur

1850 3033 2096 3100 effectui,
2127 3017 2197 3088 ne
2227 3034 2270 3087 si
2316 3034 2515 3088 iterato
2542 3033 2611 3087 ad
2644 3051 2749 3088 nos
2791 3034 3115 3105 imploratio
3156 3037 3309 3107 justa
3348 3055 3483 3092 con-

1852 3128 2081 3199 fugerit,
2102 3144 2330 3181 neccsse
2358 3126 2431 3180 sit
2449 3127 2696 3182 severius
2721 3129 3069 3183 commoveri
3095 3146 3224 3184 cum
3248 3130 3337 3185 his
3358 3148 3486 3203 qum

1854 3222 2003 3275 male
2039 3226 2171 3274 sunt
2193 3220 2338 3275 facta
2367 3220 2635 3275 correctis
2660 3221 2929 3276 malimus
2954 3223 3307 3294 reintegrare
3328 3225 3488 3280 disci-

1853 3316 2066 3386 plinam
2094 3331 2263 3386 quam
2293 3331 2501 3386 augere
2530 3314 2860 3370 vindictam.
2891 3317 3324 3371 Exsecutionem
3356 3335 3487 3373 vero

1854 3407 2305 3480 prmceptionum
2332 3410 2658 3463 nostrarum
2678 3407 2837 3461 fratri
2860 3413 2915 3463 et
2935 3408 3270 3481 coepiscopo
3291 3415 3485 3466 nostro

1852 3504 1996 3557 Julio
2026 3501 2374 3556 commisisse
2422 3518 2523 3555 nos
2567 3501 2811 3571 noveris,
2845 3504 2908 3556 ut
2941 3502 3137 3556 omnia
3176 3503 3253 3557 illi
3285 3520 3483 3575 quem-

1855 3595 2163 3651 admodum
2200 3594 2595 3651 constituimus
2630 3595 2989 3650 roborentur.
3021 3597 3158 3651 Data
3193 3598 3317 3652 ldus
3353 3599 3491 3654 Mar-

1858 3689 1939 3755 tii,
1971 3689 2373 3744 Posthumiano
2398 3688 2517 3743 viro
2556 3688 2871 3743 clarissimo
2898 3691 3142 3744 consule.

1855 3806 2000 3860 LXII.
2032 3837 2097 3845 ——-
2138 3806 2229 3861 Ad
2252 3808 2530 3861 universos
2558 3808 2826 3876 episcopos
2862 3822 2964 3877 per
3001 3808 3246 3863 Siciliam
3284 3811 3485 3865 consti-

2596 3882 2752 3931 tutos.

1931 3970 2038 4024 Leo
2099 3970 2374 4024 universis
2436 3970 2714 4041 episcopis
2770 3987 2873 4040 per
2918 3970 3169 4025 Siciliam
3225 3972 3492 4027 constitu-

1855 4067 1945 4122 tis.

1930 4160 2136 4215 Divinis
2161 4160 2461 4231 praeceptis
2489 4164 2544 4213 et
2562 4159 2883 4230 apostolicis
2904 4158 3133 4213 monitis
3162 4158 3488 4226 incitamur,

1858 4257 1920 4309 ut
1946 4270 2047 4325 pro
2069 4252 2329 4308 omnium
2358 4252 2722 4307 ecclesiarum
2748 4256 2895 4306 statu
2918 4252 3168 4324 impigro
3192 4252 3494 4325 vigilemus

1856 4347 2080 4416 aﬂ‘ectu,
2098 4351 2197 4401 aut
2216 4347 2261 4400 si
2281 4345 2420 4418 quid
2441 4362 2687 4417 usquam
2714 4345 3150 4416 reprehensioni
3168 4346 3495 4402 inveniatur

1859 4439 2164 4496 obnoxium
2192 4440 2361 4495 celeri
2390 4440 2785 4507 sollicitudine,
2807 4442 2906 4493 aut
2929 4439 2999 4493 ab
3025 4439 3365 4510 ignorantiae
3392 4441 3493 4495 im-

80 4534 428 4609 ignorabas
469 4533 675 4588 dixisse
721 4534 1046 4601 Dominum,
1074 4533 1226 4605 quod
1253 4534 1350 4604 qui
1383 4549 1441 4587 se
1476 4533 1754 4602 humiliat,
1776 4551 1837 4623 D
1859 4534 2080 4606 peritia,
2101 4539 2247 4588 auta
2264 4533 2725 4623 prmsumptionis
2749 4532 3112 4602 usurpatione
3137 4549 3487 4588 revocamus.

75 4629 478 4697 exaltabitur,
495 4628 592 4698 qui
605 4644 737 4682 vero
755 4644 812 4681 se
830 4628 1052 4697 exaltat,
1069 4627 1625 4699 humiliabitur(Luc.
1647 4644 1755 4695 le,

78 4732 97 4781 Ι
126 4733 145 4780 1
167 4730 219 4795 ὶ.
240 4722 635 4792 Eumdemque
651 4721 853 4775 dixisse
866 4738 963 4775 vos
982 4725 1177 4775 autem
1194 4721 1448 4792 quaeritis
1466 4722 1534 4776 de
1552 4722 1757 4792 pusillo

62 4832 391 4881 crescere,
412 4820 468 4869 et
490 4816 559 4869 de
580 4816 801 4869 honore
826 4816 1072 4885 majores
1100 4831 1242 4868 esse.
1264 4815 1579 4886 Utrumque
1604 4815 1758 4871 enim

56 4912 526 4976 inordinatum,
562 4913 869 4979 utrumque
910 4915 1318 4980 praeposterum
1346 4912 1451 4978 est,
1481 4914 1538 4963 et
1569 4910 1756 4963 omnis

62 5009 383 5064 laborum
399 5003 613 5057 fructus
628 5004 902 5070 aufertur,
922 5003 1107 5057 omnis
1128 5003 1461 5058 meritorum
1487 5018 1757 5057 mensura

65 5101 412 5161 vacuatur,
459 5097 503 5150 si
553 5101 779 5151 tantum
828 5097 952 5168 quis
1001 5098 1103 5151 has
1150 5096 1409 5167 sequitur
1452 5096 1756 5167 dignitates

60 5196 407 5270 quantum
434 5190 770 5245 adulationis
796 5191 1059 5260 obtinuit,
1081 5196 1142 5246 ut
1167 5190 1444 5261 cupiditas
1470 5190 1755 5245 eminendi

58 5306 234 5348 non
265 5285 457 5340 solum
493 5285 915 5356 superbientem
955 5285 1197 5351 minuat,
1230 5285 1327 5340 sed
1354 5285 1523 5339 etiam
1563 5285 1755 5339 convi-

60 5387 374 5439 ventem.
428 5379 483 5433 Si
529 5395 679 5447 vero,
722 5384 788 5433 ut
854 5380 1142 5447 asseritur,
1191 5379 1359 5449 primi
1411 5378 1757 5449 secundique

58 5474 438 5555 presbyteri
470 5473 615 5527 circa
640 5473 1000 5545 Epicarpium
1025 5472 1253 5527 sibimet
1280 5474 1755 5544 praeponendum,

56 5584 237 5629 tem
269 5568 404 5621 huic
431 5568 733 5621 assentatio
765 5567 893 5636 fuit,
921 5571 990 5621 ut
1022 5567 1184 5621 illum
1213 5583 1343 5621 cum
1375 5566 1463 5620 sui
1489 5568 1759 5623 dedecore

54 5666 430 5743 poscerent
457 5661 745 5715 honorari.
776 5661 886 5714 Nec
920 5662 1025 5715 hoc
1052 5661 1284 5733 quidem
1314 5661 1422 5715 illis
1447 5662 1677 5733 proprio
1700 5680 1757 5716 se

40 5756 340 5835 judicio
387 5754 784 5825 dejicientibus
822 5753 995 5809 tribui
1040 5755 1252 5822 debuit,
1280 5754 1436 5827 quod
1476 5755 1756 5821 volebant,

46 5854 193 5915 cui
248 5854 365 5903 tam
395 5848 619 5903 miserae
645 5848 918 5902 voluntati
944 5852 999 5902 te
1029 5849 1253 5920 dignius
1286 5850 1473 5905 fuerat
1509 5848 1757 5916 obviare,

1858 4629 2115 4684 Monente
2144 4626 2296 4680 enim
2325 4625 2634 4680 Dominicae
2651 4608 2804 4679 vocis
2824 4622 3084 4695 imperio,
3108 4642 3220 4696 quo
3238 4626 3492 4682 beatissi‘

1858 4738 1986 4776 mus
2013 4721 2297 4792 apostolus
2324 4721 2523 4773 Petrus
2551 4718 2698 4772 trina
2717 4718 3060 4788 repetitione
3087 4720 3339 4789 mystice.
3367 4737 3493 4776 san-

1858 4815 2060 4869 ctionis
2104 4813 2397 4880 imbuitur,
2432 4815 2492 4866 ut
2520 4811 2722 4868 Christi
2754 4827 2886 4865 oves
2913 4812 3009 4883 qui
3046 4813 3331 4870 Christum
3362 4817 3486 4872 dili-

1860 4910 1944 4980 git
1971 4912 2182 4979 pascat,
2212 4907 2387 4978 ipsius
2418 4906 2563 4961 sedis
2597 4905 2686 4959 cui
2716 4921 2822 4977 per
2847 4904 3254 4962 abundantiam
3283 4909 3488 4965 divinae

1860 5002 2053 5075 gratiae
2064 5017 2385 5074 praesumus
2395 4999 2711 5055 reverentia
2721 4999 3091 5056 cohortamur
3101 5004 3489 5073 utpericulum

1859 5096 2089 5151 desidia:
2105 5097 2381 5167 quantum
2404 5108 2709 5166 possumus
2736 5092 3099 5164 declinemus,
3119 5113 3191 5151 ne
3213 5099 3487 5168 professio

1857 5190 2067 5245 summi
2093 5187 2329 5259 apostoli
2354 5188 2451 5259 qui
2481 5204 2538 5242 se
2561 5190 2876 5242 amatorem
2912 5188 3134 5243 Domini
3168 5207 3289 5245 esse
3328 5195 3489 5245 testa-

1860 5289 1949 5338 tus
1974 5290 2059 5339 est
2094 5300 2209 5337 non
2239 5282 2564 5336 inveniatur
2598 5281 2654 5335 in
2693 5281 2873 5336 nobis.
2902 5282 3045 5346 Quia
3082 5284 3377 5354 negligens
3409 5289 3488 5339 to-

1859 5378 1965 5432 ties
2006 5377 2471 5432 commendatum
2512 5391 2745 5446 gregem
2777 5375 3126 5431 convincitur
3162 5393 3328 5431 suum
3373 5396 3485 5432 non

1858 5488 2051 5526 amare
2094 5475 2403 5542 pastorem.
2435 5470 2575 5524 Cum
2616 5485 2752 5541 ergo
2790 5469 2929 5523 mihi
2975 5469 3044 5523 de
3088 5469 3373 5524 charitatis
3400 5488 3486 5526 ve-

1861 5571 1991 5620 strae
2023 5565 2239 5619 actibus
2267 5565 2521 5620 fraterna
2547 5563 2767 5618 actione
2795 5562 3030 5616 sollicito
3074 5563 3240 5617 certis
3266 5563 3486 5619 indiciis

1860 5659 2192 5725 innotuerit,
2222 5674 2318 5713 vos
2347 5659 2401 5711 in
2443 5674 2508 5711 eo
2536 5656 2687 5728 quod
2717 5657 2868 5710 inter
2910 5662 3262 5711 sacramenta
3308 5658 3487 5714 Eccle-

1862 5754 1956 5807 sise
1994 5751 2305 5823 principale
2337 5757 2441 5817 est,
2469 5751 2539 5805 ab
2582 5748 2902 5821 apostolica:
2945 5748 3315 5805 institutionis
3360 5769 3486 5808 con-

1862 5845 2162 5901 suetudine
2201 5844 2537 5915 discrepare,
2570 5843 2646 5895 ita
2674 5846 2738 5894 ut
2774 5841 3035 5911 baptismi
3067 5853 3485 5903 sacramentum
