4026 6182
606 308 699 366 871

1501 297 1785 361 APPEND.
1827 307 1913 360 AD
1951 308 2109 362 S.‘F.C.
2155 306 2238 359 IX.
2273 334 2339 342 ——
2380 300 2627 359 lSlDOBl
2666 298 3094 360 MERCATORIS
3784 313 3860 365 87'2

602 415 965 471 numerosius
991 415 1046 467 in
1070 414 1159 468 die
1178 413 1507 484 Epiphaniae
1529 430 1701 485 quam
1719 414 1970 485 paschali
1989 420 2243 484 tempore
2266 427 2323 496 Α
2349 414 2580 468 tinuatis
2626 417 2791 467 erunt
2837 413 3159 484 deputanda
3201 412 3370 478 festis,
3416 413 3536 482 quia
3577 414 3733 467 omnia
3767 423 3861 469 sunt

602 507 916 573 celebratis,
933 506 1114 561 miror
1129 523 1226 560 vos
1242 506 1331 560 vel
1355 523 1728 578 praecessores
1740 511 1950 560 vestros
1964 509 2079 560 tam
2095 507 2239 560 irra-

603 600 935 654 tionabilem
975 599 1289 654 novitatem
1323 616 1595 671 usurpare
1625 600 1891 671 potuisse,
1925 603 1983 652 ut
2009 599 2242 653 confuso

601 694 874 763 temporis
905 692 1201 764 utriusque
1248 693 1524 764 mysterio
1555 693 1768 746 nullam
1808 708 1927 746 esse
1971 691 2240 745 differen—

607 788 738 841 tiam
766 787 1073 841 crederetis
1103 787 1255 840 inter
1281 786 1434 840 diem
1460 802 1572 856 quo
1597 786 1861 840 adoratus
1883 790 1967 839 est
1989 784 2242 841 Christus

604 898 637 933 a
666 880 875 951 magis,
904 883 962 935 et
1005 880 1159 934 diem
1209 896 1322 950 quo
1370 880 1680 933 resurrexit
1707 896 1739 932 a
1767 880 2023 933 mortuis.
2059 879 2240 941 Quam

605 974 829 1045 culpam
858 974 1012 1028 nullo
1041 972 1213 1027 modo
1242 973 1569 1043 potuissetis
1589 972 1839 1027 incidere
1866 972 1911 1025 si
1942 972 2088 1025 unde
2109 988 2241 1026 con-

601 1067 974 1122 secrationem
1004 1066 1242 1121 honoris
1264 1065 1541 1136 accipitis,
1570 1066 1704 1120 inde
1734 1066 1920 1135 legem
1943 1065 2114 1119 totius
2145 1065 2239 1117 ob-

602 1160 897 1215 servantiae
920 1160 1237 1224 sumeretis,
1264 1162 1321 1214 et
1340 1159 1489 1213 beati
1508 1159 1656 1213 Petri
1676 1159 1916 1229 apostoli
1938 1158 2094 1213 sedes
2113 1174 2239 1228 qua:

604 1254 761 1308 vobis
791 1253 1152 1308 sacerdotalis
1189 1255 1375 1307 mater
1411 1257 1496 1306 est
1539 1252 1848 1322 dignitatis,
1882 1255 2027 1306 esset
2062 1251 2234 1305 eccle-

603 1347 838 1421 siasticzr.
867 1346 1335 1418 magistrationis.
1353 1350 1393 1400 A
1421 1346 1580 1416 cujus
1597 1362 1693 1400 vos
1717 1346 1930 1416 regulis
1951 1345 2239 1399 recessisse

604 1441 792 1496 minus
830 1444 1016 1512 posset
1064 1439 1459 1511 aequanimiter
1497 1438 1746 1505 tolerari,
1776 1439 1819 1492 si
1856 1439 2043 1509 aliqua
2080 1455 2233 1493 com-

602 1534 933 1590 monitionis
958 1537 1166 1588 nostra}
1194 1532 1399 1604 pagina
1428 1533 1824 1602 praecessisset.
1856 1533 2016 1585 Nunc
2044 1537 2236 1586 autem

600 1630 735 1700 quia
759 1643 873 1682 non
896 1627 1233 1699 desperatur
1249 1626 1545 1694 correctio,
1564 1625 1940 1680 mansuetudo
1962 1625 2239 1679 servanda

602 1727 703 1777 est.
734 1722 799 1775 Et
843 1721 972 1776 licet
1011 1721 1103 1774 vix
1151 1719 1385 1774 ferenda
1426 1719 1498 1774 sit
1546 1718 1905 1773 sacerdotalis
1948 1717 2232 1773 excusatio

600 1831 726 1887 quae
742 1814 1061 1886 praetendat
1088 1813 1466 1882 inscientiam,
1488 1812 1797 1866 maluimus
1816 1818 2009 1866 tamen
2030 1817 2086 1866 et
2107 1827 2235 1865 cen-
2253 1794 2309 1866 Β

601 1925 788 1962 suram
831 1908 1206 1963 necessariam
1250 1912 1591 1977 temperare,
1619 1909 1676 1959 et
1711 1905 1927 1959 ratione
1954 1922 2049 1959 vos
2078 1921 2235 1976 aper-

600 2001 829 2057 tissima?
846 2001 1096 2056 veritatis
1110 2001 1411 2055 instruere.
1431 2000 1669 2070 Semper
1687 1998 1917 2070 quidem
1938 1998 1996 2053 in
2018 2002 2232 2052 aeterno

600 2095 832 2150 consilio
845 2096 943 2149 Dei
960 2094 1173 2148 mansit
1192 2092 1427 2147 humani
1452 2092 1674 2163 generis
1691 2091 2234 2146 incommutabiliter

599 2188 978 2259 prmordinata
1020 2187 1329 2258 reparatio,
1361 2186 1460 2240 sed
1499 2186 1637 2240 ordo
1680 2201 1871 2239 rerum
1915 2201 2017 2256 per
2041 2186 2231 2240 Jesum

600 2283 889 2337 Christum
916 2281 1220 2336 Dominum
1249 2285 1509 2334 nostrum
1536 2279 1925 2349 temporaliter
1951 2278 2228 2349 gerenda-

598 2392 727 2430 rum
776 2374 1163 2429 incarnatione
1208 2373 1375 2428 Verbi
1425 2372 1668 2443 sumpsit
1712 2370 2028 2426 exordium.
2074 2371 2231 2426 Unde

597 2468 749 2522 aliud
772 2472 1000 2538 tempus
1021 2473 1106 2521 est
1125 2483 1238 2538 quo
1260 2466 1636 2521 annuntiante
1653 2465 1854 2535 angelo
1872 2464 2040 2518 beata
2062 2464 2231 2519 Maria

597 2560 1011 2617 fecundandam
1046 2576 1105 2615 se
1152 2576 1256 2631 per
1283 2559 1557 2631 Spiritum
1602 2562 1859 2613 sanctum
1901 2556 2143 2612 credidit
2176 2560 2233 2611 et

597 2656 871 2726 concepit,
895 2654 1046 2708 aliud
1085 2670 1199 2724 quo
1239 2654 1391 2707 salva
1419 2652 1753 2723 integritate
1791 2650 2047 2722 virginea
2087 2666 2231 2720 puer

599 2750 802 2817 editus,
854 2748 1166 2802 exsultante
1220 2746 1429 2818 gaudio
1476 2746 1787 2800 caelestium
1835 2744 2228 2798 ministrorum

596 2840 917 2913 pastoribus
942 2841 1245 2905 indicatur,
1265 2840 1418 2894 aliud
1447 2855 1560 2909 quo
1580 2838 1767 2892 infans
1787 2837 2234 2905 circumciditur,

599 2934 752 2989 aliud
785 2950 897 3005 quo
921 2934 1106 2987 hostia
1134 2949 1236 3003 pro
1263 2950 1329 2986 eo
1354 2931 1634 3002 regularis
1658 2930 1910 2997 offertur,
1932 2930 2085 2984 aliud
2117 2947 2229 3001 quo

602 3033 714 3083 tres
735 3028 891 3098 magi
914 3026 1174 3101 claritate
1196 3025 1328 3081 novi
1354 3025 1552 3079 sideris
1578 3024 1795 3079 incitati
1820 3025 1878 3077 in
1902 3024 2228 3078 Bethlehem

597 3123 668 3176 ab
695 3121 914 3176 oriente
959 3119 1316 3191 perveniunt,
1348 3124 1406 3173 et
1445 3119 1741 3173 adoratum
1779 3117 2074 3188 parvulum
2102 3134 2226 3189 my-

598 3216 735 3270 stica
760 3230 1067 3270 munerum
1094 3212 1382 3268 oblatione
1406 3214 1769 3266 venerantur.
1791 3212 1902 3265 Nec
1922 3210 2077 3265 idem
2098 3216 2231 3266 sunt

597 3310 717 3364 dies
772 3308 976 3380 quibus
1042 3307 1216 3377 impio
1278 3305 1479 3361 Herodi
1535 3304 1799 3360 ordinata
1854 3304 2122 3359 divinitus
2169 3306 2227 3359 in

594 3405 901 3474 Egyptum
926 3400 1300 3455 translatione
1328 3399 1646 3454 subtractus
1678 3402 1783 3469 est,
1812 3400 1899 3453 vel
1928 3399 2134 3470 quibus
2159 3399 2229 3454 ab

596 3499 835 3567 {Egypto
862 3495 922 3549 in
952 3494 1237 3549 Galilaeam
1269 3498 1631 3564 persecutore
1667 3496 1892 3548 mortuo
1933 3497 2229 3548 revocatus

596 3593 698 3645 est.
719 3591 871 3644 Inter
894 3589 996 3643 has
1021 3590 1215 3642 autem
1238 3586 1725 3657 dispensationum
1752 3587 2055 3642 varietates
2076 3602 2230 3641 acce-

599 3684 743 3737 dunt
794 3685 1104 3753 augmenta
1155 3697 1450 3752 corporea,
1497 3680 1699 3734 crescit
1753 3680 2045 3748 Dominus,
2086 3680 2230 3734 sicut

598 3775 945 3847 evangelista
964 3777 1226 3843 testatur,
1242 3773 1587 3845 profectibus
1611 3773 1794 3853 aetatis
1810 3779 1865 3829 et
1886 3773 2106 3844 gratias.
2124 3774 2229 3828 Per

597 3871 717 3925 dies
755 3869 978 3923 Paschae
1019 3869 1079 3922 in
1110 3868 1391 3939 templum
1432 3883 1562 3921 cum
1606 3867 1936 3938 parentibus
1965 3867 2140 3933 venit,
2173 3872 2230 3922 et

595 3980 726 4019 cum
753 3962 972 4018 abesset
997 3959 1659 4028 societate,redeuntium
1676 3960 1879 4015 sedens
1897 3977 2026 4014 cum
2049 3960 2229 4015 senio-

597 4058 754 4113 ribus
772 4063 829 4112 et
849 4056 1002 4110 inter
1022 4055 1369 4109 admirantes
1402 4053 1709 4123 magistros
1735 4053 2042 4123 invenitur,
2060 4054 2229 4108 ratio-

597 4166 844 4221 nemque
868 4147 1240 4203 remansionis
1280 4164 1398 4201 suae
1425 4147 1690 4216 reddens,
1721 4147 1859 4218 quid
1887 4153 1990 4215 est,
2018 4146 2224 4220 inquit,

596 4242 749 4315 quod
783 4258 877 4296 me
908 4240 1283 4312 quaerebatis?
1309 4239 1653 4294 Nesciebatis
1693 4239 1850 4311 quod
1890 4240 1947 4293 in
1981 4240 2070 4295 his
2099 4257 2227 4312 quae

599 4335 778 4390 Patris
807 4334 921 4388 mei
948 4338 1081 4388 sunt
1105 4336 1333 4404 oportet
1354 4349 1447 4388 me
1468 4350 1589 4387 esse
1608 4333 1635 4387 ?
1661 4333 1995 4404 Signiﬁcans
2020 4334 2142 4405 ejus
2167 4352 2226 4389 se

597 4446 717 4485 esse
736 4428 920 4484 tilium
947 4427 1109 4499 cujus
1139 4432 1287 4481 esset
1311 4429 1368 4482 et
1393 4427 1694 4498 templum.
1715 4429 1841 4483 Jam
1863 4444 1995 4483 vero
2017 4445 2148 4483 cum
2167 4428 2224 4483 in

2249 3163 2303 3237 C

2342 508 2510 578 plena
2552 507 2855 562 miraculis.
2898 508 3106 561 Verum
3148 506 3279 577 quia
3313 505 3524 575 spiritus
3562 506 3798 576 sapientiai
3823 514 3862 563 et

2344 602 2683 668 intellectus,
2714 601 2793 655 ita
2832 601 3118 671 apostolos
3144 602 3201 654 et
3237 598 3402 653 totius
3435 598 3661 653 Ecclesiae
3687 600 3862 655 erudivit

2341 695 2667 765 magistros,
2693 700 2754 748 ut
2779 694 2838 748 in
2863 693 3183 748 Christiana
3212 692 3550 746 observantia
3572 691 3692 746 nihil
3714 692 3862 747 inordi-

2341 794 2559 855 natum,
2592 788 2733 841 nihil
2766 789 3056 858 pateretur
3083 802 3203 839 esse
3232 785 3537 849 confusum,
3564 784 3860 838 discernenda-

2342 885 2509 936 erant
2536 897 2717 935 causa:
2745 880 3194 948 solemnitatum,
3214 882 3271 933 et
3288 880 3347 933 in
3365 877 3610 933 omnibus
3629 878 3862 931 constitutis

2339 977 2567 1029 Patrum
2614 975 3057 1045 principumque
3103 977 3422 1028 nostrorum
3459 970 3756 1025 rationabilis
3790 988 3862 1024 ser.

2341 1069 2520 1122 vanda
2555 1068 2843 1123 discretio.
2879 1068 3019 1131 Quia
3045 1083 3161 1121 non
3187 1066 3351 1121 aliter
3374 1082 3514 1119 unus
3537 1079 3675 1134 grex,
3701 1068 3745 1117 et
3766 1080 3862 1117 unus

2341 1166 2535 1232 pastor
2555 1179 2769 1228 sumus,
2792 1161 2922 1229 nisi,
2952 1160 3437 1232 quemadmodum
3464 1157 3719 1228 Apostolus
3736 1157 3858 1219 docet,

2324 1254 2585 1326 'idipsum
2619 1254 2872 1310 dicamus
2917 1270 3136 1308 omnes.
3168 1254 3358 1308 Simus
3398 1256 3575 1306 autem
3613 1250 3797 1322 perfecti
3825 1251 3862 1301 in

2339 1349 2536 1404 eodem
2565 1366 2754 1415 sensu,
2778 1352 2834 1402 et
2859 1348 2916 1401 in
2950 1347 3154 1402 eadem
3177 1346 3428 1401 scientia.
3459 1343 3695 1408 Quamvis
3714 1348 3861 1412 ergoet

2340 1444 2434 1497 illa
2453 1459 2579 1514 quae
2596 1443 2667 1496 ad
2689 1441 3096 1509 humilitatem,
3117 1444 3321 1511 etquae
3335 1439 3405 1494 ad
3422 1438 3643 1509 gloriam
3658 1435 3862 1508 pertinent

2337 1537 2540 1593 Christi
2570 1538 2626 1590 in
2660 1552 2831 1590 unam
2858 1540 3201 1606 percurrant
3235 1533 3600 1602 eamdemque
3624 1545 3859 1601 personam.

2336 1634 2637 1701 totumque
2670 1629 2948 1700 quidquid
2980 1628 3039 1682 in
3069 1628 3187 1695 illo,
3216 1632 3273 1682 et
3300 1625 3521 1681 virtutis
3545 1624 3718 1679 divinae
3739 1626 3812 1687 est,
3829 1628 3865 1675 et

2335 1723 2678 1778 inﬁrmitatis
2715 1723 2984 1777 humanae
3025 1723 3095 1776 ad
3136 1724 3346 1775 nostra
3379 1717 3719 1791 reparationis
3736 1715 3864 1770 tendat

2334 1817 2622 1884 effectum,
2650 1816 2877 1888 proprie
2905 1820 3101 1870 tamen
3128 1815 3189 1870 in
3220 1817 3408 1869 morte
3433 1810 3682 1877 cruciﬁxi,
3700 1812 3744 1862 et
3757 1809 3864 1862 inre-

2333 1911 2679 1965 surrectione
2700 1910 2914 1964 mortui
2935 1909 3190 1981 potentia
3211 1906 3564 1978 baptismatis
3582 1919 3752 1959 novam
3768 1916 3863 1955 cm

2332 2009 2519 2059 turam
2566 2004 2762 2059 condit
2800 2020 2870 2057 ex
2914 2002 3112 2069 veteri,
3147 2007 3208 2055 ut
3248 1998 3674 2063 renascentibus,
3697 2002 3743 2050 et
3766 2009 3863 2048 mors

2331 2098 2535 2153 Christi
2548 2102 2817 2169 operetur
2837 2100 2892 2151 et
2910 2096 3043 2163 vita,
3059 2095 3283 2150 dicente
3303 2094 3472 2149 beato
3490 2091 3719 2164 apostolo
3730 2086 3863 2142 Paulo:

2334 2210 2361 2243 «
2394 2194 2479 2245 An
2509 2190 2788 2261 ignoratis
2814 2190 2949 2261 quia
2993 2189 3327 2260 quicunque
3368 2185 3623 2257 haptizati
3656 2196 3805 2237 sumus
3831 2179 3867 2231 in

2331 2284 2551 2338 Christo
2579 2285 2731 2351 Jesu,
2760 2284 2821 2337 in
2850 2286 3034 2337 morte
3062 2282 3238 2353 ipsius
3261 2279 3535 2352 haptizati
3560 2274 3870 2332 sumus?Con—

2332 2377 2534 2449 sepulti
2557 2378 2712 2432 enim
2738 2393 2932 2431 sumus
2957 2392 3088 2430 cum
3115 2375 3209 2429 illo
3235 2390 3344 2445 per
3362 2372 3691 2444 baptismum
3708 2369 3755 2422 in
3772 2381 3870 2420 mor

2330 2474 2469 2537 tem,
2504 2475 2565 2525 ut
2608 2470 2891 2541 quomodo
2936 2468 3180 2523 surrexit
3224 2467 3483 2522 Christus
3521 2483 3553 2519 a
3584 2462 3780 2518 mortuis
3806 2474 3871 2529 per

2333 2564 2573 2635 gloriam
2604 2563 2803 2630 Patris,
2836 2563 2914 2617 ita
2942 2567 3000 2616 et
3026 2578 3131 2616 nos
3166 2561 3225 2615 in
3264 2561 3516 2615 novitate
3543 2558 3658 2613 vitae
3683 2552 3865 2610 ambule-

2331 2674 2479 2712 mus.
2512 2657 2567 2713 Si
2599 2657 2754 2711 enim
2794 2655 3157 2726 complantati
3205 2653 3342 2709 facti
3379 2668 3572 2707 sumus
3604 2643 3872 2703 similitudini

2331 2750 2534 2805 mortis
2584 2751 2727 2821 ejus,
2760 2749 2931 2803 simul
2980 2752 3036 2803 et
3081 2746 3510 2803 resurrectionis
3551 2744 3739 2799 erimus
3757 2739 3871 2801 illam.

2330 2861 2402 2911 Vl,
2431 2846 2611 2915 3-5).»
2638 2845 2702 2898 Et
2731 2847 2938 2897 caetera
2967 2859 3095 2912 quae
3119 2841 3286 2895 latius
3322 2840 3588 2911 magister
3613 2834 3814 2907 gentium
3830 2828 3874 2882 ad

2329 2936 2850 2992 commendandum
2877 2940 3302 2990 sacramentum
3338 2929 3681 3004 baptismatis
3706 2927 3874 2997 deputa-

2328 3031 2425 3099 vit,
2443 3033 2510 3084 ut
2523 3033 2823 3101 appareret
2837 3046 2904 3084 ex
2922 3029 3094 3100 hujus
3110 3027 3395 3082 doctrina:
3412 3025 3604 3097 spiritu
3624 3032 3876 3091 regenerati-

2330 3123 2418 3179 dis
2442 3123 2573 3177 filiis
2601 3123 2924 3192 hominum,
2952 3128 3010 3177 et
3036 3122 3097 3176 in
3128 3121 3227 3176 Dei
3255 3120 3395 3175 ﬁliis
3437 3114 3739 3189 adoptandis
3766 3110 3872 3164 illum

2331 3217 2484 3272 diem
2515 3233 2655 3286 esse,
2691 3216 2830 3271 illud
2858 3220 3082 3287 tempus
3107 3215 3379 3282 electum,
3409 3214 3471 3267 in
3498 3227 3604 3283 quo
3629 3224 3715 3281 per
3734 3202 3869 3259 simili-

2329 3310 2584 3385 tudinem
2612 3310 2864 3382 mysterii
2879 3325 2947 3364 ea
2964 3313 3298 3380 quaerantur
3326 3305 3599 3362 membris
3616 3317 3724 3374 qu
3739 3300 3783 3353 in
3796 3296 3875 3367 ipso

2329 3404 2508 3475 capite
2531 3409 2663 3458 sunt
2683 3409 2839 3476 gesta
2865 3418 3203 3474 congruere,
3224 3401 3371 3455 dum
3390 3396 3727 3472 baptismatis
3742 3389 3875 3459 regula

2331 3515 2482 3553 mors
2509 3498 2815 3553 intervenit
2855 3495 3234 3552 interfectioni
3263 3494 3508 3565 peccati,
3537 3496 3590 3548 et
3612 3486 3873 3561 sepulturam

2328 3592 2648 3647 triduanam
2672 3591 2927 3646 imitatur
2951 3590 3105 3645 trina
3131 3589 3431 3656 dimersio,
3463 3590 3521 3642 et
3539 3587 3605 3640 ab
3634 3582 3767 3654 aquis
3785 3580 3875 3630 lava-

2328 3685 2408 3740 tio
2433 3685 2781 3756 insurgentis
2803 3684 2877 3738 ad
2903 3683 3084 3738 instar
3113 3689 3197 3738 est
3225 3682 3297 3737 de
3331 3681 3611 3753 sepulcro.
3638 3678 3743 3747 Ipsa
3760 3669 3876 3740 item

2327 3779 2514 3850 operis
2543 3778 2780 3850 qualitas
2805 3778 2972 3833 docet
3004 3776 3369 3831 celebranda
3399 3772 3721 3845 generaliter
3741 3762 3875 3837 gratim

2328 3889 2459 3926 cum
2486 3889 2608 3927 esse
2632 3872 2963 3943 legitimum
2992 3870 3168 3936 diem,
3198 3870 3256 3923 in
3279 3886 3399 3941 quo
3428 3873 3549 3923 orta
3576 3867 3670 3933 est,
3692 3865 3739 3916 et
3758 3857 3876 3911 virtus

2328 3965 2603 4029 muneris,
2631 3970 2689 4019 et
2714 3964 2927 4036 species
2955 3963 3208 4018 actionis.
3238 3961 3329 4017 Ad
3359 3963 3523 4033 cujus
3552 3959 3630 4015 rei
3656 3951 3875 4010 continua-

2326 4060 2547 4115 tionem
2592 4059 2905 4130 plurimum
2946 4057 3097 4111 valet
3134 4055 3291 4128 quod
3337 4056 3462 4127 ipse
3501 4050 3741 4109 Dominus
3772 4044 3877 4098 testis

2327 4154 2601 4223 Christus,
2613 4156 2813 4225 postea
2828 4167 3000 4223 quam
3013 4148 3325 4205 resurrexit
3342 4166 3378 4204 a
3400 4147 3653 4211 mortuis,
3668 4133 3877 4206 discipulis

2329 4247 2386 4301 in
2411 4247 2617 4318 quibus
2655 4261 2854 4301 omnes
2884 4243 3250 4300 ecclesiarum
3291 4242 3571 4314 praesules
3597 4232 3875 4294 docebantur-

2326 4346 2382 4395 et
2406 4338 2649 4395 formam
2673 4344 2730 4394 et
2749 4341 3089 4410 potestatem
3116 4336 3357 4391 tradidit
3375 4330 3700 4406 baptizandi,
3719 4327 3873 4380 dicens:

2331 4455 2358 4483 «
2392 4436 2599 4489 Euntes
2625 4449 2761 4504 ergo
2793 4449 2946 4487 nunc
2973 4431 3169 4485 docete
3194 4445 3398 4484 omnes
3430 4433 3639 4499 gentes,
3663 4417 3875 4504 baptimf

598 4524 764 4579 annis
814 4522 1122 4594 majoribus
1174 4520 1426 4592 apertius
1479 4520 1843 4576 declarandus
1880 4522 2225 4594 baptismum
2247 4534 2306 4605 ι)
2328 4531 2412 4582 tes
2441 4544 2538 4582 eos
2566 4527 2625 4581 in
2657 4502 2886 4581 nomine
2934 4524 3113 4579 Patris
3159 4526 3216 4577 et
3262 4522 3387 4576 Filii
3426 4527 3483 4577 et
3510 4517 3727 4591 Spiritus
3753 4502 3875 4564 sane“

596 4618 961 4691 prascursoris
1004 4616 1090 4670 sui
1127 4615 1358 4671 Joannis
1396 4614 1627 4687 expetiit
1665 4615 1803 4687 quid
1846 4616 2068 4671 deitatis
2107 4616 2228 4687 ejus

597 4712 868 4767 remansit
894 4708 1230 4781 ambiguum
1260 4710 1488 4781 quando
1516 4705 1760 4781 Spiritus
1794 4715 2018 4764 sanctus
2048 4710 2106 4764 in
2131 4726 2225 4764 co-

596 4806 805 4859 lumbae
834 4803 1019 4876 specie
1040 4820 1214 4874 super
1232 4819 1361 4857 eum
1393 4803 1679 4857 descendit
1707 4807 1764 4857 et
1790 4804 2016 4870 mansit,
2034 4803 2228 4857 audita

599 4900 669 4953 de
697 4899 849 4954 caelis
893 4896 1070 4952 Patris
1103 4913 1241 4951 voce
1281 4897 1520 4952 dicentis
1554 4914 1566 4951 :
1605 4920 1631 4948 «
1660 4898 1741 4951 Tu
1766 4914 1824 4953 es
1854 4897 2025 4952 Filius
2065 4914 2227 4952 meus

595 4991 852 5057 dilectus,
882 4990 941 5045 in
966 4993 1022 5045 te
1052 4990 1198 5044 bene
1229 4991 1586 5062 complacui‘?
1616 5011 1642 5042 ››
1677 4991 1866 5062 (Marc.
1892 5008 1929 5061 ι,
1958 4990 2065 5062 tt.)
2089 4991 2226 5056 Quae

597 5086 787 5142 omnia
805 5086 931 5140 ideo
949 5085 1746 5157 quantopotuimusbrevitate
1765 5085 2222 5157 perstrinximus,

598 5188 657 5236 ut
682 5183 880 5235 notum
911 5179 985 5233 sit
1019 5178 1306 5233 dilectioni
1330 5183 1529 5234 vestrae
1561 5179 1850 5234 universos
1873 5180 1992 5235 dies
2019 5180 2226 5234 Christi

590 5274 912 5331 innumeris
933 5278 1289 5328 consecratos
1318 5272 1488 5327 fuisse
1508 5272 1809 5327 virtutibus
1837 5277 1895 5327 et
1919 5273 1977 5327 in
2008 5273 2225 5327 cunctis

592 5372 713 5441 ejus
738 5368 1054 5424 actionibus
1082 5372 1564 5422 sacramentorum
1591 5367 1861 5438 mysteria
1880 5383 2220 5435 coruscasse,

591 5464 690 5520 sed
710 5464 878 5518 aliter
901 5462 1077 5534 signis
1102 5460 1445 5527 denuntiari,
1467 5460 1631 5515 aliter
1657 5460 1824 5515 rebus
1852 5460 2097 5532 impleri,
2119 5477 2223 5517 nec

593 5573 951 5629 quaecunque
1000 5560 1380 5610 numerantur
1404 5554 1462 5608 in
1495 5553 1761 5626 operibus
1792 5554 2116 5623 Salvatoris,
2149 5556 2223 5611 ad

591 5658 818 5721 tempus
839 5650 1123 5721 pertinere
1144 5647 1518 5719 baptismatis.
1552 5649 1688 5702 Nam
1717 5649 1762 5703 si
1787 5648 1957 5703 etiam
1978 5648 2075 5704 illa
2093 5666 2221 5722 quas

595 5750 717 5813 post
733 5743 888 5797 beati
909 5742 1141 5797 Joannis
1167 5742 1455 5798 lavacrum
1474 5742 1543 5797 ab
1565 5759 1631 5798 eo
1651 5749 1805 5814 gesta
1827 5743 2218 5815 cognovimus,

592 5836 692 5889 sub
721 5836 1023 5889 indiscrcto
1048 5836 1268 5891 honore
1296 5837 1560 5907 colamus,
1586 5838 1781 5893 omnia
1809 5842 2061 5908 tempora
2090 5856 2220 5893 con-

2332 4622 2545 4690 (Matth.
2577 4637 2768 4687 xxviii,
2805 4623 2910 4688 t9).
2944 4640 2971 4669 ››
3001 4619 3079 4672 De
3112 4633 3226 4688 quo
3268 4616 3471 4688 utique
3502 4629 3596 4669 eos
3627 4609 3768 4666 etiam
3791 4602 3876 4654 ante

2328 4715 2646 4786 passionem
2673 4713 2949 4786 potuisset
2970 4712 3276 4778 instruere,
3303 4710 3416 4764 nisi
3442 4706 3675 4781 proprias
3692 4696 3875 4754 τοΙιιὶεεθί

2325 4808 2566 4879 intelligi
2586 4806 3041 4879 regenerationis
3062 4804 3305 4876 gratiam
3328 4820 3396 4858 ex
3425 4819 3526 4857 sua
3550 4787 3875 4854 resurrectione

2326 4902 2555 4973 cepisse.
2586 4900 2825 4956 Additur
2844 4916 2976 4954 sane
3004 4898 3136 4953 huic
3165 4896 3548 4952 observantiae.
3573 4892 3725 4947 etiam
3741 4884 3876 4938 Pente-

2326 4999 2503 5051 costes
2538 5013 2603 5049 ex
2648 4994 2893 5049 adventu
2923 4992 3164 5064 Spiritus
3189 4991 3373 5046 sancti
3403 4987 3710 5045 consecrata
3729 4975 3875 5033 8019"“
3954 4978 3955 5021 ἶ

2325 5090 2489 5159 “itaSi
2521 5105 2649 5160 quae
2675 5089 2745 5143 de
2774 5086 3048 5159 paschalis
3078 5086 3206 5140 festi
3238 5084 3453 5156 pendet
3479 5078 3711 5142 articulo,
3729 5075 3772 5125 et
3786 5076 3874 5160 cunt

2326 5184 2396 5237 ad
2426 5151 2564 5236 alios
2602 5182 2721 5237 dies
2758 5151 2866 5235 alia
2906 5180 3052 5234 festa
3094 5151 3445 5250 pertineant,
3474 5176 3594 5230 haec
3625 5176 3808 5236 semper
3829 5151 3875 5209 ad

2323 5276 2590 5331 eumdem
2611 5275 2708 5347 qui
2726 5273 3138 5329 resurrectione
3158 5271 3382 5327 Domini
3399 5274 3486 5324 est
3502 5261 3875 5335 insigni5.°°°""

2323 5370 2416 5439 rit,
2449 5369 2751 5441 porrigens
2781 5365 3205 5439 quodammodo
3251 5361 3583 5419 auxiliantis
3607 5351 3774 5428 gratia:
3794 5357 3871 5441 nia-

2324 5436 2481 5531 num,
2511 5467 2572 5518 ut
2614 5436 2673 5517 hi
2712 5436 2857 5534 quos
2900 5479 2932 5516 a
2963 5461 3053 5516 die
3088 5459 3335 5526 Paschte,
3374 5462 3477 5512 aut
3511 5447 3743 5510 molestia
3762 5436 3872 5534 tum?

2323 5556 2552 5624 mitatis,
2587 5561 2685 5611 aut
2728 5532 3114 5627 longinquitas
3169 5551 3409 5619 itineris,
3437 5553 3536 5605 aut
3576 5532 3875 5611 navigatio“is

2321 5650 2619 5706 difﬁcultas
2645 5648 2968 5705 interclusit
2995 5630 3221 5715 invitos,
3252 5650 3352 5700 aut
3382 5638 3710 5715 quibuslibet
3733 5636 3871 5723 nec}?

2321 5744 2580 5799 sitatibus
2605 5743 2930 5816 impeditos,
2960 5740 3231 5797 desiderii
3251 5738 3336 5794 sui
3363 5736 3620 5793 effectum
3646 5718 3876 5816 dono

2321 5839 2462 5893 ritus
2485 5838 2658 5892 sancti
2692 5840 3133 5909 consequantur.
3166 5838 3287 5905 Ipse
3315 5830 3476 5887 enim
3503 5820 3785 5897 unigenitus
3807 5810 3873 5863 Det
