4026 6182
115 315 219 367 873

1368 307 1835 367 DECRETALIUM
1878 264 2259 362 consono.

3387 305 3487 359 8Τὶ

112 420 169 474 in
196 420 312 474 ﬁde
339 418 716 484 credentium,
749 422 805 474 et
826 419 882 474 in
910 419 1120 474 virtute
1150 435 1393 492 Operum
1420 419 1641 474 nullam
1669 418 1756 473 in-
1777 427 1836 501 Α
1856 431 1986 469 rens
2013 414 2329 470 remedium
2356 414 2712 481 renascendi,
2734 414 2811 468 sic
2831 413 3005 468 voluit
3031 412 3326 485 baptizari,
3343 413 3487 468 sicut

110 517 199 566 ter
222 530 286 567 se
316 516 374 567 et
421 512 694 583 Spiritum
745 518 1003 567 sanctum
1032 514 1211 568 voluit
1242 529 1361 568 esse
1406 512 1753 580 distantiam,

110 606 249 677 quia
274 607 437 660 nulla
459 612 544 660 est
569 606 867 660 diversitas
893 607 951 661 in
976 612 1197 674 natura,
1216 607 1409 661 dicens
1433 624 1446 660 :
1481 627 1507 655 ‹‹
1536 606 1653 676 Ego
1673 622 1757 659 ro-

110 700 257 770 gabo
285 701 514 754 Patrem
536 704 594 753 et
616 699 792 753 alium
822 701 1178 754 Paracletum
1206 700 1364 755 dabit
1383 699 1561 765 vobis,
1582 703 1648 753 ut
1665 714 1757 753 vo-

108 793 335 847 hiscum
384 793 458 847 sit
501 793 559 847 in
609 797 908 859 aeternum,
954 793 1228 865 Spiritum
1286 792 1537 847 veritatis
1580 792 1751 861 (Joan.

108 902 223 953 xxv,
258 889 349 953 16,
394 887 511 955 t7);
545 907 573 934 ››
606 890 663 941 et
698 886 907 940 iterum
938 903 951 939 :
988 906 1014 937 α
1043 886 1363 941 Paracletus
1402 888 1592 939 autem
1631 885 1750 956 Spi-

106 980 253 1034 ritus
277 996 456 1050 quem
478 980 669 1034 mittet
693 981 858 1035 Pater
884 980 942 1034 in
975 980 1210 1034 nomine
1228 996 1378 1047 meo,
1407 978 1497 1033 ille
1522 995 1623 1033 vos
1652 979 1750 1033 do-

104 1073 258 1127 cebit
291 1073 508 1138 omnia,
542 1077 599 1127 et
624 1078 895 1143 suggeret
934 1072 1199 1127 universa
1240 1088 1600 1143 quaecunque
1641 1072 1754 1127 dixi

104 1166 269 1221 vobis
299 1165 518 1235 (Ibid.);
550 1188 577 1215 »
606 1168 664 1220 et
706 1166 916 1221 iterum
946 1183 958 1221 :
993 1185 1021 1218 α
1053 1167 1196 1222 Cum
1234 1166 1459 1220 venerit
1495 1165 1588 1221 ille
1629 1165 1748 1237 Spi-

106 1261 252 1314 ritus
302 1260 578 1328 veritatis,
607 1260 699 1314 ille
730 1259 938 1331 diriget
965 1276 1062 1314 vos
1092 1259 1151 1314 in
1181 1275 1409 1314 omnem
1453 1259 1751 1314 veritatem

102 1355 284 1421 (Joan.
318 1370 431 1420 xvi,
466 1352 571 1423 t3).
610 1375 637 1402 »
674 1353 816 1408 Cum
844 1353 1034 1425 itaque
1060 1353 1266 1409 veritas
1292 1352 1546 1406 Christus
1573 1356 1677 1421 est,
1697 1358 1753 1408 et

105 1447 346 1519 spiritus
372 1446 625 1501 veritatis
661 1446 903 1518 Spiritus
948 1453 1193 1516 sanctus,
1223 1462 1547 1517 nomenque
1584 1448 1748 1500 Para-

102 1541 236 1595 cleti
270 1541 502 1613 utrique
526 1541 845 1611 proprium,
874 1558 989 1595 non
1015 1540 1291 1596 dissimile
1319 1542 1403 1594 est
1429 1539 1635 1594 festum
1651 1540 1749 1594 ubi

105 1650 287 1688 unum
312 1640 398 1688 est
417 1638 860 1689 sacramentum.
876 1636 989 1689 Hoc
1004 1639 1197 1689 autem
1216 1650 1323 1689 nos
1341 1649 1457 1688 non
1478 1649 1542 1688 ex
1559 1638 1750 1688 nostra

100 1726 476 1796 persuasione
501 1726 828 1791 defendere,
852 1726 950 1781 sed
976 1743 1040 1781 ex
1069 1727 1375 1798 apostolica
1402 1727 1744 1781 auctoritate

1855 509 2035 563 voluit
2081 508 2428 574 circumcidi,
2455 509 2811 579 hostiamque
2855 524 2957 579 pro
2994 524 3050 562 se
3097 507 3489 563 mundationis

1857 602 2070 670 offerri,
2094 607 2156 656 ut
2177 623 2204 651 ‹‹
2229 601 2324 673 qui
2354 602 2531 657 factus
2553 608 2673 656 erat
2699 619 2766 657 ex
2793 601 3031 656 muliere
3061 601 3224 669 (sicut
3246 604 3488 673 Aposto-

1854 697 1942 749 lus
1988 696 2084 766 ait)
2120 695 2285 750 ﬁeret
2326 695 2429 749 sub
2470 695 2597 767 lege
2630 696 2769 761 (Gal.
2799 712 2872 763 ιν,
2905 696 2987 764 4);
3030 716 3057 744 ››
3092 714 3119 746 «
3154 711 3327 766 quam
3366 712 3483 750 non

1853 797 2083 847 venerat
2123 794 2363 859 solvere,
2408 793 2506 847 sed
2553 793 2866 863 adimplere
2898 792 3114 861 (Matth.
3141 809 3194 861 v,
3231 793 3338 863 t7),
3368 813 3395 841 ››
3426 796 3486 847 et

1855 886 2144 957 implendo
2170 886 2358 951 ﬁnire,
2387 885 2531 940 sicut
2554 886 2752 940 beatus
2776 886 3071 957 Apostolus
3094 885 3383 956 praedicat,
3405 886 3486 940 di-

1855 996 1989 1034 cens
2015 996 2028 1034 :
2053 1001 2080 1029 ‹‹
2106 979 2254 1033 Finis
2279 983 2469 1034 autem
2495 979 2637 1049 legis
2659 979 2916 1034 Christus
2938 980 3010 1034 ad
3027 980 3302 1049 justitiam
3324 981 3483 1035 omni

1854 1073 2105 1128 credenti
2139 1073 2305 1142 (Rom.
2353 1090 2408 1140 x,
2442 1072 2517 1142 4).
2563 1094 2590 1121 ››
2640 1072 2908 1143 Baptismi
2946 1080 3134 1127 autem
3182 1073 3269 1128 sui
3317 1073 3376 1129 in
3421 1091 3480 1128 se

1853 1166 2108 1221 condidit
2136 1169 2577 1235 sacramentum,
2607 1166 2743 1238 quia
2768 1166 2827 1221 in
2870 1166 3135 1221 omnibus
3176 1166 3483 1237 primatum

1851 1264 2053 1314 tenens
2082 1275 2139 1313 se
2172 1259 2366 1313 docuit
2400 1276 2519 1314 esse
2561 1259 2927 1331 principium.
2971 1261 3039 1314 Et
3069 1276 3219 1313 nunc
3246 1275 3480 1329 regene-

1852 1351 2045 1426 216
2072 1352 2310 1407 rationis
2342 1352 2660 1424 potentiam
2691 1353 2894 1419 sanxit,
2926 1354 3153 1424 quando
3197 1352 3266 1407 de
3308 1353 3483 1407 latere

1852 1447 2028 1518 ipsius
2056 1447 2341 1501 fluxerunt
2379 1447 2610 1517 sanguis
2636 1446 3065 1517 redemptionis,
3096 1452 3151 1501 et
3192 1463 3339 1517 aqua
3380 1447 3481 1501 ba-

1849 1540 2149 1611 ptismatis.
2191 1541 2344 1595 Sicut
2388 1556 2527 1611 ergo
2556 1541 2726 1595 Vetus
2755 1542 3180 1595 Testamentum
3222 1539 3483 1595 testiﬁca-

1848 1632 1927 1688 tio
1959 1634 2068 1687 fuit
2098 1633 2255 1699 Novi,
2285 1638 2342 1687 et
2376 1633 2461 1688 lex
2494 1650 2598 1705 per
2621 1634 2848 1705 Moysen
2873 1634 3003 1688 data
3030 1638 3133 1699 est,
3168 1634 3348 1705 gratia
3378 1651 3480 1689 au-

1849 1729 1964 1781 tem
1995 1729 2052 1781 et
2077 1726 2284 1782 veritas
2311 1743 2415 1799 per
2449 1729 2640 1781 Jesum
2668 1727 2954 1781 Christum
2982 1727 3129 1781 facta
3156 1732 3260 1795 est,
3287 1727 3367 1781 sic
3393 1727 3480 1782 di-

99 1836 352 1885 servare,
380 1820 514 1873 satis
542 1819 745 1874 idoneo
789 1820 1100 1891 probamus
1143 1821 1399 1900 exemplo
1444 1823 1745 1892 sequentes
1764 1800 1820 1871 Β
1846 1836 2007 1875 versa
2030 1820 2305 1875 sacriﬁcia
2330 1837 2508 1875 unam
2529 1821 2771 1875 hostiam
2798 1820 3162 1891 praeformare
3193 1826 3249 1875 et
3276 1822 3483 1876 multo-

98 1914 341 1967 heatum
366 1914 688 1984 apostolum
712 1915 944 1968 Petrum
970 1914 1069 1985 qui
1090 1914 1149 1968 in
1173 1930 1239 1969 eo
1266 1915 1355 1969 die
1380 1930 1493 1986 quo
1514 1930 1742 1968 omnem

95 2006 466 2060 credentium
498 2022 811 2060 numerum
837 2006 1151 2077 promissus
1188 2006 1425 2078 Spiritus
1450 2006 1626 2061 sancti
1651 2023 1742 2061 re-

95 2099 281 2169 plevit
308 2100 583 2153 adventus
609 2101 786 2153 trium
814 2099 1060 2154 millium
1088 2101 1363 2171 populum
1398 2116 1500 2154 sua
1529 2099 1739 2172 praedi-

93 2192 328 2247 catione
353 2208 705 2259 conversum,
736 2194 956 2247 lavacro
986 2192 1339 2264 baptismatis
1369 2194 1737 2261 consecravit,

92 2285 256 2357 quod
285 2292 479 2340 sancta
504 2286 796 2358 Scriptura
822 2303 952 2359 qua:
979 2288 1371 2358 apostolorum
1391 2291 1548 2342 actus
1568 2286 1741 2342 conti-

93 2385 215 2446 net,
242 2379 402 2433 ﬁdeli
432 2379 665 2435 historia
692 2381 877 2449 docet,
906 2380 1099 2435 dicens
1124 2397 1136 2434 :
1175 2403 1202 2430 u
1234 2381 1329 2435 His
1355 2380 1562 2435 auditis
1583 2397 1735 2435 com-

89 2472 299 2543 puncti
329 2478 461 2529 sunt
507 2473 697 2542 corde,
727 2477 785 2528 et
813 2473 1007 2527 dixere
1037 2474 1108 2528 ad
1138 2475 1387 2540 Petrum,
1419 2477 1476 2527 et
1503 2473 1576 2527 ad
1604 2474 1736 2528 reli-

88 2583 237 2638 quos
266 2568 571 2637 apostolos,
604 2567 740 2638 quid
782 2567 1053 2622 faciemus
1096 2566 1201 2620 viri
1244 2566 1497 2621 fratres?
1538 2567 1737 2621 Petrus

85 2677 226 2715 vero
257 2660 341 2715 ait
364 2661 438 2715 ad
478 2660 625 2727 illos,
654 2659 1072 2733 pcenitentiam,
1102 2660 1307 2731 inquit,
1348 2660 1519 2730 agite,
1556 2666 1612 2715 et
1634 2660 1733 2715 ba-

86 2754 348 2824 ptizetur
370 2754 762 2825 unusquisque
793 2754 852 2808 in
883 2754 1118 2809 nomine
1152 2756 1285 2808 Jesu
1317 2753 1524 2809 Christi
1551 2754 1611 2808 in
1640 2770 1732 2808 re-

85 2847 358 2902 medium
409 2853 791 2919 peccatorum,
822 2851 880 2902 et
910 2847 1198 2919 accipietis
1235 2847 1452 2902 donum
1492 2847 1735 2919 Spiritus

84 2941 312 3006 sancti;
343 2941 501 2994 vobis
540 2941 695 2995 enim
736 2940 1105 3013 repromissio
1141 2945 1246 3007 est,
1278 2946 1336 2996 et
1357 2940 1486 2995 ﬁliis
1515 2941 1730 3009 vestris,

82 3040 139 3088 et
176 3034 449 3088 omnibus
480 3034 579 3106 qui
614 3035 785 3106 longe
811 3040 945 3089 sunt
974 3050 1347 3106 quoscunque
1382 3034 1735 3090 advocaverit

1846 1930 1973 1968 rum
2002 1930 2289 1986 agnorum
2335 1914 2541 1969 occisio
2574 1914 2725 1968 illius
2770 1913 3162 1968 immolatione
3190 1912 3348 1968 ﬁnita
3375 1919 3479 1980 est,

1845 2008 1913 2062 de
1959 2024 2073 2079 quo
2124 2007 2367 2061 dicitur:
2400 2029 2427 2057 «
2456 2009 2594 2062 Ecce
2639 2024 2822 2078 agnus
2864 2007 2985 2076 Dei,
3019 2023 3148 2061 ecce
3198 2007 3298 2077 qui
3338 2007 3481 2062 tollit

1843 2106 2071 2171 peccata
2112 2100 2312 2155 mundi
2348 2101 2517 2170 (Joan.
2550 2117 2588 2169 ι,
2634 2104 2742 2169 29).
2773 2122 2800 2150 ››
2843 2100 2931 2155 Sic
2975 2105 3028 2154 et
3069 2102 3332 2169 Joannes,
3359 2116 3475 2155 non

1842 2194 2116 2261 Christus,
2168 2194 2265 2248 sed
2316 2193 2522 2249 Christi
2580 2194 2859 2265 prtevius;
2911 2210 3024 2248 non
3065 2210 3326 2265 sponsus,
3381 2194 3477 2249 sed

1843 2287 2033 2359 sponsi
2053 2287 2295 2356 amicus,
2318 2288 2425 2343 fuit
2452 2287 2593 2342 adeo
2622 2287 2825 2356 ﬁdelis,
2846 2290 2903 2341 et
2923 2303 3039 2342 non
3069 2303 3171 2341 sua
3192 2303 3474 2358 quaarens,

1839 2381 1938 2436 sed
1966 2398 2095 2452 quae
2121 2383 2251 2435 Jesu
2277 2381 2503 2449 Christi,
2527 2385 2591 2436 ut
2616 2397 2676 2436 se
2717 2381 3080 2452 proﬁteretur
3110 2380 3180 2435 ad
3206 2380 3477 2435 solvenda

1838 2475 2221 2529 calceamenta
2259 2475 2471 2545 pedum
2519 2475 2641 2545 ejus
2687 2474 3013 2544 indignum,
3044 2474 3311 2544 quoniam
3353 2473 3473 2544 ipse

1836 2567 2070 2638 quidem
2094 2567 2411 2638 baptizaret
2424 2568 2481 2621 in
2498 2584 2646 2639 aqua
2664 2567 2729 2621 in
2743 2566 3161 2638 paenitentiam,
3176 2567 3271 2621 ille
3291 2566 3473 2637 bapti-

1836 2665 2061 2716 zaturus
2085 2666 2231 2715 esset
2247 2660 2304 2715 in
2326 2661 2542 2732 Spiritu
2569 2666 2761 2715 sancto
2782 2663 2839 2714 et
2862 2660 3005 2731 igni,
3028 2660 3126 2732 qui
3153 2659 3362 2731 duplici
3377 2676 3471 2730 po-

1834 2756 2035 2808 testate
2077 2758 2133 2807 et
2171 2754 2343 2808 vitam
2389 2753 2674 2821 redderet,
2708 2756 2767 2807 et
2806 2757 3041 2824 peccata
3081 2754 3465 2807 consumeret.

1837 2846 1929 2900 llis
1978 2847 2191 2917 itaque,
2236 2846 2459 2912 fratres,
2506 2850 2589 2901 tot
2633 2847 2916 2917 tantisque
2956 2845 3321 2900 existentibus
3363 2842 3465 2897 do-

1834 2940 2130 3007 cumentis,
2155 2939 2363 3011 quibus
2384 2939 2541 2994 omni
2566 2940 2940 3012 ambiguitate
2961 2939 3221 2993 submota
3245 2934 3467 2991 eviden-

1834 3036 1920 3087 ter
1945 3033 2268 3103 agnoscitis,
2298 3033 2356 3087 in
2387 3032 2745 3105 baptizandis
2790 3032 2980 3087 electis
3023 3031 3118 3103 qui
3148 3028 3462 3085 secundum

81 3127 371 3181 Dominus
404 3128 550 3182 Deus
588 3133 797 3182 noster.
827 3128 964 3181 Aliis
990 3127 1163 3181 etiam
1192 3127 1373 3181 verbis
1399 3126 1730 3182 testiﬁcatus
1750 3166 1804 3241 C
1830 3127 2192 3197 apostolicam
2230 3127 2483 3198 regulam
2515 3130 2573 3181 et
2597 3124 2922 3181 exorcismis
2964 3120 3266 3188 scrutandi,
3297 3127 3354 3176 et
3368 3123 3456 3193 je-

81 3220 505 3241 Δ-ι-..ι.ι..ι....
551 3237 636 3241 ,4-
696 3220 878 3241 j:_-__
909 3237 921 3241 _
956 3219 1263 3241 o-1---...:_:
1306 3237 1328 3241 _
1368 3219 1723 3241 ._-_-_.A1:A_-
1831 3220 1999 3241 :-__::_
2033 3219 2414 3241 --_AAZ"!-__.J2
2462 3224 2510 3241 ,Α
2537 3215 3072 3241 Δ..-..---..ιξι.---οηηι
3098 3214 3421 3241 ενι-,κυκληιειι

75 3220 506 3274 exhortabatur
544 3237 659 3288 eos,
688 3220 880 3275 dicens
909 3237 921 3273 :
956 3219 1268 3275 Salvamini
1302 3237 1335 3273 a
1364 3219 1728 3291 generatione
1751 3214 1804 3241 υ
1823 3220 2002 3290 juniis
2030 3219 2438 3287 sanctiﬁcandi,
2456 3224 2512 3274 et
2536 3219 2926 3290 frequentibus
2944 3215 3075 3265 sunt
3098 3214 3456 3282 prmdicatio-

73 3315 193 3367 ista
218 3329 416 3384 prava.
442 3315 545 3379 Qui
573 3330 712 3385 ergo
744 3318 1084 3385 receperunt
1113 3330 1439 3368 sermonem
1478 3314 1601 3384 ejus
1625 3314 1728 3368 ba-

70 3407 288 3477 ptizati
326 3413 475 3475 sunt,
506 3413 563 3463 et
586 3407 858 3479 appositae
887 3409 1019 3461 sunt
1044 3407 1103 3460 in
1132 3406 1231 3461 illa
1265 3407 1358 3461 die
1383 3406 1589 3461 animas
1616 3407 1726 3461 cir-

69 3501 231 3555 citer
257 3499 372 3555 tria
408 3501 584 3555 millia
612 3501 751 3567 (Act.
783 3516 840 3567 ιι,
870 3499 1075 3570 37-41).
1109 3521 1136 3549 ››
1168 3500 1326 3555 Unde
1368 3500 1504 3571 quia
1538 3500 1724 3555 mani-

71 3592 400 3647 festissime
430 3597 585 3665 patet
608 3593 962 3664 baptizandis
999 3593 1056 3647 in
1101 3594 1345 3648 Ecclesia
1383 3592 1573 3648 electis
1606 3594 1727 3649 hazc

69 3688 205 3742 duo
231 3693 514 3757 tempora,
535 3687 605 3741 de
632 3686 840 3758 quibus
864 3686 1039 3742 locuti
1060 3703 1275 3755 sumus,
1299 3704 1421 3741 esse
1445 3687 1724 3759 legitima,

68 3780 459 3835 dilectionem
502 3784 745 3835 vestram
786 3796 1108 3848 monemus,
1138 3783 1200 3834 ut
1223 3781 1409 3835 nullos
1441 3780 1578 3835 alios
1607 3780 1727 3835 dies

71 3873 218 3928 huic
242 3874 615 3929 observantiae
641 3872 941 3928 misceatis.
978 3873 1122 3937 Quia
1147 3878 1203 3928 et
1230 3874 1276 3927 si
1303 3878 1435 3928 sunt
1459 3874 1569 3929 alia
1587 3890 1727 3945 quo-

66 3984 197 4039 que
240 3968 392 4021 festa
418 3966 623 4037 quibus
648 3967 827 4021 multa
851 3967 911 4020 in
938 3966 1216 4021 honorem
1257 3967 1359 4021 Dei
1405 3967 1726 4022 reverentia

66 4061 379 4127 debeatur,
407 4060 739 4131 principalis
782 4066 977 4115 tamen
1006 4063 1065 4115 et
1102 4060 1339 4114 maximi
1382 4062 1724 4115 sacramenti

62 4153 459 4208 custodienda
513 4153 674 4207 nobis
721 4155 976 4225 mystica
1022 4154 1258 4209 rationis
1297 4154 1568 4225 exceptio,
1607 4171 1724 4209 non

64 4246 392 4302 interdicta
408 4247 639 4301 licentia
665 4263 778 4318 qua
807 4248 865 4301 in
897 4248 1179 4319 baptismo
1204 4247 1508 4303 tribuendo
1536 4247 1721 4318 quoli-

60 4346 173 4395 bet
218 4346 478 4410 tempore
514 4339 964 4410 periclitantibus
990 4341 1337 4395 subvenitur.
1365 4342 1446 4395 Ita
1472 4340 1628 4394 enim
1652 4342 1721 4395 ad

1828 3313 1997 3368 nibus
2021 3313 2339 3380 imbuendi,
2368 3313 2478 3367 duo
2510 3317 2733 3367 tantum
2758 3317 3029 3373 ιεωρονει,
3051 3304 3106 3359 id
3134 3309 3216 3359 est
3241 3308 3453 3363 Pascha

1830 3412 1885 3462 et
1905 3408 2289 3473 Pentecosten,
2318 3422 2439 3460 esse
2467 3406 2750 3460 servandz-
2782 3396 2895 3449 HOC
2918 3401 3118 3451 vestra?
3146 3398 3450 3455 indicimus

1829 3500 2112 3563 Chal-uati,
2132 3503 2195 3554 ut
2217 3498 2533 3571 apostolicis
2560 3487 2819 3553 inccitutis
2848 3488 3005 3543 nullo
3037 3491 3276 3545 ulterius
3295 3509 3449 3548 rece-

1828 3593 1973 3648 datis
1999 3609 2251 3648 excessu.
2279 3593 2420 3657 Quia
2444 3591 2679 3647 mu’mm
2704 3585 2830 3651 post
2848 3581 2971 3635 haec
2998 3599 3119 3638 esse
3150 3601 3264 3639 non
3290 3590 3447 3657 pote-

1828 3687 1921 3751 rit,
1950 3686 1994 3740 si
2021 3686 2318 3757 quisquam
2353 3671 2674 3756 apmtolicas
2706 3676 2935 3745 regulas
2963 3676 3021 3731 in
3049 3678 3238 3749 aliquo
3263 3680 3440 3735 credi-

1826 3781 1975 3834 derit
1999 3779 2372 3850 negligenda,
2388 3764 2573 3828 Quare
2605 3766 2740 3821 illud
2768 3768 3033 3839 primitus
3064 3787 3165 3841 pro
3191 3774 3439 3828 custodia

1826 3857 2510 3928 concordissimwnitatis
2523 3859 2824 3931 exigimus,
2838 3867 2902 3917 ut
2917 3863 3051 3933 quia
3063 3865 3143 3917 sal
3153 3865 3438 3922 uberrime

1824 3985 1854 4021 ε
1880 3967 2088 4021 sanctis
2108 3948 2348 4023 paribus
2375 3952 2744 4007 constitutum
2766 3959 2850 4008 est
2868 3955 3031 4011 binos
3053 3958 3110 4011 in
3130 3959 3297 4013 annis
3323 3961 3438 4031 epi-

1824 4041 2320 4132 scopoml,«lebere
2332 4059 2449 4099 esse
2461 4061 2672 4100 conven
2682 4049 2944 4114 tus,terni
2956 4066 3185 4121 semper
3200 4069 3268 4107 ex
3280 4054 3436 4109 vobis

1826 4155 1895 4209 ad
1914 4155 2041 4210 diea
2061 4135 2295 4190 tertium
2317 4137 2700 4194 Kalendarum
2719 4141 3046 4197 Octobrium
3068 4145 3306 4200 Romam
3327 4148 3434 4202 fra-

1824 4244 1962 4303 ιειηδ
1988 4227 2223 4282 concilio
2249 4229 2501 4285 sociandi
2525 4239 2848 4304 occurrant,
2874 4241 2931 4290 et
2950 4236 3433 4295 indissimulanter

1827 4319 2009 4373 .vobis
2026 4321 2145 4375 haec
2165 4324 2519 4379 consuetudo
2538 4331 2810 4383 servetur.
2831 4330 3106 4393 Quoniam
3130 4333 3429 4404 adjuvante

62 4438 184 4489 has
202 4433 347 4488 duas
369 4433 702 4488 festivitates
715 4450 995 4488 connexus
1022 4434 1251 4489 sibimet
1263 4437 1434 4506 atque
1451 4439 1723 4506 cognatas
1797 4412 1990 4506 gratia
2018 4414 2114 4467 Dei
2152 4415 2372 4470 facilius
2416 4420 2624 4487 poterit
2668 4422 2971 4491 provideri,
2999 4427 3064 4478 ut
3089 4424 3147 4479 in
3179 4428 3429 4482 ecclesiis

58 4526 483 4593 incolumium,
508 4531 565 4580 et
594 4526 652 4580 in
678 4527 831 4597 pacis
856 4528 1158 4582 securitate
1185 4504 1517 4600 degehtium
1534 4504 1692 4582 ἰίδρά
1710 4510 1769 4581 D
1792 4504 1995 4559 Christi
2025 4507 2179 4561 nulla
2206 4510 2493 4578 scandala,
2527 4512 2671 4566 nulli
2699 4518 3003 4568 nascantur
3030 4533 3273 4585 errores,
3294 4535 3423 4573 cum

57 4626 211 4675 vota
238 4619 579 4687 differimus,
610 4625 673 4675 ut
700 4620 757 4673 in
789 4621 988 4675 mortis
1016 4621 1291 4693 periculo,
1323 4621 1381 4675 in
1415 4613 1695 4676 obsidoms

56 4712 436 4780 discrimine,
456 4712 515 4767 in
537 4714 954 4784 persecutionis
980 4714 1274 4784 angustiis,
1290 4715 1347 4769 in
1362 4703 1537 4792 timre
1554 4705 1694 4795 ηδιξ·

52 4806 449 4877 fragii,nullo
470 4810 730 4878 tempore
752 4807 858 4862 hoc
878 4824 1025 4862 verae
1050 4808 1245 4862 salutis
1272 4824 1393 4863 rem
1404 4798 1562 4887 ‘3‘"?
1581 4800 1691 4887 (ξξλν

46 4916 255 4973 quam
281 4876 654 4970 denegemus.
673 4901 730 4957 Si
749 4901 877 4972 quis
895 4907 1086 4956 autem
1108 4890 1408 4973 Epiphrm
1429 4876 1693 4973 ἷθεξίνίῑῖι·

52 5001 201 5050 tem
226 5009 359 5065 qua:
381 4994 440 5047 in
469 5010 572 5049 suo
601 4993 801 5048 ordine
836 4994 1025 5049 debito
1054 4996 1237 5049 bonor
1258 4970 1582 5074 Ῡξθυθτίξξιάδ
1609 4977 1691 5074 θξΐ

48 5090 145 5145 ob
167 5062 285 5141 hoc
302 5087 547 5141 aasﬁmat
571 5087 935 5158 privilegium
958 5062 1537 5166 haber'ﬂapti‘s‘maﬁsv
1556 5064 1688 5134 (Ιιιίθ

48 5187 191 5237 hoc
205 5179 447 5252 quidam
472 5152 670 5235 dicunt
697 5152 850 5251 quod
867 5181 928 5235 in
952 5168 1120 5258 ead‘fl
1142 5152 1236 5257 diei
1254 5154 1687 5258 39-131)“me

48 5274 360 5329 Dominus
384 5274 564 5329 sancti
588 5274 820 5330 Joannis
849 5248 1131 5330 acce’em’
1163 5252 1300 5301 “lat
1324 5248 1472 5302 ¹¹¹¹⁰⁸
1495 5248 1682 5321 bapti'

42 5368 183 5424 smi
197 5366 372 5422 aliam
388 5367 657 5437 gratiam,
673 5367 842 5423 aliam
858 5353 990 5423 f'"sse
1008 5338 1316 5441 minii"?!
1331 5358 1434 5396 nec
1446 5342 1518 5396 ad
1535 5359 1686 5398 eam-

42 5465 207 5517 clem
230 5432 577 5533 pertinuisse
604 5432 852 5533 virtute?
869 5447 985 5533 flua
1010 5432 1405 5533 ΡθΓΑδΡίτίῖυω
1425 5442 1681 5491 δειλοίυηὶ

46 5522 482 5620 Γεῃδὲοιιηιαιι,
500 5555 569 5608 de
590 5554 755 5625 quihy
778 5522 1023 5578 dieitur:
1047 5543 1074 5575 α
1097 5524 1205 5588 Qui
1232 5542 1349 5581 non
1372 5543 1440 5582 ex
1459 5530 1684 5600 sangui-

50 5649 276 5714 nibus’
304 5618 492 5718 “qm,
513 5663 579 5703 ex
604 5618 848 5700 ;‘,.ntate
877 5618 1083 5685 carnis,
1101 5635 1285 5690 neque
1311 5636 1375 5674 ex
1397 5622 1680 5678 voluntate

38 5741 207 5808 Viri,
238 5709 343 5795 εξθά
383 5709 449 5795 ἐκ
486 5709 718 5797 θεοιιειῑὶ
767 5715 901 5765 sunt
928 5711 1106 5782 (Joan.
1137 5728 1175 5779 ι,
1210 5716 1313 5783 13).
1345 5736 1371 5763 ιι
1405 5714 1681 5771 Dominus

31 5804 233 5894 "nan
269 5835 482 5893 nullius
519 5804 745 5877 ;digens
770 5804 1102 5861 remissione
1130 5808 1367 5881 peccati,
1398 5825 1502 5864 nec
1529 5826 1678 5884 quae-

1794 4614 1983 4652 coram
2014 4599 2342 4655 beatissimo
2371 4604 2623 4673 apostolo
2648 4606 2812 4659 Petro
2838 4623 3062 4678 semper
3082 4609 3139 4663 in
3166 4626 3422 4666 commu-

1792 4690 1963 4746 nione
1992 4695 2291 4747 tractatum
2319 4694 2509 4761 fuerit,
2531 4699 2592 4750 ut
2613 4698 2805 4752 omnia
2830 4699 3088 4755 instituta
3115 4718 3425 4759 canonum-

1792 4802 1901 4857 que
1919 4785 2136 4841 decreta
2160 4787 2313 4858 apud
2336 4804 2539 4843 omnes
2567 4790 2788 4844 Domini
2805 4792 3131 4849 sacerdotes
3155 4796 3422 4853 inviolata

1791 4885 2186 4949 permaneant.
2215 4882 2342 4935 Haec
2386 4885 2578 4938 autem
2610 4900 2738 4955 quas
2765 4886 2920 4940 vobis
2958 4887 3269 4959 inspirante
3311 4893 3417 4948 Do-

1789 4972 1946 5027 mino
1971 4973 2313 5029 insinuanda
2343 4976 2703 5045 credidimus,
2730 4995 2833 5049 per
2846 4979 3050 5036 fratres
3064 4987 3121 5037 et
3139 4985 3421 5056 coepisco-

1788 5082 1892 5136 pos
1920 5071 2133 5121 nostros
2158 5068 2472 5124 Bachillum
2504 5074 2676 5142 atque
2708 5073 3068 5129 Paschasium
3090 5078 3159 5131 ad
3175 5083 3415 5134 vestram

1787 5160 2048 5214 volumus
2091 5162 2358 5217 notitiam
2415 5165 2732 5234 pervenire.
2786 5167 3002 5230 Quibus
3040 5170 3417 5227 referentibus

1784 5270 2158 5324 agnoscamus
2205 5272 2378 5326 quam
2426 5263 2752 5315 reverenter
2797 5276 2829 5314 a
2872 5262 3035 5316 vobis
3090 5265 3414 5335 apostolicae

1785 5346 1936 5400 sedis
1962 5347 2222 5403 instituta
2246 5355 2563 5406 serventur.

1786 5461 1958 5517 LXIII».
1990 5494 2056 5503 —-
2081 5465 2171 5520 Ad
2212 5467 2480 5538 episcopos
2518 5483 2619 5539 per
2659 5470 2834 5526 Italia:
2867 5474 3179 5542 provincias
3213 5476 3408 5528 consti-

2513 5544 2674 5595 tutos.

1853 5625 1964 5683 Leo
2002 5628 2279 5684 universis
2304 5630 2578 5704 episcopis
2604 5649 2708 5704 per
2735 5634 2903 5689 Italia:
2929 5635 3244 5705 provincias
3274 5653 3406 5692 con-

1780 5719 1987 5775 stitutis
2018 5721 2078 5776 in
2109 5723 2343 5779 Domino
2370 5727 2630 5782 salutem.

1852 5814 1910 5870 In
1953 5816 2299 5872 consortium
2339 5834 2437 5874 vos
2484 5824 2687 5874 nostra:
2730 5815 3140 5883 sollicitudinis.
3170 5824 3412 5881 dilectis-
