4026 6182
624 268 724 321 87Ξὶ

1515 270 1793 323 APPEND.
1838 269 1922 321 Al)
2162 266 2249 320 Ix.

2382 266 2620 319 ismonl
2665 264 3089 320 MERCATORIS
3788 254 3863 333 eis

629 376 754 431 simi
784 379 1006 442 fratres,
1037 376 1393 440 advocamus,
1424 381 1486 429 ut
1530 372 1821 446 vigilantia
1864 373 2146 445 pastorali,
2176 390 2248 428 ne
2272 385 2331 458 Α
2352 372 2596 426 stionum
2644 372 2952 427 titubantia
2989 373 3231 428 fratrum
3278 376 3437 430 corda
3481 377 3656 447 spiritu
3691 381 3769 436 Dei
3804 384 3865 437 in-

622 469 756 539 quid
784 468 1067 523 diabolica:
1096 469 1266 524 licere
1310 469 1483 540 possit
1520 468 1763 537 astutiae,
1793 466 2107 523 commissis
2150 484 2247 520 vo-

623 564 705 618 bis
735 563 1006 635 gregibus
1033 562 1360 635 diligentius
1386 563 1706 629 consulatis,
1734 577 1806 617 ne
1827 562 1873 616 is
1901 561 2000 632 qui
2026 560 2247 615 Domini

623 656 1010 712 misericordia
1037 658 1320 711 revelante
1347 672 1448 728 per
1473 660 1725 710 nostram
1755 671 1953 709 curam
1979 671 2012 707 a
2044 654 2249 708 nostris

622 750 820 804 ovibus
845 750 1083 805 morbus
1119 749 1401 821 abjicitur,
1437 748 1681 803 necdum
1710 747 1865 802 vobis
1900 746 2250 817 praemonitis

621 848 677 899 et
701 844 886 899 adhuc
912 844 1049 915 quid
1075 847 1275 915 agatur
1311 843 1542 915 ignaris,
1569 858 1673 913 per
1699 845 1912 895 vestras
1942 858 2001 893 se
2033 841 2245 911 disper-

624 942 719 1003 gat
756 938 1039 1005 ecclesias,
1072 941 1129 993 et
1156 953 1389 992 suarum
1420 936 1617 991 furtim
1668 935 1958 989 cuniculos
1997 933 2249 989 inveniat

624 1032 992 1098 latebrarum,
1019 1035 1085 1087 ut
1110 1032 1263 1103 quod
1300 1048 1334 1084 a
1373 1029 1537 1084 nobis
1562 1030 1620 1083 in
1664 1029 1805 1082 urbe
1847 1027 2245 1098 exstinguitur,

626 1125 941 1181 tenebrosis
981 1125 1134 1196 apud
1166 1141 1261 1179 vos
1291 1123 1572 1178 radicibus
1604 1122 1936 1177 seminatur.
1972 1120 2250 1175 Plurimos

624 1218 929 1290 impietatis
957 1219 1283 1273 Manichm
1324 1234 1593 1288 sequaces
1622 1217 1881 1271 doctores
1905 1214 1963 1268 in
1992 1214 2134 1267 urbe
2160 1213 2244 1266 in-

622 1313 920 1385 vestigatio
952 1316 1146 1367 nostra
1192 1312 1422 1384 reperit,
1459 1310 1749 1382 vigilantia
1792 1308 2118 1380 divulgavit,
2149 1324 2248 1360 au-

621 1407 849 1462 ctoritas
889 1410 947 1460 et
975 1423 1215 1461 censura
1259 1405 1524 1472 coercuit,
1555 1421 1694 1475 quos
1722 1402 2013 1475 potuimus
2050 1417 2247 1455 emen-

621 1500 777 1567 dare,
805 1500 1170 1565 correximus,
1193 1502 1249 1553 et
1271 1503 1335 1554 ut
1360 1499 1701 1553 damnarent
1724 1496 2095 1553 Manichaeum
2124 1512 2253 1548 cum

622 1592 1127 1664 praedicationibus
1154 1596 1212 1646 et
1231 1591 1522 1661 discipulis
1538 1590 1674 1657 suis,
1698 1590 1922 1661 publica
1942 1588 2000 1642 in
2022 1587 2254 1643 ecclesia

624 1686 980 1742 confessione
1009 1692 1066 1741 et
1108 1702 1313 1740 manus
1358 1702 1473 1739 sua:
1518 1683 1929 1756 subscriptione
1973 1680 2249 1752 compuli-

625 1798 770 1847 mus,
813 1784 869 1835 et
911 1780 992 1835 ita
1040 1780 1109 1834 de
1149 1779 1421 1850 voragine
1464 1777 1773 1849 impietatis
1817 1793 1933 1830 sua:
1968 1755 2330 1829 confessosB

626 1873 1009 1945 paenitentiam
1057 1872 1423 1928 concedendo
1452 1872 1782 1927 levavimus.
1812 1869 2094 1941 Aliquanti
2120 1884 2253 1923 vero

622 1968 718 2040 qui
758 1967 834 2021 ita
873 1984 932 2022 se
975 1968 1389 2035 demerserant,
1420 1969 1485 2021 ut
1529 1966 1750 2020 nullum
1796 1964 1887 2019 his
1930 1962 2254 2018 auxiliantis

624 2066 813 2131 posset
835 2060 1110 2116 auxilium
1131 2060 1432 2114 subvenire
1462 2059 1676 2114 subditi
1696 2058 1919 2129 legibus
1944 2057 2255 2111 secundum

624 2155 1079 2210 Christianorum
1126 2153 1451 2225 principum
1503 2152 1830 2218 constituta,
1879 2168 1950 2204 ne
1996 2152 2253 2204 sanctum

625 2265 860 2320 gregem
922 2263 1020 2302 sua
1081 2247 1419 2317 contagione
1484 2246 1795 2316 polluerent
1848 2260 1948 2315 per
2001 2243 2254 2315 publicos

620 2342 841 2411 judices
859 2345 1137 2414 perpetuo
1168 2347 1301 2395 sunt
1326 2339 1521 2394 exsilio
1543 2338 1801 2410 relegati.
1826 2339 1893 2393 Et
1911 2337 2107 2392 omnia
2126 2354 2255 2408 qua:

628 2442 745 2491 tam
790 2437 846 2490 in
891 2435 1191 2507 Scripturis
1240 2450 1415 2505 quam
1461 2433 1519 2488 in
1571 2432 1803 2488 occultis
1863 2430 2256 2487 traditionibus

627 2529 741 2583 suis
783 2529 994 2585 habent
1038 2529 1278 2600 profana
1314 2528 1399 2581 vel
1439 2526 1647 2599 turpia,
1676 2530 1741 2580 ut
1782 2530 1972 2580 nosset
2013 2524 2257 2595 populus

626 2624 765 2693 quid
798 2623 1081 2693 refugeret
1115 2624 1215 2677 aut
1240 2621 1459 2689 vitaret,
1488 2619 1664 2675 oculis
1700 2618 2032 2676 Christianae
2071 2616 2257 2689 plebis

631 2720 783 2771 certa
816 2716 1272 2771 manifestatione
1315 2713 1701 2786 probavimus,
1734 2713 1875 2767 adeo
1916 2714 1982 2765 ut
2009 2711 2129 2780 ipse
2159 2710 2255 2781 qui

634 2824 829 2863 eorum
862 2809 1158 2863 dicebatur
1185 2808 1484 2879 episcOpus
1513 2824 1546 2862 a
1577 2806 1737 2860 nobis
1768 2807 1955 2861 tentus
1995 2804 2257 2875 proderet

637 2899 909 2971 ttagitiOsa
933 2902 990 2956 in
1013 2902 1127 2956 suis
1154 2901 1437 2972 mysteriis
1467 2917 1595 2971 quae
1618 2902 1859 2968 teneret,
1889 2898 2034 2953 sicut
2065 2900 2253 2969 gesto-

642 3010 766 3048 rum
813 3007 907 3044 vos
947 2994 1117 3048 series
1163 2997 1350 3065 potest
1396 2993 1651 3059 edocere,
1699 2993 1771 3046 ad
1819 2991 2254 3046 instructionem

639 3086 792 3140 enim
826 3085 1070 3138 vestram
1103 3087 1277 3141 etiam
1318 3087 1426 3141 ista
1460 3086 1794 3149 direximus,
1827 3085 2033 3157 quibus
2072 3085 2254 3150 lectis,

641 3178 838 3233 υιηιιὶδ
873 3192 997 3247 qua:
1026 3191 1059 3227 a
1086 3180 1239 3235 nobis
1272 3180 1627 3251 deprehensa
1662 3184 1813 3248 sunt,
1852 3195 2015 3233 nosse
2056 3176 2262 3249 poteri-

646 3274 733 3327 tis.
764 3272 830 3327 Et
871 3269 1005 3340 quia
1031 3266 1341 3337 aliquantos
1378 3273 1448 3326 de
1487 3273 1574 3327 his
1613 3289 1757 3344 quos
1796 3288 1867 3327 ne
1906 3272 2260 3327 absolveren-

643 3372 751 3435 tur,
774 3363 982 3420 arctior
1000 3363 1188 3416 reatus
1211 3357 1531 3436 involverat,
1555 3366 1926 3439 cognovimus
1948 3364 2257 3437 aufugisse,

648 3463 792 3514 hanc
833 3458 907 3512 ad
953 3452 1318 3511 dilectionem
1370 3464 1601 3515 Vtstram
1654 3460 1952 3531 epistolam
1998 3459 2260 3514 misimus

647 3570 750 3625 l’el'
773 3550 1103 3621 343°13’th
1142 3549 1422 3607 nostrum,
1448 3553 1726 3609 u‘seffecta
1752 3553 1964 3608 certior
1998 3553 2262 3607 sanctitas

649 3650 831 3701 vestra
867 3641 1156 3699 sollicitius
1191 3654 1363 3710 agere
1394 3635 1649 3706 dignetur
1674 3652 1729 3702 et
1767 3648 2005 3715 cautius,
2037 3663 2139 3701 nec
2164 3646 2260 3701 ubi

650 3739 971 3796 Manichaee:
1010 3732 1394 3807 perversitatis
1423 3727 1684 3784 homines
1703 3741 1899 3805 plebes
1928 3745 2140 3795 vestras
2174 3739 2258 3793 fa-

652 3835 919 3890 cultatem
942 3827 1185 3885 laedendi
1207 3831 1264 3882 et
1286 3824 1456 3895 hujus
1477 3818 1983 3890 sacrilegiiqossim
2007 3834 2261 3888 invenire

653 3930 926 3983 doctores.
965 3924 1140 3979 Aliter
1178 3920 1333 3975 enim
1373 3915 1536 3972 nobis
1567 3910 1880 3975 commissa;
1914 3944 2113 3998 regem
2146 3944 2260 3980 non

658 4036 974 4093 possumus,
1001 4016 1109 4072 nisi
1150 4015 1254 4068 hos
1300 4013 1398 4083 qui
1438 4012 1574 4063 sunt
1613 4005 1934 4077 perditores
1956 4024 2012 4074 et
2054 4020 2259 4091 perditi

658 4118 773 4170 zelo
806 4113 935 4169 ﬁdei
960 4108 1275 4165 Dominicae
1303 4116 1732 4177 persequamur,
1761 4101 1819 4152 et
1842 4114 1875 4150 a
1903 4113 2026 4149 san.
2061 4113 2261 4168 menti-

662 4211 785 4277 bus,
816 4222 885 4261 ne
914 4204 1084 4276 pestis
1107 4201 1271 4256 latius
1311 4198 1634 4267 divulgetur
1676 4190 1969 4247 severitate
2009 4203 2258 4263 ᾳιιμοοδ,

663 4316 855 4354 sumus
890 4295 1305 4352 abscindamus.
1351 4289 1512 4344 Unde
1560 4287 1763 4340 hortor
1806 4280 2161 4336 dilectionem
2203 4317 2260 4347 ιη,

2349 466 2618 521 stituente
2659 466 3046 534 solidavimus,
3090 469 3457 539 responsionis
3497 470 3703 527 formam
3730 477 3794 529 vel
3823 494 3866 530 ex

2351 564 2677 614 sanctarum
2739 561 3165 632 Scripturarum
3227 562 3542 634 disciplinis,
3582 566 3656 620 vel
3710 585 3758 621 ex
3797 570 3866 623 Pa-

2352 661 2502 713 trum
2562 652 2775 727 regulis
2831 655 3180 726 colligentes.
3240 656 3349 711 Sed
3395 673 3561 728 nuper
3606 659 3657 712 in
3712 664 3868 731 synodo

2349 768 2558 806 novum
2615 755 2670 805 et
2719 748 3041 804 inauditum
3100 752 3269 804 antea
3315 766 3485 821 genus
3530 752 3869 809 consultationis

2350 849 2615 900 exortum
2643 847 2747 898 est.
2776 844 2917 897 Nam
2943 842 3317 914 quorumdam
3342 844 3563 898 fratrum
3596 848 3869 917 suggestione

2350 938 2733 1010 comperimus
2776 937 2993 1007 aliquos
3037 937 3392 1008 captivorum
3419 938 3487 992 ad
3525 938 3669 992 sedes
3699 956 3797 993 suas
3827 944 3868 994 Ii-

2348 1033 2743 1102 bertatemque
2773 1030 3096 1099 redeuntes,
3131 1031 3230 1102 qui
3270 1030 3472 1085 scilicet
3503 1031 3557 1084 in
3582 1032 3867 1102 captivitatem

2350 1126 2442 1180 illa
2472 1129 2640 1179 astate
2684 1123 3046 1195 pervenerint
3082 1140 3210 1195 quin
3250 1124 3457 1178 nullius
3483 1124 3556 1178 rei
3597 1126 3775 1179 ﬁrmam
3802 1144 3867 1197 p0-

2352 1219 2523 1273 tuerit
2539 1218 2749 1272 habere
2771 1216 3053 1283 notitiam,
3081 1218 3396 1272 remedium
3417 1218 3633 1288 quidem
3649 1218 3868 1290 implorare

2349 1311 2639 1382 baptismi.
2686 1311 2794 1366 Sed
2842 1316 3033 1365 utrum
3079 1311 3333 1380 ejusdem
3366 1310 3593 1365 remedii
3617 1317 3724 1365 ante
3748 1330 3871 1365 sacra~
3960 1308 3961 1313 “

2352 1410 2545 1460 menta
2589 1404 2965 1476 perceperint,
3009 1404 3271 1459 infantiae
3321 1404 3606 1460 inscientia
3640 1421 3731 1458 non
3766 1422 3871 1475 posse

2350 1498 2660 1565 reminisci,
2705 1503 2763 1553 et
2808 1498 2936 1553 ideo
2983 1498 3085 1552 sub
3134 1498 3242 1553 hoc
3296 1499 3518 1554 latentis
3570 1500 3872 1554 recordationis

2351 1593 2571 1647 incerto
2598 1592 2818 1646 animas
2852 1608 2977 1646 suas
3011 1592 3069 1645 in
3113 1591 3420 1646 discrimen
3468 1592 3653 1647 adduci
3689 1592 3791 1645 dum
3809 1593 3871 1645 sub

2354 1686 2540 1758 specie
2580 1685 2860 1740 cautionis
2893 1689 3137 1756 negatur
3174 1685 3264 1740 his
3296 1685 3495 1757 gratia,
3523 1702 3639 1756 quae
3675 1685 3772 1740 ideo
3803 1703 3872 1738 non

2354 1778 2726 1850 impenditur,
2755 1779 2887 1850 quia
2918 1782 3150 1849 putatur
3185 1779 3463 1850 impensa.
3492 1780 3617 1833 Cum
3652 1779 3795 1848 itaque
3813 1780 3871 1831 tri-

2354 1874 2531 1927 buere
2578 1872 2783 1927 talibus
2827 1871 3104 1926 Dominici
3167 1876 3519 1927 sacramenta
3561 1872 3771 1943 mysterii
3805 1889 3875 1924 non

2355 1966 2645 2021 immerito
2667 1966 3041 2037 quorumdam
3068 1966 3309 2020 fratrum
3336 1965 3574 2020 formido
3593 1965 3825 2028 dubitaret,
3840 1966 3873 2016 in

2356 2058 2631 2129 synodali,
2676 2063 2741 2113 ut
2786 2058 3050 2125 diximus,
3098 2061 3246 2113 coetu
3293 2058 3537 2113 formam
3587 2057 3875 2128 hujuscemodi

2356 2152 2779 2206 consultationis
2815 2151 3155 2222 accepimus.
3188 2152 3377 2216 Quam
3403 2152 3700 2223 diligentius
3728 2151 3876 2215 discuti,

2357 2252 2414 2300 et
2446 2262 2548 2317 pro
2593 2244 3037 2315 uniuscujusque
3086 2262 3256 2300 sensu
3298 2246 3539 2301 sollicita
3575 2244 3797 2300 voluimus
3826 2258 3877 2295 ra-

2355 2339 2507 2395 tione
2549 2338 2794 2405 tractari,
2835 2339 2989 2410 quod
3027 2338 3099 2393 ad
3141 2340 3445 2394 veritatem
3486 2338 3715 2394 adhibita
3738 2337 3879 2405 cogita.

2355 2435 2510 2489 tione
2541 2433 2857 2487 multorum
2884 2432 3094 2487 certius
3120 2433 3420 2502 pervenire
3451 2448 3727 2504 possemus.
3746 2430 3881 2484 Eadem

2359 2543 2497 2597 ergo
2537 2543 2664 2598 quae
2700 2525 2759 2580 in
2802 2542 3030 2580 sensum
3075 2531 3345 2581 nostrum
3383 2527 3567 2581 divina
3606 2524 3881 2596 inSpiratiune:
3960 2546 3961 2549 η

2356 2636 2584 2687 venere,
2624 2621 2895 2690 frequens
2927 2618 3097 2674 etiam
3140 2620 3386 2674 fratrum
3433 2619 3659 2674 ﬁrmavit
3691 2617 3881 2671 assensio.

2359 2711 2620 2783 Inprimis
2661 2711 2855 2783 itaque
2894 2712 3197 2783 providere
3246 2712 3543 2779 debemus,
3570 2729 3633 2766 ne
3670 2712 3777 2764 dum
3804 2726 3881 2776 spc-

2356 2805 2500 2860 ciem
2536 2797 2846 2876 quamdam
2878 2806 3155 2860 cautionis
3196 2810 3482 2873 tenemus,
3510 2807 3748 2860 damnum
3779 2816 3883 2867 rege-

2357 2899 2745 2954 nerandarum
2791 2898 3111 2954 incidamus
3153 2900 3505 2955 animarum.
3546 2900 3665 2964 Quis
3700 2898 3814 2952 enim
3843 2896 3885 2945 ita

2357 2993 2430 3047 sit
2455 2993 2928 3065 suspicationibus
2969 2994 3083 3048 suis
3128 2994 3380 3063 deditus,
3415 2999 3478 3049 ut
3501 3010 3680 3048 verum
3715 3006 3804 3044 esse
3828 2988 3887 3039 de-

2359 3086 2536 3153 finiat,
2568 3087 2718 3157 quod
2762 3087 2918 3141 omni
2961 3088 3434 3143 manifestatione
3478 3089 3706 3142 cessante
3739 3101 3788 3137 ex
3809 3079 3887 3150 upi-

2362 3180 2530 3234 nione
2556 3180 2827 3251 ambigua
2853 3182 3210 3252 suspicatur?
3240 3182 3390 3237 Cum
3418 3182 3601 3253 itaque
3634 3177 3886 3249 baptizatum

2361 3290 2439 3339 se,
2456 3289 2557 3327 nec
2572 3274 2668 3327 ille
2684 3274 3016 3329 recordetur
3029 3275 3128 3345 qui
3149 3274 3602 3345 regenerationis
3619 3278 3694 3327 est
3708 3268 3887 3341 cupidus.

2360 3384 2464 3422 nec
2489 3368 2631 3422 alter
2656 3368 2911 3422 attestari
2955 3368 3025 3422 de
3064 3385 3132 3423 eo
3160 3369 3361 3439 possit,
3394 3368 3545 3441 quod
3587 3365 3781 3429 nesciat,
3801 3376 3886 3414 con-

2362 3464 2647 3516 secratum
2674 3456 2816 3515 nihil
2836 3464 2921 3516 est
2946 3462 3003 3515 in
3032 3478 3146 3533 quo
3175 3468 3472 3533 peccatum
3499 3461 3661 3533 possit
3682 3459 3886 3525 obrepere.

2362 3572 2491 3610 cum
2517 3555 2575 3608 in
2604 3555 2708 3608 hac
2748 3557 2905 3626 parte
2948 3555 3307 3610 conscientiae
3351 3574 3467 3611 sua:
3506 3573 3600 3610 nec
3636 3554 3715 3608 ille
3742 3566 3830 3605 reus
3847 3545 3887 3597 sit

2361 3649 2457 3720 qui
2496 3653 2871 3718 consecratur,
2900 3665 3006 3703 nec
3031 3648 3121 3703 ille
3155 3649 3254 3719 qui
3279 3655 3585 3705 consecrat.
3618 3648 3790 3702 Scimus
3809 3638 3887 3710 qui—

2363 3742 2492 3798 dem
2521 3741 2867 3813 inexpiabile
2897 3758 3019 3795 esse
3058 3743 3300 3809 facinus,
3331 3743 3556 3815 quoties
3574 3742 3717 3813 juxta
3738 3733 3888 3792 hareti-

2362 3853 2557 3891 corum
2581 3836 2847 3891 damnata
2875 3852 2909 3889 a
2949 3835 3154 3890 sanctis
3180 3837 3446 3891 Patribus
3490 3836 3722 3891 instituta
3742 3829 3890 3898 cogitur

2362 3930 2565 4000 aliquis
2591 3930 2876 3983 lavacrum
2901 3929 3051 3999 quod
3082 3930 3497 4000 regenerandis
3522 3928 3680 3985 semel
3698 3924 3890 3980 tributum

2363 4028 2465 4093 est,
2494 4023 2579 4077 bis
2604 4022 2793 4076 subire
2824 4022 3134 4093 apostolica
3179 4024 3531 4079 reclamante
3562 4020 3791 4082 doctrina,
3811 4028 3888 4084 qmt
3954 4042 3955 4103 ξ

2360 4117 2524 4171 nobis
2550 4133 2723 4170 unam
2750 4116 3027 4187 praedicat
3054 4116 3111 4170 in
3140 4116 3397 4172 trinitate
3425 4118 3696 4181 deitatem,
3715 4125 3840 4167 unam
3858 4106 3890 4157 in

2362 4210 2469 4231 [2.1-
2523 4209 2918 4231 -__l‘___2-_-_-
2974 4226 3149 4231 --_x-_-
3186 4211 3237 4231 2..
3283 4211 3616 4231 LA,_A',__AA-
3667 4214 3889 4231 ---—.n\nn-

2362 4210 2475 4264 fide
2516 4209 2947 4277 confessionem,
2974 4226 3156 4265 unum
3186 4211 3245 4265 in
3283 4211 3620 4283 baptismate
3664 4214 3889 4262 sacramen-

2362 4309 2504 4358 tum.
2539 4303 2641 4358 Sed
2674 4302 2732 4357 in
2767 4304 2872 4358 hoc
2915 4303 3056 4357 nihil
3097 4304 3281 4359 simile
3326 4305 3677 4369 formidatur,
3704 4294 3890 4372 quoniam

665 4401 857 4461 stram,
880 4389 1203 4446 obtestoret
1224 4383 1715 4451 moneo,utquam
1740 4375 1958 4431 debetis
1979 4378 2034 4427 et
2055 4371 2477 4467 potestisnon
2532 4401 2714 4467 potest
2759 4397 2816 4450 in
2873 4397 3187 4452 iterationis
3234 4398 3458 4454 crimen
3519 4395 3767 4457 devenire,
3796 4382 3889 4457 qua]

664 4483 1040 4542 sollicitudine
1072 4478 1315 4551 vigiletis
1346 4476 1419 4530 ad
1458 4470 1881 4543 investigandos
1918 4484 2033 4534 eos,
2066 4482 2169 4520 nec
2191 4463 2290 4518 ubi
2310 4463 2578 4545 [notum
2623 4507 2743 4545 esse
2786 4491 3021 4546 omnino
3066 4492 3335 4547 nescitur.
3375 4497 3557 4564 Mun
3599 4490 3711 4544 ideo
3745 4478 3892 4555 quam

664 4577 983 4639 occultandi
1002 4593 1059 4631 se
1088 4572 1377 4646 reperiant
1400 4568 1754 4625 facultatem.
1784 4565 1854 4619 Ut
1880 4561 2035 4617 enim
2062 4558 2295 4614 habebit

666 4678 805 4732 adeo
826 4675 1025 4744 ingens
1039 4662 1516 4724 remunerationis
1533 4659 1837 4733 praemium
1854 4657 1950 4728 qui
1967 4652 2295 4725 diligentius

670 4770 820 4841 quod
866 4767 936 4821 ad
985 4765 1223 4819 salutem
1281 4757 1597 4815 commissa:
1646 4752 1753 4808 sibi
1802 4750 1985 4823 plebis
2034 4746 2297 4819 proficiat

670 4862 842 4918 fuerit
877 4862 1194 4922 exsecutus,
1222 4855 1299 4909 ita
1335 4857 1467 4907 ante
1510 4847 1758 4904 tribunal
1790 4843 2014 4899 Domini
2042 4842 2111 4897 de
2139 4844 2296 4895 reatu

670 4953 1035 5028 negligentiae
1061 4934 1265 5005 senon
1294 4944 1502 5019 poterit
1527 4956 1795 4997 excusare
1823 4938 2146 5009 quicunque
2177 4934 2295 5005 ple-

672 5053 801 5105 bem
849 5063 1012 5102 suam
1053 5047 1250 5100 contra
1288 5039 1576 5107 sacrilegae
1619 5031 1998 5107 persuasionis
2039 5031 2298 5083 auctores

672 5141 919 5199 noluerit
946 5137 1252 5194 custodire.
1282 5136 1419 5189 Data
1444 5130 1613 5187 tertio
1660 5126 1943 5183 Kalendas
1984 5119 2295 5185 Februarii,

671 5234 990 5294 Theodosio
1032 5232 1186 5287 XVIII
1227 5232 1286 5283 et
1322 5226 1526 5284 Aluino
1556 5223 1690 5278 viris
1732 5216 2059 5276 clarissimis
2096 5230 2297 5269 consu-

672 5334 839 5388 libus.

745 5426 918 5481 LXIV.
954 5454 1022 5464 —
1063 5422 1153 5478 Ad
1190 5420 1452 5477 Neom'am
1497 5416 1805 5484 episcopum
1844 5409 2225 5465 Ravennatem.

745 5522 853 5576 Leo
883 5519 1105 5574 Nsomz
1145 5514 1407 5585 episcopo
1452 5504 1761 5563 Ravennati
1793 5503 1864 5557 de
1910 5499 1995 5553 his
2036 5498 2129 5569 qui
2171 5497 2297 5550 red-

676 5618 873 5669 euntes
939 5611 1009 5667 de
1070 5607 1410 5680 captivitate,
1477 5603 1755 5656 incertum
1829 5595 2045 5650 habent
2113 5596 2301 5645 utrum

673 5710 804 5760 ante
830 5703 1211 5774 captivitatem
1239 5696 1521 5768 baptisma
1549 5690 1837 5747 consecuti
1873 5692 2023 5741 sunt.

746 5799 1092 5867 Frequenter
1117 5791 1348 5864 quidem
1377 5790 1433 5844 in
1459 5787 1807 5843 diversarum
1850 5780 2118 5851 ambiguo
2147 5795 2297 5850 qua:-

2394 4413 2477 4451 ion
2532 4401 2714 4467 potest
2759 4397 2816 4450 in
2873 4397 3187 4452 iterationis
3234 4398 3458 4454 crimen
3519 4395 3767 4457 devenire,
3796 4392 3889 4457 qumj

2394 4494 2578 4545 actum
2623 4507 2743 4545 esse
2786 4491 3021 4546 omnino
3066 4492 3335 4547 nescitur.
3375 4497 3557 4564 Atque
3599 4490 3711 4544 ideo
3745 4478 3892 4555 quotlt'5

2394 4577 2604 4664 Phaone
2646 4584 2770 4639 talis
2811 4585 3093 4652 inciderit,
3137 4586 3375 4641 sollicita
3414 4588 3654 4658 primum
3684 4574 3887 4635 exainina-

2394 4660 2826 4752 tim“Hiscutite,
2858 4683 2915 4732 et
2956 4680 3129 4750 longo
3174 4685 3458 4752 tempore,
3488 4680 3590 4735 nisi
3617 4680 3740 4732 forte
3760 4680 3887 4738 sulm"

2396 4764 2545 4849 mus..
2585 4747 2682 4827 ὣς
2742 4772 3063 4843 immineat,
3110 4773 3402 4845 indagati},
3452 4780 3631 4828 utrum
3680 4779 3809 4822 nemo
3850 4764 3889 4806 st

2396 4786 2524 4849 ³““’ἶ
2585 4786 2682 4827 “*s
2742 4786 3063 4843 immineat,
3110 4786 3402 4845 indagine,
3452 4786 3631 4828 utrum
3680 4786 3809 4822 nemo
3850 4786 3889 4806 τα

2396 4844 2621 4943 Ρθηιξυδ
2681 4856 2787 4921 ‘iid
2851 4866 3179 4922 testimonio
3225 4886 3326 4923 suo
3366 4868 3561 4940 jurare
3603 4861 3752 4937 possit
3784 4857 3888 4925 i8“

2398 4936 2639 4988 rantiam
2697 4949 2987 5003 ncszmnia
3043 4961 3109 5003 Ri
3149 4977 3277 5003 nnm
3343 4960 3653 5003 ,ιηηςίίίρι-ίι
3688 4956 3802 5003 hunc
3832 4958 3888 5003 qm

2398 4936 2639 5037 f‘anllam
2682 4949 2989 5037 llcbfentis.
3042 4961 3109 5014 Et
3149 4977 3278 5015 cum
3343 4960 3653 5015 constiterit
3687 4956 3802 5007 hunc
3832 4958 3888 5011 ’ἕω

2398 5029 2750 5131 δέρῃδωθῃδ
2788 5041 2983 5131 ἠξθτθι
3030 5059 3406 5121 sacramento,
3441 5053 3559 5108 sola
3594 5048 3795 5105 inaniter
3818 5052 3892 5089 >11"

2400 5121 2624 5220 Ρίθίθῐξθ
2683 5118 2971 5220 Ρνοὴίβέδ
3000 5148 3227 5203 accedat
3289 5118 3599 5218 intrepidus
3653 5141 3713 5195 ad
3758 5146 3891 5189 con-‘9‘
3948 5184 3949 5191 χ

2402 5214 2687 5286 quendam
2750 5214 3018 5284 grauam’
3068 5242 3193 5313 ujus
3240 5244 3297 5296 in
3360 5214 3674 5297 se-nullum
3711 5232 3792 5287 scit
3819 5238 3894 5277 99'“
3948 5276 3949 5305 ι

2400 5306 2723 5377 vestigium.
2789 5306 2899 5359 Nec
2963 5306 3265 5391 venenum,
3319 5336 3449 5390 huic
3514 5331 3691 5388 saluus
3726 5326 3890 5395 januuu
3948 5318 3949 5389 χ

2400 5402 2639 5473 aperire,
2685 5416 2859 5471 quam
2911 5413 3448 5485 nunquamimelur
3487 5429 3763 5498 ingressus,
3795 5405 3891 5483 quod

2402 5496 2447 5549 si
2489 5495 2560 5549 ab
2599 5492 2879 5549 haereticis
2917 5480 3595 5593 baptizatum'1i‘:,;1;pim:1
3638 5480 3775 5572 {nisi
3802 5480 3890 5557 ξοη.

2401 5588 2623 5655 stiterit,
2663 5603 2799 5659 erga
2840 5587 2989 5640 hunc
3029 5586 3350 5639 nullatenus
3365 5586 3749 5670 ,ac}amentum
3782 5612 3891 5666 rege-

2404 5681 2708 5737 nerationis
2734 5681 2992 5747 iteretur,
3024 5678 3120 5733 sed
3151 5678 3259 5732 hoc
3286 5681 3464 5759 tanta,
3504 5706 3643 5780 quod
3668 5701 3732 5757 ibi
3753 5688 3890 5749 defuit.

2403 5776 2742 5841 conferatur,
2766 5777 2828 5827 ut
2850 5789 2951 5844 per
2970 5772 3340 5843 episcopalem
3374 5772 3540 5853 man;
3554 5791 3887 5870 imposmunm
