4026 6182
169 281 279 331 8ἷῗ

1416 274 1885 329 DECRETALIUM
1924 272 2312 328 CULLECTIO.

3439 280 3539 329 tm;

165 385 442 439 virtutem
485 382 665 437 sancti
713 383 956 454 Spiritus
1006 387 1403 454 consequatur.
1438 384 1619 448 Quam
1657 401 1803 454 rem,
1829 381 1967 465 Ain
1987 381 2250 452 eligendo
2271 381 2879 452 sacerdotejudicium,
2900 382 2975 436 ita
2992 382 3540 454 gravisemetipsum

164 480 354 534 frater
406 477 761 545 charissima,
818 477 950 532 ideo
1007 476 1353 549 generaliter
1407 478 1477 533 ad
1546 479 1809 534 omnium

168 575 428 627 vestrum
457 572 717 626 volumus
759 571 1061 642 pervenire
1104 571 1385 641 notitiam,
1419 588 1491 626 ne
1521 572 1658 627 dum
1684 573 1812 643 plus

159 668 327 736 justo
358 665 633 720 metuitur
658 664 1048 720 misericordia
1089 665 1184 719 Dei
1222 666 1421 719 salvari
1452 666 1812 737 cupientibus

168 761 513 830 denegetur.
549 761 687 814 Data
716 775 870 814 nono
916 758 1189 814 Kalendas
1226 759 1576 829 Novembris,
1606 776 1806 815 consu-

166 854 286 909 latu
318 853 576 910 Martiani
598 852 856 923 Augusti.

540 944 689 999 LXV.
712 972 781 983 —
805 942 900 998 Ad
922 945 1194 1013 episcopos
1220 944 1443 1011 Africa.

244 1041 359 1093 Leo
385 1038 663 1093 universis
688 1037 971 1109 episcopis
1003 1053 1106 1108 per
1132 1037 1379 1092 Africam
1406 1038 1722 1093 constitutis
1752 1038 1811 1092 in

170 1134 423 1188 Domino
451 1133 710 1187 salutem.

242 1230 392 1283 Cum
420 1227 481 1280 in
507 1224 956 1281 ordinationibus
982 1225 1338 1279 sacerdotum
1364 1225 1630 1296 quadam
1661 1225 1813 1295 apud

167 1339 272 1376 vos
318 1320 513 1375 illicita
555 1322 827 1391 usurpata
871 1319 1125 1373 crebrior
1167 1318 1318 1373 fama
1364 1321 1641 1385 narraret,
1673 1318 1813 1373 ratio

168 1414 404 1485 pietatis
447 1415 660 1485 exegit,
691 1418 752 1468 ut
785 1430 888 1484 pro
916 1412 1292 1468 sollicitudine
1327 1428 1497 1483 quam
1539 1413 1813 1467 universa

168 1508 441 1563 Ecclesia
467 1524 535 1562 ex
567 1507 758 1562 divina
796 1506 1151 1562 institutione
1195 1505 1589 1577 dependimus,
1622 1522 1811 1561 rerum

170 1604 349 1657 fidem
395 1603 753 1657 studeremus
797 1616 1130 1672 agnoscere,
1172 1600 1357 1654 vicem
1399 1616 1549 1653 cura
1603 1604 1814 1655 nostra

169 1696 555 1767 proficiscenti
600 1713 633 1749 a
674 1695 836 1749 nobis
879 1693 1043 1749 fratri
1088 1698 1146 1748 et
1189 1693 1578 1749 consacerdoti
1623 1699 1814 1749 nostro

169 1763 437 1845 l’otentio
485 1790 870 1860 injungentes,
920 1788 1019 1859 qui
1071 1788 1388 1843 secundum
1431 1787 1638 1858 scripta
1684 1763 1889 1859 quaB

174 1901 282 1954 per
316 1884 502 1954 ipsum
545 1884 615 1937 ad
653 1900 751 1936 vos
791 1882 1103 1936 direximus
1138 1882 1207 1936 de
1239 1881 1535 1952 episcopis,
1568 1898 1810 1952 quorum

170 1977 478 2048 culpabilis
526 1976 813 2031 ferebatur
854 1975 1075 2040 electio,
1125 1974 1275 2046 quod
1325 1974 1532 2029 veritas
1580 1974 1817 2030 haberet

172 2070 514 2141 inquireret,
538 2069 812 2141 nobisque
840 2069 1032 2123 omnia
1056 2068 1302 2123 fideliter
1330 2068 1627 2123 indicaret.
1654 2068 1814 2124 Unde

170 2164 315 2236 quia
362 2164 516 2219 idem
560 2163 884 2234 plenissime
939 2162 1158 2216 notitia
1214 2165 1422 2216 nostra
1471 2166 1673 2217 cuncta
1720 2178 1811 2217 re-

171 2258 409 2325 seravit,
435 2263 491 2313 et
518 2257 623 2312 sub
650 2256 856 2328 quibus
889 2256 1263 2327 qualibusque
1306 2255 1624 2310 rectoribus
1653 2272 1812 2327 qua-

171 2352 317 2408 dam
344 2351 547 2407 Christi
572 2351 769 2421 plebes
796 2349 856 2405 in
888 2350 1146 2421 partibus
1169 2349 1472 2421 provincia
1502 2349 1812 2405 Casarien-

171 2446 255 2500 sis
318 2445 614 2510 habeatur,
676 2444 900 2498 sincera
963 2444 1124 2498 nobis
1189 2444 1465 2498 relatione
1531 2444 1812 2515 patefecit,

169 2539 563 2595 necessarium
604 2538 713 2593 fuit
737 2543 803 2593 ut
830 2538 1085 2593 dolorem
1128 2537 1315 2591 cordis
1347 2537 1524 2592 nostri
1566 2555 1678 2609 quo
1714 2555 1815 2609 pro

174 2633 606 2687 Dominicorum
632 2648 875 2704 gregum
918 2632 1184 2703 periculis
1215 2636 1539 2700 aestuamus,
1570 2632 1714 2686 datis
1742 2632 1815 2686 ad

170 2744 277 2783 vos
310 2726 511 2781 litteris
539 2742 951 2796 promeremus.
993 2726 1262 2780 Mirantes
1289 2730 1519 2780 tantum
1543 2726 1693 2797 apud
1721 2743 1816 2781 vos

176 2838 283 2892 per
307 2820 658 2875 occasionem
690 2819 965 2891 temporis
1012 2819 1281 2890 impacati
1314 2823 1411 2874 aut
1440 2820 1816 2875 ambientium

173 2914 714 2986 prasumptiouem,
732 2918 830 2968 aut
848 2914 1163 2967 tumultum
1190 2911 1429 2967 valuisse
1451 2914 1812 2985 popularem,

177 3013 242 3063 ut
281 3008 540 3078 indignis
579 3007 917 3078 quibusque,
951 3010 1009 3061 et
1050 3007 1224 3077 longe
1269 3012 1426 3062 extra
1471 3007 1815 3063 sacerdotale

175 3101 456 3156 meritum
492 3100 810 3156 constitutis
846 3101 1130 3171 pastorale
1176 3100 1490 3171 fastigium,
1520 3105 1576 3155 et
1605 3101 1812 3172 guber-
1837 3133 1892 3206 Ο

174 3195 343 3249 natio
384 3194 636 3249 Ecclesia
684 3194 1033 3249 crederetur.
1076 3195 1198 3247 Non
1246 3199 1329 3249 est
1371 3195 1477 3248 hoc
1521 3195 1814 3249 consulere

174 3288 432 3360 populis,
460 3288 557 3343 sed
584 3304 812 3356 nocere,
842 3304 945 3342 nec
969 3291 1238 3358 prastare
1268 3287 1550 3359 regimen,
1580 3288 1680 3342 sed
1712 3305 1810 3342 au-

174 3399 322 3453 gere
348 3382 674 3437 discrimen.
700 3381 1003 3453 lntegritas
1029 3382 1186 3436 enim
1214 3381 1648 3451 prasidentium
1665 3384 1815 3436 salus

172 3482 265 3532 est
311 3476 665 3531 subditorum
703 3478 757 3531 et
790 3476 885 3530 ubi
928 3478 1013 3531 est
1053 3475 1417 3530 incolumitas
1457 3475 1811 3543 obedientia,

174 3570 260 3623 ibi
309 3586 445 3624 sana
489 3575 575 3624 est
619 3569 805 3623 forma
863 3568 1156 3623 doctrina.
1208 3568 1562 3640 Principatus
1622 3575 1813 3625 autem

172 3680 358 3735 quem
405 3667 505 3717 aut
543 3663 747 3718 seditio
790 3662 1043 3730 extorsit,
1072 3666 1172 3717 aut
1219 3661 1465 3716 ambitus
1504 3664 1812 3734 occupavit,

173 3759 358 3812 etiam
382 3757 428 3811 si
461 3757 720 3812 moribus
750 3760 923 3827 atque
955 3756 1172 3811 actibus
1198 3772 1315 3811 non
1351 3756 1609 3823 offendit,
1638 3757 1815 3827 ipsius

172 3857 380 3906 tamen
418 3851 565 3905 initii
603 3850 691 3905 sui
736 3855 821 3905 est
867 3849 1215 3920 perniciosus
1264 3851 1547 3921 exemplo,
1581 3855 1637 3906 et
1663 3851 1813 3905 difﬁ-

172 3946 284 3999 cile
313 3950 417 4012 est,
447 3950 509 3999 ut
536 3945 685 3999 bono
730 3947 1084 4014 peragantur
1116 3944 1294 4012 exitu,
1329 3960 1458 4014 qua
1496 3945 1646 3999 malo
1687 3951 1819 4001 sunt

176 4040 444 4094 inchoata
488 4037 784 4108 principio.
830 4037 992 4102 Quod
1024 4037 1068 4091 si
1099 4037 1158 4091 in
1187 4037 1531 4108 quibuslibet
1559 4040 1818 4094 Ecclesia

179 4132 460 4203 gradibus
488 4132 857 4202 providenter
882 4130 1239 4203 scienterque
1276 4132 1595 4186 curandum
1625 4136 1727 4202 est,
1754 4139 1820 4189 ut

178 4227 239 4281 in
299 4225 520 4279 Domini
576 4225 746 4279 domo
791 4224 932 4279 nihil
978 4224 1050 4278 sit
1103 4224 1514 4294 inordinatum,
1560 4226 1818 4299 nihilque

177 4323 617 4391 praeposterum,
637 4321 853 4389 quanto
881 4319 1067 4389 magis
1096 4317 1502 4374 elaborandum
1531 4323 1632 4385 est,
1670 4325 1732 4376 ut
1762 4321 1819 4376 in

175 4413 456 4467 electione
485 4413 606 4482 ejus
632 4413 731 4483 qui
758 4429 929 4483 super
957 4428 1156 4466 omnes
1184 4411 1397 4482 gradus
1434 4413 1816 4484 constituitur,

1909 474 2084 530 afficit
2115 474 2350 542 damno,
2368 474 2466 544 qui
2488 475 2557 529 ad
2585 491 2703 529 sua
2726 475 3017 547 dignitatis
3046 476 3349 548 collegium
3373 476 3542 531 subli-

1911 574 2031 623 mat
2042 568 2158 622 indi
2167 584 2367 638 gnum.
2375 566 2491 639 21
2507 568 2562 639 '7
2574 570 2692 622 Non
2707 568 2860 622 enim
2874 569 2934 623 in
2946 569 3280 641 cujusquam
3296 586 3540 641 persona

1911 661 2461 734 praetermittendum
2480 665 2564 715 est
2582 662 2733 733 quod
2748 662 3020 717 institutis
3035 663 3394 733 generalibus
3414 680 3542 718 con-

1910 758 2143 824 tinetur,
2158 773 2264 811 nec
2277 755 2567 827 putandus
2587 758 2672 809 est
2692 755 2977 810 honorille
2997 756 3288 826 legitimus
3303 758 3538 829 quifuc-

1913 851 2065 906 ritde
2084 850 2542 921 praevaricatione
2560 848 2816 917 collatus,
2831 848 3055 904 dicente
3071 851 3225 905 enim
3237 852 3506 920 Apostolo
3524 868 3536 905 :

1912 946 1983 998 Ut
2023 944 2179 999 inter
2204 942 2491 998 electionis
2534 942 2854 1013 regulas,.is
2886 943 3186 1014 episc0pus
3223 944 3537 1011 ordinetur,

1911 1055 2080 1110 quem
2111 1057 2138 1089 «
2186 1038 2350 1092 unius
2395 1037 2588 1091 uxoris
2633 1036 2815 1090 virum
2844 1036 2886 1105 (1
2929 1038 3064 1091 Tim.
3096 1053 3175 1103 ιιι,
3202 1040 3251 1105 2)
3288 1062 3313 1086 »ι
3344 1038 3537 1103 fuisse,

1913 1136 2013 1187 aut
2041 1149 2162 1187 esse
2200 1131 2540 1186 constiterit.
2580 1131 2717 1185 Tam
2765 1146 2920 1183 sacra
2969 1146 3193 1201 semper
3232 1132 3422 1186 habita
3459 1137 3544 1186 est

1914 1227 2017 1281 ista
2049 1225 2375 1297 praceptio,
2408 1228 2469 1278 ut
2500 1224 2673 1279 etiam
2713 1223 2784 1277 de
2814 1222 3055 1277 muliere
3096 1224 3404 1278 sacerdotis
3443 1224 3542 1279 eli-

1916 1319 2087 1391 gendi
2108 1319 2309 1374 eadem
2337 1318 2688 1389 intelligatur
2708 1317 2978 1372 servanda
3006 1316 3280 1385 conditio,
3305 1335 3376 1371 ne
3397 1318 3542 1372 forte

1916 1414 2010 1467 illa
2054 1412 2389 1484 priusquam
2441 1412 2497 1466 in
2539 1410 2971 1465 matrimonium
3017 1411 3140 1481 ejus
3186 1411 3400 1466 veniret
3448 1411 3543 1482 qui

1913 1507 2081 1561 aliam
2131 1523 2248 1561 non
2316 1505 2610 1560 habuisset
2672 1521 2928 1572 uxorem,
2981 1504 3211 1559 alterius
3252 1505 3356 1559 viri
3399 1509 3547 1560 esset

1915 1605 2151 1672 experta
2193 1600 2550 1670 conjugium.
2593 1598 2727 1662 Quis
2762 1615 2900 1669 ergo
2938 1598 3291 1653 dissimulare
3337 1600 3543 1655 audeat

1915 1695 2065 1766 quod
2108 1694 2167 1748 in
2212 1693 2354 1748 tanti
2414 1692 2747 1746 sacramenti
2814 1695 3178 1763 perpetretur
3235 1692 3545 1764 injuriam?

1913 1789 2054 1843 Cum
2084 1787 2218 1842 huic
2255 1802 2469 1857 magno
2507 1785 2948 1856 venerandoque
2988 1786 3264 1855 mysterio
3303 1803 3373 1841 ne
3401 1787 3545 1858 legis

1914 1882 2146 1955 quidem
2193 1885 2402 1936 statuta
2449 1879 2751 1946 defuerint,
2783 1879 2987 1950 quibus
3018 1879 3310 1935 evidenter
3334 1886 3418 1934 est
3444 1881 3540 1935 dc-
3583 1904 3586 1907 ν

1914 1976 2158 2045 ﬁnitum,
2206 1980 2265 2031 ut
2308 1975 2590 2047 virginem
2631 1972 2890 2027 sacerdos
2928 1972 3167 2045 accipiat
3210 1977 3266 2027 et
3310 1974 3543 2028 alterius

1916 2076 2100 2126 torum
2125 2069 2343 2124 nesciat
2372 2067 2631 2139 conjugis
2657 2083 2785 2139 qua
2816 2083 2957 2121 uxor
2984 2071 3064 2121 est
3092 2067 3284 2121 futura
3308 2068 3541 2139 pontifi-

1915 2164 2036 2219 cis?
2085 2166 2209 2219 Jam
2257 2167 2395 2217 tunc
2441 2162 2596 2217 enim
2646 2162 2705 2216 in
2751 2161 3138 2217 sacerdotibus
3195 2162 3545 2232 ﬁgurabatur

1917 2257 2122 2313 Christi
2144 2263 2200 2313 et
2223 2257 2482 2313 Ecclesia
2498 2257 2789 2328 spirituale
2811 2256 2938 2327 conj
2948 2256 3166 2326 ugium,
3188 2260 3253 2309 ut
3269 2256 3541 2326 quoniam

1916 2352 2000 2406 vir
2042 2355 2215 2423 caput
2267 2356 2352 2405 est
2416 2350 2688 2417 mulieris,
2738 2349 2914 2404 discat
2971 2366 3172 2421 sponsa
3221 2350 3386 2404 Verbi
3432 2366 3547 2404 non

1918 2446 2095 2501 alium
2124 2446 2306 2499 virum
2346 2462 2513 2500 nosse
2554 2444 2860 2509 Christum,
2893 2444 2990 2514 qui
3018 2460 3142 2498 eam
3176 2460 3345 2498 unam
3375 2461 3547 2515 quam

1918 2540 2074 2610 legit,
2107 2556 2283 2593 unam
2312 2537 2517 2609 diligit,
2549 2542 2606 2593 et
2628 2538 2799 2592 aliam
2830 2540 3042 2607 prater
3066 2537 3249 2608 ipsam
3279 2554 3382 2591 suo
3413 2554 3544 2592 con-

1916 2633 2088 2689 sortio
2122 2650 2235 2687 non
2285 2632 2569 2703 adjungit.
2603 2632 2661 2687 Si
2697 2647 2834 2702 ergo
2862 2631 3033 2685 etiam
3060 2631 3119 2685 in
3144 2631 3330 2686 Veteri
3355 2633 3543 2686 Testa-

1916 2731 2111 2783 mento
2139 2728 2261 2782 hac
2299 2725 2735 2781 sacerdotalium
2781 2725 3183 2795 conjugiorum
3211 2725 3397 2780 forma
3427 2742 3545 2779 ser-

1919 2824 2047 2876 vata
2077 2824 2182 2889 est,
2211 2824 2425 2891 quanto
2452 2818 2639 2886 magis
2663 2817 2767 2871 sub
2797 2817 3043 2872 revelata
3062 2817 3185 2888 jam
3217 2819 3400 2889 gratia
3418 2835 3549 2873 con-

1920 2915 2095 2969 stituti
2147 2914 2468 2985 apostolicis
2524 2912 2799 2967 debemus
2853 2911 3060 2966 servire
3122 2913 3438 2983 praceptis,
3488 2915 3549 2967 ut

1918 3008 2346 3080 quomodolibet
2360 3007 2485 3078 quis
2500 3006 2665 3062 bonis
2682 3005 2937 3060 moribus
2958 3004 3252 3076 praditus,
3272 3008 3329 3059 et
3347 3007 3548 3061 sanctis

1917 3102 2183 3173 operibus
2209 3101 2532 3155 inveniatur
2559 3105 2809 3167 ornatus,
2843 3115 3201 3170 nequaquam
3234 3104 3426 3154 tamen
3464 3101 3549 3155 vel

1917 3196 1987 3250 ad
2032 3195 2277 3250 diaconii
2323 3195 2583 3264 gradum,
2614 3195 2696 3248 vel
2741 3193 2815 3247 ad
2865 3193 3202 3264 presbyterii
3243 3194 3546 3262 honorem,

1915 3291 1997 3344 vel
2021 3290 2089 3344 ad
2122 3289 2477 3360 episcopatus
2524 3287 2752 3341 culmen
2800 3286 3091 3354 ascendat,
3124 3287 3170 3341 si
3217 3293 3316 3342 aut
3359 3288 3549 3360 ipsum

1917 3400 2033 3439 non
2062 3382 2229 3436 unius
2258 3381 2447 3436 uxoris
2467 3381 2672 3449 virum,
2694 3384 2792 3434 aut
2823 3397 3057 3434 uxorem
3087 3380 3210 3450 ejus
3239 3398 3354 3435 non
3383 3382 3548 3435 unius

1915 3477 2017 3531 viri
2046 3477 2212 3530 fuisse
2256 3474 2544 3541 claruerit,
2580 3478 2848 3528 monente
2893 3490 3024 3527 vero
3065 3474 3332 3544 Apostolo
3377 3479 3544 3546 atque

1916 3571 2139 3625 dicente
2162 3587 2174 3623 :
2203 3592 2229 3619 ‹‹
2253 3572 2320 3625 Et
2344 3568 2405 3623 hi
2433 3572 2532 3623 aut
2555 3567 2875 3638 probentur
2902 3566 3177 3637 primum,
3200 3570 3259 3621 et
3287 3568 3365 3623 sic
3385 3568 3548 3623 mini-

1916 3667 2099 3719 strent
2128 3664 2176 3731 (Ι
2210 3666 2346 3718 Tim.
2376 3679 2457 3731 ιιι,
2489 3663 2593 3732 10).
2628 3684 2654 3711 ››

1986 3758 2127 3825 Quid
2154 3757 2310 3811 aliud
2340 3755 2778 3827 intelligendum
2826 3761 3111 3826 putemus,
3138 3756 3251 3810 nisi
3283 3760 3342 3811 ut
3370 3757 3429 3811 in
3460 3757 3548 3811 his

1916 3850 2374 3923 provectionibus
2389 3866 2504 3904 non
2516 3849 2698 3904 solum
2720 3849 3211 3904 matrimoniorum
3227 3849 3545 3922 privilegia,

1918 3947 2016 4001 sed
2055 3947 2231 4001 etiam
2288 3944 2547 3999 laborum
2604 3943 2806 3998 merita
2861 3943 3196 4014 cogitemus,
3238 3960 3309 3998 ne
3364 3949 3463 3998 aut
3517 3962 3573 3998 a'

1918 4040 2200 4112 baptismo
2232 4038 2486 4106 rudibus,
2515 4040 2614 4092 aut
2638 4054 2671 4091 a
2696 4037 2951 4092 saculari
2993 4043 3120 4092 actu
3152 4042 3386 4109 repente
3410 4055 3547 4092 con-

1918 4134 2091 4188 versis
2119 4132 2374 4188 officium
2411 4133 2690 4201 pastorale
2734 4131 3017 4198 credatur,
3044 4148 3175 4186 cum
3202 4132 3387 4186 omnis
3418 4149 3547 4203 gra-

1919 4229 2024 4283 dus
2055 4227 2275 4281 militia
2304 4225 2633 4281 Christiana
2670 4225 2736 4280 de
2776 4225 3140 4280 incrementis
3186 4225 3546 4297 profectuum

1920 4320 2123 4376 debeat
2160 4320 2445 4387 astimari,
2480 4336 2553 4373 an
2583 4318 2799 4389 possint
2831 4319 3101 4389 cuiquam
3144 4319 3358 4389 majora
3396 4335 3546 4372 com—

1921 4414 2115 4468 mitti?
2144 4414 2341 4468 Merito
2378 4416 2707 4468 sanctorum
2749 4415 2979 4467 Patrum
3021 4412 3374 4467 venerabiles
3421 4429 3546 4467 san-

176 4522 299 4561 non
327 4507 591 4561 erretur?
622 4508 763 4561 Nam
811 4506 984 4560 totius
1026 4504 1255 4560 familia
1306 4506 1523 4560 Domini
1552 4509 1727 4561 status
1758 4502 1891 4573 etD
1916 4508 2128 4561 ctiones
2165 4524 2294 4560 cum
2336 4507 2405 4561 de
2452 4506 2814 4561 sacerdotum
2862 4506 3136 4560 electione
3180 4507 3553 4576 loquerentur

174 4600 323 4655 ordo
351 4599 589 4667 nutabit,
624 4599 671 4653 si
699 4600 852 4671 quod
879 4599 1137 4670 sequitur
1167 4600 1224 4653 in
1257 4615 1492 4670 corpore
1520 4616 1633 4655 non
1658 4601 1812 4656 inve-

176 4695 379 4748 niatur
409 4694 467 4748 in
510 4693 715 4765 capite.
764 4693 865 4749 Ubi
913 4698 998 4748 est
1038 4694 1189 4747 beati
1237 4693 1391 4748 Pauli
1435 4694 1672 4764 apostoli
1715 4712 1819 4766 per

176 4787 448 4859 spiritum
495 4787 589 4840 Dei
637 4787 841 4841 emissa
905 4786 1225 4858 praceptio,
1278 4787 1413 4857 quia
1462 4787 1522 4841 in
1572 4805 1818 4859 persona

173 4880 469 4936 Timothei
531 4880 789 4934 omnium
853 4882 1211 4935 sacerdotum
1279 4880 1485 4936 Christi
1549 4898 1819 4937 numerus

177 4974 463 5039 emditur,
515 4978 573 5029 et
618 4973 857 5045 perinde
904 4974 1212 5045 unicuique
1258 4979 1518 5029 nostrum
1564 4974 1814 5030 dicitur:

177 5094 203 5115 ‹‹
238 5069 437 5122 Manus
467 5068 576 5122 cito
606 5068 820 5122 nemini
840 5068 1200 5138 imposueris,
1226 5085 1411 5139 neque
1436 5069 1821 5123 communica-

176 5162 334 5217 veris
381 5162 627 5232 peccatis
679 5162 977 5216 alienis?»
1025 5164 1071 5230 (1
1115 5165 1256 5217 Tim.
1304 5179 1354 5228 v,
1398 5164 1507 5231 2'2.)
1545 5161 1689 5226 Quid
1737 5169 1822 5218 est

178 5256 301 5310 cito
328 5271 532 5308 manus
556 5255 872 5327 imponere,
901 5255 1012 5310 nisi
1042 5258 1176 5310 ante
1204 5260 1427 5313 atatem
1458 5256 1818 5323 maturitatis,

176 5355 316 5404 ante
347 5351 573 5418 tempus
616 5349 918 5418 examinis,
951 5352 1082 5404 ante
1121 5350 1390 5405 meritum
1436 5349 1659 5419 laboris,
1688 5354 1821 5405 ante

176 5442 597 5513 experientiam
625 5442 964 5513 disciplina,
993 5441 1405 5498 sacerdotalem
1426 5444 1707 5498 honorem
1727 5444 1824 5498 tri-

179 5538 365 5591 buere
392 5552 507 5590 non
538 5535 824 5607 probatis?
849 5539 909 5591 et
937 5537 1075 5607 quid
1119 5540 1203 5591 est
1245 5537 1663 5591 communicare
1693 5554 1819 5608 pec-

177 5628 323 5684 catis
377 5628 599 5695 alienis,
643 5628 753 5683 nisi
803 5629 978 5685 talem
1030 5630 1175 5685 efﬁci
1232 5629 1592 5684 ordiuantem
1639 5631 1823 5701 qualis

182 5724 281 5776 ille
313 5727 401 5779 est
426 5722 527 5793 qui
557 5737 675 5776 non
719 5723 930 5778 meruit
971 5723 1269 5777 ordinari?
1309 5722 1465 5777 Sicut
1506 5723 1661 5777 enim
1689 5723 1824 5777 boni

184 5816 377 5889 operis
407 5815 511 5870 sibi
554 5819 848 5888 comparat
879 5817 1147 5883 fructum,
1179 5815 1276 5889 qui
1320 5820 1539 5872 rectum
1583 5820 1826 5872 sectatur

1918 4618 2013 4655 eos
2047 4600 2279 4655 demum
2310 4600 2547 4654 idoneos
2581 4599 2754 4653 sacris
2796 4598 3386 4653 administrationibus
3415 4615 3549 4652 ceu-

1919 4711 2101 4763 suere,
2148 4709 2395 4765 quorum
2447 4692 2635 4747 omnis
2684 4695 2819 4746 atas
2861 4709 2892 4745 a
2940 4690 3251 4762 puerilibus
3304 4691 3553 4747 exordiis

1917 4804 2098 4859 usque
2126 4788 2197 4842 ad
2217 4786 2598 4858 provectiores
2624 4802 2801 4839 annos
2831 4801 2933 4856 per
2956 4784 3266 4855 disciplina
3289 4787 3548 4842 ecclesia-

1919 4883 2072 4937 stica
2123 4881 2403 4952 stipendia
2450 4879 2809 4948 cucurrisset,
2842 4881 2907 4932 ut
2947 4878 3255 4951 unicuique
3296 4880 3551 4936 testimo-

1920 4976 2079 5029 nium
2123 4974 2282 5046 prior
2308 4975 2421 5028 vita
2464 4972 2764 5044 praberet,
2798 4988 2901 5027 nec
2930 4977 3116 5043 posset
3155 4973 3227 5027 de
3257 4974 3379 5045 ejus
3416 4992 3549 5045 pro-

1921 5069 2175 5123 vectione
2232 5066 2501 5134 dubitari,
2541 5067 2631 5121 cui
2688 5083 2792 5137 pro
2849 5066 3140 5121 laboribus
3193 5068 3405 5136 multis,
3444 5086 3549 5140 pro

1922 5162 2176 5217 moribus
2219 5161 2405 5230 castis,
2448 5178 2550 5232 pro
2595 5160 2815 5215 actibus
2866 5160 3113 5215 strenuis
3158 5161 3400 5216 celsioris
3443 5161 3551 5215 loci

1921 5254 2228 5327 pramium
2274 5254 2597 5310 deberetur.
2630 5254 2689 5310 Si
2729 5253 2883 5310 enim
2928 5255 3000 5310 ad
3043 5256 3321 5310 honorem
3351 5254 3551 5308 mundi

1922 5350 2042 5404 sine
2057 5348 2328 5419 suffragio
2347 5348 2645 5420 temporis,
2665 5348 2790 5404 sine
2804 5348 3007 5404 merito
3025 5348 3234 5403 laboris
3253 5347 3551 5418 indignum

1924 5449 2007 5499 est
2032 5443 2352 5515 pervenire,
2386 5446 2444 5497 et
2468 5442 2658 5497 notari
2684 5443 2939 5497 ambitus
2965 5442 3167 5507 solent,
3196 5456 3337 5511 quos
3364 5440 3553 5511 probi-

1927 5538 2057 5592 tatis
2100 5538 2439 5592 documenta
2486 5553 2602 5591 non
2656 5537 2945 5607 adjuvant,
2988 5551 3163 5606 quam
3203 5533 3466 5605 diligens,
3495 5538 3555 5589 et

1928 5648 2099 5702 quam
2135 5631 2383 5702 prudens
2426 5631 2688 5686 habenda
2731 5633 2817 5684 est
2862 5628 3201 5698 dispensatio
3232 5626 3549 5683 divinorum

1926 5741 2256 5787 munerum,
2293 5729 2349 5779 et
2391 5724 2697 5779 calestium
2744 5721 3105 5792 dignitatum,
3146 5738 3220 5776 ne
3264 5722 3320 5776 in
3363 5722 3552 5793 aliquo

1930 5819 2264 5891 apostolica,
2313 5823 2369 5874 et
2412 5817 2685 5875 canonica
2737 5815 2960 5871 decreta
3008 5814 3306 5883 violentur,
3358 5818 3413 5871 et
3468 5817 3553 5876 his
