4026 6182
512 238 616 296 879

1404 241 1688 294 APPEND.
1731 242 1817 294 AD
1855 240 2014 295 S/EC.
2058 233 2144 293 IX.
2177 268 2242 276 ——-
2285 238 2528 292 ISIDORI
2568 237 2991 293 MERCATORIS
3721 246 3799 298 830

512 349 758 406 Ecclesia
784 347 1008 402 Domini
1034 347 1287 418 regenda
1330 348 1590 402 credatur
1618 347 1716 418 qui
1746 342 2136 418 legitimarum
2160 357 2216 430 Α
2240 345 2454 400 ratione
2484 344 2736 411 concedi,
2772 345 2858 398 fas
2887 343 2994 397 erit
3023 343 3267 415 amplius
3294 344 3517 415 impune
3547 349 3799 404 committi.

513 442 935 498 institutionum
1001 440 1194 507 nescii,
1240 443 1297 495 et
1348 441 1521 495 totius
1573 440 1911 495 humilitatis
1960 442 2143 511 ignari

511 552 629 590 non
659 534 729 588 ab
753 534 966 588 inﬁmis
995 550 1220 589 sumere
1248 534 1690 601 incrementum,
1718 535 1818 588 sed
1843 552 1873 587 a
1907 537 2144 590 summis

509 629 710 691 volunt
742 628 951 682 habere
986 627 1331 699 principium
1352 628 1378 681 ?
1416 644 1546 681 cum
1572 628 1736 682 valde
1780 628 2037 699 iniquum
2074 629 2146 683 sit

512 727 568 777 et
605 721 916 776 absurdum
957 726 1020 775 ut
1061 721 1315 793 imperiti
1358 721 1667 792 magistris,
1698 721 1829 776 novi
1873 722 2140 793 antiquis,

511 821 567 870 et
612 815 785 870 rudes
829 816 1213 886 praeferantur
1241 814 1511 869 emeritis.
1543 833 1568 866 ‹‹
1602 817 1660 868 In
1698 815 1870 869 domo
1914 816 2142 886 quidem

508 926 717 980 magna
748 925 979 964 necesse
1006 913 1108 974 est,
1142 909 1286 963 sicut
1311 908 1612 979 Apostolus
1640 909 1740 975 ait,
1763 926 1898 962 vasa
1923 909 2143 963 diversa

508 1003 638 1070 sint,
668 1002 933 1074 quaedam
964 1018 1156 1069 aurea,
1181 1006 1477 1072 argentea,
1505 1002 1763 1072 quaedam
1789 1019 1921 1056 vero
1951 1002 2143 1073 lignea

510 1100 567 1152 et
592 1096 781 1151 ﬁctilia
814 1095 888 1165 (II
911 1098 1046 1150 Tim.
1078 1112 1136 1162 ιι,
1164 1098 1275 1161 20),
1306 1116 1334 1144 ››
1365 1096 1461 1149 sed
1502 1096 1706 1150 horum
1759 1095 2139 1150 ministerium

510 1207 614 1261 pro
647 1188 901 1243 materias
938 1189 1207 1259 qualitate
1251 1188 1612 1256 discernitur,
1640 1205 1741 1243 nec
1768 1189 1866 1260 qui
1897 1193 1982 1243 est
2007 1206 2137 1260 pre-

508 1284 809 1349 tiosorum,
852 1282 1007 1336 idem
1057 1299 1191 1336 usus
1236 1286 1322 1336 est
1365 1281 1580 1336 vilium.
1628 1283 1765 1336 Nam
1821 1282 2139 1337 inordinata

506 1380 639 1432 sunt
670 1376 865 1432 omnia
896 1376 943 1430 si
969 1375 1166 1431 ﬁctilia
1206 1376 1414 1441 aureis,
1448 1380 1503 1430 et
1536 1376 1726 1447 lignea
1764 1377 2142 1447 praeferantur

505 1470 814 1542 argenteis.
867 1470 1023 1525 Sicut
1053 1473 1247 1524 autem
1288 1469 1497 1540 ligneis
1527 1473 1584 1522 et
1626 1469 1895 1524 ﬁctilibus
1940 1487 2141 1524 eorum

506 1564 764 1618 omnium
791 1564 1006 1635 species
1050 1564 1347 1634 ﬁguratur,
1379 1562 1477 1633 qui
1507 1563 1677 1617 nullis
1702 1562 1889 1617 adhuc
1914 1563 2136 1619 virtuti-

504 1658 611 1711 bus
637 1657 843 1725 nitent,
875 1657 953 1711 ita
980 1656 1039 1710 in
1071 1655 1257 1710 aureis
1297 1658 1353 1710 et
1389 1657 1699 1727 argenteis,
1729 1656 1789 1711 hi
1817 1656 1938 1711 sine
1966 1657 2136 1712 dubio

2245 441 2526 493 Donatum
2554 443 2747 493 autem
2776 437 3177 493 Salicinensem
3198 453 3265 491 ex
3284 438 3579 493 Novatiano
3599 455 3710 494 cum
3727 458 3805 496 sua

2247 533 2329 602 (ut
2382 531 2787 603 comperimus)
2826 531 2989 602 plebe
3055 547 3406 598 conversum,
3453 531 3528 585 ita
3563 533 3806 590 Dominico

2243 627 2506 680 volumus
2549 625 2713 697 gregi
2755 624 3085 696 praesidere,
3117 627 3179 678 ut
3221 624 3468 678 libellum
3493 624 3612 679 ﬁdei
3636 643 3732 680 sum
3753 630 3803 682 ad

2245 736 2349 774 nos
2412 719 2741 773 meminerit
2803 718 3201 789 dirigendum,
3252 718 3402 788 quod
3466 724 3520 772 et
3568 720 3805 774 Novatiani

2244 813 2526 885 dogmatis
2555 813 2785 867 damnet
2814 828 3071 866 errorem
3101 817 3157 866 et
3180 811 3501 882 plenissime
3532 813 3808 867 conﬁteatur

2243 907 2577 961 catholicam
2623 906 2938 961 veritatem.
2988 905 3290 959 Maximum
3344 921 3563 976 quoque
3602 923 3662 959 ex
3697 907 3805 961 laico

2242 1000 2373 1054 licet
2397 1000 2912 1070 reprehensibiliter
2938 999 3286 1065 ordinatum,
3302 1001 3492 1054 tamen
3513 1000 3554 1053 si
3573 1001 3805 1055 Donatista

2234 1094 2356 1164 jam
2382 1111 2496 1147 non
2524 1098 2627 1159 est,
2662 1098 2718 1147 et
2746 1110 2779 1148 a
2805 1093 3005 1164 spiritu
3033 1093 3403 1147 schismaticaa
3432 1093 3696 1164 pravitatis
3709 1094 3808 1147 alie-

2244 1203 2369 1253 nus,
2400 1186 2470 1241 ab
2515 1187 2819 1258 episcopali
2863 1203 3035 1257 quam
3069 1186 3469 1258 quoquomodo
3508 1186 3716 1256 adeptus
3747 1195 3805 1240 est

2242 1297 2358 1334 non
2385 1280 2730 1351 repellamus
2751 1280 3048 1351 dignitate,
3064 1280 3143 1334 ita
3161 1283 3227 1333 ut
3242 1284 3301 1334 et
3324 1280 3444 1350 ipse
3464 1279 3641 1334 libello
3660 1280 3716 1334 ad
3734 1297 3807 1334 nos

2241 1373 2390 1428 edito
2428 1373 2770 1427 catholicum
2801 1390 2858 1428 se
2894 1390 3015 1427 esse
3045 1374 3391 1427 manifestat.
3442 1374 3519 1427 De
3559 1375 3749 1444 Aggaro
3768 1380 3807 1426 et

2239 1467 2576 1538 Tyberiano,
2610 1483 2857 1537 quorum
2893 1484 2925 1520 a
2950 1468 3168 1522 caeteris
3197 1467 3296 1538 qui
3323 1483 3394 1521 ex
3432 1466 3579 1521 laicis
3616 1466 3809 1520 ordinati

2239 1565 2373 1615 sunt
2394 1562 2453 1615 in
2478 1561 2789 1617 hoccausa
2826 1545 3049 1615 diversa
3074 1564 3179 1629 est,
3211 1561 3365 1632 quod
3396 1576 3592 1615 eorum
3628 1560 3806 1614 ordina-

2239 1654 2376 1709 tioni
2409 1657 2628 1708 atroces
2665 1655 2965 1721 tumultus,
2999 1657 3056 1708 et
3098 1670 3260 1708 saevae
3299 1653 3596 1708 seditiones
3634 1669 3807 1707 memo-

504 1751 884 1817 declarantur,
914 1749 1013 1822 qui
1043 1766 1147 1820 per
1179 1749 1421 1819 longum
1456 1749 1796 1804 eruditionis
1827 1750 2045 1821 ignem,
2081 1733 2214 1804 etB
2238 1753 2442 1802 rantur
2482 1764 2602 1802 esse
2646 1747 2953 1813 famulatze,
2982 1750 3169 1801 vestro
3209 1746 3425 1817 judicio
3465 1749 3654 1800 cuncta
3690 1762 3805 1798 com-

504 1861 605 1915 pcr
627 1844 919 1898 fornacem
948 1842 1204 1897 diuturni
1243 1843 1454 1897 laboris
1496 1843 1733 1912 excocti,
1768 1859 1972 1897 aurum
1999 1860 2132 1915 pro-

500 1937 698 1991 batum
727 1941 783 1991 et
809 1940 1115 2007 argentum
1142 1952 1349 2006 purum
1381 1952 1501 1991 esse
1531 1952 1815 1991 meruere.
1848 1936 2061 2000 Quibus
2090 1938 2133 1990 si

504 2046 723 2085 merces
742 2046 847 2101 pro
882 2028 1185 2085 devotione
1216 2046 1329 2083 non
1362 2029 1641 2096 redditur,
1666 2030 1853 2085 omnis
1881 2031 2136 2085 ecclesia-

501 2125 635 2179 stica
655 2123 954 2195 disciplina
980 2123 1297 2191 resolvitur,
1320 2124 1506 2177 omnis
1526 2123 1666 2177 ordo
1693 2124 1973 2191 turbatur,
1997 2124 2134 2178 dum

500 2218 559 2271 in
582 2217 841 2284 Ecclesia,
858 2217 956 2288 qui
980 2217 1199 2271 nullum
1217 2216 1440 2271 subiere
1462 2216 1844 2271 ministerium
1870 2233 2132 2288 perverso

501 2310 842 2382 eligentium
880 2310 1094 2381 judicio
1142 2309 1400 2366 debitum
1434 2310 1697 2364 obtinent
1723 2309 2130 2381 principatum.

500 2405 639 2459 Cum
688 2420 825 2475 ergo
871 2404 1021 2458 inter
1060 2420 1160 2458 vos
1208 2408 1431 2458 tantum
1474 2404 1772 2471 valuerint,
1805 2408 1902 2458 aut
1947 2404 2135 2458 studia

497 2497 884 2570 popularium,
908 2501 1008 2552 aut
1036 2497 1286 2551 ambitus
1310 2496 1709 2568 superborum,
1730 2500 1793 2550 ut
1813 2514 1927 2551 non
1947 2497 2135 2551 solum

497 2592 683 2658 laicos,
730 2592 826 2646 sed
869 2592 1043 2645 etiam
1087 2591 1469 2646 secundarum
1517 2607 1764 2645 uxorum
1811 2591 1981 2657 viros,
2034 2595 2131 2645 aut

495 2685 797 2740 viduarum
838 2685 1072 2739 maritos
1097 2685 1167 2739 ad
1197 2684 1450 2739 ofﬁcium
1495 2700 1898 2755 cognoscamus
1941 2689 2133 2756 pasto-

497 2780 612 2833 rale
643 2782 955 2849 provectos,
985 2794 1177 2832 nonne
1220 2777 1512 2848 aptissime
1560 2778 1794 2847 exigunt
1833 2794 2038 2846 causaz,
2071 2783 2136 2832 ut

502 2871 756 2925 ecclesize
782 2871 841 2925 in
870 2870 1075 2942 quibus
1102 2872 1207 2925 ista
1233 2871 1537 2925 commissa
1561 2876 1712 2938 sunt,
1735 2870 1949 2941 judicio
1976 2889 2129 2927 seve-

501 2966 649 3020 riore
674 2970 1016 3038 purgentur,
1034 2970 1091 3018 et
1120 2980 1234 3018 non
1275 2965 1456 3018 solum
1476 2964 1534 3018 in
1565 2964 1703 3019 tales
1729 2966 2016 3035 praesules,
2035 2966 2133 3020 sed

501 3059 676 3112 etiam
704 3058 762 3112 in
790 3057 1150 3112 ordinatores
1175 3073 1374 3112 eorum
1399 3058 1540 3112 ultio
1586 3064 1912 3129 competens
1936 3059 2128 3129 profe-
2152 3097 2206 3171 Ο

501 3151 833 3171 ηνιΑ-μοο-.1
888 3150 1244 3171 _!__-_____L__L
1292 3167 1391 3171 μ--
1430 3151 1560 3171 1,2-Α-
1604 3152 1973 3171 __s___,,-1,-_l,
2026 3154 2089 3171 AI,

500 3153 699 3206 ratur?
729 3151 836 3207 Sed
881 3150 1249 3205 circumstant
1292 3167 1395 3204 nos
1430 3151 1565 3206 hinc
1603 3152 1985 3207 mansuetudo
2015 3154 2128 3206 cle-

500 3245 751 3315 mentia»,
785 3244 923 3298 hinc
956 3259 1197 3298 censura
1229 3243 1504 3315 justitize?
1528 3246 1596 3299 Et
1632 3245 1767 3316 quia
1800 3267 1826 3295 ‹‹
1857 3246 2130 3300 universa:

495 3340 600 3392 vite
647 3337 873 3393 Domini
937 3337 1332 3393 misericordia
1397 3343 1455 3393 et
1507 3338 1713 3393 veritas
1767 3339 1935 3410 (Psal.
1978 3356 2127 3406 xxxv,

500 3434 606 3501 10),
640 3452 666 3480 ››
698 3431 959 3502 cogimur
983 3431 1299 3486 secundum
1326 3432 1475 3486 sedis
1497 3433 1814 3503 apostolica
1842 3432 2131 3503 pietatem,

498 3527 575 3581 ita
625 3530 875 3580 nostram
938 3528 1261 3597 temperare
1319 3526 1676 3593 sententiam,
1733 3532 1793 3581 ut
1854 3527 2128 3581 trutinato

497 3618 751 3689 pondere
800 3618 1159 3686 delictorum,
1202 3635 1331 3690 quae
1374 3624 1598 3674 constat
1641 3636 1755 3673 non
1800 3619 1968 3674 unius
2009 3636 2129 3675 esse

497 3729 783 3768 mensura
811 3712 1071 3783 quaedam
1116 3712 1458 3768 deﬁniamus
1486 3719 1775 3785 utcunque
1812 3714 2127 3781 toleranda,

498 3807 763 3877 quaedam
793 3798 928 3861 vero
952 3806 1181 3878 penitus
1209 3807 1582 3879 amputanda.
1612 3808 1717 3861 Eos
1745 3807 1898 3861 enim
1928 3806 2025 3878 qui
2043 3807 2130 3861 vel

478 3898 772 3955 secundas
798 3901 1030 3972 nuptias
1053 3900 1328 3969 inierunt,
1344 3901 1430 3956 vel
1448 3901 1749 3956 viduarum
1780 3917 1839 3955 se
1866 3900 2129 3971 conjugio

498 3993 801 4061 sociarunt,
830 4010 934 4048 nec
966 3994 1273 4064 apostolica
1314 4011 1417 4048 nec
1459 3995 1661 4065 legalis
1702 3995 2006 4049 auctoritas
2035 4010 2126 4048 sa-

498 4086 793 4141 cerdotum
819 4087 1401 4157 obtinere'permittit,
1431 4091 1489 4142 et
1517 4089 1696 4143 multo
1737 4088 1917 4158 magis
1940 4088 2125 4153 illum,

497 4178 541 4231 si
566 4178 738 4232 fuerit
762 4183 946 4232 vestro
983 4178 1201 4248 judicio
1233 4180 1577 4246 confutatus,
1609 4180 1726 4250 qui,
1755 4180 1897 4233 sicut
1922 4180 1994 4233 ad
2024 4197 2129 4234 nos

498 4271 743 4324 relatum
772 4273 876 4336 est,
908 4270 1155 4324 duarum
1184 4270 1355 4324 simul
1377 4274 1464 4324 est
1488 4272 1727 4326 maritus
1754 4288 2022 4338 uxorum,
2041 4274 2129 4327 vel

496 4362 661 4416 illum
690 4362 787 4434 qui
818 4379 851 4416 a
878 4361 1065 4433 prima
1103 4379 1277 4417 uxore
1325 4363 1609 4431 dimissus,
1637 4366 1873 4419 alteram
1903 4365 2128 4421 duxisse

2234 1840 2513 1909 misimus,
2556 1844 2618 1894 ut
2657 1840 2838 1894 relata
2886 1840 3065 1895 habiti
3108 1841 3260 1912 apud
3295 1857 3395 1894 vos
3442 1838 3699 1894 examinis
3726 1838 3807 1892 ﬁde

2235 1934 2373 2007 quid
2404 1934 2472 1988 de
2508 1933 2842 2005 supradictis
2882 1934 3243 1989 statuendum
3274 1933 3368 2000 sit,
3400 1934 3539 1988 scire
3564 1932 3807 2003 possimus.

2236 2029 2348 2082 illae
2380 2032 2568 2082 autem
2615 2027 2841 2081 famulas
2886 2028 2982 2081 Dei
3024 2044 3152 2099 qua:
3196 2028 3583 2098 integritatem
3623 2026 3809 2097 pudoris

2235 2121 2601 2193 oppressione
2621 2120 2917 2175 barbarica
2934 2120 3259 2192 perdidere,
3281 2120 3668 2175 laudabiliores
3682 2125 3809 2173 erunt

2236 2215 2293 2269 in
2324 2214 2642 2269 humilitate
2670 2231 2736 2268 ac
2756 2214 3098 2269 verecundia
3123 2215 3169 2267 si
3190 2232 3247 2269 se
3278 2214 3714 2269 incontaminatis
3728 2229 3810 2267 non

2236 2308 2486 2364 audeant
2510 2324 2844 2379 comparare
2870 2308 3201 2379 virginibus.
3228 2308 3503 2372 Quamvis
3521 2308 3663 2361 enim
3681 2322 3810 2361 omne

2235 2407 2530 2474 peccatum
2560 2419 2625 2456 ex
2654 2402 2941 2456 voluntate
2988 2406 3269 2467 nascatur,
3302 2406 3359 2455 et
3393 2402 3632 2473 potuerit
3659 2417 3811 2455 corm-

2234 2496 2425 2567 ptione
2454 2496 2640 2550 carnis
2670 2512 2830 2549 mens
2866 2496 3036 2550 invita
3064 2512 3181 2550 non
3208 2495 3410 2566 pollui,
3442 2495 3625 2550 minus
3663 2498 3812 2547 tamen

2235 2590 2450 2645 eisdem
2484 2589 2688 2658 oberit,
2705 2590 2751 2642 si
2772 2589 2927 2660 quod
2945 2590 3239 2660 potuerint
3256 2589 3453 2644 animo
3474 2606 3583 2644 non
3601 2589 3813 2642 amittere

2237 2684 2464 2737 doleant
2506 2700 2565 2738 se
2600 2682 2690 2737 vel
2730 2699 2963 2753 corpore
3009 2683 3337 2753 perdidisse.
3386 2684 3528 2738 Cum
3564 2684 3733 2752 itaque
3762 2681 3814 2733 de

2236 2777 2499 2831 omnibus
2527 2777 2646 2831 fere
2674 2793 2801 2848 quaa
2829 2776 3017 2830 fratris
3044 2776 3224 2831 nostri
3250 2776 3496 2831 Potentii
3520 2776 3700 2831 relatio
3718 2791 3817 2829 con-

2234 2870 2454 2925 tinebat
2494 2870 2822 2941 plenissime
2865 2870 3227 2925 dilectionem
3267 2876 3515 2926 vestram
3555 2887 3647 2941 per
3682 2868 3815 2923 David

2232 2965 2467 3018 fratrem
2513 2967 2569 3018 et
2598 2964 2997 3036 coepiscopum
3040 2970 3321 3033 nostrum,
3351 2966 3456 3037 qui
3490 2970 3546 3019 et
3570 2960 3816 3018 sacerdotii

2234 3058 2436 3113 merito
2472 3057 2637 3112 nobis
2675 3063 2757 3111 est
2799 3058 3093 3129 probatus,
3127 3062 3185 3113 et
3224 3058 3481 3113 moribus
3507 3058 3719 3112 videatis
3748 3056 3814 3108 in-

2231 3153 2520 3206 structam.
2555 3152 2846 3221 Superest,
2875 3152 3097 3218 fratres,
3126 3158 3191 3206 ut
3227 3151 3507 3207 concordi
3546 3147 3816 3205 obedientia

2231 3244 2483 3298 salubres
2507 3244 2826 3315 suscipiatis
2852 3245 3127 3311 hortatus,
3159 3251 3215 3300 et
3240 3245 3387 3300 nihil
3420 3262 3522 3317 per
3546 3242 3813 3299 contentio-

2232 3354 2367 3391 nem
2395 3344 2650 3409 agentes,
2673 3338 2770 3393 sed
2797 3338 2871 3393 ad
2902 3356 3072 3392 omne
3098 3338 3353 3393 studium
3387 3339 3691 3394 devotionis
3715 3352 3817 3390 una-

2230 3431 2412 3486 nimes
2433 3431 2638 3486 divinis
2655 3435 2713 3486 et
2728 3432 3055 3502 apostolicis
3076 3432 3581 3488 constitutionibus
3601 3429 3815 3504 parcatis.

2230 3526 2371 3580 etin
2398 3525 2553 3580 nullo
2582 3525 2882 3596 patiamini
2920 3526 3015 3596 pia
3055 3543 3338 3581 canonum
3377 3527 3609 3581 decreta
3642 3522 3814 3579 violari.

2231 3618 2369 3683 Quae
2398 3618 2552 3673 enim
2579 3635 2729 3673 nunc
2758 3624 3044 3674 certarum
3064 3620 3389 3674 remisimus
3417 3617 3816 3675 consideratione

2230 3728 2552 3779 causarum,
2572 3713 2823 3784 antiquis
2851 3713 3122 3785 deinceps
3150 3713 3529 3769 custodienda
3555 3716 3677 3767 sunt
3692 3726 3818 3781 regu-

2231 3805 2316 3874 lis,
2347 3823 2419 3860 ne
2468 3807 2621 3878 quod
2664 3807 2737 3861 ad
2784 3810 3009 3878 tempus
3052 3807 3145 3878 pia
3187 3808 3422 3862 lenitate
3472 3805 3815 3862 concessimus.

2222 3899 2379 3970 justa
2408 3904 2534 3971 post
2559 3900 2677 3954 haec
2705 3900 2917 3954 ultione
2954 3900 3286 3972 plectamus.

2230 4014 2396 4068 LXVI.
2426 4016 2527 4069 Leo
2554 4031 2702 4085 papa
2739 4016 2804 4070 de
2838 4017 3125 4085 privilegio
3168 4020 3541 4087 episcoporum
3582 4020 3684 4071 sive
3715 4031 3815 4085 pre-

2299 4087 2631 4160 sbyterorum
2675 4086 2750 4140 ad
2787 4091 3065 4142 universos
3114 4086 3420 4146 Germaniae
3461 4097 3622 4160 atque
3664 4088 3817 4143 Gallia

2302 4159 2641 4212 ecclesiarum
2669 4160 2957 4228 episcopos.

2301 4275 2442 4329 Cum
2467 4274 2526 4328 in
2556 4274 2650 4329 Dei
2680 4275 2914 4329 nomine
2935 4276 2995 4330 in
3016 4277 3273 4332 Romana
3305 4278 3556 4333 Ecclesia
3582 4276 3814 4349 synodum

2230 4368 2623 4439 episcoporum
2640 4368 2753 4423 sive
2784 4374 3116 4424 caaterorum
3148 4373 3613 4427 consacerdotum
3634 4367 3814 4427 Christi-

496 4455 848 4527 perhibetur.
910 4456 1158 4512 Caeteros
1208 4473 1338 4512 vero
1383 4474 1627 4528 quorum
1684 4459 1975 4530 provectio
2024 4461 2209 4540 hocD
2234 4479 2345 4532 que
2376 4460 2633 4516 ﬁdelium
2657 4462 3037 4517 coaduuatum
3075 4465 3494 4536 habuissemus,
3526 4472 3581 4521 et
3605 4466 3671 4520 de
3698 4462 3817 4519 ordi-

496 4556 723 4605 tautum
771 4550 1236 4622 reprehensionis
1279 4550 1539 4619 incurrit,
1569 4553 1721 4624 quod
1759 4570 1826 4607 ex
1870 4553 2027 4609 laicis
2064 4554 2135 4609 ad

502 4643 753 4699 ofﬁcium
774 4644 1095 4717 episc0pale
1123 4644 1325 4700 delecti
1351 4652 1503 4715 sunt,
1533 4663 1717 4718 neque
1740 4664 1809 4701 ex
1841 4647 1949 4703 hoc
1979 4648 2133 4718 quod

501 4753 701 4792 uxores
738 4738 1008 4808 habeant,
1040 4741 1278 4809 possunt
1303 4755 1420 4793 esse
1447 4739 1775 4810 culpabiles,
1811 4744 2134 4811 susceptum

500 4830 881 4885 sacerdotium
902 4836 1099 4886 tenere
1128 4832 1533 4903 permittimus,
1556 4850 1671 4888 non
1694 4833 2133 4906 prasjudicantes

499 4923 824 4994 apostolicae
870 4924 1017 4979 sedis
1060 4926 1302 4993 statutis,
1332 4942 1439 4980 nec
1470 4943 1880 4997 praecessorum
1911 4931 2130 4982 nostro-

500 5034 627 5071 rum
660 5017 985 5088 nostrisque
1022 5018 1260 5073 decretis
1290 5019 1494 5091 quibus
1534 5020 1832 5077 salubriter
1855 5025 2132 5077 statutum

499 5114 601 5177 est,
631 5127 705 5165 ne
731 5110 981 5182 primum
1010 5112 1096 5165 vel
1129 5113 1459 5182 secundum,
1489 5116 1588 5168 aut
1617 5114 1847 5169 tertium
1880 5114 1937 5169 in
1959 5117 2135 5171 eccle-

497 5204 578 5258 sia
599 5203 843 5275 gradum
871 5204 1168 5276 quisquam
1191 5206 1466 5261 laicorum
1494 5208 1831 5279 quibuslibet
1851 5210 2132 5280 suffragiis

494 5298 672 5355 fultus
701 5298 989 5368 ascendat,
1019 5297 1356 5370 priusquam
1386 5301 1455 5357 ad
1484 5301 1593 5356 hoc
1621 5301 1890 5358 meritum
1921 5319 2022 5373 per
2045 5302 2125 5356 le-

494 5392 702 5462 gitima
730 5397 1041 5464 augmenta
1084 5394 1397 5465 perveniat,
1431 5395 1581 5465 quod
1622 5397 1777 5450 enim
1818 5398 2127 5467 utrumque

493 5486 753 5554 patimur
777 5502 899 5541 esse
932 5486 1152 5542 veniale
1191 5487 1439 5542 multum
1472 5489 1838 5560 postmodum
1867 5504 1985 5543 esse
2013 5505 2126 5544 non

491 5578 717 5647 poterit,
746 5579 793 5634 si
823 5579 1130 5651 quisquam
1176 5582 1413 5637 omnino
1457 5582 1517 5636 id
1546 5582 1703 5652 quod
1741 5581 2127 5637 interdicimus

495 5685 766 5741 usurpare
813 5675 1260 5745 prtesumpserit,
1285 5676 1420 5747 quia
1462 5674 1722 5730 remissio
1761 5675 1974 5747 peccati
2010 5692 2123 5731 non

485 5760 579 5812 dat
622 5763 912 5820 licentiam
965 5768 1356 5839 delinquendi,
1395 5786 1496 5823 nec
1539 5770 1686 5840 quod
1734 5769 1913 5841 potuit
1944 5770 2132 5841 aliqua

2238 4555 2561 4609 nationibus
2608 4555 2835 4623 illicitis,
2867 4573 3041 4628 super
3091 4559 3295 4630 quibus
3338 4560 3595 4614 crebrior
3643 4558 3704 4613 ad
3744 4571 3820 4609 nos

2238 4648 2461 4702 illarum
2503 4648 2755 4719 partium
2792 4651 3239 4706 commeantium
3283 4670 3472 4708 sermo
3514 4655 3821 4726 pervenerat.

2236 4747 2406 4812 atque
2447 4742 2515 4796 de
2558 4742 2682 4796 aliis
2722 4744 3153 4799 necessitatibus
3198 4746 3591 4802 ecclesiasticis
3627 4743 3823 4816 negotiis

2234 4838 2558 4904 tractantes,
2612 4852 2917 4907 sacrosque
2971 4854 3220 4893 canones
3266 4841 3593 4911 relegentes
3632 4840 3825 4893 solerter

2238 4928 2574 4999 egissemus,
2610 4946 2643 4983 a
2681 4930 2877 4984 multis
2923 4930 3272 5002 lacrymabili
3298 4934 3462 4989 vultu
3494 4936 3723 4989 relatum
3761 4930 3819 4981 est

2235 5021 2414 5089 nobis,
2462 5022 2616 5093 quod
2670 5023 2903 5095 quidam
2957 5025 3389 5082 Germaniarum
3439 5046 3506 5083 ac
3562 5027 3817 5084 Galliarum

2238 5115 2465 5170 urbium
2506 5118 2755 5189 epiSCOpi
2798 5119 3129 5189 frequenter
3165 5121 3550 5193 coepiscopos,
3578 5121 3667 5192 qui
3691 5120 3816 5190 juxta

2236 5226 2481 5265 canones
2541 5211 3044 5280 Neoeiesarienses,
3088 5213 3202 5268 sive
3259 5216 3576 5270 secundum
3627 5214 3816 5268 aliorum

2236 5303 2459 5358 decreta
2502 5305 2731 5359 Patrum
2788 5305 2961 5361 iidem
3010 5312 3141 5361 sunt
3186 5308 3284 5379 qui
3327 5313 3382 5363 et
3426 5306 3721 5380 presbyteri
3754 5300 3815 5354 vel

2235 5397 2595 5467 presbyteros
2616 5398 2987 5469 destinarent,
3003 5401 3101 5473 qui
3123 5401 3356 5457 absente
3384 5404 3644 5475 pontiﬁce
3661 5396 3815 5454 altaria

2236 5490 2544 5561 erigerent,
2574 5492 2944 5564 basilicasque
2994 5502 3407 5552 consecrarent.
3444 5496 3605 5560 Quod
3630 5491 3813 5566 quidem

2236 5600 2351 5638 non
2404 5587 2488 5637 est
2530 5586 2742 5642 mirum
2788 5587 2844 5642 id
2892 5591 3229 5661 praecepisse
3273 5591 3421 5645 viros
3478 5584 3811 5646 ecclesiastica

2234 5676 2548 5748 disciplinae
2588 5679 2813 5751 ignaros
2837 5683 2991 5753 quod
3033 5686 3120 5737 est
3158 5686 3444 5740 canonicae
3493 5682 3684 5755 regulae
3707 5690 3807 5730 con-

2241 5771 2498 5841 trarium,
2527 5778 2580 5828 et
2621 5774 2809 5830 statim
2838 5793 2868 5830 a
2899 5777 3149 5832 saeculari
3193 5778 3390 5833 militia
3428 5778 3487 5833 in
3527 5770 3812 5833 sacerdotali?
