4026 6182
190 318 281 371 881

1398 317 1869 374 DECRETALIUM
1907 317 2297 374 COLLECTIO.

3443 331 3543 385 882

188 421 564 478 ministerium
587 423 873 494 delegatos
890 430 1061 496 atque
1080 431 1385 496 promotos.
1402 427 1550 497 Ergo
1571 443 1645 480 ne
1666 427 1816 481 ultra
1837 438 1895 512 Α
1918 425 2129 481 debent
2154 426 2553 483 excellentiora
2572 429 2873 497 committi,
2896 431 3011 502 ipse
3034 434 3119 487 sui
3137 436 3542 493 numerositate

180 516 304 571 talis
332 534 363 570 a
390 516 549 571 vobis
584 517 811 573 licentia
848 522 1152 590 usurpetur
1176 520 1471 574 communi
1501 520 1805 587 sententia,

180 611 539 665 statuendum
571 612 826 681 oportuit
852 611 1092 667 scientes
1123 612 1276 684 quia,
1311 612 1454 667 sicut
1474 614 1805 684 coepiscopo

176 703 260 756 vel
307 704 638 774 presbytero
667 704 861 759 illicita
904 706 1255 761 consecratio
1291 710 1377 761 est
1409 706 1621 773 altaris,
1647 706 1727 760 ita
1752 712 1806 760 et

176 796 522 852 constitutio.
552 799 611 851 In
644 798 848 852 divinis
876 798 1031 854 enim
1070 799 1268 854 litteris
1307 799 1667 870 praecipiente
1700 800 1802 853 Do-

176 890 351 957 mino,
376 892 530 945 solus
555 891 767 962 Moyses
798 893 854 946 in
874 892 1241 947 tabernaculo
1272 893 1369 947 Dei
1396 893 1579 947 erexit
1599 892 1800 957 altare,

175 985 323 1038 solus
364 985 485 1054 ipse
533 984 716 1053 unxit,
748 985 845 1056 qui
872 986 1068 1057 utique
1113 1002 1372 1041 summus
1416 985 1675 1040 sacerdos
1700 986 1802 1040 Dei

173 1084 314 1143 erat,
350 1078 494 1132 sicut
539 1079 812 1149 scriptum
851 1083 935 1133 est
962 1080 1031 1134 de
1059 1096 1126 1135 eo
1162 1097 1173 1134 :
1207 1102 1234 1128 ‹‹
1265 1081 1480 1150 Moyses
1524 1084 1580 1134 et
1615 1083 1799 1134 Aaron

169 1171 223 1226 in
266 1171 657 1226 sacerdotibus
700 1173 821 1242 ejus
848 1174 1015 1244 (Psal.
1064 1190 1253 1242 xcvm,
1285 1174 1355 1244 6).
1386 1195 1413 1222 ››
1460 1173 1700 1245 Ideoque
1744 1174 1835 1239 id

167 1265 319 1336 quod
345 1269 568 1320 tantum
595 1267 778 1321 facere
816 1266 1170 1337 principibus
1203 1266 1555 1321 sacerdotum
1576 1266 1798 1337 jussum

167 1362 266 1425 est,
318 1376 564 1430 quorum
612 1365 814 1431 typum
864 1361 1077 1432 Moyses
1127 1364 1184 1413 et
1225 1363 1413 1414 Aaron
1468 1364 1794 1429 tenuerunt,

164 1453 403 1507 omnino
453 1453 748 1508 decretum
788 1457 874 1508 est
917 1458 979 1508 ut
1007 1453 1321 1525 coepiscopi
1355 1455 1440 1507 vel
1483 1454 1797 1526 presbyteri

165 1547 259 1618 qui
309 1546 563 1601 ﬁliorum
608 1550 797 1602 Aaron
846 1551 1075 1619 gestant
1104 1548 1352 1618 ﬁguram
1385 1548 1639 1619 arripere
1681 1564 1795 1602 non

162 1644 533 1709 praesumant.
568 1642 710 1695 Nam
749 1642 1011 1712 quamvis
1049 1657 1181 1695 cum
1228 1641 1504 1712 episcopis
1548 1640 1796 1712 plurima

161 1734 273 1788 illis
306 1733 756 1789 ministeriorum
800 1734 1118 1789 communis
1156 1735 1225 1788 sit
1255 1735 1620 1806 dispensatio,
1651 1751 1790 1805 qua-

1914 517 2157 575 vilescat.
2203 520 2366 585 Quod
2410 537 2562 576 nunc
2594 522 2651 576 in
2678 539 2779 577 sua
2808 524 3030 581 dioecesi
3078 528 3372 584 restitutus
3416 533 3540 602 epi-

1914 629 2118 684 scopus
2159 613 2372 669 factum
2416 631 2538 669 esse
2582 622 2843 672 causatus
2886 623 2988 689 est,
3034 625 3091 675 et
3127 621 3544 680 rationabiliter

1913 706 2232 778 postulavit,
2279 710 2341 761 ut
2385 708 2631 780 episcopi
2677 726 2874 765 eorum
2918 714 3192 781 locorum,
3232 714 3291 769 in
3337 717 3541 788 quibus

1910 815 2026 855 non
2054 800 2369 855 debuerant
2397 800 2646 856 ordinari
2670 803 2925 859 humana
2944 807 3267 863 conditione
3285 808 3539 866 decesse-

1912 892 2045 959 rint,
2065 893 2189 948 loca
2212 892 2333 963 ipsa
2355 893 2426 947 ad
2443 893 2537 964 jus
2559 896 2680 965 ejus
2707 897 2971 953 antistitis
2998 900 3352 972 redigantur.
3369 903 3541 974 Cujus

1912 990 2045 1041 ante
2076 986 2304 1041 fuerant
2331 990 2463 1041 ante
2492 988 2705 1059 priora.
2738 991 2804 1044 Et
2835 991 3035 1046 inutile
3070 999 3154 1048 est
3189 998 3250 1048 ut
3275 997 3536 1052 sacerdo—

1905 1079 2035 1133 talis
2063 1079 2308 1150 dignitas
2353 1081 2774 1137 inconsiderata
2817 1084 3135 1140 ordinantis
3179 1087 3446 1145 facilitate
3481 1097 3537 1145 et

1906 1176 2193 1246 superﬂua
2239 1176 2718 1248 multiplicatione
2764 1179 3078 1236 minuatur.
3108 1184 3183 1237 De
3222 1184 3311 1237 his
3346 1188 3535 1240 autem

1900 1285 2026 1339 quae
2063 1270 2121 1323 in
2151 1286 2309 1323 sacro
2335 1271 2675 1342 virginitatis
2706 1274 3001 1344 proposito
3042 1276 3363 1333 constitute
3396 1278 3529 1333 bar—

1898 1361 2150 1417 baricam
2179 1365 2466 1434 pertulere
2492 1365 2841 1435 violentiam,
2865 1372 2923 1422 et
2947 1368 3334 1440 integritatem
3361 1371 3533 1443 pudo-

1897 1456 1994 1521 ris,
2023 1472 2137 1511 non
2168 1456 2379 1523 animo,
2409 1457 2505 1512 sed
2525 1474 2763 1529 corpore
2794 1461 3116 1531 perdidere,
3146 1479 3211 1517 ea
3236 1464 3400 1519 nobis
3422 1482 3536 1520 ser-

1897 1550 2081 1603 vanda
2129 1550 2357 1606 videtur
2405 1552 2748 1621 moderatio,
2780 1557 2846 1608 ut
2893 1571 3079 1627 neque
3128 1557 3188 1611 in
3227 1558 3529 1614 viduarum

1895 1642 2238 1713 dejiciantur
2282 1644 2544 1715 gradum,
2583 1663 2689 1701 nec
2730 1645 2789 1700 in
2834 1664 3118 1704 sacrarum
3165 1654 3221 1705 et
3264 1669 3527 1723 perseve-

1896 1736 2142 1791 rantium
2174 1737 2462 1808 virginum
2493 1755 2732 1793 numero
2767 1748 3126 1797 censeantur.
3156 1744 3370 1809 Quibus
3392 1747 3437 1801 si
3466 1748 3523 1801 in

162 1827 295 1881 dam
324 1830 516 1882 tamen
546 1827 881 1883 auctoritate
909 1828 1115 1882 veteris
1154 1828 1315 1899 legis,
1343 1827 1607 1899 quaedam
1634 1844 1793 1882 novre
1818 1806 1870 1877 Β
1894 1830 2161 1884 omnibus
2186 1830 2560 1902 virginalibus
2592 1839 2959 1904 perseverant
2985 1838 3041 1889 et
3070 1837 3419 1894 castimoniae
3447 1858 3529 1894 so-
3614 1886 3621 1889 ν

158 1921 332 1975 etiam
361 1921 748 1975 ecclesiasticis
785 1922 1003 1993 regulis
1042 1921 1150 1975 sibi
1175 1922 1462 1992 prohibita
1504 1922 1788 1989 noverint,

158 2014 305 2068 sicut
351 2014 809 2085 presbyterorum
857 2020 912 2068 et
951 2014 1343 2081 diaconorum,
1376 2019 1472 2068 aut
1502 2015 1791 2085 virginum

154 2108 522 2173 consecratio,
564 2108 708 2162 sicut
746 2108 1071 2163 constitutio
1122 2109 1311 2162 altaris
1355 2125 1417 2161 ac
1467 2108 1790 2164 benedictio

153 2202 235 2255 vel
288 2201 501 2256 unctio.
547 2201 838 2272 Siquidem
882 2218 985 2255 nec
1032 2201 1253 2273 erigere
1304 2201 1385 2255 eis
1436 2202 1655 2271 altaria,
1683 2219 1789 2257 nec

151 2294 418 2349 ecclesias
443 2294 530 2349 vel
558 2294 762 2349 altaria
791 2311 1121 2349 consecrare
1159 2294 1307 2361 licet,
1334 2311 1440 2349 nec
1472 2311 1576 2366 per
1600 2294 1786 2366 impo-

148 2389 391 2443 sitiones
412 2405 683 2442 manuum
706 2388 970 2443 ﬁdelibus
996 2388 1353 2459 baptizandis
1370 2390 1457 2442 vel
1481 2389 1784 2457 conversis,

147 2483 228 2536 vel
252 2498 323 2536 ex
346 2482 548 2536 haeresi
581 2482 932 2552 paracletum
962 2482 1233 2552 Spiritum
1261 2487 1519 2536 sanctum
1540 2482 1784 2549 tradere,

145 2591 246 2629 nec
281 2574 535 2629 chrisma
565 2575 861 2641 conﬁcere,
896 2591 999 2629 nec
1028 2574 1333 2629 chrismate
1376 2575 1785 2646 baptizatorum

145 2668 367 2721 frontes
393 2667 642 2737 signare,
662 2684 767 2722 nec
790 2667 1015 2739 publice
1044 2668 1275 2739 quidem
1306 2667 1365 2721 in
1397 2668 1562 2721 missa
1592 2685 1788 2740 quem-

142 2777 324 2831 quam
354 2761 726 2831 poznitentem
770 2761 1158 2830 reconciliare,
1190 2777 1292 2815 nec
1322 2762 1595 2815 formatas
1624 2762 1783 2817 cuili-

142 2854 233 2908 bet
262 2854 534 2924 epistolas
574 2854 819 2909 mittere.
856 2856 983 2909 Haec
1012 2855 1169 2909 enim
1204 2854 1401 2909 omnia
1433 2855 1624 2910 illicita
1656 2859 1787 2910 sunt

142 2948 516 3019 coepiscopis,
548 2948 646 3019 qui
676 2948 748 3002 ad
801 2949 1129 3020 exemplum
1177 2953 1233 3002 et
1267 2949 1514 3003 formam
1558 2955 1781 3020 septua-

143 3043 310 3112 ginta
337 3041 748 3111 discipulorum
783 3059 905 3096 esse
947 3047 1283 3108 noscuntur,
1311 3043 1398 3097 vel
1439 3043 1786 3115 presbyteris

1893 1923 2173 1979 liditatem
2205 1930 2401 1979 mente
2429 1927 2756 1983 custodiunt
2780 1935 3269 1985 sacramentorum
3298 1949 3411 1986 non
3443 1938 3527 1987 est

1894 2017 2160 2087 neganda
2203 2018 2556 2086 communio,
2602 2020 2736 2091 quia
2781 2021 3056 2091 injustum
3100 2029 3183 2078 est
3225 2040 3318 2079 eas
3356 2025 3414 2079 in
3458 2044 3526 2081 eo

1892 2111 2078 2181 argui,
2108 2112 2193 2166 vel
2230 2113 2437 2180 notari,
2467 2113 2623 2184 quod
2665 2130 2783 2168 non
2831 2115 3094 2170 voluntas
3139 2117 3387 2187 admisit,
3422 2121 3522 2175 sed

1889 2203 1971 2256 vis
2005 2204 2226 2259 hostilis
2270 2205 2495 2276 eripuit.
2548 2209 2782 2263 Causam
2832 2225 3058 2280 quoque
3104 2210 3357 2282 Lupicini
3398 2214 3519 2284 epi-

1890 2298 2044 2368 scopi
2086 2298 2199 2353 illic
2237 2299 2510 2370 jubemus
2543 2300 2750 2355 audiri.
2801 2302 2903 2357 Cui
2945 2303 3190 2358 multum
3233 2309 3289 2359 et
3321 2307 3525 2377 saepius

1888 2392 2197 2461 postulanti
2242 2393 2704 2449 communionem
2742 2395 2847 2449 hac
2882 2397 3102 2451 ratione
3140 2398 3516 2469 reddidimus,

1888 2484 2156 2555 quoniam
2173 2486 2241 2540 ad
2259 2491 2521 2542 nostrum
2542 2488 2826 2559 judicium
2851 2497 3215 2561 provocasset
3236 2492 3523 2549 immerito

1889 2594 2021 2632 eum
2066 2578 2353 2649 pendente
2396 2582 2626 2652 negotio
2667 2599 2699 2636 a
2742 2584 3144 2639 communione
3196 2584 3531 2642 videbamus

1886 2670 2056 2726 fuisse
2100 2689 2458 2743 suspensum.
2506 2675 2806 2746 Adjectum
2850 2677 3024 2731 etiam
3069 2678 3208 2733 illud
3244 2684 3329 2734 est
3365 2681 3517 2752 quod

1888 2764 2019 2818 huic
2064 2770 2281 2821 temere
2326 2768 2794 2837 superordinatus
2842 2786 2962 2824 esse
3000 2773 3383 2841 cognoscitur,
3423 2761 3527 2845 qui

1886 2873 2002 2913 non
2045 2858 2244 2913 debuit
2284 2859 2534 2915 ordinari
2575 2865 2886 2934 antequam
2930 2864 3236 2936 Lupicinus
3274 2865 3331 2920 in
3372 2883 3520 2938 pra:-

1887 2952 2033 3005 senti
2074 2952 2308 3023 positus,
2338 2959 2438 3008 aut
2481 2956 2828 3024 confutatus,
2870 2962 2970 3011 aut
3014 2963 3165 3013 certe
3211 2960 3519 3028 confessus,

1877 3044 2048 3114 justae
2066 3051 2251 3116 posset
2267 3047 2389 3118 subj
2398 3064 2562 3103 acere
2579 3050 2893 3118 sententiae,
2912 3053 2975 3104 ut
2989 3054 3287 3107 vacantem
3308 3053 3519 3119 locum,

138 3136 231 3206 qui
276 3135 545 3189 eamdem
576 3141 796 3207 gestant
831 3135 1095 3207 ﬁguram.
1132 3136 1413 3200 Quoniam
1448 3152 1781 3208 quanquam
1804 3177 1858 3250 C
1887 3139 2371 3209 quemadmodum
2400 3141 2701 3213 disciplina
2729 3143 3103 3199 ecclesiastica
3133 3145 3331 3217 exigit,
3351 3146 3397 3200 is
3422 3148 3517 3218 qui

145 3228 626 3250 -‘_---__l:-_.____
659 3229 906 3250 L-L--_.l
956 3229 1533 3250 MA_1:n--n__-A-__-_
1567 3230 1771 3250 ‘_!-___
1891 3232 2244 3250 a_____,,_l,n
2478 3234 2487 3245 ι
2637 3237 2647 3250 ι
2705 3235 2756 3250 Α·
3060 3236 3097 3250 ιι
3436 3239 3446 3249 ι
3500 3244 3509 3250 .

136 3228 632 3283 consecrationem
658 3229 931 3297 habeant,
956 3229 1321 3300 pontiﬁcatus
1349 3233 1537 3284 tamen
1560 3230 1780 3302 apicem

135 3339 253 3377 non
287 3321 522 3376 habent.
551 3321 689 3385 Quae
716 3322 910 3377 omnia
940 3322 1070 3377 solis
1097 3322 1303 3378 debere
1330 3324 1565 3378 summis
1591 3323 1777 3395 ponti-

133 3417 344 3471 ﬁcibus
370 3416 705 3471 auctoritate
747 3433 1028 3471 canonum
1072 3417 1422 3488 praecipitur,
1453 3423 1514 3471 ut
1544 3434 1643 3489 per
1672 3418 1779 3472 hoc

133 3517 188 3564 et
216 3509 495 3565 discretio
524 3509 828 3579 graduum,
856 3516 913 3565 et
942 3509 1233 3581 dignitatis
1258 3510 1549 3581 fastigium
1570 3511 1778 3565 summi

130 3602 431 3675 pontiﬁcis
459 3602 899 3657 demonstretur.
936 3603 1050 3658 Sed
1078 3619 1265 3675 neque
1296 3620 1487 3658 coram
1516 3604 1776 3675 episcopo

132 3698 269 3751 licet
300 3695 649 3767 presbyteris
678 3696 737 3750 in
776 3695 1175 3767 baptisterium
1205 3697 1458 3766 introire,
1490 3713 1595 3751 nec
1624 3714 1774 3769 prte-

126 3794 297 3845 sente
344 3788 596 3844 antistite
640 3789 915 3844 infantem
962 3789 1205 3861 tingere,
1251 3793 1352 3845 aut
1393 3790 1641 3861 signare,
1670 3808 1776 3845 nec

128 3885 515 3954 pcenitentem
550 3882 669 3937 sine
712 3883 1099 3954 praaceptione
1136 3883 1383 3955 episcopi
1411 3884 1497 3938 sui
1525 3885 1774 3939 reconci-

126 3979 295 4044 liare,
314 3992 422 4031 nec
442 3993 508 4032 eo
527 3980 832 4048 praesente,
854 3976 965 4031 nisi
984 3977 1081 4031 illo
1094 3977 1335 4047 jubente
1352 3982 1774 4033 sacramentum

126 4070 396 4144 corporis
414 4076 469 4125 et
493 4070 789 4141 sanguinis
812 4071 1017 4125 Christi
1047 4071 1341 4137 conﬁcere,
1358 4088 1463 4126 nec
1489 4088 1557 4126 eo
1582 4089 1774 4127 coram

124 4166 323 4237 posito
346 4165 621 4235 populum
654 4165 876 4231 docere,
905 4165 995 4219 vel
1018 4164 1358 4220 benedicere
1389 4169 1489 4220 aut
1508 4166 1770 4234 salutare,

126 4277 230 4313 nec
281 4258 511 4329 plebem
554 4258 751 4328 utique
798 4257 1111 4325 exhortari,
1144 4258 1203 4312 in
1245 4274 1343 4313 eos
1388 4259 1679 4329 specialius
1719 4266 1775 4314 et

122 4351 478 4424 propensius
507 4351 901 4406 commovendi
924 4352 1021 4422 qui
1054 4351 1112 4406 in
1140 4351 1419 4423 episcopis
1440 4352 1772 4407 ordinandis

121 4452 464 4502 sanctorum
509 4447 740 4499 Patrum
782 4448 993 4499 statuta
1023 4445 1400 4516 neglexerint,
1430 4448 1487 4500 et
1512 4461 1655 4516 quos
1680 4462 1771 4500 re-

1882 3232 2345 3301 consecrabatur,
2370 3234 2675 3305 exciperet.
2705 3235 2828 3290 Sive
2857 3252 2993 3291 vero
3024 3236 3152 3291 alia:
3178 3239 3518 3294 emerserint

1880 3340 2064 3379 causa:
2082 3341 2209 3396 quae
2236 3326 2309 3380 ad
2335 3330 2544 3381 statum
2564 3328 2958 3396 ecclesiarum,
2982 3335 3038 3385 et
3060 3331 3131 3385 ad
3152 3332 3517 3388 concordiam

1882 3416 2208 3488 pertineant
2238 3419 2618 3489 sacerdotum,
2650 3420 2766 3474 illic
2792 3421 2895 3475 sub
2927 3422 3135 3477 timore
3160 3423 3386 3477 Domini
3417 3441 3513 3479 vo-

1879 3510 2069 3565 lumus
2097 3513 2477 3581 ventulentur,
2508 3516 2564 3567 et
2604 3513 2672 3567 de
2702 3515 3114 3586 componendis
3145 3520 3318 3587 atque
3360 3533 3511 3572 com-

1877 3604 2072 3675 positis
2099 3606 2365 3660 omnibus
2388 3606 2460 3661 ad
2488 3623 2591 3661 nos
2615 3608 2820 3662 relatio
2846 3608 3016 3679 plena
3047 3609 3325 3678 mittatur,
3358 3614 3423 3665 ut
3441 3627 3514 3666 ea

1876 3714 2004 3768 quae
2026 3699 2195 3769 juxta
2227 3700 2667 3754 ecclesiasticum
2695 3717 2914 3756 morem
2942 3703 3096 3773 juste
3115 3707 3173 3758 et
3199 3702 3518 3759 rationabi-

1874 3790 2005 3845 liter
2028 3792 2240 3847 fuerint
2265 3792 2519 3861 deﬁnita,
2538 3810 2670 3849 mea
2692 3810 2919 3867 quoque
2940 3796 3222 3852 sententia
3244 3814 3308 3852 ro
3321 3797 3526 3853 boren‘

1875 3888 1986 3938 tur.
2016 3886 2155 3939 Data
2186 3888 2389 3957 quarto
2416 3887 2545 3942 Idus
2573 3888 2832 3959 Augusti.

1876 4001 2065 4056 LXVII.
2095 4031 2162 4042 —
2191 4002 2286 4058 Ad
2327 4006 2597 4074 episcopos
2634 4020 2737 4075 per
2771 4006 3123 4061 Viennensem
3165 4009 3505 4077 provinciam

2333 4089 2337 4092 ·
2527 4078 2863 4131 constitutos.

1946 4166 2055 4220 Leo
2081 4165 2456 4222 dilectissimis
2495 4168 2768 4224 fratribus
2798 4168 3073 4224 universis
3100 4170 3380 4243 episcopis
3407 4189 3511 4244 per

1877 4259 2255 4316 Viennensem
2282 4261 2631 4332 provinciam
2667 4263 3011 4319 constitutis.

1943 4353 2158 4409 Divina:
2178 4355 2397 4410 cultum
2424 4355 2737 4427 religionis,
2765 4374 2941 4429 quem
2965 4357 3025 4413 in
3050 4374 3251 4413 omnes
3277 4362 3500 4431 gentes,

1874 4463 2186 4519 omnesque
2251 4448 2507 4505 nationes
2555 4451 2656 4505 Dei
2706 4451 2884 4507 voluit
2949 4452 3134 4523 gratia
3190 4469 3501 4522 coruscare,

134 4544 156 4593 Γ
156 4549 339 4595 utare
362 4538 701 4605 debuerant,
731 4539 1129 4593 consecrarint.
1153 4539 1312 4594 Unde
1340 4539 1387 4592 si
1412 4539 1509 4610 qui
1532 4540 1858 4618 episcopiD
1882 4540 1962 4594 ita
1999 4541 2275 4594 Dominus
2310 4546 2503 4596 noster
2530 4545 2687 4598 Jesus
2722 4544 2976 4600 Christus
3014 4544 3252 4599 humani
3294 4547 3519 4616 generis

129 4634 319 4688 talem
341 4632 798 4687 consecraverint
818 4633 1188 4700 sacerdotem,
1207 4632 1435 4703 qualem
1456 4648 1572 4687 non
1594 4632 1784 4699 liceat,

127 4725 372 4782 etiamsi
401 4726 592 4796 aliquo
629 4725 800 4779 modo
838 4726 1113 4779 damnum
1142 4726 1363 4797 proprii
1390 4725 1628 4780 honoris
1654 4743 1780 4780 eva-

126 4820 344 4885 serint,
367 4818 736 4873 ordinationis
757 4821 951 4873 tamen
971 4818 1068 4889 jus
1081 4818 1319 4874 ulterius
1336 4835 1448 4872 non
1470 4819 1782 4889 habebunt,

125 4932 235 4968 nec
277 4913 333 4965 ei
370 4917 730 4966 sacramento
774 4911 1063 4979 interesse,
1093 4912 1249 4983 quod
1292 4914 1551 4983 neglecto
1592 4913 1785 4968 divino

114 5006 353 5076 judicio
382 5005 679 5060 immerito
706 5006 1044 5077 praestitere.
1078 5005 1222 5060 Illud
1249 5022 1383 5071 sane
1413 5006 1566 5077 quod
1594 5007 1667 5061 ad
1695 5024 1781 5061 sa-

121 5100 491 5156 cerdotalem
537 5099 782 5170 pertinet
825 5099 1184 5170 dignitatem,
1214 5099 1362 5153 inter
1399 5100 1593 5153 omnia
1622 5100 1781 5155 volu-

128 5212 272 5251 mus
291 5209 583 5249 canonum
612 5199 823 5249 statuta
847 5194 1077 5248 servari.
1102 5194 1243 5248 Cum
1267 5194 1363 5248 ubi
1388 5193 1637 5248 minores
1653 5198 1786 5248 sunt

124 5290 359 5361 plebes,
394 5287 761 5359 minoresque
789 5290 1126 5352 conventus,
1156 5288 1620 5359 presbyterorum
1648 5305 1785 5343 cura

122 5383 415 5437 sufﬁciat.
458 5382 811 5454 Episcopalia
855 5386 1049 5436 autem
1095 5381 1485 5452 gubernacula
1524 5398 1639 5435 non
1679 5381 1785 5436 nisi

122 5475 465 5547 majoribus
519 5475 763 5547 pOpulis,
809 5478 865 5530 et
928 5473 1412 5546 frequentioribus
1468 5474 1784 5528 civitatibus

119 5573 411 5642 oporteat
463 5569 790 5640 prmsidere,
841 5585 913 5623 ne
979 5567 1132 5639 quod
1179 5573 1506 5622 sanctorum
1552 5569 1783 5623 Patrum

121 5664 421 5720 divinitus
452 5662 726 5735 inspirata
765 5663 991 5718 decreta
1019 5666 1250 5716 vetuere
1275 5661 1532 5729 vinculis,
1567 5665 1623 5716 et
1651 5678 1782 5733 pos-

120 5756 495 5811 sessionibus
524 5757 611 5811 vel
652 5757 904 5811 obscuris
942 5759 999 5811 et
1034 5755 1295 5811 solitariis
1331 5754 1656 5826 municipiis
1681 5755 1782 5810 tri-

124 5854 358 5906 buatur
399 5850 744 5905 sacerdotale
786 5850 1098 5921 fastigium,
1142 5855 1195 5904 et
1472 5849 1656 5902 honor
1695 5850 1783 5903 cui

1887 4633 2139 4688 Salvator
2186 4634 2453 4704 instituit,
2506 4640 2568 4689 ut
2627 4636 2833 4691 veritas
2869 4652 2996 4707 quos.
3058 4640 3227 4691 antea
3287 4638 3429 4709 legis
3467 4644 3519 4693 et

1888 4726 2301 4797 prophetarum
2344 4728 2629 4798 praeconio
2678 4729 3092 4796 continebatur,
3120 4746 3226 4801 per
3249 4732 3520 4802 apostoli-

1886 4836 2010 4873 cam
2064 4820 2259 4873 tubam
2300 4820 2359 4874 in
2414 4821 2651 4876 salutem
2705 4822 3082 4877 universitatis
3130 4823 3328 4893 exiret,
3378 4824 3523 4880 sicut

1887 4913 2139 4984 scripum
2180 4918 2265 4969 est
2311 4929 2325 4967 :
2379 4932 2407 4965 «
2453 4916 2515 4969 In
2567 4931 2804 4969 omnem
2859 4920 3074 4970 terram
3133 4917 3303 4973 exivit
3351 4934 3522 4972 sonus

1888 5023 2111 5075 eorum,
2142 5009 2199 5060 et
2242 5007 2300 5060 in
2339 5007 2479 5062 ﬁnes
2519 5007 2671 5062 orbis
2715 5013 2883 5063 terra:
2912 5009 3082 5064 verba
3126 5026 3324 5065 eorum
3352 5011 3519 5081 (Psal.

1885 5116 2041 5167 xvm,
2087 5101 2158 5171 3).
2210 5122 2237 5148 »
2287 5100 2393 5155 Sed
2438 5101 2610 5171 hujus
2657 5103 2912 5157 muneris
2974 5109 3397 5159 sacramentum
3443 5105 3522 5158 ita

1886 5194 2165 5249 Dominus
2179 5194 2253 5248 ad
2274 5194 2535 5248 omnium
2556 5196 2945 5266 apostolorum
2964 5198 3211 5253 ofﬁcium
3233 5198 3519 5268 pertinere

1886 5287 2080 5354 voluit,
2113 5292 2176 5342 ut
2202 5287 2259 5341 in
2289 5287 2615 5344 beatissimo
2642 5291 2807 5344 Petro
2834 5292 3223 5362 apostolorum
3261 5290 3517 5344 omnium

1888 5397 2117 5436 summo
2167 5380 2560 5453 principaliter
2602 5383 2926 5453 collocaret,
2974 5389 3036 5441 ut
3076 5384 3147 5438 ab
3188 5383 3313 5455 ipso
3358 5383 3518 5454 quasi

1885 5475 2139 5545 quodam
2190 5475 2373 5546 capite
2426 5476 2577 5530 dona
2634 5493 2738 5531 sua
2786 5477 2938 5533 velut
2988 5477 3048 5530 in
3096 5492 3299 5547 corpus
3348 5491 3518 5530 omne

1887 5568 2254 5635 diffunderet,
2307 5572 2369 5623 ut
2422 5573 2705 5625 exsortem
2758 5586 2817 5625 se
2868 5569 3126 5641 mysterii
3173 5568 3521 5639 intelligeret

1887 5677 2007 5716 esse
2034 5660 2231 5727 divini,
2259 5662 2357 5733 qui
2385 5678 2555 5718 ausus
2586 5663 2783 5718 fuisset
2811 5679 2844 5717 a
2870 5662 3021 5717 Petri
3052 5661 3329 5716 soliditate
3359 5678 3517 5717 rece-

1888 5754 2044 5809 dere.
2079 5756 2237 5810 Hunc
2267 5755 2419 5810 enim
2450 5756 2509 5810 in
2540 5755 2891 5811 consortium
2933 5754 3243 5810 individua:
3288 5755 3521 5811 unitatis

1888 5851 2241 5920 assumptum
2270 5848 2325 5903 id
2357 5849 2512 5921 quod
2556 5850 2675 5921 ipse
2715 5854 2853 5915 erat,
2888 5847 3061 5904 voluit
3091 5847 3393 5919 dominari,
3429 5849 3516 5905 di-
