4062 6188
556 274 655 328 883
1457 269 1735 324 ΑΡΙἘΝΙ).
1777 271 1864 324 Al)
1901 272 2061 325 SASC.
2104 271 2160 324 IS

2220 226 2279 308 έ-
2322 270 2563 325 ιδιυυιίι
2600 269 3026 324 ΜειωΑτυιίιδ
3754 279 3824 330 δδό

554 391 731 446 cendo
761 408 773 445 :
812 411 837 438 «
869 391 945 443 Tu
975 405 1032 443 es
1060 391 1254 442 Petrus
1285 392 1341 440 et
1368 403 1537 458 super
1560 388 1710 442 hanc
1740 389 1965 458 petram
1999 387 2178 443 aditi-
2206 400 2263 473 Α
2284 387 2473 441 nullus
2501 386 2858 441 sacerdotum
2900 388 3093 457 posset
3114 386 3336 442 audire.
3370 387 3655 455 Doluimus,
3679 390 3832 455 fateor,

556 487 697 539 rabo
736 482 1038 538 Ecclesiam
1079 498 1268 537 meam
1299 481 1514 549 (Matth.
1544 498 1655 550 xvr,
1692 484 1796 549 l8),
1832 503 1859 529 ››
1888 484 1952 535 ut
1984 481 2183 536 aterni
2287 481 2512 547 fratres,
2547 486 2603 536 et
2631 482 2786 536 hunc
2829 481 2953 552 ejus
2984 481 3204 536 meritis
3246 481 3505 537 timorem
3544 483 3745 538 medelis
3767 502 3837 555 pa-

555 576 851 633 tediticatio
868 575 1071 646 templi
1092 574 1345 630 mirabili
1360 591 1601 630 munere
1623 574 1821 645 gratia
1842 574 1941 630 Dei
1960 575 2017 628 in
2040 576 2187 630 Petri
2287 576 2501 630 tientia
2527 579 2735 630 nostra
2765 591 2965 630 curare
3002 575 3367 630 tentavimus.
3396 575 3700 632 Nolebamus
3721 580 3837 634 enim

555 671 837 726 soliditate
877 671 1232 726 consisteret.
1261 670 1373 724 Hac
1404 668 1705 725 Ecclesiam
1736 685 1895 723 suam
1921 668 2188 724 ﬁrmitate
2291 686 2356 723 ea
2386 668 2468 723 illi
2494 669 2832 723 exacerbare
2863 668 3093 724 vulnera
3125 685 3255 740 qua
3279 685 3395 724 sua
3423 670 3613 724 anima
3642 670 3835 727 insolen-

556 766 926 821 rorroborans
951 770 1015 820 ut
1050 765 1228 832 illam,
1254 781 1359 819 nec
1385 764 1644 820 humana
1667 763 1960 820 temeritas
2000 767 2191 835 posset
2292 763 2439 818 tibus
2469 762 2708 819 subinde
2738 763 3101 818 sermonibus
3146 762 3460 834 inﬂigebat,
3491 767 3545 818 et
3576 781 3724 835 quem
3751 783 3839 819 sus-

556 864 845 931 appetere,
864 875 968 914 nec
991 864 1171 931 porta
1203 862 1399 914 contra
1426 858 1580 913 illam
1600 858 1767 914 inferi
1795 860 2186 930 praevalerent.
2290 877 2618 932 ceperamus
2643 863 2705 915 ut
2732 860 2990 929 fratrem,
3013 858 3253 914 delinire
3279 858 3462 930 magis
3488 860 3675 931 ipsum,
3693 877 3842 932 quam-

553 954 765 1007 Verum
795 954 937 1007 hanc
964 955 1145 1023 petra
1176 952 1336 1006 istius
1366 952 1799 1007 sacratissimam
1837 952 2188 1018 firmitatem,
2292 955 2373 1008 vis
2402 954 2521 1026 ipse
2547 954 2660 1008 suis
2691 952 3149 1025 responsionibus
3192 953 3478 1022 invitaret,
3503 970 3659 1025 quam
3679 956 3840 1009 contri-

556 1049 689 1116 Dco,
721 1051 783 1102 ut
810 1046 1073 1113 diximus,
1102 1046 1441 1112 aedificante,
1468 1049 1854 1101 constructam
1883 1045 2059 1100 nimis
2087 1045 2194 1099 im-
2293 1052 2439 1103 stare
2492 1046 3028 1102 interlocutionibus
3094 1046 3434 1101 nitebamur.
3482 1046 3744 1102 Absolutus
3782 1054 3842 1103 est

558 1141 646 1212 pia
674 1142 796 1195 vult
824 1140 1276 1210 praesumptione
1314 1139 1527 1194 violare
1574 1140 1831 1210 quisquis
1868 1140 1990 1210 ejus
2030 1145 2188 1210 pote-
2292 1141 2627 1196 Celedonius
2657 1140 3269 1212 episcopus,quoniam
3297 1156 3355 1195 se
3376 1140 3576 1211 injuste
3598 1141 3842 1196 sacerdotio

557 1238 766 1288 statem
788 1238 967 1288 tentat
996 1233 1331 1303 infringere,
1360 1234 1600 1288 favendo
1629 1233 2028 1303 cupiditatibus
2056 1233 2189 1298 suis,
2294 1235 2463 1289 fuisse
2491 1235 2772 1305 dejectum
2814 1233 3117 1289 manifeste
3142 1234 3377 1289 testium
3406 1235 3739 1306 responsione
3757 1236 3843 1305 ipso

558 1333 616 1382 et
647 1328 702 1382 id
740 1328 893 1399 quod
936 1327 1155 1397 accepit
1179 1344 1212 1381 a
1238 1326 1521 1382 veteribus
1564 1343 1678 1381 non
1719 1328 2028 1399 sequendo,
2059 1343 2192 1382 cum
2295 1329 2470 1384 etiam
2510 1333 2791 1399 prasente
2832 1332 3269 1394 monstraverat,
3295 1328 3377 1382 ita
3404 1331 3468 1381 ut
3491 1328 3633 1399 quod
3662 1328 3845 1382 Hilarius

560 1421 701 1476 nulli
725 1438 786 1475 se
814 1421 1104 1475 subditum
1130 1420 1266 1491 legi,
1292 1421 1463 1476 nullis
1490 1421 1860 1476 institutionis
1886 1420 2194 1476 Dominica
2293 1421 2587 1476 nobiscum
2607 1421 2860 1476 residens
2886 1424 3076 1492 posset
3097 1437 3389 1493 opponere
3408 1437 3525 1476 non
3539 1420 3757 1475 haberet.
3776 1421 3847 1474 lle-

558 1516 735 1570 credit
764 1515 972 1586 regulis
996 1514 1299 1582 contineri,
1319 1531 1351 1567 a
1370 1520 1553 1569 vestro
1576 1519 1884 1586 nostroque
1908 1531 2013 1585 per
2033 1531 2194 1568 nova
2294 1519 2517 1569 motum
2542 1520 2629 1569 est
2644 1531 2781 1586 ergo
2800 1514 3086 1586 judicium
3111 1514 3265 1586 quod
3286 1514 3569 1585 prolatum
3588 1514 3639 1568 in
3658 1514 3745 1569 hac
3763 1530 3850 1569 seu-

562 1608 945 1679 usurpationis
964 1608 1242 1662 ambitum
1259 1624 1420 1661 more
1442 1608 1777 1677 desciscens,
1794 1608 2194 1679 prasumendo
2295 1608 2471 1664 tentia
2502 1608 2815 1679 legebatur,
2849 1625 2961 1680 quo
2985 1612 3257 1680 tanquam
3283 1608 3469 1662 vidua
3491 1608 3705 1662 maritus
3719 1624 3850 1661 samo

561 1702 776 1768 illicita,
809 1704 866 1756 et
896 1718 1022 1773 qua
1048 1701 1333 1756 custodire
1364 1701 1561 1756 debuit
1588 1702 1957 1772 ncgligendo.
1983 1702 2191 1756 Verum
2295 1702 2512 1757 dotium
2526 1706 2718 1757 tenere
2739 1718 2852 1756 non
2866 1704 3071 1773 posset.
3090 1702 3253 1766 Quod
3269 1718 3374 1757 nos
3392 1701 3851 1773 quidemservantes

560 1797 682 1850 hac
722 1812 825 1849 nos
864 1798 997 1865 Deo,
1032 1798 1093 1849 ut
1121 1795 1426 1861 credimus,
1457 1794 1745 1865 aspirante
1788 1798 2007 1849 servata
2050 1775 2270 1849 circaB
2293 1795 2502 1867 legalia
2535 1795 2839 1850 constituta
2883 1794 3171 1850 sollicitius
3198 1795 3479 1850 voluimus
3516 1794 3752 1849 custodiri
3771 1810 3850 1846 non

562 1906 658 1943 vos
690 1894 897 1943 nostra
925 1889 1222 1944 charitatis
1267 1890 1448 1960 gratia
1493 1905 1664 1959 quam
1694 1888 1973 1943 sanctitati
1997 1891 2194 1943 vestra
2296 1890 2477 1944 solum
2497 1889 2647 1944 circa
2675 1888 3131 1957 sacerdotes,sed
3162 1888 3307 1943 circa
3327 1889 3561 1944 clericos
3579 1904 3769 1960 quoque
3783 1888 3853 1940 mi~

561 1982 871 2053 apostolica
915 1999 1141 2054 semper
1179 1982 1364 2050 sedes,
1402 1985 1459 2037 ut
1506 1982 1849 2037 meministis
1892 1982 2193 2053 impendit,
2295 1983 2452 2038 noris
2476 1982 2664 2050 ofﬁcii,
2690 1999 2761 2036 ne
2792 1983 2865 2037 ad
2896 1999 3115 2037 sacram
3144 1982 3407 2037 militiam
3437 1983 3497 2037 hi
3524 1982 3853 2054 permittantur

560 2077 797 2131 nitimur
822 2076 1057 2131 consilio
1101 2075 1409 2130 maturiore
1457 2076 1763 2145 corrigere,
1795 2081 1851 2130 et
1878 2079 2197 2130 vestrarum
2296 2077 2587 2144 accedere,
2636 2076 2843 2148 quibus
2898 2076 2971 2131 sit
3029 2077 3138 2131 tale
3190 2076 3543 2147 conjugium,
3586 2074 3665 2129 vel
3710 2080 3854 2129 contra

562 2170 939 2225 Ecclesiarum
1007 2173 1216 2224 statum
1279 2170 1705 2224 communicato
1763 2169 2051 2223 vobiscum
2114 2170 2194 2223 la-
2297 2171 2665 2242 apostolicam
2713 2170 3072 2241 disciplinam
3114 2186 3229 2225 non
3268 2170 3440 2224 unius
3474 2173 3679 2225 tantum
3713 2169 3856 2223 uxoris

560 2264 695 2319 bore
731 2280 1100 2334 componere,
1136 2280 1247 2317 non
1289 2279 1434 2317 nova
1477 2262 1858 2331 instituentes,
1891 2262 1989 2317 sed
2013 2268 2198 2317 vetera
2297 2263 2402 2319 viri
2431 2263 2603 2319 fuisse
2640 2267 3054 2318 monstrentur.
3083 2262 3194 2319 Sed
3224 2263 3369 2317 sicut
3398 2280 3497 2318 eos
3533 2261 3677 2334 quod
3701 2262 3859 2316 factum

562 2362 912 2426 renovantes,
942 2361 1006 2411 ut
1034 2358 1093 2411 in
1140 2359 1319 2411 status
1348 2355 1756 2411 consuetudine
1798 2373 1926 2427 qua
1964 2356 2130 2412 nobis
2165 2374 2197 2410 a
2299 2374 2466 2412 suum
2494 2375 2607 2412 non
2629 2360 2813 2429 potest
2832 2373 3124 2427 excusare,
3150 2362 3249 2412 aut
3275 2372 3393 2412 non
3413 2356 3859 2419 admittendos,aut

565 2451 766 2506 nostris
810 2451 1075 2506 Patribus
1110 2454 1195 2505 est
1234 2450 1439 2505 tradita
1482 2450 1883 2521 perduremus,
1914 2453 1970 2504 et
1995 2451 2063 2505 de
2091 2468 2193 2505 no-
2299 2452 2345 2505 si
2388 2452 2599 2507 fuerint
2628 2450 2987 2506 decernimus
3034 2450 3431 2517 removendos,
3466 2451 3546 2505 ita
3580 2448 3759 2521 quibus
3784 2448 3861 2501 hoc

561 2550 676 2600 stro
703 2561 805 2615 per
829 2544 964 2599 boni
993 2544 1180 2615 operis
1207 2543 1610 2611 ministerium,
1640 2543 1874 2599 remotis
1898 2543 2195 2614 perturba-
2297 2545 2501 2600 falsum
2526 2544 2737 2615 objicit,
2760 2545 2829 2599 ab
2856 2561 2926 2599 ea
2958 2560 3185 2599 necesse
3213 2550 3298 2599 est
3327 2543 3730 2599 examinatione
3762 2558 3860 2612 pur-

566 2640 784 2694 tionum
825 2638 1125 2705 scandulis,
1156 2638 1497 2709 placeamus.
1531 2638 1832 2692 Nobiscum
1878 2638 2071 2709 itaque
2101 2655 2192 2692 ve-
2299 2656 2518 2710 gemus,
2569 2642 2627 2693 et
2674 2655 2841 2693 suum
2889 2638 3149 2693 officium
3191 2638 3437 2709 perdere
3485 2654 3598 2693 non
3642 2636 3861 2691 sinamus.

565 2737 678 2786 stra
706 2732 1031 2787 fraternitas
1058 2734 1427 2802 recognoscat
1463 2731 1826 2801 apostolicam
1865 2732 2059 2785 sedem
2092 2748 2195 2801 pro
2297 2732 2590 2787 Mansisset
2619 2748 2868 2803 namque
2900 2732 2961 2786 in
2989 2732 3154 2786 illum
3182 2731 3399 2803 prolata
3435 2730 3717 2796 sententia,
3740 2729 3777 2782 si
3796 2727 3866 2780 ob-

564 2824 648 2878 sui
672 2825 1259 2880 reverentiaavestra
1290 2825 1463 2879 etiam
1489 2824 1793 2895 provincia
1813 2824 2197 2879 sacerdotibus
2290 2826 2579 2897 jectorum
2637 2825 2841 2880 veritas
2895 2824 3219 2880 exstitisset.
3279 2824 3557 2880 Redditus
3600 2825 3767 2895 itaque
3807 2824 3867 2875 est

567 2917 886 2972 innumeris
933 2918 1303 2972 relationibus
1351 2934 1471 2972 esse
1520 2919 1854 2986 consultam,
1885 2920 1943 2972 et
1972 2935 2073 2989 pro
2111 2919 2194 2973 di-
2298 2919 2546 2975 ecclesia
2591 2935 2728 2988 sua,
2775 2923 2832 2974 et
2871 2919 3003 2973 huic
3051 2935 3223 2990 quam
3268 2918 3538 2974 amittere
3579 2934 3685 2972 non
3720 2913 3866 2969 debuit

566 3027 879 3078 versurum,
909 3010 1400 3081 quemadmodum
1426 3014 1586 3065 vetus
1623 3011 1973 3066 consuetudo
1998 3029 2192 3083 posce-
2298 3012 2565 3085 dignitati
2591 3013 2958 3084 coepiscopus
2982 3016 3178 3068 noster
3199 3011 3559 3080 Celedonius,
3585 3011 3715 3066 sicut
3733 3012 3871 3081 gesto-

562 3106 678 3171 bat,
709 3104 1091 3175 appellatione
1122 3121 1439 3170 causarum,
1471 3108 1571 3159 aut
1597 3108 1898 3161 retractata
1933 3110 2033 3160 aut
2060 3123 2194 3161 con-
2217 3146 2268 3178 η
2296 3123 2426 3161 rum
2458 3107 2626 3161 series
2657 3112 2714 3161 et
2737 3111 2864 3178 post
2890 3107 3185 3162 decursum
3225 3106 3614 3178 cognitionem
3648 3100 3868 3160 sententia

564 3146 678 3171 ......,
709 3146 1091 3175 ..πνυμηνμυ
1122 3146 1439 3170 νην-...μη
1471 3146 1571 3159 ..ιη
1598 3146 1898 3161 ﬂuam“...
1933 3146 2033 3160 ..ιη
2061 3146 2167 3161 νυ..
2298 3146 2426 3161 ω...
2458 3146 2626 3161 seu...
2657 3146 2714 3161 υ..
2737 3146 2864 3178 νυν.
2890 3146 3185 3162 “eam”...
3225 3146 3614 3178 υνδμιηυηυι..
3648 3146 3868 3160 πων-η-

564 3200 787 3252 ﬁrmata
814 3198 983 3252 fuisse
1004 3197 1239 3268 judicia,
1272 3198 1413 3253 adeo
1445 3202 1507 3252 ut
1532 3202 1752 3253 servata
1778 3200 1994 3254 unitate
2027 3200 2190 3270 spiri-
2217 3146 2271 3220 Ο
2296 3217 2425 3272 qua
2455 3217 2488 3255 a
2515 3200 2679 3256 nobis
2719 3206 2807 3255 est
2848 3200 3072 3272 prolata
3114 3204 3373 3256 testatur.
3424 3200 3562 3277 Huic
3600 3197 3794 3269 negotio
3814 3193 3868 3248 sic

564 3296 654 3346 tus
679 3290 985 3346 invinculo
1027 3292 1177 3362 pacis
1205 3292 1673 3361 commeantibus,
1702 3292 1833 3347 hinc
1873 3293 2005 3347 inde
2044 3293 2189 3347 litte-
2294 3294 2452 3348 linito
2495 3294 2682 3348 fratris
2719 3297 2777 3349 et
2822 3293 3141 3365 coepiscopi
3188 3293 3368 3349 nostri
3418 3291 3652 3364 projecti
3689 3287 3868 3361 querela

562 3385 639 3439 ris
665 3402 777 3457 quo
807 3390 1017 3440 sancta
1045 3386 1325 3456 agebatur
1354 3389 1648 3458 perpetua
1678 3386 1982 3457 proficeret
2008 3387 2192 3441 chari-
2293 3387 2577 3442 successit.
2605 3387 2775 3457 Cujus
2802 3387 2877 3441 ad
2921 3404 3021 3442 nos
3062 3387 3272 3442 littera
3315 3386 3702 3457 lacrymabiles
3730 3386 3777 3438 et
3795 3380 3868 3435 do-

564 3479 682 3534 tati.
714 3482 895 3543 Quam
932 3478 1252 3533 sollicitudo
1279 3483 1470 3533 nostra
1502 3496 1616 3533 non
1644 3495 1744 3533 sua
1779 3496 2061 3550 quarens,
2095 3480 2193 3534 sed
2296 3481 2477 3535 lenda
2530 3481 2778 3551 desuper
2822 3481 3081 3535 ordinato
3129 3480 3238 3534 sibi
3284 3480 3557 3551 episcopo
3595 3483 3715 3532 sunt
3757 3474 3867 3528 dire-

564 3590 693 3643 qua
732 3576 866 3627 sunt
900 3572 1130 3639 Christi,
1158 3573 1495 3644 dignitatem
1538 3573 1808 3628 divinitus
1850 3573 2064 3640 datam,
2092 3590 2194 3627 nec
2294 3578 2417 3629 cta.
2452 3574 2695 3645 Epistola
2739 3590 2970 3645 quoque
3016 3574 3236 3644 ingesta
3283 3554 3377 3627 est.
3409 3574 3620 3628 civium
3659 3568 3804 3641 ipsius
3831 3568 3871 3618 ct

563 3665 809 3720 ecclesiis
851 3682 965 3746 .nec
1015 3666 1381 3721 ecclesiarum
1438 3666 1823 3722 sacerdotibus
1866 3667 2190 3738 arrogabat.
2294 3683 2599 3722 numerosa
2641 3666 3058 3738 subscriptione
3109 3667 3475 3738 singulorum
3524 3665 3729 3719 ﬁrmata
3764 3658 3869 3715 invi~

563 3760 671 3813 Sed
709 3760 859 3814 hunc
911 3760 1197 3815 tramitem
1244 3776 1473 3832 semper
1498 3759 1647 3815 inter
1682 3760 1929 3831 majores
1960 3764 2195 3815 -nostros
2294 3760 2625 3815 diosissimis
2651 3764 2851 3815 contra
2883 3760 3157 3814 Hilarium
3186 3760 3353 3831 plena
3383 3757 3764 3831 querimoniis,
3789 3769 3869 3823 quo

562 3856 618 3906 et
636 3853 779 3907 bene
801 3858 1022 3908 tentum
1047 3856 1106 3908 et
1122 3853 1421 3910 salubriter
1441 3854 1835 3921 constitutum,
1851 3854 2092 3908 Hilarius
2110 3870 2195 3908 ec-
2293 3855 2544 3925 projecto
2570 3852 2837 3925 episcopo
2858 3870 2964 3908 suo
2993 3858 3278 3924 agrotare
3305 3853 3558 3907 liberum
3576 3868 3686 3906 non
3705 3849 3869 3903 fuisset.

562 3947 858 4001 nlesiarum
898 3950 1107 4027 statum
1147 3952 1205 4001 et
1234 3947 1595 4002 concordiam
1638 3947 1996 4002 sacerdotum
2035 3947 2194 4002 novis
2295 3950 2531 4019 ejusque
2560 3947 2941 4002 sacerdotium
2966 3947 3024 4001 in
3047 3947 3223 4001 alium
3245 3951 3463 4018 prater
3486 3962 3644 4001 suam
3665 3941 3871 3999 notitiam

562 4040 1104 4111 prasumptionibus
1153 4041 1478 4095 turbaturus
1521 4041 1774 4108 excessit,
1822 4041 2031 4096 iterum
2080 4057 2194 4096 sua
2295 4058 2415 4097 esse
2461 4042 2821 4106 translatum,
2852 4045 2910 4095 et
2943 4045 3060 4096 tam
3102 4041 3200 4112 qui
3240 4041 3299 4095 in
3340 4057 3579 4096 vacuam
3622 4033 3869 4111 possessio-

563 4150 655 4188 vos
698 4134 993 4204 cupientes
1039 4133 1281 4187 subdere
1328 4134 1611 4203 potestati,
1645 4138 1706 4188 ut
1744 4152 1803 4188 se
1847 4134 2011 4189 beato
2057 4152 2192 4205 apo-
2298 4152 2427 4190 nem
2454 4135 2525 4190 ab
2556 4134 2762 4189 Hilario
2801 4151 3134 4206 perversore
3178 4134 3472 4189 haredem
3499 4134 3723 4189 viventis
3746 4127 3871 4184 indu-

561 4227 703 4281 stolo
732 4228 896 4280 Petro
940 4243 1054 4280 non
1085 4225 1335 4296 patiatur
1365 4242 1486 4280 esse
1516 4227 1857 4296 subjectum,
1886 4228 2192 4283 ordinatio-
2294 4233 2469 4283 ctum.
2500 4228 2647 4292 Quid
2680 4228 2771 4282 hic
2800 4228 3129 4283 fraternitas
3152 4233 3334 4282 vestra
3364 4228 3574 4283 sentiat
3599 4233 3871 4297 cuperemns

564 4336 662 4372 nes
691 4318 795 4373 sibi
823 4319 1085 4372 omnium
1114 4334 1218 4389 per
1245 4319 1450 4373 Gallias
1479 4319 1847 4374 ecclesiarum
1878 4321 2192 4387 vindicans,
2293 4323 2509 4389 audire,
2561 4338 2891 4393 quanquam
2948 4321 3019 4376 de
3065 4322 3263 4376 vestris
3314 4322 3529 4377 animis
3579 4323 3752 4375 nostra
3789 4327 3871 4367 non

565 4417 620 4467 ct
646 4412 897 4467 debitam
929 4412 1383 4483 metropolitanis
1413 4412 1797 4467 sacerdotibus
1826 4414 1883 4467 in
1916 4432 2084 4469 suum
2100 4415 2195 4485 jus
2295 4416 2494 4471 debeat
2537 4415 2822 4470 sententia
2860 4414 3143 4480 dubitare,
3173 4431 3306 4469 cum
3346 4415 3588 4471 fratrem
3624 4414 3678 4468 in
3712 4407 3870 4466 lectulo

567 4506 908 4561 transferens
957 4505 1319 4577 dignitatem,
1370 4506 1548 4577 ipsius
1607 4523 1832 4579 quoque
1888 4508 2194 4563 beatissimi
2213 4511 2272 4583 Ι)
2296 4509 2689 4576 constitutum,
2711 4526 2828 4565 non
2850 4513 2965 4563 tam
2988 4508 3319 4564 infirmitate
3338 4510 3595 4581 corporis
3614 4499 3872 4578 aggravari.

565 4601 710 4655 l’etri
741 4600 1123 4655 reverentiam
1142 4600 1331 4655 verbis
1349 4600 1834 4671 arrogantioribus
1859 4602 2191 4669 minuendo,
2292 4620 2463 4675 quam
2481 4603 2592 4659 alio
2608 4603 2847 4658 videatis
2863 4603 3058 4657 dolore
3076 4603 3491 4674 torqueri,qua
3507 4619 3633 4674 spes
3644 4599 3715 4655 illi
3728 4598 3784 4651 de
3794 4594 3872 4646 vita

562 4694 653 4748 cui
678 4710 806 4749 cum
851 4710 968 4764 pra
999 4693 1218 4749 caeteris
1248 4694 1518 4761 solvendi,
1551 4697 1608 4748 et
1637 4694 1852 4767 ligandi
1886 4695 2097 4751 tradita
2125 4696 2196 4751 sit
2295 4696 2659 4767 relinquitur,
2677 4696 2765 4751 cui
2787 4696 2858 4752 de
2874 4696 3194 4751 sacerdotio
3213 4713 3335 4763 suo,
3356 4696 3497 4751 dum
3522 4696 3601 4752 illi
3625 4686 3873 4749 alitersulr

567 4791 832 4856 potestas,
862 4788 1276 4858 pascendarum
1317 4794 1508 4844 tamen
1543 4788 1733 4843 ovium
1778 4805 1914 4843 cura
1941 4789 2195 4860 specialis
2300 4790 2576 4855 stituitur,
2606 4790 2896 4862 irrogatur
2921 4790 3286 4861 desperatio?
3313 4793 3561 4861 Apparet
3599 4802 3726 4858 ergo
3747 4794 3871 4854 quam

562 4880 827 4934 mandata
854 4884 955 4935 est.
989 4882 1090 4935 Cui
1116 4882 1373 4954 quisquis
1406 4882 1789 4954 principatum
1818 4882 2064 4937 astimat
2091 4882 2190 4938 de-
2296 4883 2448 4937 mitis
2492 4884 2561 4937 sit
2610 4885 2780 4939 corde
2825 4882 3086 4952 Hilarius,
3119 4883 3218 4955 qui
3265 4882 3459 4938 obesse
3508 4876 3872 4955 prasumptionl

562 4974 1078 5046 negandum,illius
1095 4976 1325 5047 quidem
1354 4976 1510 5030 nullo
1527 4976 1700 5031 modo
1726 4979 1913 5047 potest
1934 4976 2193 5031 minuere
2296 4994 2411 5031 sua
2456 4978 2720 5032 fraterna
2755 4977 2952 5032 mortis
2995 4977 3237 5032 credidit
3266 4976 3612 5032 tarditatem.
3646 4971 3871 5037 Quantum

563 5069 921 5140 dignitatem,
945 5070 1043 5124 sed
1070 5069 1301 5123 inflatus
1325 5069 1525 5140 spiritu
1556 5070 1836 5141 superbia
1858 5087 1973 5125 sua
1993 5073 2196 5125 semet—
2296 5071 2454 5125 enim
2484 5071 2542 5125 in
2568 5087 2626 5125 se
2662 5071 2789 5140 fuit,
2817 5070 2896 5125 illi
2926 5070 3210 5125 subtraxit
3238 5072 3445 5137 lucem,
3481 5067 3707 5124 abstulit
3730 5064 3871 5122 vitam,

564 5164 749 5233 ipsum
792 5161 852 5216 in
898 5163 1121 5217 inferna
1168 5163 1472 5233 demergit.
1516 5165 1650 5228 Qua
1689 5164 1864 5235 igitur
1900 5164 2052 5235 apud
2094 5181 2195 5218 nos
2296 5182 2424 5236 qua
2456 5165 2609 5220 hunc
2650 5165 2902 5220 dolorem
2950 5165 3010 5219 in
3052 5165 3242 5219 locum
3289 5164 3432 5234 ejus,
3465 5165 3698 5218 alterum
3724 5154 3868 5211 subm-

563 5257 619 5310 in
648 5273 819 5310 causa
865 5255 1155 5310 Celedonii
1202 5256 1447 5327 episcopi
1494 5260 1655 5327 gesta
1703 5257 1956 5313 confecta
1996 5256 2108 5312 sint
2141 5261 2199 5312 et
2298 5258 2508 5329 gando,
2541 5275 2615 5313 ne
2662 5258 2735 5313 ad
2789 5258 3032 5312 salutem
3078 5258 3159 5312 illi
3206 5274 3472 5313 recursus
3514 5260 3676 5322 esset,
3709 5245 3868 5320 injecit.

561 5366 690 5421 qua
735 5349 975 5404 Hilarius
1020 5348 1228 5403 dixerit
1282 5349 1419 5403 dum
1477 5366 1607 5404 cum
1660 5349 1863 5405 eodem
1918 5356 2197 5420 prasente
2298 5353 2428 5406 Esto
2470 5356 2531 5406 ut
2560 5351 2743 5406 brevis
2786 5351 2947 5406 fratri
2991 5351 3245 5407 evenerit
3285 5351 3556 5406 humana
3593 5336 3869 5403 conditionis

560 5443 880 5514 supradicto
924 5442 1190 5513 episcopo
1236 5431 1555 5512 audiretur,
1589 5443 1800 5499 inditus
1846 5444 2059 5498 chartis
2106 5462 2193 5499 re-
2298 5450 2571 5500 consueta
2630 5444 2918 5516 migratio,
2964 5445 3103 5516 quid
3155 5444 3264 5499 sibi
3324 5444 3569 5499 Hilarius
3624 5436 3795 5513 quaerit
3829 5431 3867 5482 in

563 5553 691 5590 rum
727 5536 868 5592 ordo
910 5536 1288 5591 demonstrat.
1323 5536 1426 5591 Ubi
1472 5541 1779 5608 postquam
1822 5538 2065 5592 Hilarius
2102 5554 2195 5593 ra-
2297 5539 2481 5593 aliena
2508 5538 2820 5609 provincia,
2853 5544 2912 5593 et
2935 5538 2992 5593 id
3020 5538 3177 5609 quod
3214 5539 3403 5593 nullus
3446 5537 3781 5592 decessorum
3803 5524 3865 5593 iP‘

564 5629 830 5684 tionabile
879 5630 1033 5700 quod
1076 5631 1135 5686 in
1180 5635 1509 5686 sanctorum
1558 5630 1793 5685 concilio
1838 5631 2198 5687 sacerdotum
2299 5632 2414 5685 sius
2456 5636 2556 5686 aut
2602 5632 2890 5687 Patroclus
2947 5631 3211 5688 habuerit
3254 5649 3355 5687 cur
3399 5632 3658 5702 usurpat,
3694 5637 3797 5680 cum
3828 5618 3868 5667 ει

566 5725 755 5789 posset
783 5724 1128 5792 respondere
1155 5740 1273 5778 non
1302 5724 1519 5792 habuit,
1553 5724 1623 5779 ad
1650 5740 1716 5778 ea
1743 5741 1801 5779 se
1832 5725 2047 5779 occulta
2075 5742 2195 5780 cor-
2298 5725 2486 5796 ipsum
2517 5726 2671 5797 quod
2700 5727 2955 5781 Patroclo
2982 5743 3015 5780 a
3043 5726 3178 5781 sede
3205 5725 3515 5798 apostolica
3548 5710 3869 5790 ιεωροηιίιετ

566 5812 650 5864 dis
670 5813 845 5883 ipsius
872 5817 1305 5883 transtulerunt,
1332 5834 1458 5889 qua
1485 5817 1673 5872 nullus
1691 5817 1967 5873 laicorum
1988 5818 2195 5887 dicere,
2303 5818 2601 5874 videbatur
2640 5836 2763 5874 esse
2810 5836 3164 5886 concessum,
3196 5818 3554 5892 postmodum
3594 5815 3655 5869 sit
3692 5810 3867 5863 senten~
