4062 6188
261 275 369 325 885

1503 273 1971 328 DEUHE'I'ALIUM
2012 276 2394 329 UOLLELZTIU.

3513 280 3614 333 886

264 380 341 433 tia
370 380 603 436 meliore
639 382 921 436 sublatum
941 384 967 436 Τ
996 384 1424 454 Exspectaretur
1452 387 1602 438 certe
1641 386 1769 437 vota
1803 383 1883 436 ci-
1908 393 1966 466 Α
1986 382 2091 436 sibi
2116 383 2246 453 jure
2284 384 2616 441 defendant.
2643 386 2910 441 Alienum
2939 385 3031 455 jus
3058 386 3206 440 alter
3234 385 3338 439 sibi
3367 402 3483 441 non
3515 404 3615 441 au-

259 474 439 542 vium,
469 474 796 529 testimonia
819 478 1184 547 populorum,
1207 479 1563 548 quaereretur
1581 476 1889 531 honorato-

259 584 394 621 rum
424 568 745 637 arbitrium,
772 569 974 624 electio
999 570 1362 638 clericorum,
1396 570 1494 642 qui
1530 571 1590 625 in
1633 570 1887 625 sacerdo-

258 666 383 716 tum
420 662 602 717 solent
644 662 1099 719 ordinationibus
1136 664 1207 718 ab
1240 664 1327 719 his
1367 680 1497 734 qua:
1538 667 1749 718 norunt
1784 665 1890 718 Pa-

257 759 412 808 trum
458 755 686 826 regulas
731 756 1023 823 custodiri,
1056 760 1121 810 ut
1163 756 1492 828 apostolicae
1545 756 1892 812 auctoritatis

254 864 469 903 norma
500 849 560 902 in
589 849 852 903 omnibus
892 854 1233 917 servaretur,
1260 867 1387 921 quae
1421 850 1679 921 praecipit
1712 855 1773 904 ut
1800 867 1887 905 sa-

256 943 461 997 cerdos
487 943 732 997 ecclesiae
768 944 1113 1013 praefuturus
1144 960 1262 998 non
1305 945 1488 998 solum
1531 945 1891 998 attestatione

257 1034 658 1102 fidelium,-sed
682 1036 859 1090 etiam
884 1052 1086 1091 eorum
1107 1036 1203 1107 qui
1234 1037 1372 1091 foris
1391 1040 1523 1091 sunt
1546 1036 1888 1103 testimonio,

255 1128 560 1183 muniatur
587 1145 773 1200 neque
809 1130 978 1184 ullius
1001 1130 1252 1185 scandali
1278 1131 1634 1202 relinquatur
1653 1130 1889 1197 occasio,

255 1239 393 1275 cum
419 1238 521 1293 per
546 1239 745 1293 pacem
774 1228 829 1277 et
857 1225 969 1278 Deo
1002 1224 1268 1295 placitam
1295 1224 1656 1279 concordiam
1692 1241 1889 1279 conso-

256 1316 350 1369 nis
393 1317 652 1371 omnium
699 1317 922 1385 studiis,
949 1318 1049 1389 qui
1080 1318 1280 1373 doctor
1318 1319 1474 1389 pacis
1519 1318 1744 1372 futurus
1785 1322 1890 1386 est,

254 1410 578 1464 ordinatur.
621 1410 733 1465 Sed
773 1411 1096 1481 insperatus
1141 1411 1524 1466 nescientibus
1570 1412 1895 1482 supervenit

252 1508 315 1556 et
344 1502 682 1573 improvisus
709 1503 998 1572 abscessit,
1031 1520 1223 1573 cursu,
1258 1509 1320 1559 ut
1344 1504 1670 1573 didicimus,
1702 1505 1889 1571 celeri,

251 1596 470 1652 itinera
488 1598 668 1651 multa
688 1597 1017 1666 conﬁciens,
1033 1601 1090 1652 et
1104 1598 1559 1669 perlonginquas
1578 1598 1893 1669 provincias

248 1694 420 1744 tanta
458 1690 869 1746 immaturitate
911 1691 1235 1746 discurrens
1271 1694 1336 1745 ut
1360 1692 1618 1746 videatur
1648 1692 1891 1763 gloriam

252 1784 331 1837 de
370 1784 589 1839 scurrili
625 1784 915 1840 velocitate
946 1785 1132 1855 potius
1175 1802 1346 1856 quam
1391 1785 1725 1841 sacerdotali
1768 1766 1969 1842 mo-B

252 1878 555 1932 deratione
601 1884 873 1949 captasse.
926 1880 1054 1933 Haec
1103 1878 1260 1933 enim
1306 1879 1647 1934 directarum
1688 1880 1757 1933 ad
1794 1897 1893 1934 nos

250 1972 468 2025 civium
501 1972 673 2027 verba
700 1976 834 2026 sunt
861 1972 1204 2028 litterarum.
1238 1976 1378 2028 Ante
1418 1973 1685 2027 abscessit
1721 1990 1893 2044 quam

246 2082 391 2119 eum
436 2066 655 2119 venisse
714 2082 1031 2121 nossemus.
1083 2066 1207 2120 Non
1257 2069 1343 2119 est
1387 2066 1491 2119 hoc
1543 2065 1752 2133 redire,
1794 2066 1893 2121 sed

247 2160 479 2228 fugere,
511 2175 615 2215 nec
653 2159 1046 2214 salubritatem
1088 2159 1424 2229 impendere
1453 2159 1762 2230 diligentiae
1792 2176 1889 2231 pa-

248 2252 504 2317 storalis,
538 2252 639 2307 sed
677 2252 793 2307 vim
843 2252 1055 2307 inferre
1096 2252 1328 2307 latronis
1370 2255 1428 2307 et
1473 2252 1634 2321 furis,
1672 2253 1893 2308 dicente

248 2346 503 2400 Domino
535 2364 547 2400 :
586 2368 611 2395 ‹‹
643 2346 747 2412 Qui
787 2362 905 2401 non
941 2346 1119 2401 intrat
1158 2362 1266 2418 per
1290 2346 1530 2417 januam
1569 2347 1628 2401 in
1672 2351 1893 2401 curtem

252 2440 478 2507 ovium,
526 2440 623 2495 sed
676 2440 929 2495 ascendit
972 2439 1220 2505 aliunde,
1262 2440 1355 2494 hic
1390 2440 1486 2501 fur
1529 2444 1586 2494 et
1625 2440 1766 2494 latro
1810 2444 1896 2494 est

250 2537 438 2595 (Joan.
472 2550 527 2599 ι,
556 2532 628 2601 1).
660 2555 685 2580 ››
720 2534 840 2588 Non
885 2550 1023 2604 ergo
1065 2532 1305 2587 Hilarius
1353 2537 1470 2587 tam
1515 2532 1732 2588 studuit
1771 2533 1889 2603 epi-

246 2642 498 2696 scopum
528 2643 876 2692 consecrare,
907 2642 1078 2697 quam
1125 2642 1256 2681 eum
1293 2626 1483 2696 potius
1512 2625 1609 2696 qui
1649 2632 1892 2697 aegrota-

248 2720 362 2773 bat
387 2719 669 2787 occidere,
694 2724 750 2774 et
778 2720 963 2790 ipsum
995 2735 1167 2789 quem
1197 2719 1561 2790 superposuit
1580 2719 1726 2773 male
1748 2720 1895 2773 ordi-

249 2813 456 2867 nando
488 2812 770 2884 decipere.
819 2814 939 2866 Non
982 2816 1177 2867 tamen
1219 2812 1368 2883 quod
1410 2813 1564 2867 vobis
1610 2813 1895 2867 credimus

249 2910 377 2961 Deo
391 2906 586 2976 judice
609 2906 971 2976 placiturum,
992 2906 1048 2960 in
1065 2906 1467 2961 communione
1480 2906 1696 2961 cunctis
1715 2907 1897 2961 fratri-

250 3002 369 3054 bus
403 3000 782 3067 consulentes,
817 3003 875 3053 et
912 3001 1062 3053 male
1109 3000 1435 3054 ordinatum
1478 2999 1798 3055 submoveri
1840 3005 1898 3054 et

248 3095 593 3164 episcopum
624 3098 681 3147 et
720 3093 1041 3164 projectum
1082 3094 1141 3147 in
1175 3109 1274 3147 suo
1316 3094 1627 3147 sacerdotio
1668 3110 1891 3164 perma-
1915 3133 1971 3208 Ο

252 3206 282 3208 __
308 3203 396 3208 ΑμΑ
439 3187 633 3208 .1,1....Δ
678 3186 1021 3208 Δ------ζ-Α---
1086 3186 1143 3208 IJ
1193 3190 1502 3208 -L-L____A__
1559 3191 1620 3208 --ι
1654 3187 1691 3208 -1
1744 3187 1859 3208 ...-_:_

250 3203 401 3241 nere
432 3187 639 3241 debere
670 3186 1043 3257 decrevimus.
1086 3186 1147 3240 ld
1189 3190 1527 3254 statuentes,
1559 3191 1623 3241 ut
1650 3187 1696 3240 si
1736 3187 1891 3257 quis-

247 3297 435 3352 quam
469 3281 704 3334 fratrum
745 3282 1072 3334 nostrorum
1108 3279 1167 3334 in
1224 3296 1567 3351 quacunque
1609 3280 1897 3351 provincia

248 3373 581 3439 decesserit,
627 3374 673 3427 is
720 3373 824 3427 sibi
871 3372 1231 3428 ordinatione
1275 3373 1524 3427 vindicet
1569 3373 1892 3443 sacerdotis,

249 3483 437 3538 quem
466 3467 614 3521 illius
646 3467 947 3537 provinciae
995 3468 1499 3538 metropolitanum
1537 3484 1658 3521 esse
1686 3468 1891 3522 consti-

247 3562 416 3627 terit,
454 3561 609 3631 quia,
647 3564 711 3614 ut
757 3560 1033 3629 videmus,
1078 3578 1259 3615 causa:
1304 3564 1598 3615 transactze
1648 3567 1798 3629 sunt,
1836 3562 1895 3616 in

247 3655 470 3727 quibus
498 3655 652 3709 enim
689 3655 866 3708 multa
892 3659 1045 3722 sunt,
1073 3671 1203 3726 qua).
1244 3657 1457 3724 praeter
1496 3656 1770 3709 rationem
1803 3672 1893 3709 ec-

248 3748 630 3802 clesiasticam
661 3748 963 3802 videantur
985 3763 1105 3802 esse
1132 3748 1453 3814 commissa,
1481 3752 1538 3802 et
1566 3748 1705 3818 justi
1736 3749 1890 3818 judi-

250 3842 332 3896 cii
360 3841 612 3896 debeant
647 3845 973 3912 exspectare
1019 3858 1338 3896 censuram.
1386 3842 1496 3897 Sed
1539 3858 1641 3896 nos
1684 3842 1896 3896 diutius

254 3937 353 3990 hic
374 3952 495 3989 non
523 3952 825 4006 possumus
850 3935 1172 4002 immorari,
1192 3952 1321 3989 cum
1341 3935 1409 3989 ad
1433 3936 1541 3990 alia
1560 3953 1689 4007 quae
1709 3936 1897 3989 nobis-

251 4048 394 4084 cum
442 4036 629 4083 vestra
675 4029 971 4084 sanctitate
1021 4029 1363 4083 conferenda
1427 4034 1578 4097 sunt,
1624 4046 1893 4101 provoce-

251 4141 413 4179 mur.
450 4123 708 4177 Militaris
750 4140 977 4189 manus,
1004 4125 1068 4176 ut
1096 4122 1419 4191 didicimus,
1453 4140 1553 4193 per
1582 4124 1896 4194 provincias

252 4217 525 4288 sequitur
547 4217 920 4282 sacerdotem,
952 4218 1010 4270 et
1035 4217 1269 4270 armatis
1310 4217 1752 4287 praesumptione
1781 4219 1894 4272 suf-

253 4311 472 4366 fultum
503 4310 577 4364 ad
608 4310 951 4365 invadendas
974 4310 1284 4364 famulatus
1309 4310 1569 4364 ecclesias
1602 4327 1731 4381 qua:
1761 4328 1894 4381 pro-

252 4406 423 4478 prios
448 4403 765 4459 amiserint.
789 4405 1118 4459 Trahuntur
1145 4404 1451 4458 ordinandi
1477 4409 1609 4458 ante
1638 4405 1742 4459 hoc
1768 4406 1894 4459 ofti-

1989 478 2123 532 deat
2175 477 2484 532 vindicare.
2552 478 2679 533 Suis
2722 478 3015 545 limitibus,
3065 479 3180 533 suis
3224 480 3500 545 terminis,
3549 480 3620 534 sit

1992 572 2381 643 unusquisque
2411 574 2729 626 contentus.
2753 574 2819 629 Et
2837 571 3200 644 privilegium
3230 572 3337 627 sibi
3365 573 3617 628 debitum

1990 666 2049 720 in
2097 665 2273 719 alium
2326 666 2630 720 transferre
2679 682 2737 720 se
2784 682 2943 721 nosse
3003 666 3228 721 noverit
3270 683 3382 720 non
3426 667 3613 722 licere.

1993 758 2154 824 Quod
2182 759 2228 813 si
2253 758 2381 830 quis
2417 758 2716 829 negligens
2757 759 3093 830 apostolicas
3127 760 3458 826 sanctiones,
3492 762 3619 831 plus

1993 853 2194 924 gratiae
2218 853 2476 908 tribuens
2508 853 2817 923 personali,
2845 855 2930 907 sui
2958 853 3193 908 honoris
3222 854 3478 909 desertor
3495 870 3617 909 esse

1991 947 2250 1011 voluerit,
2302 946 2669 1017 privilegium
2724 963 2890 1001 suum
2953 947 3012 1001 in
3072 946 3247 1001 alium
3314 949 3617 1003 transferre

1992 1057 2156 1111 posse
2198 1056 2257 1094 se
2302 1040 2557 1108 credens,
2602 1056 2719 1093 non
2768 1039 2813 1092 is
2853 1040 2942 1093 cui
2991 1040 3242 1110 cesserit,
3284 1040 3382 1095 sed
3426 1042 3472 1095 is
3520 1042 3617 1113 qui

1990 1136 2140 1189 intra
2206 1133 2552 1204 provinciam
2618 1133 2955 1203 antiquitate
3025 1134 3327 1204 episcopali
3385 1139 3619 1189 caeteros

1993 1227 2185 1301 219
2213 1228 2483 1298 praevenit
2522 1227 2839 1282 sacerdotes
2883 1227 3184 1282 ordinandi
3231 1228 3338 1282 sibi
3371 1228 3621 1282 vindicet

1987 1306 2356 1394 potestatem,
2389 1338 2507 1376 non
2534 1337 2662 1392 quia
2688 1321 2917 1392 passim,
2949 1321 3045 1376 sed
3072 1322 3162 1376 die
3193 1322 3449 1393 legitimo
3474 1323 3619 1376 cele-

1992 1416 2207 1470 bretur.
2237 1417 2350 1470 Nec
2376 1415 2482 1470 sibi
2512 1417 2776 1470 constare
2813 1419 2991 1468 status
3021 1415 3105 1469 sui
3132 1416 3351 1470 noverit
3385 1415 3623 1470 ﬁrmita-

1992 1516 2129 1577 tem,
2159 1510 2258 1580 qui
2288 1526 2403 1563 non
2444 1509 2536 1564 die
2579 1508 2798 1563 sabbati
2833 1525 3083 1579 vespere,
3113 1509 3267 1580 quod
3307 1510 3538 1564 lucescit
3567 1510 3624 1563 in

1995 1603 2237 1674 primam
2261 1602 2482 1657 sabbati
2507 1602 2595 1656 vel
2622 1602 2746 1673 ipso
2778 1602 3068 1656 Dominico
3098 1602 3190 1656 die
3216 1603 3384 1657 fuerit
3403 1602 3625 1658 ordina-

1993 1703 2102 1752 tus.
2133 1697 2326 1753 Solum
2358 1696 2512 1751 enim
2540 1695 2788 1766 majores
2832 1695 3009 1750 nostri
3055 1696 3486 1753 resurrectionis
3514 1698 3621 1751 Do-

1995 1790 2217 1844 minicae
2238 1790 2390 1844 diem
2410 1789 2632 1844 honore
2655 1788 2900 1859 dignum
2920 1788 3267 1859 judicavere,
3291 1792 3355 1843 ut
3374 1789 3627 1844 sacerdo-

1992 1889 2079 1938 tes
2113 1884 2210 1954 qui
2258 1887 2566 1937 sumuntur
2603 1882 2706 1936 hoc
2753 1882 2844 1936 die
2884 1882 3241 1952 potissimum
3279 1882 3621 1937 tribuantur.

1993 1978 2118 2033 Suis
2153 1993 2284 2043 una,
2318 1992 2562 2048 quaeque
2601 1975 2897 2047 provincia
2936 1975 3009 2029 sit
3044 1980 3312 2031 contenta
3349 1976 3621 2045 consiliis,

1993 2088 2097 2126 nec
2128 2072 2281 2125 ultra
2311 2070 2552 2124 Hilarius
2582 2070 2789 2126 audeat
2825 2075 3132 2125 conventus
3175 2069 3425 2124 indicere
3455 2088 3620 2141 syno-

1995 2165 2170 2233 dales,
2189 2169 2246 2220 et
2275 2164 2633 2219 sacerdotum
2654 2164 2884 2219 Domini
2901 2163 3116 2235 judicia
3147 2180 3204 2219 se
3231 2164 3625 2219 interserendo

1993 2259 2242 2328 turbare,
2272 2258 2371 2328 qui
2402 2274 2520 2312 non
2563 2260 2784 2312 tantum
2826 2258 3052 2313 noverit
3093 2274 3151 2313 se
3179 2257 3250 2311 ab
3279 2257 3463 2312 alieno
3495 2259 3625 2328 jure

1993 2352 2316 2423 depulsum,
2359 2353 2455 2407 sed
2501 2352 2675 2407 etiam
2719 2352 3050 2407 Viennensis
3091 2352 3398 2423 provinciae
3450 2368 3624 2423 quam

1994 2447 2139 2501 male
2184 2450 2556 2516 usurpaverat
2598 2449 2877 2516 potestate
2925 2446 3229 2517 privatum.
3256 2446 3502 2517 Dignum
3544 2450 3627 2501 est

1995 2541 2167 2607 enim,
2203 2540 2426 2608 fratres,
2464 2539 2819 2610 antiquitatis
2860 2542 3071 2594 statuta
3116 2540 3388 2610 reparari,
3418 2556 3550 2594 cum
3582 2540 3627 2593 is

1993 2635 2093 2705 qui
2133 2634 2239 2687 sibi
2267 2633 2689 2688 ordinationem
2718 2632 3026 2704 provincias
3066 2633 3339 2687 indebitae
3377 2633 3623 2687 vindica-

1996 2728 2111 2793 bat,
2142 2727 2269 2782 talis
2297 2727 2357 2781 in
2382 2726 2655 2797 praesenti
2686 2727 2861 2781 etiam
2898 2727 3171 2797 probatus
3196 2727 3388 2795 fuerit,
3411 2732 3475 2780 ut
3497 2743 3626 2781 cum

1996 2822 2115 2892 ipse
2163 2820 2520 2893 frequentius
2570 2820 2885 2875 temerariis
2928 2824 2987 2873 et
3027 2820 3402 2875 insolentibus
3444 2819 3629 2874 verbis

1996 2915 2340 2970 sententiam
2373 2913 2756 2969 damnationis
2795 2916 3108 2985 expeteret,
3141 2930 3260 2968 suae
3292 2916 3519 2968 tantum
3546 2915 3626 2967 ci-

1997 3009 2183 3063 vitatis
2213 3008 2292 3062 illi
2323 3008 2705 3063 sacerdotium
2731 3024 2835 3079 pro
2867 3007 3012 3062 sedis
3055 3008 3375 3078 apostolicae
3422 3007 3628 3078 pietate

1997 3102 2300 3174 prteceptio
2330 3105 2523 3155 nostra
2548 3102 2876 3156 servaverit.
2908 3103 3031 3156 Non
3054 3118 3192 3172 ergo
3218 3101 3291 3155 sit
3308 3101 3389 3155 illi
3409 3100 3632 3155 ordina-

1995 3196 2133 3251 tioni
2154 3212 2269 3249 non
2287 3194 2498 3261 ordini,
2519 3196 2616 3266 qui
2652 3195 2843 3248 meriti
2872 3195 2960 3249 sui
2988 3195 3248 3249 conscius
3268 3212 3397 3249 cum
3417 3210 3631 3267 quaere-

1993 3293 2154 3343 retur
2184 3289 2254 3343 ad
2294 3288 2697 3355 accusandum,
2729 3287 2884 3357 turpi
2931 3288 3065 3358 fuga
3108 3304 3167 3341 se
3213 3288 3452 3343 credidit
3493 3288 3627 3341 sub-

1994 3382 2335 3437 trahendum
2367 3396 2432 3436 ex
2461 3381 2575 3435 oris
2619 3380 2946 3452 apostolicae.
2991 3381 3433 3447 communionis,
3466 3381 3629 3451 cujus

1995 3475 2279 3547 particeps
2322 3491 2445 3529 esse
2488 3491 2606 3529 non
2650 3474 2880 3544 meruit,
2910 3476 3042 3543 Deo,
3081 3477 3147 3527 ut
3182 3473 3487 3540 credimus,
3522 3474 3627 3527 hoc

1994 3572 2220 3640 agente,
2251 3568 2350 3639 qui
2394 3568 2557 3622 illum
2603 3568 2970 3640 opinantibus
3011 3567 3174 3622 nobis
3214 3571 3271 3621 et
3309 3567 3382 3622 ad
3412 3568 3629 3639 judicia

1995 3667 2186 3717 nostra
2212 3662 2507 3732 pertraxit,
2537 3664 2594 3717 et
2618 3661 2768 3717 inter
2792 3661 3243 3716 examinationes
3284 3661 3521 3728 habitas,
3555 3678 3627 3715 ne

1995 3755 2415 3810 communionis
2457 3758 2671 3810 nostra:
2710 3772 2942 3810 consors
2985 3755 3167 3822 fieret,
3200 3759 3261 3809 ut
3303 3754 3628 3809 abscederet

1998 3853 2239 3905 latenter
2254 3848 2460 3919 effecit,
2476 3848 3077 3904 nulliChristianorum
3109 3848 3270 3903 facile
3304 3848 3629 3903 communio

1998 3944 2334 4013 denegatur,
2356 3958 2462 3997 nec
2489 3943 2561 3997 ad
2592 3942 2948 4013 indignantis
2971 3942 3069 3996 ﬁat
3091 3943 3197 3997 hoc
3226 3941 3524 3996 arbitrium
3545 3958 3629 3995 sa-

1996 4036 2242 4092 cerdotis
2261 4036 2398 4108 quid
2414 4035 2472 4090 in
2492 4035 2690 4107 magni
2707 4040 2897 4090 reatus
2924 4036 3199 4091 ultionem
3226 4036 3434 4090 invitus
3459 4041 3516 4090 et
3535 4036 3629 4089 do-

1997 4132 2118 4185 lens
2143 4129 2570 4201 quodammodo
2597 4128 2766 4184 debet
2791 4128 3020 4183 animus
3041 4128 3394 4184 vindicantis.
3417 4129 3632 4200 Cogno-

1999 4224 2179 4278 vimus
2198 4223 2354 4277 enim
2374 4239 2479 4294 pro
2494 4222 2806 4277 commissis
2830 4226 2887 4277 et
2908 4222 3127 4278 levibus
3145 4223 3329 4278 verbis
3351 4222 3627 4293 quosdam

1998 4335 2031 4371 a
2063 4317 2253 4388 gratia
2278 4316 2704 4371 communionis
2731 4316 3009 4383 exclusos,
3039 4321 3096 4371 et
3119 4316 3368 4371 animam
3393 4332 3496 4387 pro
3516 4332 3630 4386 qua

1997 4410 2202 4465 Christi
2255 4410 2487 4480 sanguis
2535 4410 2746 4465 effusus
2791 4414 2895 4479 est,
2936 4410 3286 4481 irrogatione
3337 4414 3455 4464 tam
3498 4409 3631 4463 saevi

253 4500 419 4553 cium
442 4498 531 4552 his
546 4498 753 4569 quibus
778 4498 1129 4568 praeﬁciendi
1151 4502 1282 4552 sunt
1299 4498 1616 4553 civitatibus
1632 4498 1894 4568 ignorati.
1918 4506 1977 4576 D
2000 4503 2257 4575 supplicii
2291 4504 2621 4569 sauciatam,
2645 4509 2699 4557 et
2723 4504 3005 4557 inermem
3032 4502 3473 4575 quodammodo,
3498 4519 3634 4556 exu-

257 4596 331 4648 tTt
359 4592 516 4647 enim
546 4595 715 4646 notus
744 4591 844 4661 qui
887 4591 1058 4646 fuerit
1101 4591 1370 4662 probatus
1397 4608 1504 4663 per
1529 4608 1724 4662 pacem
1752 4592 1896 4662 peti-

254 4694 375 4750 tur,
410 4686 487 4739 ita
519 4702 624 4755 per
647 4685 761 4738 vim
796 4701 1022 4740 necesse
1061 4676 1146 4738 est
1175 4684 1273 4755 qui
1312 4686 1542 4755 ignotus
1578 4685 1896 4750 adducitur,

258 4781 617 4851 imponatur.
660 4779 925 4834 Obtestor
954 4782 1010 4833 et
1049 4778 1301 4845 obsecro,
1332 4784 1390 4833 et
1417 4779 1521 4832 sub
1562 4779 1653 4835 Dei
1688 4796 1783 4834 vos
1808 4780 1896 4833 iu-

260 4872 559 4927 vocatione
614 4872 909 4942 convenio,
974 4871 1296 4943 prohibere,
1352 4873 1572 4938 fratres,
1630 4874 1784 4943 talia,
1845 4879 1903 4929 et

262 4983 501 5020 omnem
545 4965 912 5020 dissensionis
956 4965 1261 5020 materiam
1306 4965 1378 5019 de
1421 4966 1621 5021 vestris
1668 4968 1897 5037 provin-

261 5061 365 5115 ciis
414 5076 722 5114 removere.
771 5062 930 5116 Certe
975 5076 1080 5113 nos
1124 5064 1255 5113 ante
1302 5060 1485 5113 Deum
1538 5060 1897 5127 absolvimus,

262 5155 366 5224 qui
398 5170 497 5208 vos
522 5170 594 5207 ne
626 5153 973 5223 permittatis
1009 5153 1161 5207 ultra
1198 5152 1319 5207 hinc
1359 5154 1485 5208 fieri
1511 5154 1896 5209 convenimus.

265 5250 374 5302 Per
404 5264 605 5318 pacem
645 5250 701 5302 et
741 5247 990 5318 quietem
1040 5246 1376 5315 sacerdotes,
1411 5248 1507 5318 qui
1553 5247 1731 5302 futuri
1771 5254 1903 5303 sunt

264 5330 646 5411 postulentur.
669 5341 952 5394 Teneatur
979 5339 1318 5410 subscriptio
1345 5339 1704 5407 clericorum,
1726 5342 1903 5397 hono-

264 5437 522 5488 ratorum
555 5433 972 5501 testimonium,
1002 5433 1218 5488 ordinis
1258 5450 1571 5488 consensus
1606 5439 1663 5488 et
1701 5435 1899 5505 plebis.

260 5527 371 5592 Qui
403 5528 751 5598 praefuturus
789 5531 877 5581 est
921 5526 1189 5581 omnibus
1226 5527 1297 5580 ab
1326 5527 1593 5582 omnibus
1636 5528 1899 5600 eligatur.

264 5620 697 5675 Ordinationem
750 5622 875 5691 sibi,
925 5625 987 5675 ut
1029 5624 1164 5676 ante
1205 5620 1328 5689 jam
1376 5620 1642 5688 diximus,
1693 5622 1903 5693 singuli

266 5715 697 5785 metropolitani
742 5731 973 5770 suarum
1027 5714 1445 5786 provinciarum
1500 5732 1630 5770 cum
1675 5716 1765 5772 his
1806 5718 1905 5789 qui

264 5813 506 5864 caeteros
529 5809 832 5864 sacerdotii
859 5809 1192 5881 antiquitate
1230 5809 1609 5881 praeveniunt,
1644 5812 1903 5867 restituto

2000 4603 2229 4667 tamque
2272 4596 2427 4650 omni
2476 4597 2799 4651 munimine
2848 4596 3137 4650 diabolicis
3191 4595 3529 4663 incursibus,
3568 4599 3633 4650 ut

2000 4690 2161 4743 facile
2189 4693 2508 4759 caperetur,
2529 4690 2831 4759 objectam.
2855 4690 3018 4743 Certe
3040 4688 3086 4741 si
3116 4689 3345 4759 quando
3365 4704 3536 4742 causa
3553 4692 3633 4742 ta-

2001 4784 2069 4837 lis
2114 4783 2429 4851 emerserit,
2479 4788 2541 4836 ut
2584 4799 2687 4853 pro
2735 4782 3018 4836 commissi
3064 4781 3316 4836 criminis
3358 4783 3630 4854 qualitate

2006 4877 2259 4948 aliquem
2278 4878 2431 4947 juste
2457 4876 2633 4931 faciat
2660 4875 3065 4930 communione
3090 4875 3319 4946 privari,
3342 4877 3390 4931 is
3412 4880 3630 4931 tantum

2001 4986 2146 5042 pene
2173 4970 2503 5025 subdendus
2532 4974 2635 5037 est,
2662 4986 2835 5041 quem
2867 4974 3057 5025 reatus
3088 4970 3339 5040 involvit,
3373 4988 3476 5026 nec
3503 4988 3628 5042 par-

2001 5065 2175 5135 ticeps
2199 5080 2318 5119 esse
2345 5064 2633 5136 supplicii,
2666 5064 2761 5136 qui
2797 5081 3030 5119 consors
3062 5082 3175 5121 non
3214 5066 3451 5120 docetur
3473 5081 3630 5119 com-

2002 5159 2180 5213 missi.
2203 5158 2311 5213 Sed
2343 5158 2480 5228 quid
2510 5157 2719 5212 mirum
2746 5175 2877 5213 eum
2899 5158 2958 5212 in
2981 5159 3153 5213 laicos
3180 5161 3351 5213 talem
3372 5160 3629 5223 existere,
3653 5222 3657 5227 τ

2003 5251 2100 5321 qui
2132 5251 2311 5306 soleat
2336 5251 2699 5305 sacerdotum
2738 5251 3130 5307 dominatione
3153 5251 3444 5322 gaudere?
3475 5249 3632 5305 Unde

2004 5346 2135 5416 quia
2165 5349 2354 5399 nostra
2379 5346 2551 5416 longe
2573 5345 2684 5400 alia
2700 5345 2925 5401 videtur
2947 5345 3205 5411 intentio,
3224 5361 3355 5399 nam
3378 5343 3633 5398 omnium

2003 5439 2367 5493 ecclesiarum
2416 5443 2625 5494 statum
2668 5444 2724 5494 et
2762 5440 3128 5495 concordiam
3170 5437 3435 5492 custodiri
3473 5437 3632 5507 cupi-

2006 5550 2131 5587 mus
2163 5533 2545 5600 sacerdotum,
2573 5533 2646 5587 ad
2669 5533 2945 5588 unitatem
2976 5548 3070 5586 vos
3097 5531 3321 5585 vinculo
3347 5530 3636 5586 charitatis

2004 5627 2299 5681 hortantes
2325 5626 2699 5694 obtestamur,
2718 5632 2775 5680 et
2795 5625 3091 5680 affectione
3114 5640 3369 5695 congrua
3388 5641 3637 5679 commo-

2006 5736 2233 5785 nemus,
2267 5726 2328 5774 ut
2351 5737 2419 5775 ea
2446 5737 2575 5791 quae
2600 5737 2633 5774 a
2661 5717 2823 5772 nobis
2854 5720 2969 5772 Deo
2997 5717 3312 5789 inspirante
3344 5720 3399 5773 et
3426 5718 3633 5773 beatis-

2006 5812 2147 5868 simo
2176 5815 2341 5868 Petro
2370 5814 2625 5884 apostolo
2655 5812 2920 5867 discussis
2946 5811 3315 5885 probatisque
3342 5828 3493 5867 nunc
3522 5829 3637 5871 cur
