4062 6188
475 226 576 284 887

1369 231 1648 288 .XPPEND.
1693 231 1780 286 AD
1820 232 1979 287 SASC.
2016 233 2100 286 ΙΧ.
2135 262 2201 270 -
2239 231 2478 286 ISIDORI
2521 229 2940 285 MERCATORIS
3693 235 3769 285 838

473 337 639 392 nibus
665 333 844 392 causis
871 338 1096 392 decreta
1122 343 1273 405 sunt,
1306 356 1410 408 pro
1439 344 1626 394 vestra
1657 357 1791 411 pace
1819 344 1875 395 et
1905 340 2094 410 digni-
2119 349 2179 423 Α
2268 338 2436 392 LXIX.
2465 368 2533 378 —-
2569 338 2659 393 Ad
2691 337 3022 392 Theodorum
3052 337 3458 406 Foroiuliensem
3497 341 3776 409 episcopum.

472 435 587 486 tate
614 431 864 498 servetis,
898 432 1033 485 certi
1061 449 1177 486 non
1211 437 1324 486 tam
1360 437 1553 487 nostro
1591 434 1791 487 honori
1823 435 2099 504 prolicere

470 525 620 594 quod
649 524 782 578 talia
814 525 1075 578 statuisse
1119 527 1537 596 cognoscimur.
1586 529 1703 580 Non
1749 522 1917 580 enim‘
1939 527 2098 580 nobis

472 616 857 671 ordinationes
900 624 1218 672 vestrarum
1273 620 1696 690 provinciarum
1747 620 2100 675 defendimus

469 710 621 778 quod
655 715 839 780 potest
865 711 1098 766 forsitan
1130 712 1201 766 ad
1230 713 1626 783 depravandos
1657 719 1857 768 vestrae
1888 714 2096 768 sancti-

471 803 598 857 tatis
627 805 843 858 animos
869 805 1110 859 Hilarius
1137 823 1241 876 pro
1269 823 1369 859 suo
1402 823 1562 860 more
1599 807 1848 871 mentiri,
1875 807 1968 862 sed
1999 824 2102 878 per

466 901 713 951 vestram
738 898 1176 954 sollicitudinem
1197 901 1570 966 vindicamus,
1593 918 1667 954 ne
1698 901 1837 970 quid
1871 902 2102 955 ulterius

471 989 640 1044 liceat
686 991 941 1061 novitati,
987 1009 1092 1045 nec
1148 993 1544 1063 praesumptori
1593 995 1745 1047 locus
1797 994 1943 1047 ultra
1978 995 2101 1065 jam

471 1087 663 1153 pateat
691 1084 993 1155 privilegia
1022 1090 1215 1140 nostra
1241 1086 1520 1140 cassandi.
1551 1088 1762 1140 Nostras
1787 1087 1942 1141 enim
1974 1105 2098 1158 gra-

469 1177 736 1231 tulationi
770 1179 873 1232 hoc
904 1178 1089 1232 solum
1121 1196 1375 1234 crescere
1407 1181 1764 1250 profitemur,
1801 1181 1845 1234 si
1879 1184 2099 1256 aposto-_

470 1269 593 1323 licaa
635 1270 781 1325 sedis
823 1271 1122 1342 diligentia
1167 1273 1319 1344 apud
1349 1289 1448 1327 vos
1488 1274 1704 1330 illibata
1749 1278 2018 1343 servetur,
2049 1280 2104 1328 et

474 1380 576 1432 per
603 1364 966 1418 sacerdotalis
985 1365 1296 1435 disciplina
1326 1367 1636 1422 custodiam
1668 1369 1754 1422 ori
1778 1374 1964 1421 vestro
1981 1383 2105 1438 per-

472 1456 556 1510 ire
602 1457 753 1527 quod
791 1474 960 1511 suum
1002 1461 1086 1512 est
1133 1475 1234 1528 pro
1279 1461 1437 1514 novis
1477 1460 1946 1532 usurpationibus
1989 1477 2104 1514 non

474 1549 745 1604 sinamus.
775 1551 842 1605 Et
878 1552 1148 1621 quoniam
1196 1553 1530 1607 honoranda
1575 1559 1660 1609 est
1703 1571 1932 1624 semper
1955 1554 2104 1608 anti-

475 1643 682 1713 quitas,
709 1643 942 1698 fratrem
979 1648 1036 1698 et
1060 1646 1465 1717 coepiscopum
1505 1651 1760 1702 nostrum
1803 1647 2102 1702 Leontium

2272 433 2379 486 Leo
2408 433 2702 486 Tnsonoao
2728 431 2990 502 episcopo
3017 430 3409 501 Forojuliensi.

2271 524 2680 579 Sollicitudinis
2721 523 2953 594 quidem
2990 529 3104 578 tuae
3134 524 3181 577 is
3217 524 3356 578 ordo
3383 539 3497 579 esse
3525 525 3780 592 debuerat,

2201 623 2262 672 ut
2277 635 2405 673 cum
2429 617 2876 690 metrOpolitano
2898 623 2998 673 tuo
3021 617 3303 688 primitus,
3325 617 3393 671 de
3415 634 3479 671 eo
3498 619 3642 688 quod
3663 636 3785 690 quae-

2205 711 2447 765 rendum
2494 711 2790 765 videbatur
2835 727 2975 778 esse,
3025 711 3332 777 conferres,
3379 727 3440 764 ac
3487 710 3530 764 si
3575 711 3626 765 id
3661 713 3785 782 quod

2200 805 2506 874 ignorabat
2535 804 2760 859 dilectio
2800 808 2918 873 tua,
2953 804 3128 858 etiam
3167 805 3287 874 ipse
3333 804 3587 869 nesciret,
3617 805 3784 858 instrui

2201 915 2294 951 vos
2322 898 2533 968 pariter
2571 897 2899 969 posceretis,
2931 898 3064 968 quia
3092 897 3146 951 in
3189 897 3371 952 causis
3399 915 3524 969 quas
3552 897 3618 951 ad
3644 915 3784 968 gene-

2202 992 2378 1045 ralem
2410 991 2828 1045 observantiam
2867 990 3156 1061 pertinent
3187 990 3446 1045 omnium
3484 991 3692 1044 Domini
3721 1008 3788 1044 sa-

2202 1084 2494 1138 cerdotum
2528 1084 2649 1138 sine
2693 1084 3031 1154 primatibus
3077 1087 3305 1155 oportet
3345 1083 3574 1153 inquiri.
3602 1084 3715 1148 Sed,
3740 1090 3789 1137 ut

2203 1193 2433 1247 quoquo
2479 1177 2652 1230 modo
2700 1177 3014 1231 instruatur
3069 1177 3416 1246 ambiguitas
3466 1178 3787 1240 consulentis,

2204 1270 2340 1341 quid
2371 1271 2439 1324 de
2473 1269 2875 1340 paenitentiam
2905 1272 3055 1324 statu
3099 1270 3480 1324 ecclesiastica
3506 1270 3696 1324 habeat
3720 1287 3789 1324 re-

2206 1364 2340 1434 gula
2359 1379 2475 1417 non
2495 1363 2715 1417 tacebo.
2737 1364 2782 1417 Μ
2791 1363 3022 1434 ultiplex
3043 1363 3437 1418 misericordia
3457 1363 3552 1417 Dei
3571 1363 3645 1417 ita
3663 1365 3792 1434 lapsi-

2203 1456 2307 1510 bus
2347 1456 2610 1511 subvenit
2650 1456 2940 1523 humanis,
2973 1459 3180 1510 utnon
3220 1457 3409 1510 solum
3440 1473 3544 1526 per
3566 1457 3791 1527 baptismi

2207 1550 2468 1620 gratiam,
2503 1550 2602 1604 sed
2633 1549 2806 1604 etiam
2830 1566 2936 1620 per
2963 1550 3315 1620 paenitentiae
3340 1549 3666 1604 medicinam
3693 1566 3792 1620 spes

2205 1643 2333 1696 vitae
2361 1646 2662 1713 reparetur
2686 1648 2935 1709 aeternae,
2955 1646 3012 1697 et
3031 1642 3130 1714 qui
3157 1643 3600 1714 regenerationis
3617 1643 3794 1697 donum

472 1736 821 1806 probabilem
862 1738 1232 1808 sacerdotem,
1262 1741 1387 1805 hac,
1421 1740 1466 1794 si
1495 1741 1652 1795 vobis
1681 1742 1882 1812 placet,
1913 1740 2099 1811 digni-
2123 1718 2179 1789 B
2205 1736 2467 1789 violasset
2493 1736 2721 1806 proprio
2745 1751 2802 1790 se
2817 1734 3037 1806 judicio
3068 1735 3516 1791 eondemnantes
3544 1735 3614 1790 ad
3629 1736 3793 1789 remis-

473 1832 583 1884 tate
623 1831 884 1885 volumus
927 1832 1206 1900 decorari,
1239 1837 1302 1887 ut
1342 1839 1552 1904 praeter
1596 1835 1718 1904 ejus
1763 1850 2100 1888 consensum

473 1923 704 1977 alterius
733 1925 1038 1994 provincia
1064 1943 1178 1980 non
1221 1926 1500 1981 indicatur
1528 1944 1559 1981 a
1589 1932 1775 1982 vestra
1805 1928 2102 1982 sanctitate

471 2016 793 2086 concilium,
829 2022 887 2072 et
924 2036 957 2073 a
982 2020 1142 2074 vobis
1179 2021 1463 2088 omnibus,
1497 2021 1981 2092 quemadmodum
2009 2039 2098 2075 ve-

469 2113 652 2165 tustas
681 2112 802 2182 ejus
832 2117 887 2166 et
916 2113 1169 2182 probitas
1199 2114 1394 2184 exigit,
1430 2115 1742 2169 honoretur
1768 2115 2100 2186 metropoli-

469 2204 615 2257 tanis
657 2205 936 2276 privilegii
985 2207 1073 2260 sui
1123 2207 1402 2277 dignitate
1451 2212 1687 2262 servata.
1733 2211 1976 2279 Equum
2021 2213 2104 2263 est

471 2296 626 2350 enim
669 2313 774 2352 nec
816 2299 916 2352 ulli
954 2300 1222 2354 fratribus
1259 2300 1385 2354 ﬁeri
1415 2300 1637 2355 videtur
1679 2301 1905 2371 injuria,
1936 2303 1982 2354 si
2017 2302 2104 2356 his

469 2390 563 2460 qui
595 2394 870 2445 vetustate
910 2393 1258 2463 praecedunt,
1290 2411 1391 2464 pro
1435 2395 1613 2448 eetatis
1655 2412 1769 2448 sum
1815 2394 2018 2450 merito
2045 2395 2103 2449 in

470 2483 583 2536 suis
639 2484 942 2554 provinciis
993 2503 1026 2540 a
1079 2487 1463 2542 sacerdotibus
1521 2488 1740 2542 caeteris
1792 2488 2098 2543 deferatur.

471 2577 614 2630 Deus
635 2593 728 2631 vos
757 2578 1072 2633 incolumes
1101 2580 1404 2646 custodiat,
1431 2581 1638 2635 fratres
1664 2581 1796 2645 mei,

470 2669 761 2725 LXVlll.—
777 2672 870 2726 Ad
883 2674 1219 2727 Herennium
1237 2675 1600 2728 Arelatensem
1621 2674 2098 2744 archiepiscopum.

538 2764 963 2819 Provectionem
1008 2766 1326 2820 dilectionis
1357 2771 1469 2820 tua).
1497 2783 1624 2836 quae
1661 2767 1872 2821 summi
1915 2784 2097 2822 sacer-

472 2855 612 2910 dotii
636 2857 838 2928 adepta
865 2861 950 2912 est
971 2859 1249 2928 dignitate
1272 2860 1350 2912 ita
1374 2859 1536 2914 nobis
1556 2859 1775 2929 placere
1803 2877 2099 2931 cognosce,

469 2954 668 3004 utnon
709 2951 891 3004 solum
927 2951 1028 3004 tibi
1062 2951 1131 3006 de
1173 2952 1401 3006 honoris
1429 2958 1755 3022 augmento,
1789 2954 1884 3008 sed
1927 2955 2100 3008 etiam

468 3043 777 3098 Arelatensi
841 3044 1119 3112 Ecclesiae,
1180 3045 1271 3099 cui
1330 3048 1383 3099 te
1446 3045 1712 3100 Dominus
1772 3047 2097 3118 prmposuit,

469 3136 837 3205 gaudeamus.
865 3137 951 3192 Ad
979 3139 1237 3192 omnium
1267 3139 1420 3193 enim
1452 3140 1702 3194 fidelium
1735 3141 1903 3195 decus
1929 3145 2100 3212 atque

469 3228 773 3283 utilitatem
803 3231 1084 3285 redundat
1103 3248 1234 3286 cum
1257 3232 1384 3286 talis
1406 3232 1648 3287 habetur
1667 3233 1918 3301 antistes,
1943 3233 2102 3303 cujus

470 3321 698 3391 plurimi
725 3328 781 3377 et
810 3323 1156 3393 adjuventur
1182 3326 1468 3395 praesidio,
1495 3330 1552 3380 et
1580 3327 1886 3382 incitentur
1912 3343 2101 3381 exem-

466 3417 580 3485 plo.
630 3416 786 3471 Unde
834 3417 969 3487 quia
1024 3435 1133 3471 non
1195 3420 1426 3490 ignoras
1475 3419 1613 3490 quid
1663 3420 1732 3474 de
1783 3420 2100 3475 sinceritate

469 3508 648 3563 animi
668 3509 752 3563 tui
773 3511 1087 3565 secundum
1113 3518 1450 3582 praesentem
1481 3512 1738 3567 notitiam
1761 3514 2102 3568 senserimus

458 3602 694 3668 justitiae
736 3619 837 3656 nos
869 3604 1176 3674 agnoscitis
1219 3605 1468 3677 exigere,
1499 3609 1560 3659 ut
1603 3607 1755 3676 quod
1801 3607 2098 3677 pra-sumi-

467 3712 590 3748 mus
615 3695 720 3749 hoc
753 3696 1077 3766 probemus,
1099 3698 1280 3753 frater
1306 3699 1659 3754 charissima.
1683 3699 1964 3755 Modestim
1990 3700 2096 3771 igi-

465 3794 560 3843 tur
581 3793 692 3843 tute
708 3806 825 3845 non
856 3791 1163 3846 auctoritas
1189 3793 1590 3860 constantiam,
1609 3793 1707 3847 sed
1729 3794 2101 3849 mansuetudo

464 3884 845 3950 commendet,
885 3885 1167 3954 justitiam
1227 3887 1430 3941 lenitas
1486 3892 1788 3957 temperet,
1829 3887 2102 3958 patientia

465 3976 755 4031 contineat
775 3977 1114 4045 libertatem,
1134 3982 1190 4032 et
1210 3980 1488 4034 declinata
1509 3979 1776 4050 superbia
1802 3980 1891 4034 cui
1913 3980 2102 4051 proxi-

469 4086 624 4122 mum
656 4072 758 4137 est,
794 4073 856 4122 ut
884 4070 1128 4137 decidat,
1160 4077 1387 4127 ametur
1431 4073 1721 4126 humilitas
1751 4073 1841 4126 cui
1877 4088 2102 4142 semper

465 4161 702 4216 debetur
755 4167 816 4214 ut
878 4167 1113 4232 crescat,
1167 4165 1674 4219 ecclesiasticarum
1723 4166 1918 4234 legum
1987 4182 2099 4220 non

469 4255 661 4320 ignara
689 4258 774 4307 est
809 4254 1032 4309 dilectio
1059 4261 1174 4322 tua,
1196 4261 1262 4311 ut
1280 4258 1430 4311 intra
1453 4275 1649 4312 earum
1677 4260 1906 4328 regulas
1927 4264 2099 4329 atque

468 4363 760 4401 mensuras
787 4349 981 4402 omnia
1008 4351 1298 4420 potestatis
1329 4354 1440 4404 tuae
1464 4351 1598 4421 jura
1627 4351 1940 4407 contineas.
1963 4373 1990 4400 «
2011 4354 2101 4407 Ju-

2205 1829 2430 1882 sionem
2467 1829 2774 1882 criminum
2817 1828 3203 1899 pervenirent,
3236 1829 3313 1882 sic
3337 1829 3546 1883 divinae
3575 1829 3796 1882 bonitatis

2205 1921 2482 1992 praesidiis
2522 1921 2817 1990 ordinatis,
2852 1927 2914 1976 ut
2942 1921 3298 1992 indulgentia
3339 1923 3462 1987 Dei,
3498 1922 3600 1976 nisi
3627 1921 3795 1991 supplic

2205 2015 2427 2068 catione
2471 2014 2826 2069 sacerdotum
2865 2020 3114 2085 nequeat
3160 2015 3432 2070 obtineri.
3478 2015 3794 2070 Mediatorem

2205 2109 2359 2162 enim
2400 2108 2500 2162 Dei
2526 2113 2583 2162 et
2620 2107 2941 2175 hominum,
2973 2109 3142 2162 homo
3185 2109 3444 2164 Christus
3482 2111 3654 2175 Jesus,
3683 2108 3795 2161 hanc

2203 2201 2522 2272 praepositis
2554 2201 2816 2255 Ecclesiae
2852 2201 3089 2256 tradidit
3130 2205 3496 2272 potestatem,
3530 2208 3588 2256 ut
3615 2207 3664 2256 et
3687 2218 3790 2255 con-

2203 2295 2495 2350 fitentibus
2514 2295 2795 2350 actionem
2822 2294 3168 2365 poenitentiae
3199 2296 3427 2362 darent,
3445 2301 3501 2350 et
3527 2295 3716 2349 salubri
3735 2311 3797 2347 sa-

2203 2387 2523 2443 tisfactione
2549 2394 2818 2458 purgatos
2851 2388 3318 2443 communionem
3346 2395 3796 2444 sacramentorum

2204 2498 2306 2552 per
2322 2483 2556 2552 januam
2588 2482 3056 2536 reconciliationis
3091 2482 3486 2537 admitterent.
3513 2483 3607 2537 Cui
3635 2482 3797 2552 utique

2199 2575 2356 2645 operi
2386 2574 2506 2644 ipse
2538 2575 2799 2630 Salvator
2836 2575 3164 2643 intervenit,
3199 2593 3302 2630 nec
3343 2593 3602 2648 unquam
3635 2576 3698 2629 ab
3731 2575 3800 2628 his

2201 2669 2359 2722 abest
2381 2685 2510 2740 quae
2545 2668 2820 2723 ministris
2860 2668 2974 2722 suis
3017 2669 3374 2740 exsequenda
3427 2669 3713 2735 commisit,
3739 2668 3801 2721 di-

2202 2777 2335 2814 cens
2365 2777 2377 2814 :
2413 2783 2440 2810 «
2480 2763 2617 2816 Ecce
2657 2777 2764 2831 ego
2807 2761 3097 2816 vobiscum
3137 2778 3264 2815 sum
3311 2763 3584 2816 omnibus
3631 2761 3797 2815 diebus

2201 2871 2378 2924 usque
2425 2855 2494 2909 ad
2541 2855 3094 2909 consummationem
3144 2856 3334 2910 saeculi
3380 2857 3600 2923 (Matth.
3645 2870 3797 2919 xxvm,

2203 2947 2310 3016 '20),
2345 2969 2370 2996 ››
2406 2953 2464 3002 ut
2492 2948 2537 3000 si
2567 2947 2702 3017 quid
2747 2963 2849 3017 per
2887 2947 3219 3002 servitutem
3269 2951 3532 3003 nostram
3563 2948 3702 3004 bono
3728 2964 3798 3001 or-

2202 3040 2333 3094 dine
2352 3043 2408 3094 et
2433 3040 2772 3110 gratulando
2802 3039 3074 3112 impletur
3100 3041 3322 3106 effectu,
3343 3059 3462 3096 non
3483 3042 3800 3112 ambigamus

2200 3150 2303 3204 per
2345 3133 2618 3203 Spiritum
2672 3137 2930 3188 sanctum
2978 3134 3150 3188 fuisse
3199 3134 3498 3189 donatum.
3545 3136 3599 3190 Si
3641 3139 3797 3188 autem

2202 3226 2403 3298 aliquis
2428 3243 2626 3281 eorum
2654 3243 2755 3298 pro
2777 3228 2984 3298 quibus
3013 3228 3258 3282 Domino
3285 3229 3666 3300 supplicamus
3689 3243 3798 3298 quo-

2201 3337 2424 3391 cunque
2447 3320 2795 3391 interceptus
2826 3321 3114 3376 obstaculo
3143 3339 3176 3376 a
3201 3339 3448 3377 munere
3471 3320 3802 3392 indulgentia

2201 3413 2496 3484 praesentis
2521 3414 2813 3482 exciderit,
2844 3418 2901 3468 et
2928 3415 3263 3486 priusquam
3301 3416 3372 3470 ad
3424 3417 3713 3470 constituta
3739 3429 3801 3466 re-

2202 3507 2390 3562 media
2416 3506 2758 3578 perveniret,
2790 3509 3173 3580 temporalem
3204 3509 3379 3563 vitam
3416 3511 3664 3564 humana
3689 3523 3798 3562 con-

2202 3601 2415 3655 ditione
2441 3601 2671 3666 ﬁnierit,
2706 3602 2858 3671 quod
2893 3619 3133 3656 manens
3161 3603 3219 3656 in
3249 3619 3513 3674 corpore,
3546 3619 3655 3657 non
3683 3615 3803 3655 rece-

2201 3695 2348 3765 perit
2367 3693 2659 3765 consequi,
2676 3699 2880 3749 exutus
2901 3711 3071 3749 carne
3089 3712 3207 3750 non
3228 3697 3464 3766 poterit.
3482 3698 3590 3750 Nec
3611 3709 3801 3750 necesse

2203 3794 2288 3842 est
2327 3787 2490 3841 nobis
2528 3803 2727 3842 eorum
2756 3788 2854 3858 qui
2897 3789 2973 3842 sic
3017 3789 3266 3843 obierint
3314 3791 3523 3844 merita
3567 3792 3798 3856 actusque

2201 3881 2501 3949 discutere,
2532 3897 2663 3935 cum
2710 3881 2978 3935 Dominus
3014 3883 3159 3936 Deus
3187 3887 3400 3950 noster,
3434 3883 3597 3954 cujus
3621 3880 3798 3952 judicia

2204 3979 2500 4045 nequeunt
2542 3974 2975 4044 comprehendi,
3005 3975 3155 4046 quod
3193 3976 3548 4031 sacerdotale
3586 3975 3800 4030 ministe-

2202 4069 2351 4122 rium
2391 4068 2631 4138 implere
2660 4083 2774 4120 non
2804 4068 2989 4138 potuit
3016 4085 3133 4122 suae
3166 4069 3404 4139 justitiaa
3444 4067 3798 4124 reservaverit.

2201 4163 2276 4215 Ita
2303 4164 2634 4232 potestatem
2663 4177 2822 4214 suam
2854 4161 3044 4216 timeri
3069 4163 3266 4216 volens
3292 4167 3355 4216 ut
3382 4163 3474 4217 hic
3516 4169 3688 4216 terror
3709 4174 3799 4212 om-

2201 4255 2365 4308 nibus
2394 4255 2595 4326 prosit,
2621 4257 2679 4307 et
2716 4254 2868 4324 quod
2900 4255 3238 4325 quibusdam
3275 4257 3489 4327 tepidis
3533 4260 3629 4309 aut
3651 4252 3799 4322 negli-

2203 4348 2467 4419 gentibus
2506 4347 2728 4414 accidit,
2757 4364 2930 4402 nemo
2962 4365 3078 4402 non
3121 4354 3364 4415 metuat,
3394 4351 3640 4403 multum
3675 4345 3797 4400 enim

469 4445 596 4495 sto»
616 4443 806 4496 tamen
827 4441 1053 4509 dicitur,
1077 4466 1102 4491 ((
1123 4443 1214 4498 lex
1235 4461 1348 4498 non
1373 4449 1458 4499 est
1485 4445 1670 4515 posita
1688 4447 1737 4515 (Ι
1759 4447 1948 4512 Tim..1,
1969 4448 2042 4514 9),
2069 4468 2094 4494 ››
2118 4450 2177 4522 D
2202 4443 2339 4495 utile
2367 4458 2431 4495 ac
2460 4441 2845 4495 necessarium
2871 4445 2974 4508 est,
3005 4445 3068 4496 ut
3097 4447 3467 4513 peccatorum
3495 4448 3674 4498 reatus
3693 4443 3798 4494 ante

465 4535 595 4604 quia
617 4552 879 4591 normam
908 4537 1303 4608 praeceptionis
1331 4538 1535 4609 implet
1545 4539 1759 4608 judicio
1773 4539 2098 4607 voluntatis,

466 4645 592 4682 cum
625 4646 790 4684 verus
819 4630 956 4686 recti
980 4647 1142 4685 amor
1168 4631 1225 4686 in
1257 4633 1562 4704 semetipso
1593 4633 1762 4688 habet
1789 4636 1846 4687 et
1875 4637 2096 4703 aposto-

468 4722 603 4776 licas
643 4725 1007 4778 auctoritates
1037 4730 1093 4779 et
1133 4727 1432 4780 canonicas
1463 4727 1797 4781 sanctiones.
1844 4727 2098 4790 Quarum

467 4816 702 4869 devotus
730 4820 976 4870 sectator
995 4823 1052 4872 et
1079 4818 1322 4889 diligens
1350 4823 1650 4874 exsecutor
1671 4820 1730 4873 in
1757 4836 1952 4874 eorum
1976 4836 2102 4889 pro-

465 4910 552 4962 cul
585 4909 754 4963 dubio
786 4911 1067 4965 consortio
1109 4911 1462 4982 gloriaberis,
1499 4913 1592 4984 qui
1638 4914 1706 4968 de
1753 4913 2098 4968 creditorum

466 5002 569 5056 sibi
639 5003 980 5073 profectibus
1045 5006 1387 5060 talentorum
1450 5007 1648 5061 audire
1706 5012 2097 5062 meruerunt:

471 5118 495 5141 ‹‹
522 5097 696 5167 Euge,
722 5113 880 5150 serve
908 5097 1055 5151 bone
1079 5102 1137 5152 et
1157 5098 1357 5167 ﬁdelis,
1382 5101 1515 5170 quia
1540 5117 1715 5172 super
1744 5118 1922 5170 pauca
1945 5099 2098 5154 fuisti

426 5223 429 5228 ν
465 5189 662 5257 lidelis,
689 5207 858 5261 supra
887 5193 1070 5246 multa
1097 5197 1149 5246 te
1173 5195 1514 5248 constituam
1537 5211 1550 5247 :
1572 5194 1722 5247 intra
1745 5194 1800 5247 in
1822 5193 2095 5262 gaudium

465 5284 688 5338 Domini
729 5284 809 5338 tui
841 5285 1056 5354 (Matth.
1087 5303 1254 5350 xxvn,
1285 5288 1394 5355 2t).
1425 5308 1452 5334 »
1500 5287 1571 5341 Ut
1598 5291 1788 5340 autem
1832 5285 2098 5340 fiduciam

467 5377 786 5431 dilectionis
817 5395 958 5448 erga
989 5381 1044 5431 te
1071 5383 1284 5433 nostra:
1328 5379 1541 5433 habere
1572 5396 1685 5433 non
1723 5379 1968 5447 dubites,
1997 5395 2096 5432 sae-

468 5470 592 5539 pius
633 5487 736 5524 nos
761 5471 832 5525 de
861 5487 1127 5541 processu
1156 5475 1386 5526 actuum
1418 5478 1648 5527 tuorum
1686 5472 1865 5527 facias
1895 5473 2098 5527 certio-

466 5579 572 5631 res,
602 5564 870 5634 quoniam
894 5565 1099 5635 judicii
1137 5566 1316 5621 nostri
1345 5582 1629 5621 memores
1660 5567 1922 5637 cupimus
1949 5583 2097 5620 sem-

466 5671 567 5720 per
595 5656 666 5709 de
690 5656 802 5710 tuis
829 5657 1180 5727 profectibus
1215 5659 1272 5712 in
1319 5659 1555 5713 Domino
1587 5659 1840 5730 gloriari.
1869 5660 2016 5713 Deus
2046 5664 2101 5714 te

470 5747 790 5801 incolumen
821 5749 1120 5817 custodiat,
1151 5751 1327 5805 frater
1354 5751 1702 5807 charissima.

2201 4535 2467 4588 ultimum
2509 4533 2664 4589 diem
2711 4535 3039 4588 sacerdotali
3085 4536 3509 4606 supplicatione
3566 4535 3797 4589 solvatur.

2201 4628 2298 4682 His
2326 4633 2515 4682 autem
2538 4627 2635 4697 qui
2666 4627 2723 4680 in
2752 4611 3398 4698 tempore'necessitatis
3429 4634 3488 4685 et
3519 4629 3576 4683 in
3601 4623 3799 4699 periculi

2205 4721 2460 4792 urgentis
2491 4720 2760 4774 instantia
2785 4721 3115 4791 praesidium
3137 4722 3491 4792 paenitentia!
3518 4726 3573 4777 et
3602 4737 3717 4775 mox
3735 4732 3799 4770 re-

2202 4814 2606 4869 conciliationis
2626 4814 2958 4884 implorant,
2977 4832 3081 4869 nec
3103 4816 3406 4870 satisfactio
3437 4811 3796 4870 interdicenda

2203 4913 2305 4974 est,
2337 4925 2440 4963 nec
2468 4908 2851 4962 reconciliatio
2881 4908 3241 4978 deneganda,
3273 4909 3405 4980 quia
3436 4902 3796 4964 misericordia

2202 5003 2296 5058 Dei
2336 5018 2438 5056 nec
2475 5019 2775 5055 mensuras
2821 5018 3122 5072 possumus
3165 5019 3402 5073 ponere,
3436 5019 3540 5057 nec
3583 5005 3795 5068 tempora

2204 5095 2462 5161 delinire,
2479 5097 2628 5166 apud
2653 5112 2822 5166 quem
2845 5096 3030 5149 nullas
3056 5096 3268 5167 patitur
3287 5096 3478 5150 venire
3497 5109 3678 5150 moras
3695 5103 3796 5144 con—

2203 5190 2402 5257 versio,
2434 5191 2658 5244 dicente
2699 5190 2908 5260 Spiritu
2953 5189 3048 5244 Dei
3094 5207 3199 5260 per
3224 5190 3565 5261 prophetam
3591 5207 3602 5241 :
3631 5210 3656 5237 ‹‹
3685 5186 3794 5238 Cum

2202 5300 2504 5338 conversus
2546 5283 2924 5354 ingemueris,
2962 5288 3103 5337 tunc
3142 5285 3324 5338 salvus
3365 5283 3478 5338 eris
3509 5281 3702 5350 (Ezech.
3731 5290 3790 5334 tu,

2200 5380 2309 5447 2t).
2342 5399 2368 5426 »
2400 5380 2465 5433 Et
2495 5377 2629 5431 alibi
2660 5394 2672 5430 :
2709 5397 2736 5426 cr
2767 5377 2863 5431 Dic
2887 5380 2951 5431 tu
2978 5376 3308 5448 iniquitates
3333 5382 3462 5432 tuas
3490 5382 3551 5430 ut
3562 5371 3791 5446 justifice-

2201 5471 2278 5524 ris
2302 5471 2465 5539 (Psal.
2500 5486 2650 5536 xxxi,
2683 5472 2769 5539 5);
2800 5491 2827 5520 »
2859 5475 2915 5524 et
2940 5469 3149 5525 iterum
3180 5487 3191 5524 :
3227 5493 3254 5519 «
3290 5470 3430 5535 Quia
3459 5468 3604 5540 apud
3633 5459 3786 5520 Domi-

2202 5581 2342 5618 num
2372 5563 2758 5618 misericordia
2785 5569 2890 5630 est,
2918 5568 2975 5618 et
3005 5564 3228 5636 copiosa
3259 5563 3407 5636 apud
3435 5579 3570 5618 eum
3596 5557 3785 5616 redem-

2203 5658 2321 5729 ptio
2346 5657 2516 5729 (Psal.
2557 5673 2746 5726 CXXIX,
2777 5659 2850 5728 7).
2883 5678 2910 5706 ››
2952 5659 3012 5712 In
3056 5657 3447 5729 dispensandis
3501 5657 3671 5725 itaque
3709 5644 3783 5700 Dei

2203 5750 2367 5806 donis
2396 5766 2510 5804 non
2551 5750 2822 5805 debemus
2850 5767 2970 5806 esse
3003 5751 3280 5809 difﬁciles.
3311 5767 3413 5806 nec
3442 5741 3779 5804 accusantium
