4062 6188
243 320 353 371 889

1478 315 1949 373 assumamus:
1986 284 2377 372 conserto.

3511 324 3612 378 890

241 441 302 479 se
329 426 615 496 lacrymas
645 424 1007 495 gemitusque
1036 424 1351 496 negligere,
1380 441 1511 479 cum
1548 424 1731 496 ipsam
1758 440 1875 495 pa-
1901 437 1960 509 Α
1980 423 2137 478 Unde
2164 424 2327 478 beata
2350 425 2458 479 erit
2484 425 3053 495 perseverantia,nisi
3075 427 3144 481 de
3166 427 3377 485 virtute
3392 430 3613 499 patien-

241 518 548 572 uitentiam
575 534 645 572 ex
674 517 773 572 Dei
792 518 1089 572 credamus
1116 517 1494 589 inspiratione
1524 524 1878 589 conceptam,

241 610 468 665 dicente
479 611 779 681 Apostolo:
801 632 827 659 ‹‹
841 611 920 665 Ne
932 611 1078 665 forte
1091 610 1186 666 det
1202 611 1311 665 illis
1328 612 1473 666 Deus
1487 611 1881 682 panitenﬁam

239 708 308 757 ut
337 704 677 774 resipiscant
699 721 732 757 a
767 703 984 759 diaboli
1016 704 1249 775 laqueis,
1282 722 1315 759 a
1344 721 1459 776 quo
1504 705 1650 776 capti
1682 708 1879 758 tenen-

240 804 339 852 tur
361 796 436 850 ad
463 796 639 867 ipsius
659 797 1013 851 voluntatem
1032 797 1107 866 (II
1126 799 1330 864 TimJI,
1353 799 1461 867 26).
1488 817 1515 848 ››
1538 796 1698 852 Unde
1718 812 1885 867 opor-

242 893 329 943 tet
353 906 828 960 unumquemque
859 889 1245 945 Christianum
1273 890 1632 944 conscientia
1652 906 1770 943 sua
1788 890 1884 943 ha-

238 982 378 1036 bere
397 982 698 1053 judicium,
732 999 805 1037 ne
844 984 1097 1037 converti
1137 984 1212 1038 ad
1257 982 1555 1037 Dominum
1594 983 1665 1037 de
1700 982 1791 1037 die
1821 983 1882 1037 iu

238 1075 399 1129 diem
434 1075 677 1143 differat,
705 1092 812 1130 nec
848 1076 1248 1131 satisfactiouis
1278 1076 1386 1130 sibi
1427 1080 1655 1148 tempus
1683 1076 1743 1131 in
1770 1075 1882 1131 ﬁne

239 1168 374 1222 vita
390 1184 508 1222 sua
535 1168 863 1236 constituat,
886 1186 1058 1240 quem
1083 1170 1407 1241 periculose
1437 1168 1756 1241 ignorantia
1781 1169 1883 1224 hu-

240 1277 420 1315 mana
447 1262 756 1328 concludit,
777 1268 841 1316 ut
872 1262 945 1316 ad
971 1279 1279 1333 paucarum
1309 1263 1577 1317 horarum
1612 1279 1671 1317 se
1700 1277 1880 1317 reser-

239 1358 338 1408 vet
381 1355 686 1424 incertum,
718 1359 776 1409 et
817 1371 947 1409 cum
990 1355 1166 1426 possit
1206 1356 1462 1427 pleniore
1502 1355 1882 1411 satisfactione

238 1447 663 1519 indulgentiam
709 1450 1046 1519 promereri,
1077 1449 1228 1503 illius
1275 1450 1551 1520 temporis
1592 1448 1883 1521 angustias

238 1543 437 1612 eligat,
469 1558 581 1612 quo
612 1541 699 1595 vix
722 1541 976 1597 inveniat
1006 1542 1258 1613 spatium
1283 1544 1369 1597 vel
1397 1543 1677 1597 confessio
1708 1542 1885 1613 pani-

238 1634 421 1689 tentis
451 1635 539 1687 vel
579 1614 966 1689 reconciliatio
1006 1634 1335 1690 sacerdotis.
1381 1636 1606 1703 Verum,
1644 1641 1705 1690 ut
1742 1636 1880 1704 dixi,

238 1728 422 1781 etiam
450 1727 646 1782 talium
672 1728 997 1783 necessitati
1024 1728 1101 1782 ita
1136 1728 1532 1783 auxiliandum
1558 1732 1662 1796 est,
1690 1735 1883 1783 utnec

1982 516 2121 571 tia?
2164 518 2303 571 Nam
2350 517 2664 572 secundum
2712 519 3084 589 apostolicam
3128 521 3612 591 pradicationem,

1987 611 2215 664 «omnis
2229 610 2326 681 qui
2337 611 2581 664 voluerit
2598 611 2689 682 pie
2699 612 2887 666 vivere
2898 613 2959 666 in
2972 612 3191 667 Christo
3207 615 3338 669 Iesu
3354 630 3615 685 persecu-

1982 703 2196 757 tionem
2224 702 2474 774 patietur
2491 706 2563 770 (ΙΙ
2582 705 2715 758 Tim.
2734 721 2816 770 Ill,
2838 707 2942 775 l2).
2963 704 3156 778 220
3180 706 3318 771 Qua
3342 724 3455 762 non
3474 708 3531 762 iu
3548 725 3615 763 eo

1985 800 2205 850 tantum
2223 797 2633 867 computando,
2650 799 2799 869 quod
2827 803 3028 853 contra
3048 800 3426 855 Christianam
3447 801 3615 872 pieta-

1984 892 2099 943 tem
2124 894 2221 943 aut
2248 889 2425 959 ferro,
2453 895 2552 944 aut
2576 891 2805 961 ignibus
2831 890 3039 962 agitur,
3061 898 3160 947 aut
3183 893 3615 966 quibuscunque

1983 982 2292 1054 suppliciis,
2308 999 2439 1037 cum
2459 984 2922 1054 persecutionum
2945 986 3216 1041 saevitiam
3243 988 3542 1058 suppleaut
3560 995 3617 1042 et

1985 1075 2481 1131 dissimilitudines
2492 1084 2804 1143 morum,et
2817 1078 3193 1133 contumacia
3204 1080 3612 1146 inobedientia,

1985 1172 2043 1222 et
2068 1168 2453 1239 malignarum
2482 1170 2593 1224 tela
2617 1170 2974 1240 linguarum,
3005 1171 3212 1243 quibus
3247 1173 3613 1227 conﬂictatio-

1983 1261 2151 1316 nibus
2165 1278 2295 1316 cum
2308 1262 2501 1317 omnia
2515 1279 2634 1317 sem
2642 1279 2744 1334 per
2755 1264 3011 1319 Ecclesia
3029 1264 3288 1319 membra
3300 1265 3614 1336 pulsentur,

1984 1361 2038 1409 et
2063 1355 2224 1409 nulla
2249 1356 2475 1426 piorum
2504 1356 2692 1427 portio
2714 1357 2806 1411 hic
2829 1374 2861 1411 a
2891 1356 3209 1412 tentatioue
3230 1358 3303 1412 sit
3322 1357 3519 1425 libera,
3537 1359 3618 1413 ita

1982 1454 2048 1502 ut
2076 1448 2339 1519 periculis
2366 1465 2471 1504 nec
2500 1450 2614 1503 otia
2640 1454 2892 1519 careant,
2922 1466 3027 1504 nec
3048 1451 3289 1505 labores.
3312 1452 3447 1515 Quis
3470 1452 3620 1507 inter

1982 1541 2186 1596 ﬂuctus
2214 1542 2387 1596 maris
2415 1559 2588 1597 naves
2614 1542 2831 1613 dirigit,
2861 1542 2909 1596 si
2939 1543 3293 1615 gubernator
3318 1544 3619 1601 abscedat?

1982 1635 2117 1699 Quis
2143 1635 2213 1689 ab
2244 1635 2460 1690 insidiis
2487 1636 2758 1707 luporum
2798 1653 2932 1691 oves
2974 1638 3269 1707 custodiet,
3299 1637 3344 1692 si
3376 1639 3620 1709 pastoris

1984 1744 2119 1782 cura
2132 1745 2246 1783 non
2272 1728 2513 1799 vigilet?
2537 1729 2671 1793 Quis
2698 1729 2944 1800 denique
2965 1730 3281 1785 latronibus
3307 1731 3542 1787 obsistet
3561 1738 3620 1787 et

236 1820 393 1874 actio
423 1820 533 1875 illis
559 1822 927 1892 pauitantia,
958 1837 1067 1875 nec
1108 1821 1525 1876 communionis
1561 1822 1740 1893 gratia
1778 1821 1878 1877 de-
1901 1806 1958 1878 B
1983 1821 2203 1876 furibus
2233 1822 2278 1876 si
2307 1823 2730 1892 speculatorem
2756 1822 2815 1876 in
2854 1829 3159 1894 conspectu
3206 1825 3619 1895 explorationis

240 1918 513 1985 negetur,
544 1915 590 1968 si
620 1930 747 1969 eam
775 1915 948 1970 etiam
975 1915 1183 1969 amisso
1211 1916 1361 1969 vocis
1389 1915 1577 1970 ofﬁcio
1602 1931 1707 1986 per
1725 1914 1876 1985 judi-

239 2007 401 2061 cium
428 2006 637 2078 integri
664 2024 862 2063 sensus
889 2024 1148 2080 quarere
1174 2009 1637 2081 comprobentur,
1661 2009 1815 2080 quod
1836 2007 1881 2062 si

237 2100 440 2171 aliqua
465 2101 526 2155 in
557 2101 897 2171 agritudiue
927 2102 1005 2156 ita
1033 2101 1255 2156 fuerint
1293 2101 1606 2173 aggravati,
1639 2104 1702 2155 ut
1729 2101 1880 2173 quod

240 2194 419 2263 paulo
446 2200 577 2249 ante
621 2194 951 2265 poscebant,
983 2195 1086 2249 sub
1118 2194 1420 2265 prasentia
1465 2194 1767 2249 sacerdotis
1805 2195 1876 2249 si-

237 2287 522 2357 gniﬁcare
554 2304 668 2341 non
696 2287 941 2357 valeant,
974 2287 1299 2343 testimonia
1347 2287 1428 2341 eis
1470 2287 1724 2342 ﬁdelium
1768 2288 1878 2342 cir-

237 2381 655 2435 cumstantium
697 2381 966 2452 prodesse
997 2381 1304 2448 debebunt,
1331 2385 1398 2435 ut
1424 2381 1591 2436 simul
1617 2383 1677 2435 et
1698 2381 1877 2452 poeni-

240 2474 448 2528 tentia
472 2478 528 2528 et
551 2474 1034 2529 reconciliationis
1064 2474 1405 2530 beneﬁcium
1434 2480 1878 2546 consequantur,

238 2571 471 2621 servata
516 2571 711 2622 tamen
743 2569 944 2639 regula
985 2584 1272 2623 canonum
1322 2574 1690 2639 paternorum
1731 2568 1882 2623 circa

236 2656 450 2716 eorum
477 2677 747 2732 personas
773 2662 872 2733 qui
897 2661 956 2716 in
984 2662 1162 2716 Deum
1190 2679 1223 2715 a
1243 2662 1358 2716 fide
1392 2660 1738 2716 discedendo
1758 2677 1881 2733 pec-

238 2760 471 2809 caruut.
506 2755 633 2809 Hac
659 2758 875 2824 autem,
900 2755 1100 2824 frater,
1129 2772 1254 2827 qua
1276 2755 1348 2810 ad
1373 2754 1880 2826 interrogationem

237 2848 570 2902 dilectionis
590 2854 723 2917 tua,
743 2848 871 2903 ideo
900 2849 1186 2920 respondi,
1207 2865 1279 2905 ne
1296 2848 1511 2920 aliquid
1531 2848 1879 2903 contrarium

238 2941 353 2995 sub
377 2941 715 3011 ignorantiae
743 2942 1108 2997 excusatione
1140 2945 1438 3013 gereretur
1463 2941 1522 2996 in
1552 2942 1881 3013 metrOpoli-

240 3034 369 3088 tani
387 3034 468 3087 tui
492 3034 754 3089 notitiam
779 3036 950 3090 facies
969 3036 1287 3107 pervenire,
1310 3040 1375 3090 ut
1392 3036 1438 3089 si
1463 3036 1563 3106 qui
1583 3036 1730 3090 forte
1750 3039 1882 3089 sunt

236 3130 488 3182 fratrum
516 3127 613 3199 qui
638 3129 707 3182 de
735 3128 823 3182 his
854 3132 1019 3184 antea
1061 3132 1398 3201 putaverant
1445 3128 1877 3200 ambigendum,

240 3238 351 3292 per
374 3221 564 3293 ipsum
594 3221 663 3277 de
695 3222 961 3277 omnibus
990 3240 1119 3295 qua
1156 3222 1229 3277 ad
1256 3228 1310 3278 te
1353 3222 1563 3293 scripta
1604 3224 1757 3290 sunt,
1791 3221 1877 3275 in-

242 3320 562 3370 struantur.

319 3409 468 3464 LXX.
500 3440 568 3449 ——
595 3411 685 3465 Ad
724 3411 1001 3465 Rusticum
1044 3410 1443 3467 Narbonensem
1486 3413 1807 3479 episcopum.

319 3504 432 3558 Luo
460 3503 774 3573 episcopus,
800 3504 1037 3558 RUSTICO
1065 3503 1422 3558 Narbonensi
1448 3503 1733 3574 episcopo.

318 3596 599 3668 Epistolas
625 3597 994 3652 fraternitatis
1019 3601 1133 3651 tua
1163 3613 1304 3668 quas
1333 3597 1567 3651 Hermes
1596 3595 1879 3650 archidia-

242 3707 429 3746 conus
456 3693 588 3744 tuus
627 3690 832 3745 detulit
855 3691 1104 3745 libenter
1128 3690 1342 3761 accepi,
1372 3690 1722 3745 diversarum
1755 3688 1878 3759 qui-

242 3785 381 3839 dem
412 3800 715 3838 causarum
756 3784 1105 3839 connexione
1148 3783 1507 3854 multiplices,
1536 3783 1635 3837 sed
1663 3799 1776 3837 non
1802 3781 1883 3836 ita

242 3877 546 3950 patientia
565 3894 831 3932 onerosas
853 3882 915 3931 ut
944 3877 1157 3948 aliquid
1185 3894 1386 3931 earum
1408 3893 1512 3949 per
1529 3876 1883 3931 incurrentes

244 3971 509 4043 undique
548 3971 957 4026 sollicitudines
998 3971 1171 4025 fuerit
1210 3970 1681 4043 praetermissum.
1722 3968 1883 4023 Unde

245 4065 430 4121 totius
464 4065 745 4120 sermonis
789 4064 873 4120 tui
917 4066 1259 4136 allegatione
1298 4068 1589 4137 comperta
1624 4068 1681 4119 et
1716 4064 1885 4134 gestis

243 4176 379 4231 qua
405 4159 465 4213 in
494 4158 891 4230 episcoporum
918 4159 1442 4230 houoratorumque
1471 4157 1735 4212 examine
1757 4172 1885 4211 con-

249 4255 405 4308 tecta
435 4256 567 4306 sunt
590 4252 902 4321 recensitis,
932 4252 1236 4307 Saviniano
1262 4258 1318 4306 et
1342 4251 1512 4306 Leoni
1543 4250 1886 4322 presbyteris

244 4346 491 4402 actionis
519 4362 635 4401 sua
664 4346 1045 4401 intelleximus
1082 4345 1346 4400 fiduciam
1384 4343 1645 4410 defuisse,
1672 4360 1775 4398 nec
1807 4343 1886 4397 eis

239 4443 467 4512 justam
497 4456 795 4511 superesse
834 4440 1253 4511 querimoniam
1298 4438 1398 4510 qui
1429 4454 1487 4492 se
1513 4437 1583 4492 ab
1609 4437 1887 4491 inchoatis

1979 1915 2249 1983 locatum,
2299 1915 2369 1969 ab
2413 1915 2731 1970 intentione
2777 1916 3170 1971 sollicitudinis
3210 1933 3372 1971 amor
3412 1918 3620 1989 quietis

1979 2007 2259 2062 abducat?
2288 2008 2741 2063 Permanendum
2774 2025 2912 2079 ergo
2932 2009 2990 2063 in
3019 2026 3188 2081 opere
3221 2016 3305 2064 est
3328 2010 3540 2065 credito
3562 2015 3621 2065 et

1980 2100 2040 2154 in
2069 2100 2259 2155 labore
2302 2107 2581 2172 suscepto.
2612 2102 2951 2157 Constanter
2977 2103 3231 2157 tenenda
3259 2107 3344 2158 est
3373 2103 3613 2174 justitia,

1981 2199 2038 2248 et
2050 2193 2301 2266 benigne
2316 2195 2638 2265 prastanda
2650 2195 2945 2250 clementia
2956 2237 2970 2250 .
2985 2195 3128 2251 Odio
3147 2196 3473 2252 habeantur
3491 2213 3617 2269 pec-

1982 2292 2103 2342 cata
2138 2304 2254 2342 non
2290 2288 2572 2344 homines.
2616 2290 2775 2343 Nunc
2818 2289 3204 2360 corripiantur
3230 2290 3435 2359 timidi,
3466 2307 3618 2346 nunc

1981 2381 2298 2436 tolerentur
2326 2381 2542 2435 inﬁrmi
2570 2387 2627 2436 et
2651 2383 2799 2453 quod
2823 2383 2881 2436 in
2908 2383 3151 2453 peccatis
3180 2384 3429 2438 severius
3450 2382 3615 2439 casti-

1983 2490 2116 2544 gare
2147 2491 2375 2529 necesse
2398 2479 2500 2541 est,
2527 2491 2645 2530 non
2674 2475 2960 2530 savientis
2985 2476 3270 2546 plectatur
3295 2476 3490 2532 animo
3518 2478 3617 2532 sed

1981 2568 2283 2623 medentis.
2315 2570 2387 2623 At
2427 2568 2474 2623 si
2501 2569 2898 2624 vehementior
2935 2569 3224 2624 tribulatio
3274 2569 3614 2638 incubuerit,

1981 2678 2095 2717 non
2123 2662 2202 2715 ita
2232 2677 2667 2732 expavescemus
2705 2662 2871 2734 quasi
2904 2662 2983 2717 illi
3014 2662 3339 2717 adversitati
3374 2663 3618 2735 propriis

1983 2755 2054 2810 sit
2070 2754 2283 2809 viribus
2303 2755 2701 2825 resistendum,
2719 2772 2852 2809 cum
2880 2761 2937 2810 et
2962 2756 3265 2811 consilium
3285 2762 3539 2812 nostrum
3564 2763 3620 2813 et

1988 2848 2261 2903 fortitudo
2297 2848 2369 2902 sit
2404 2849 2680 2915 Christus,
2712 2854 2795 2918 ut,
2824 2850 2945 2904 sine
2973 2866 3088 2921 quo
3121 2850 3265 2903 nihil
3290 2867 3615 2921 possumus,

1981 2958 2085 3013 per
2112 2942 2301 3013 ipsum
2328 2945 2532 2997 cuncta
2558 2943 2857 3013 possimus,
2879 2944 3017 3014 quia
3045 2943 3391 2998 conﬁrmans
3417 2942 3622 3015 pradi-

1981 3039 2197 3090 catores
2266 3035 2580 3106 Evangelii,
2640 3040 2698 3090 et
2756 3040 3246 3092 sacramentorum
3309 3038 3618 3093 ministros.

1986 3149 2013 3177 «
2036 3130 2173 3183 Ecce
2203 3145 2332 3199 ego,
2355 3129 2561 3199 inquit,
2591 3128 2885 3184 vobiscum
2908 3147 3033 3184 sum
3062 3147 3239 3202 usque
3265 3131 3337 3185 ad
3358 3147 3621 3186 consum-

1982 3220 2295 3276 mationem
2337 3221 2526 3276 saculi
2553 3222 2765 3290 (Matth.
2804 3238 2995 3289 xxvm,
3038 3226 3148 3293 20).
3183 3246 3208 3271 ››
3247 3226 3316 3280 Et
3360 3225 3572 3279 iterum
3604 3241 3615 3279 :

1986 3338 2013 3364 (ι
2040 3316 2188 3381 Hac,
2217 3314 2424 3385 inquit,
2454 3315 2674 3368 locutus
2717 3331 2843 3369 sum
2870 3316 3030 3370 vobis
3067 3321 3127 3370 ut
3167 3317 3227 3370 in
3276 3333 3370 3371 me
3423 3334 3621 3388 pacem

1982 3408 2255 3462 habeatis.
2301 3409 2362 3461 In
2388 3407 2603 3462 mundo
2639 3411 2834 3462 autem
2868 3408 3265 3463 tribulationes
3309 3410 3613 3478 habebitis,

1981 3502 2081 3555 sed
2124 3501 2277 3555 bono
2321 3500 2517 3555 animo
2582 3504 2779 3570 estote,
2829 3501 2961 3572 quia
3009 3517 3117 3571 ego
3171 3502 3277 3556 vici
3335 3503 3617 3558 mundum

1982 3597 2156 3665 (Joan.
2191 3611 2300 3662 xw,
2334 3596 2442 3665 35).
2476 3616 2502 3643 »
2538 3594 2673 3658 Qua
2717 3594 3155 3666 pollicitationes
3197 3595 3328 3667 quia
3362 3597 3482 3651 sine
3512 3597 3617 3651 du-

1981 3688 2256 3743 bitatione
2286 3688 2603 3742 manifesta
2631 3692 2779 3756 sunt,
2812 3689 2985 3743 nullis
3030 3688 3309 3743 debemus
3338 3690 3620 3745 scandalis

1984 3781 2262 3836 inﬁrmari
2305 3798 2377 3836 ne
2417 3782 2681 3837 electioni
2726 3782 2826 3836 Dei
2861 3782 3160 3837 videamur
3199 3783 3430 3854 ingrati,
3460 3784 3622 3855 cujus

1982 3880 2101 3930 tam
2144 3874 2398 3947 potentia
2425 3878 2559 3929 sunt
2601 3874 2886 3946 adjutoria
2929 3891 3101 3946 quam
3147 3892 3279 3930 vera
3318 3875 3615 3947 promissa.

1985 3971 2059 4024 De
2089 3968 2600 4023 consultationibus
2628 3971 2824 4022 autem
2858 3967 3178 4024 dilectionis
3210 3973 3322 4023 tua
3360 3986 3501 4040 quas
3530 3986 3618 4024 se-

1984 4062 2231 4134 paratim
2252 4061 2595 4132 conscriptas
2620 4061 3055 4116 archidiaconus
3073 4066 3204 4116 tuus
3235 4062 3459 4129 detulit,
3482 4063 3622 4133 quid

1986 4154 2353 4210 sentiendum
2374 4155 2604 4209 sitinter
2618 4160 2930 4225 prasentes
2947 4155 3329 4226 opportunius
3345 4171 3623 4226 quarere-

1985 4252 2080 4304 tur
2105 4249 2150 4303 si
2187 4248 2351 4303 nobis
2386 4248 2470 4303 tui
2514 4251 2847 4319 conspectus
2886 4249 3055 4319 copia
3097 4250 3439 4321 proveniret.
3483 4250 3622 4305 Nam

1985 4359 2118 4397 cum
2137 4342 2407 4414 quadam
2433 4341 2908 4413 interrogationes
2936 4343 3174 4397 modum
3202 4343 3514 4414 diligentia
3539 4344 3622 4397 vi—

1988 4435 2232 4489 deantur
2273 4435 2565 4504 excedere,
2610 4435 2869 4506 intelligo
2910 4451 3006 4489 eas
3044 4436 3336 4507 colloquiis
3380 4436 3625 4507 aptiores

250 4534 762 4605 disceptationibus
824 4539 1023 4604 sponte
1089 4532 1475 4587 subduxerint.
1532 4530 1690 4585 Circa
1742 4544 2111 4622 quosDesse
2148 4544 2325 4599 quam
2371 4527 2612 4598 scriptis.
2644 4527 2788 4591 Quia
2827 4527 2972 4581 sicut
3015 4528 3277 4598 quadam
3322 4534 3453 4582 sunt
3497 4545 3624 4599 qua

251 4644 436 4700 quam
465 4628 703 4682 formam
729 4643 971 4699 quamve
1001 4642 1330 4681 mensuram
1360 4626 1564 4681 debeas
1584 4630 1777 4679 tenere
1798 4624 1887 4695 ju-

249 4721 423 4776 stitia
453 4724 545 4775 tuo
564 4721 827 4791 relinquo
854 4720 1255 4787 moderamini,
1278 4719 1519 4774 suadens
1544 4724 1737 4773 tamen
1759 4718 1889 4772 cha-

248 4816 442 4869 ritatis
459 4815 687 4869 hortatu
701 4816 767 4868 ut
785 4812 1226 4886 sanandisagris
1241 4811 1597 4885 spiritualem
1616 4811 1888 4866 adhibere

250 4908 466 4962 debeas
486 4907 850 4974 medicinam,
880 4912 934 4962 et
960 4906 1181 4962 dicente
1211 4906 1496 4976 Scriptura
1522 4925 1534 4959 :
1562 4927 1589 4953 ‹‹
1614 4904 1736 4959 Noli
1765 4919 1887 4958 esse

252 5002 505 5056 nimium
524 5002 714 5072 justus
747 5002 928 5069 (Eccli.
959 5018 1075 5068 xxi,
1104 5001 1191 5071 20)
1219 5021 1248 5050 »
1280 4997 1472 5054 mitius
1491 5016 1626 5069 agas
1655 5015 1786 5052 cum
1807 4997 1889 5051 eis

250 5096 355 5167 qui
399 5095 773 5166 impudicitia
822 5095 943 5148 zelo
994 5093 1260 5148 videntur
1304 5092 1538 5147 modum
1593 5092 1890 5146 excessisse

253 5190 544 5259 vindicta,
562 5206 635 5244 ne
664 5188 919 5244 diabolus
947 5188 1045 5259 qui
1077 5188 1302 5258 decepit
1330 5187 1617 5241 adulteros
1643 5183 1712 5240 de
1736 5185 1892 5239 adul-

252 5284 390 5339 terii
403 5283 638 5338 exsultet
652 5282 946 5337 ultoribus.
961 5282 1132 5337 Miror
1142 5286 1331 5335 autem
1353 5279 1717 5334 dilectionem
1732 5282 1889 5332 tuam

252 5378 315 5432 in
360 5381 581 5431 tantum
631 5376 1028 5432 scandalorum
1076 5391 1417 5446 quacunque
1455 5374 1747 5430 occasione
1782 5388 1887 5426 no-

253 5472 536 5526 scentium
567 5470 908 5526 adversitate
932 5468 1175 5537 turbari,
1205 5472 1269 5522 ut
1294 5468 1649 5523 vacationem
1676 5466 1747 5520 ab
1774 5465 1891 5537 epi-

257 5570 528 5635 scopatus
551 5564 837 5619 laboribus
863 5568 1063 5636 optare
1088 5566 1146 5616 te
1178 5562 1354 5628 dicas,
1383 5566 1439 5616 et
1464 5562 1613 5615 male
1640 5561 1699 5614 in
1726 5560 1892 5613 silen-

256 5658 337 5713 tio
351 5664 524 5729 atque
544 5658 659 5713 otio
672 5658 848 5713 vitam
861 5657 1097 5728 degere,
1112 5672 1288 5727 quam
1304 5654 1363 5709 in
1380 5654 1469 5708 his
1489 5670 1618 5724 qua
1630 5652 1731 5707 tibi
1742 5668 1893 5707 com-

258 5752 430 5807 missa
442 5755 576 5806 sunt
588 5767 818 5823 perman
826 5767 946 5806 ere.
964 5750 1189 5805 Dicente
1202 5763 1333 5803 vero
1350 5747 1595 5803 Domino
1611 5764 1624 5801 :
1647 5768 1675 5797 ‹‹
1690 5746 1894 5801 Beatus

258 5848 357 5925 qui
377 5846 823 5920 perseveraverit
846 5861 1029 5917 usque
1047 5844 1103 5899 in
1121 5844 1293 5900 tinem
1326 5843 1537 5907 (Matth.
1563 5857 1711 5905 xxw,
1736 5842 1841 5904 13).
1866 5858 1890 5890 ιι

1988 4621 2144 4674 nulla
2163 4625 2402 4691 possunt
2421 4619 2725 4674 traditione
2752 4620 3008 4686 convelli,
3028 4620 3107 4673 ita
3127 4620 3308 4674 multa
3331 4624 3481 4688 sunt,
3496 4638 3624 4692 qua

1989 4717 2089 4768 aut
2117 4730 2221 4785 pro
2251 4712 2704 4767 consideratione
2742 4717 2995 4779 atatum,
3021 4718 3120 4767 aut
3162 4729 3265 4783 pro
3306 4713 3621 4769 necessitu-

1988 4807 2122 4861 dine
2152 4814 2346 4860 rerum
2387 4809 2653 4877 oporteat
2682 4805 3008 4876 temperari,
3039 4806 3135 4860 illa
3163 4823 3388 4878 semper
3427 4807 3623 4863 condi-

1988 4901 2143 4954 tione
2192 4904 2431 4965 servata,
2462 4904 2527 4953 ut
2568 4898 2629 4951 in
2669 4898 2759 4952 his
2791 4915 2920 4970 qua
2951 4899 3037 4953 vel
3068 4900 3238 4955 dubia
3278 4901 3494 4956 fuerint
3526 4906 3626 4957 aut

1988 4994 2244 5059 obscura,
2268 4993 2324 5047 id
2354 4991 2679 5047 noverimus
2705 4992 3080 5064 sequendum,
3100 4993 3253 5064 quod
3279 5008 3383 5049 nec
3413 5011 3625 5067 prace-

1989 5087 2102 5157 ptis
2123 5085 2464 5157 evangelicis
2501 5085 2869 5152 contrarium,
2899 5101 3005 5139 nec
3031 5086 3273 5141 decretis
3299 5093 3620 5149 sanctorum

1992 5181 2224 5235 Patrum
2250 5178 2575 5233 inveniatur
2606 5178 2929 5233 adversum.

2126 5343 2390 5397 lNClPlUNT
2428 5357 2497 5394 an
2541 5356 2943 5402 [NOUISITIONEM
2983 5357 3213 5396 muscam
3256 5355 3492 5396 EPISCOPI

2516 5447 2774 5487 SUBJECTA
2813 5448 3078 5487 RESPONSA
3089 5472 3100 5484 .

1994 5562 2152 5624 Quod
2182 5576 2291 5614 non
2316 5560 2619 5616 habeantur
2645 5564 2897 5632 episcopi,
2928 5574 3057 5629 quos
3086 5574 3182 5613 nec
3223 5560 3399 5632 clerus
3444 5560 3621 5629 elegit.

2066 5648 2160 5686 nec
2213 5632 2448 5702 populus
2495 5634 2805 5702 acquisivit,
2842 5646 2936 5685 nec
2980 5631 3343 5698 provinciales
3392 5636 3628 5704 episcOpi

2064 5708 2464 5758 consecrarunt.

2068 5836 2229 5889 Nulla
2258 5836 2400 5891 ratio
2426 5837 2581 5906 sinit,
2600 5840 2661 5889 ut
2685 5837 2834 5890 inter
2852 5834 3140 5907 episcopos
3170 5836 3506 5907 habeantur,
3530 5841 3629 5911 qui
