4062 6188
497 276 589 326 891
1372 266 1655 326 ΑΡΡΕΝΙ).
1697 274 1785 325 AD
1823 272 1980 327 S.EC.
2023 273 2108 326 ΙΧ.
2142 303 2207 310 ——
2248 270 2485 328 ISIDORI
2525 270 2948 327 MERCATORIS
3705 284 3781 333 Rei?

499 397 605 435 nec
628 397 660 433 a
684 379 902 434 clericis
923 383 1053 432 sunt
1074 378 1260 445 electi,
1283 395 1387 432 nec
1410 397 1443 432 a
1463 379 1721 449 plebibus
1743 380 2002 451 expetiti,
2023 397 2128 435 nec
2149 395 2208 466 Α
2228 382 2531 435 honestata
2574 381 2852 434 videatur.
2904 382 3148 434 Paterno
3195 380 3423 433 arbitrio
3464 382 3586 434 viris
3617 383 3792 452 junctae

500 492 529 526 a
557 471 995 543 provincialibus
1018 470 1291 541 episcopis
1313 487 1443 525 cum
1472 472 1899 542 metropolitani
1911 473 2127 544 judicio

499 564 829 619 consecrati.
854 564 1011 618 Unde
1034 580 1165 617 cum
1194 580 1344 635 saepe
1371 564 1606 635 quaestio
1627 565 1696 619 de
1723 567 1872 620 male
1895 571 2125 637 accepto

496 659 713 712 honore
739 661 1022 725 nascatur,
1043 657 1168 728 quis
1188 658 1444 727 ambigat
1472 675 1838 730 nequaquam
1860 659 1980 713 istis
2006 676 2125 714 esse

495 751 881 820 tribuendum,
910 752 1060 822 quod
1091 768 1205 805 non
1233 751 1503 806 doceatur
1530 752 1696 806 fuisse
1739 753 2039 807 collatum?
2070 754 2124 808 Si

495 844 594 916 qui
625 848 817 899 autem
847 845 1029 899 clerici
1059 846 1130 900 ab
1160 845 1281 900 istis
1316 845 1812 916 pseudoepiscopis
1836 846 1896 900 in
1925 847 2004 899 eis
2032 863 2122 900 ec-

495 938 676 993 clesiis
702 937 950 993 ordinati
979 942 1127 1005 sunt,
1147 956 1274 1009 quas
1295 938 1367 992 ad
1396 938 1655 1009 proprios
1686 940 1981 1010 episcopos
2003 956 2127 1010 per-

498 1032 770 1099 tinebant,
790 1037 846 1086 et
861 1032 1142 1086 ordinatio
1167 1048 1365 1086 eorum
1387 1048 1663 1086 consensu
1685 1036 1742 1087 et
1750 1032 1967 1103 judicio
1989 1050 2127 1103 prae-

496 1125 804 1180 sidentium
834 1126 981 1179 facta
1008 1130 1092 1179 est
1116 1132 1289 1196 prout
1317 1128 1440 1179 rata
1465 1125 1687 1194 haberi,
1716 1127 1794 1180 ita
1818 1131 1884 1181 ut
1907 1126 1965 1181 in
1993 1127 2127 1196 ipsis

496 1217 755 1272 Ecclesiis
776 1222 1161 1289 perseverent.
1181 1219 1360 1272 Aliter
1378 1223 1569 1272 autem
1591 1235 1735 1273 vana
1755 1224 1845 1273 est
1862 1219 2126 1273 habenda

497 1310 797 1377 ordinatio,
830 1328 959 1382 quae
1002 1329 1107 1365 nec
1154 1313 1277 1366 loco
1321 1312 1558 1366 fundata
1601 1317 1705 1375 est,
1752 1329 1853 1366 nec
1899 1315 2125 1366 auctore

498 1404 736 1459 munita.

499 1516 650 1580 Quod
678 1517 975 1585 presbyteri
1000 1522 1096 1570 aut
1123 1517 1358 1578 diaconi,
1393 1518 1441 1569 si
1465 1518 1524 1569 in
1555 1517 1740 1586 aliqua
1782 1519 2002 1571 crimine
2035 1518 2123 1571 di-

567 1587 711 1655 lapsi
736 1589 963 1653 fuerint,
990 1603 1097 1641 non
1126 1593 1352 1656 possunt
1383 1603 1484 1656 per
1511 1603 1704 1643 manus
1730 1591 2124 1659 impositionem

562 1659 865 1727 pwnitendi
890 1659 1184 1712 remedium
1213 1661 1480 1728 consequi.

575 1754 835 1807 Alienum
863 1757 946 1806 est
972 1769 1007 1805 a
1047 1751 1457 1805 consuetudine
1503 1752 1899 1820 ecclesiastica,
1928 1756 1994 1807 ut
2026 1752 2123 1823 qui
2144 1762 2203 1834 Β

499 1848 945 1924 presbyteralem
972 1846 1249 1900 honorem
1277 1850 1373 1898 aut
1397 1844 1618 1898 diaconi
1646 1846 1887 1916 gradum
1919 1846 2127 1900 fuerint

493 1943 799 2009 consecuti,
830 1942 889 1995 hi
916 1940 1013 2011 qui
1038 1956 1139 2010 pro
1171 1937 1407 1993 crimine
1437 1938 1630 2010 aliquo
1668 1956 1768 1993 suo
1798 1956 1899 2011 per
1924 1956 2127 1994 manus

492 2038 914 2110 impositionem
943 2032 1268 2087 remedium
1291 2031 1571 2102 accipiant
1610 2033 1939 2103 paenitendi,
1971 2033 2126 2104 quod

494 2134 614 2186 sine
635 2128 941 2201 apostolica
968 2125 1270 2179 traditione
1299 2124 1613 2192 descendit,
1634 2126 1947 2180 secundum
1972 2126 2125 2196 quod

494 2225 765 2296 scriptum
799 2227 880 2276 est
916 2237 927 2274 :
957 2239 983 2271 «
1013 2218 1283 2274 Sacerdos
1333 2217 1379 2270 si
1418 2218 1738 2288 peccaverit
1777 2219 1904 2290 quis
1945 2219 2127 2273 orabit

494 2335 594 2390 pro
639 2332 707 2371 eo
750 2316 934 2384 (Leuit.
970 2329 1020 2377 ν,
1057 2312 1161 2383 18).
1194 2333 1218 2359 ρ)
1255 2310 1415 2364 Unde
1464 2310 1791 2381 hujusmodi
1834 2311 2004 2383 lapsis
2055 2312 2123 2365 ad

493 2407 939 2484 promerendam
966 2404 1416 2460 misericordiam
1446 2404 1541 2459 Dei
1569 2404 1784 2476 privata
1813 2411 1897 2460 est
1925 2422 2122 2477 exspe-

493 2504 698 2560 ctanda
741 2500 1003 2567 secessio,
1033 2497 1124 2552 ubi
1154 2498 1261 2551 illis
1288 2497 1595 2552 satisfactio
1635 2498 1808 2569 digna
1844 2499 1917 2552 sit
1951 2500 2125 2552 etiam

492 2600 800 2653 fructuosa.

493 2701 643 2768 Quod
691 2700 948 2753 diaconus
992 2698 1140 2768 sicut
1187 2697 1463 2768 episcopus
1504 2699 1556 2748 et
1590 2695 1873 2768 presbyter
1925 2710 2125 2750 cessare

564 2772 716 2825 debet
745 2770 813 2823 ab
838 2782 992 2836 opere
1018 2766 1315 2833 conjugali,
1340 2781 1449 2819 non
1474 2770 1651 2819 tamen
1680 2767 1969 2834 repudiare
1994 2782 2118 2820 con-

554 2857 739 2911 Jugia.

527 2914 531 2917 ’
567 2937 676 2989 Lex
705 2931 1065 2987 continentiae
1106 2929 1306 2983 eadem
1350 2932 1433 2982 est
1475 2928 1747 2981 ministris
1776 2929 1966 2983 altaris
1996 2946 2123 3000 quae

493 3025 772 3101 episc0pis
813 3030 985 3095 atque
1030 3021 1393 3094 presbyteris.
1440 3021 1545 3085 Qui
1591 3038 1720 3076 cum
1765 3028 1954 3077 essent
2001 3024 2125 3078 laici

492 3124 604 3177 sive
648 3122 909 3187 lectores,
947 3116 1096 3171 licite
1136 3119 1192 3170 et
1224 3131 1428 3169 uxores
1471 3115 1678 3169 ducere
1725 3119 1782 3169 et
1809 3115 1954 3170 ﬁlios
1992 3134 2119 3187 pro-
2146 3142 2200 3215 Ο
2225 3173 2262 3227 p

492 3232 680 3271 creare
708 3215 1037 3285 potuerunt.
1063 3210 1166 3265 Sed
1191 3226 1322 3263 cum
1343 3208 1415 3263 ad
1438 3208 1738 3279 praedictos
1760 3211 2123 3280 pervenerint

494 3309 722 3382 gradus,
752 3306 919 3377 coepit
948 3303 1027 3358 eis
1055 3320 1171 3357 non
1197 3302 1363 3356 licere
1396 3302 1546 3373 quod
1573 3302 1749 3356 licuit.
1784 3303 1937 3358 Unde
1965 3309 2025 3359 ut
2052 3303 2121 3360 de

491 3402 703 3458 carnali
731 3400 832 3455 ﬁat
858 3396 1153 3469 spiritualc
1175 3395 1528 3466 conjugium,
1554 3401 1777 3466 oportet
1798 3413 1893 3450 eos
1916 3414 2017 3452 nec
2042 3398 2119 3452 di-

491 3496 713 3551 mittere
759 3508 966 3547 uxores
1006 3493 1063 3543 et
1110 3490 1269 3560 quasi
1321 3506 1433 3542 non
1482 3488 1732 3543 habeant
1767 3490 1844 3545 sic
1883 3490 2117 3562 habere,

490 3588 643 3662 quod
675 3591 731 3642 et
761 3587 913 3640 salva
945 3584 1015 3637 sit
1054 3582 1303 3637 charitas
1355 3582 1776 3653 conjugiorum,
1810 3588 1867 3638 et
1903 3590 2121 3639 cessent

488 3700 659 3755 opera
688 3680 1035 3751 nuptiarum.

489 3795 641 3863 Quod
667 3793 822 3848 aliud
850 3794 921 3845 sit
943 3805 1099 3851 umor,
1129 3789 1286 3863 aliud
1320 3789 1633 3863 concubina,
1666 3805 1759 3843 nec
1801 3795 1953 3863 erret
1966 3793 2115 3858 quis-

562 3882 723 3936 quam
749 3867 798 3919 si
822 3864 992 3936 ﬁliam
1036 3876 1189 3936 suam
1227 3862 1285 3913 in
1326 3862 1728 3914 matrimonium
1770 3861 2117 3916 concubinam

560 3934 625 3991 lia
634 3938 777 3991 benti
805 3934 1116 3988 tradiderit.

559 4033 681 4086 Non
714 4028 904 4085 omnis
944 4026 1154 4081 mulier
1173 4025 1375 4095 juncta
1404 4025 1522 4079 viro
1563 4042 1704 4079 uxor
1728 4031 1812 4080 est
1835 4026 1958 4093 viri,
1986 4026 2119 4097 quia

487 4144 589 4181 nec
618 4124 804 4179 omnis
827 4120 975 4175 ﬁlius
1008 4121 1193 4174 hieres
1219 4123 1303 4173 est
1334 4119 1525 4189 patris.
1561 4118 1896 4188 Nuptiarum
1923 4124 2116 4174 autem

490 4220 705 4275 foedera
736 4217 886 4269 inter
916 4215 1194 4283 ingenuos
1220 4216 1354 4266 sunt
1379 4211 1635 4282 legitima
1661 4216 1720 4265 et
1744 4212 1896 4265 inter
1925 4229 2114 4284 eaqua-

487 4316 588 4379 les,
633 4310 817 4365 multo
872 4308 1026 4378 prius
1070 4307 1176 4360 hoc
1223 4307 1411 4377 ipsum
1460 4304 1693 4359 Domino
1740 4306 2115 4361 constituente

489 4422 661 4479 quam
692 4402 920 4458 initium
955 4400 1193 4455 Romani
1227 4399 1375 4469 juris
1405 4398 1705 4453 exstiterit.
1741 4399 1931 4470 Itaque
1963 4400 2116 4454 aliud

487 4516 645 4569 uxor,
675 4497 829 4553 aliud
870 4494 1207 4559 concubina,
1238 4493 1380 4547 sicut
1418 4492 1571 4547 aliud
1613 4493 1836 4559 ancilla,
1866 4494 2017 4549 aliud
2044 4494 2109 4548 li-
2133 4520 2192 4591 D

488 4596 640 4650 bera.
669 4595 907 4662 Propter
936 4588 1090 4661 quod
1118 4587 1292 4641 etiam
1324 4585 1627 4657 Apostolus
1657 4587 1728 4641 ad
1753 4588 2117 4643 manifestan-

487 4688 692 4743 darum
707 4687 909 4740 harum
921 4696 1289 4754 personarum
1308 4678 1701 4734 discretionem
1720 4680 2112 4736 testimonium

486 4780 648 4853 ponit
673 4797 739 4833 ex
771 4775 972 4833 Genesi
1009 4774 1106 4829 ubi
1143 4770 1347 4828 dicitur
1381 4773 1624 4829 Abrahae
1658 4791 1669 4828 :
1702 4797 1729 4824 ‹‹
1756 4774 1907 4845 Ejice
1938 4776 2112 4829 ancil-

488 4877 601 4931 lam
620 4877 677 4929 et
702 4871 883 4927 illium
909 4869 1050 4940 ejus.
1071 4871 1189 4924 Non
1214 4868 1367 4922 enim
1397 4869 1577 4923 haeres
1599 4869 1709 4923 erit
1731 4868 1878 4923 ﬁlius
1896 4870 2112 4925 ancillae

486 4986 619 5024 cum
650 4967 765 5022 ﬁlio
791 4966 984 5021 liberae
1019 4964 1168 5033 (Gen.
1198 4978 1306 5031 χχι,
1344 4966 1447 5032 10).
1483 4984 1510 5011 ››
1542 4963 1700 5017 Unde
1740 4963 1974 5018 societas
2002 4980 2107 5018 nu~

482 5064 730 5141 ptiarum
758 5060 834 5115 ita
860 5058 929 5113 ab
953 5056 1114 5112 initio
1135 5056 1445 5112 constituta
1463 5056 1552 5124 sit,
1579 5062 1639 5110 ut
1655 5061 1869 5127 praeter
1888 5073 2113 5112 servum

484 5155 941 5228 conjunrtionem
985 5151 1261 5206 haberent
1309 5150 1365 5203 in
1414 5166 1471 5203 se
1509 5150 1715 5204 Christi
1756 5157 1811 5205 et
1855 5151 2110 5206 Ecclesia:

482 5254 923 5317 sacramentum,
953 5245 1190 5301 dubium
1228 5260 1343 5298 non
1385 5247 1469 5297 est
1507 5260 1630 5297 eam
1660 5244 1954 5300 mulierem
1990 5262 2109 5300 non

481 5345 765 5418 pertinere
791 5342 863 5397 ad
905 5337 1339 5395 matrimonium
1366 5337 1425 5390 in
1455 5353 1567 5408 quo
1592 5354 1706 5392 non
1738 5338 1972 5393 docetur
2001 5356 2105 5392 nu-

481 5439 651 5511 ptiale
676 5436 845 5492 fuisse
880 5431 1236 5504 mysterium.
1281 5430 1459 5501 Igitur
1486 5431 1786 5501 cujuslibet
1814 5431 1917 5486 loci
1944 5431 2106 5486 cleri-

481 5549 599 5597 cus,
631 5531 677 5584 si
699 5530 875 5584 ﬁliam
913 5543 1073 5581 suam
1103 5525 1222 5579 viro
1250 5523 1480 5579 habenti
1506 5524 1876 5579 concubinam
1901 5526 1960 5579 in
1986 5541 2105 5579 ma-

2226 479 2421 529 carent
2446 475 2611 544 culpa
2650 473 2693 526 si
2724 474 2991 527 mulieres
3026 490 3154 544 quae
3196 489 3229 526 a
3254 472 3386 526 viris
3413 473 3726 529 habebantur
3749 478 3794 530 iu

2228 567 2597 622 matrimonio
2628 583 2738 620 non
2770 567 3025 635 fuerunt,
3048 567 3181 636 quia
3209 566 3365 620 aliud
3389 568 3469 619 est
3488 571 3650 638 nupta
3670 569 3795 623 aliud

2225 661 2556 715 concubina.

2226 764 2379 828 Quod
2402 780 2505 817 non
2531 766 2601 816 sit
2619 762 2857 831 conjugii
2887 763 3207 833 duplicatio,
3238 763 3454 831 quando
3479 766 3664 817 ancilla
3687 768 3797 832 reje-

2746 840 2834 888 cta
2863 836 3156 889 assumitur
3179 850 3337 887 umor.

2297 927 2572 981 Ancillam
2603 945 2634 981 a
2677 932 2801 981 toro
2837 926 3083 996 abjicere
3112 929 3171 979 et
3205 943 3442 980 uxorem
3481 933 3635 981 certae
3678 929 3802 999 inge-

2229 1021 2459 1075 nuitatis
2493 1021 2771 1091 accipere,
2808 1036 2920 1074 non
2951 1019 3262 1090 duplicatio
3289 1020 3553 1091 conjugii,
3583 1020 3668 1074 sed
3697 1038 3797 1091 pru-

2226 1115 2403 1168 fectus
2433 1119 2517 1167 est
2540 1113 2867 1168 honestatis.
2895 1112 3191 1183 Culpanda
3218 1117 3307 1167 est
3331 1113 3527 1167 talium
3555 1115 3802 1185 negligen-

2228 1208 2326 1271 tia,
2350 1208 2448 1261 sed
2478 1224 2594 1262 non
2616 1207 2845 1278 penitus
2876 1206 3251 1273 discutienda,
3281 1210 3344 1260 ut
3369 1206 3571 1260 crebris
3594 1207 3804 1261 cohorta-

2226 1300 2475 1354 tionibus
2493 1299 2711 1354 incitati
2735 1299 2888 1371 quod
2907 1297 3217 1354 necessarie
3233 1298 3591 1368 expetierunt
3606 1298 3806 1353 ﬁdeliter

2226 1400 2281 1448 et
2299 1398 2703 1464 exsequantur.
2724 1393 2900 1447 Nemo
2928 1393 3083 1446 enim
3112 1391 3499 1463 desperandus
3525 1396 3603 1446 est
3626 1392 3744 1446 dum
3763 1392 3806 1446 in

2225 1503 2461 1558 corpore
2507 1486 2870 1541 constituitur
2899 1503 2911 1541 :
2946 1486 3077 1556 quia
3117 1502 3536 1556 nonnunquam
3571 1487 3708 1556 quod
3739 1487 3806 1538 di.

2224 1580 2463 1634 ﬁdentia
2503 1581 2684 1634 aetatis
2730 1579 3016 1646 differtur,
3045 1579 3281 1634 consilio
3328 1580 3634 1633 maturiore
3675 1578 3806 1649 perfi-

2225 1674 2390 1728 citur.

2394 1772 2467 1823 De
2495 1769 2859 1822 communione
2882 1769 3141 1837 privatis,
3170 1772 3220 1821 et
3253 1769 3370 1821 vita
3400 1767 3677 1833 defunctis.

2297 1862 2511 1916 Horum
2542 1876 2714 1916 causa
2737 1859 2835 1914 Dei
2855 1860 3075 1930 judicio
3113 1859 3458 1914 reservanda
3483 1864 3583 1926 est,
3609 1859 3661 1913 in
3686 1860 3810 1927 cujus

2228 1970 2400 2008 manu
2428 1955 2554 2019 fuit,
2587 1960 2647 2007 ut
2687 1954 2889 2009 talium
2926 1953 3112 2008 obitus
3136 1969 3315 2025 usque
3340 1954 3413 2008 ad
3446 1952 3813 2007 communionis

2231 2047 2550 2102 remedium
2582 2046 2921 2102 differretur.
2955 2047 3062 2101 Nos
3095 2051 3285 2101 autem
3311 2047 3521 2117 quibus
3546 2046 3810 2100 viventibus

2226 2156 2342 2194 non
2389 2140 2956 2203 communicavimus,
2984 2140 3225 2194 mortuis
3268 2140 3681 2196 communicare
3721 2154 3809 2191 non

2224 2250 2539 2305 possumus.

2441 2337 2512 2387 De
2538 2332 2619 2387 his
2650 2334 2746 2401 qui
2771 2334 3143 2402 paenitentiam
3169 2347 3326 2400 agere
3355 2332 3633 2402 differunt.

2298 2425 2677 2480 Dissimulatio
2726 2426 2849 2480 haec
2891 2430 3075 2496 potest
3120 2442 3232 2480 non
3260 2426 3331 2480 de
3360 2429 3684 2496 contemptu
3720 2440 3811 2478 esse

2227 2519 2481 2588 remedii,
2512 2519 2611 2572 sed
2634 2519 2703 2573 de
2729 2519 2902 2574 modo
2924 2520 3150 2590 gravius
3175 2518 3568 2591 delinquendi,
3593 2523 3653 2572 ut
3671 2516 3812 2589 pinni-

2225 2613 2402 2668 tentia
2418 2628 2547 2683 quas
2561 2608 2732 2667 dilata
2751 2618 2836 2667 est
2854 2629 2986 2666 cum
3017 2612 3326 2667 studiosius
3351 2614 3531 2684 petita
3547 2612 3707 2666 fuerit
3723 2626 3810 2663 non

2225 2709 2486 2777 negetur,
2503 2713 2568 2761 ut
2582 2722 2811 2777 quoquo
2832 2706 3008 2761 modo
3027 2707 3098 2761 ad
3112 2706 3490 2778 indulgentis:
3510 2705 3809 2761 medicinam

2226 2800 2416 2854 anima
2440 2800 2729 2855 vulnerata
2756 2799 3065 2871 perveniat.
3124 2849 3133 2859 .

2225 2899 2377 2965 Quod
2425 2902 2666 2967 oporteat
2707 2913 2827 2952 eum
2870 2900 2968 2968 qui
3007 2914 3109 2968 pro
3154 2900 3361 2953 illicitis
3404 2900 3611 2953 veniam
3655 2899 3811 2968 poscit,

2574 2972 2736 3024 etiam
2758 2986 2794 3023 a
2819 2971 3005 3025 multis
3031 2971 3195 3025 licitis
3224 2971 3517 3025 abstinere.

2295 3062 2461 3117 Aliud
2480 3063 2714 3133 quidem
2740 3068 2823 3118 est
2842 3063 3036 3118 debita
3052 3063 3206 3134 juste
3226 3078 3546 3134 reposcere,
3561 3060 3700 3116 aliud
3716 3076 3815 3131 pra

2266 3155 2350 3210 ria
2375 3156 2740 3227 perfectionis
2765 3173 2963 3211 amore
2990 3163 3375 3215 contemnere.
3399 3157 3510 3213 Sed
3532 3155 3813 3210 illicitorum

2223 3249 2448 3304 veniam
2466 3251 2849 3321 postulantem
2880 3254 3105 3321 oportet
3131 3251 3335 3311 multis
3350 3251 3529 3305 etiam
3554 3249 3704 3303 licitis
3720 3246 3815 3300 abs-

2222 3343 2428 3411 tinere,
2461 3344 2682 3399 dicente
2723 3346 2989 3416 Apostolo
3020 3362 3031 3398 :
3068 3367 3093 3393 ‹‹
3125 3344 3333 3400 Omnia
3366 3344 3568 3412 licent,
3598 3342 3687 3397 sed
3723 3355 3813 3394 non

2221 3437 2413 3491 omnia
2447 3438 2756 3508 expediunt
2782 3439 2823 3507 (l
2853 3442 2971 3495 Cor.
3004 3455 3076 3507 v1,
3113 3442 3218 3509 t2).
3252 3460 3279 3488 ››
3311 3439 3477 3492 Unde
3505 3437 3551 3492 si
3578 3435 3815 3507 paenitens

2220 3530 2394 3585 habet
2419 3547 2643 3585 causam
2687 3549 2858 3603 quam
2904 3532 3194 3604 negligere
3235 3549 3351 3587 non
3394 3532 3624 3600 debeat,
3650 3526 3815 3584 melius

2221 3623 2401 3697 exigit
2424 3625 2862 3681 ecclesiasticum
2892 3644 3063 3698 quam
3089 3628 3314 3682 forense
3332 3626 3637 3697 judicium.

2220 3729 2375 3796 Quod
2427 3731 2715 3797 paenitenti
2767 3730 2924 3785 nulla
2977 3730 3561 3855 lucratnegotiationis
3612 3740 3816 3783 arerem

2883 3816 3137 3855 conventa
3167 3843 3180 3855 .

2883 3816 3159 3855 conveniat
3167 3843 3180 3856 .

2288 3893 2537 3957 Qualitas
2567 3894 2706 3948 lucri
2737 3894 3125 3966 negotiantem
3149 3898 3249 3948 aut
3273 3900 3509 3950 excusat
3525 3897 3619 3948 aut
3638 3888 3814 3961 arguit,

2218 3987 2349 4058 quia
2387 3992 2472 4041 est
2515 3988 2784 4043 honestus
2827 3993 3076 4060 quaestus
3120 3991 3174 4043 et
3212 3988 3414 4060 turpis.
3446 3990 3813 4042 Verumtamen

2218 4081 2511 4152 poenitenti
2544 4081 2748 4136 melius
2774 4085 2858 4136 est
2889 4082 3186 4152 dispendia
3213 4082 3352 4153 pati,
3383 4092 3563 4154 quam
3592 4074 3815 4151 periculis

2220 4175 2614 4246 negotiationis
2645 4175 2945 4247 obstringi,
2971 4176 3104 4248 quia
3132 4175 3359 4231 difﬁcile
3386 4181 3472 4231 est
3489 4176 3637 4230 inter
3656 4186 3814 4225 emen-

2218 4268 2288 4322 tis
2317 4269 2725 4341 vendentisque
2754 4271 3163 4324 commercium
3193 4286 3305 4324 non
3336 4268 3679 4324 intervenire
3707 4280 3809 4336 pec-

2216 4368 2426 4418 catum.

2217 4458 2369 4524 Quod
2391 4459 2467 4512 ad
2498 4459 2752 4513 militiam
2778 4460 3089 4584 saecula:th
3110 4464 3236 4584 pgst
3258 4458 3636 4529 paenitentiam
3670 4452 3813 4509 redire

2856 4547 2963 4584 non
3029 4547 3055 4584 ε
3093 4546 3153 4584 ea
3186 4571 3197 4584 .

2856 4547 2963 4585 non
2991 4546 3179 4584 αεοεαῑ
3186 4571 3197 4584 .

2287 4623 2646 4678 Contrarium
2677 4628 2763 4678 est
2790 4624 3024 4679 omnino
3055 4624 3448 4679 ecclesiasticis
3475 4621 3686 4694 regulis
3710 4618 3810 4690 post

2216 4716 2565 4786 poenitentiae
2590 4718 2874 4772 actionem
2896 4717 3082 4773 redire
3101 4718 3169 4772 ad
3197 4717 3468 4773 militiam
3499 4715 3809 4775 saacularem,

2213 4827 2339 4864 cum
2368 4811 2663 4881 Apostolus
2687 4812 2839 4867 dicat
2866 4830 2878 4867 :
2918 4836 2945 4861 ιι
2973 4814 3147 4867 Nemo
3176 4812 3429 4867 militans
3460 4812 3571 4867 Deo
3591 4805 3811 4879 implicat

2213 4922 2272 4958 se
2313 4904 2551 4976 negotiis
2597 4905 2961 4960 saecularibus
2993 4908 3068 4978 (II
3105 4909 3238 4962 Tim.
3270 4923 3329 4975 ιι,
3359 4906 3432 4977 4),
3466 4928 3494 4955 ››
3532 4904 3676 4959 unde
3718 4913 3806 4953 110u

2211 5002 2297 5052 est
2336 4998 2481 5053 liber
2506 4999 2727 5070 laqueis
2775 5000 2870 5071 qui
2912 5016 2968 5057 se
3005 5000 3219 5055 militiae
3258 4999 3572 5055 mundanae
3605 4990 3806 5051 voluerit

2211 5092 2518 5163 implicare.

2211 5197 2365 5279 Quod
2380 5197 2705 5279 adolescens
2737 5213 2806 5279 se-
2822 5204 3041 5267 urgente
3065 5214 3373 5279 quocunque
3396 5192 3799 5279 periculo.

2281 5270 2503 5322 tentiam
2545 5272 2724 5336 gessit,
2755 5274 2807 5323 et
2852 5286 2957 5324 non
2995 5286 3050 5324 se
3093 5274 3361 5324 contineat
3388 5270 3459 5323 ab
3496 5270 3673 5324 iuraris
3708 5276 3797 5315 am-

2277 5339 2462 5407 plearu,
2490 5344 2669 5409 potest
2693 5342 2987 5396 remedium
3010 5344 3294 5396 sustinere.

2281 5433 2341 5486 In
2353 5432 2733 5488 adolescentia
2745 5435 3097 5504 constitutus,
3111 5435 3154 5489 si
3171 5437 3412 5506 urgente
3426 5437 3528 5487 aut
3547 5436 3711 5493 metu,
3723 5426 3794 5478 aut

2207 5525 2544 5596 captivitatis
2592 5527 2844 5598 periculo
2882 5530 3275 5600 pcenitentiam
3320 5528 3511 5599 gessit,
3548 5531 3602 5580 et
3640 5523 3794 5595 postea

479 5622 812 5679 trimonium
860 5619 1100 5688 dederit,
1128 5634 1246 5672 non
1276 5618 1353 5670 ita
1396 5617 1790 5687 accipiendum
1835 5621 1919 5672 est
1947 5618 2105 5691 quasi
2206 5619 2415 5674 timens
2434 5620 2661 5692 lapsum
2680 5622 3112 5677 incontinentiae
3121 5623 3345 5694 juvenis
3360 5621 3618 5692 copulam
3638 5610 3794 5670 uxoris

482 5716 549 5768 de
576 5716 876 5785 conjugato
903 5728 1027 5766 eam
1066 5711 1307 5777 dederit,
1340 5710 1448 5763 nisi
1482 5711 1629 5764 forte
1659 5710 1756 5763 illa
1784 5711 1991 5765 mulier
2017 5713 2102 5766 in-

2208 5713 2400 5783 elegit,
2431 5730 2502 5768 ne
2545 5716 2765 5770 crimen
2808 5716 3202 5771 fornicationis
3232 5717 3568 5782 incurreret,
3595 5724 3699 5765 rem
3726 5702 3787 5754 τί·

484 5820 671 5869 genua
714 5806 857 5859 facta
891 5811 947 5859 et
993 5804 1181 5859 dotata
1222 5802 1476 5871 legitime
1511 5806 1565 5856 et
1603 5803 1840 5872 publicis
1887 5805 2103 5876 nuptiis
2208 5805 2374 5860 detur
2396 5808 2591 5863 fecisse
2617 5809 2914 5876 venialem,
2942 5811 2988 5863 si
3020 5815 3254 5880 propter
3279 5808 3583 5880 conjugem
3607 5800 3785 5858 nullam
