  <div class='ocr_page' id='page_1' title='image "/cluster/home/n/w/nwhite01/storage/ocr_20150623/130/hvd.32044054759915/476.png"; bbox 0 0 4062 6188; ppageno 0'>
   <div class='ocr_carea' id='block_1_1' title="bbox 215 308 316 357">
    <p class='ocr_par' dir='ltr' id='par_1_1' title="bbox 215 308 316 357">
     <span class='ocr_line' id='line_1_1' title="bbox 215 308 316 357; baseline -0.02 0"><span class='ocrx_word' id='word_1_1' title='bbox 215 308 316 357; x_wconf 66' lang='lat'>893</span> 
     </span>
    </p>
   </div>
   <div class='ocr_carea' id='block_1_2' title="bbox 1452 290 2343 368">
    <p class='ocr_par' dir='ltr' id='par_1_2' title="bbox 1452 290 2343 368">
     <span class='ocr_line' id='line_1_2' title="bbox 1452 290 2343 368; baseline 0.001 -4"><span class='ocrx_word' id='word_1_2' title='bbox 1452 290 1927 367; x_wconf 41' lang='lat' dir='ltr'>DECRETALIUM&#39;</span> <span class='ocrx_word' id='word_1_3' title='bbox 1960 310 2343 368; x_wconf 79' lang='lat' dir='ltr'>CULLECTIO.</span> 
     </span>
    </p>
   </div>
   <div class='ocr_carea' id='block_1_3' title="bbox 3479 316 3579 370">
    <p class='ocr_par' dir='ltr' id='par_1_3' title="bbox 3479 316 3579 370">
     <span class='ocr_line' id='line_1_3' title="bbox 3479 316 3579 370; baseline 0.01 -1"><span class='ocrx_word' id='word_1_4' title='bbox 3479 316 3579 370; x_wconf 67' lang='grc'>894</span> 
     </span>
    </p>
   </div>
   <div class='ocr_carea' id='block_1_4' title="bbox 212 410 3577 506">
    <p class='ocr_par' dir='ltr' id='par_1_4' title="bbox 212 410 3577 506">
     <span class='ocr_line' id='line_1_4' title="bbox 212 410 3577 506; baseline 0.004 -43"><span class='ocrx_word' id='word_1_5' title='bbox 212 410 448 465; x_wconf 91' lang='lat' dir='ltr'>omnino</span> <span class='ocrx_word' id='word_1_6' title='bbox 473 414 824 481; x_wconf 80' lang='lat' dir='ltr'>cognoverit.</span> <span class='ocrx_word' id='word_1_7' title='bbox 848 416 908 469; x_wconf 93' lang='lat' dir='ltr'>In</span> <span class='ocrx_word' id='word_1_8' title='bbox 935 432 1048 486; x_wconf 91' lang='lat' dir='ltr'>quo</span> <span class='ocrx_word' id='word_1_9' title='bbox 1070 420 1263 471; x_wconf 88' lang='lat' dir='ltr'>tamen</span> <span class='ocrx_word' id='word_1_10' title='bbox 1293 435 1407 473; x_wconf 91' lang='lat' dir='ltr'>non</span> <span class='ocrx_word' id='word_1_11' title='bbox 1438 420 1695 490; x_wconf 88' lang='lat' dir='ltr'>regulam</span> <span class='ocrx_word' id='word_1_12' title='bbox 1717 436 1844 474; x_wconf 86' lang='lat' dir='ltr'>con-</span> <span class='ocrx_word' id='word_1_13' title='bbox 1867 434 1925 506; x_wconf 73' lang='grc' dir='ltr'><strong>Α</strong></span> <span class='ocrx_word' id='word_1_14' title='bbox 1945 418 2115 473; x_wconf 81' lang='lat' dir='ltr'>officii</span> <span class='ocrx_word' id='word_1_15' title='bbox 2131 420 2423 491; x_wconf 82' lang='lat' dir='ltr'>pastoralis</span> <span class='ocrx_word' id='word_1_16' title='bbox 2440 420 2736 492; x_wconf 87' lang='lat' dir='ltr'>impendas</span> <span class='ocrx_word' id='word_1_17' title='bbox 2758 422 2960 476; x_wconf 82' lang='lat' dir='ltr'>tradita</span> <span class='ocrx_word' id='word_1_18' title='bbox 2978 422 3140 476; x_wconf 91' lang='lat' dir='ltr'>nobis</span> <span class='ocrx_word' id='word_1_19' title='bbox 3156 438 3257 493; x_wconf 88' lang='lat' dir='ltr'>per</span> <span class='ocrx_word' id='word_1_20' title='bbox 3273 422 3577 477; x_wconf 89' lang='lat' dir='ltr'>diaconum</span> 
     </span>
    </p>
   </div>
   <div class='ocr_carea' id='block_1_5' title="bbox 212 505 1845 579">
    <p class='ocr_par' dir='ltr' id='par_1_5' title="bbox 212 505 1845 579">
     <span class='ocr_line' id='line_1_5' title="bbox 212 505 1845 579; baseline 0.006 -22"><span class='ocrx_word' id='word_1_21' title='bbox 212 505 527 573; x_wconf 87' lang='lat' dir='ltr'>stituimus,</span> <span class='ocrx_word' id='word_1_22' title='bbox 550 505 647 559; x_wconf 90' lang='lat' dir='ltr'>sed</span> <span class='ocrx_word' id='word_1_23' title='bbox 671 506 807 577; x_wconf 91' lang='lat' dir='ltr'>quid</span> <span class='ocrx_word' id='word_1_24' title='bbox 829 508 903 561; x_wconf 87' lang='lat' dir='ltr'>sit</span> <span class='ocrx_word' id='word_1_25' title='bbox 928 510 1295 579; x_wconf 82' lang='lat' dir='ltr'>tolerabilius,</span> <span class='ocrx_word' id='word_1_26' title='bbox 1319 514 1687 567; x_wconf 56' lang='lat' dir='ltr'>aestimamus.</span> <span class='ocrx_word' id='word_1_27' title='bbox 1707 514 1845 567; x_wconf 87' lang='lat' dir='ltr'>Nam</span> 
     </span>
    </p>
   </div>
   <div class='ocr_carea' id='block_1_6' title="bbox 210 598 1849 676">
    <p class='ocr_par' dir='ltr' id='par_1_6' title="bbox 210 598 1849 676">
     <span class='ocr_line' id='line_1_6' title="bbox 210 598 1849 676; baseline 0.006 -26"><span class='ocrx_word' id='word_1_28' title='bbox 210 598 527 652; x_wconf 87' lang='lat' dir='ltr'>secundum</span> <span class='ocrx_word' id='word_1_29' title='bbox 546 616 738 653; x_wconf 81' lang='lat' dir='ltr'>veram</span> <span class='ocrx_word' id='word_1_30' title='bbox 756 602 1136 671; x_wconf 86' lang='lat' dir='ltr'>cognitionem</span> <span class='ocrx_word' id='word_1_31' title='bbox 1156 605 1295 658; x_wconf 89' lang='lat' dir='ltr'>nihil</span> <span class='ocrx_word' id='word_1_32' title='bbox 1320 606 1498 676; x_wconf 89' lang='lat' dir='ltr'>magis</span> <span class='ocrx_word' id='word_1_33' title='bbox 1518 607 1570 661; x_wconf 91' lang='lat' dir='ltr'>ei</span> <span class='ocrx_word' id='word_1_34' title='bbox 1585 607 1849 676; x_wconf 82' lang='lat' dir='ltr'>congruit</span> 
     </span>
    </p>
   </div>
   <div class='ocr_carea' id='block_1_7' title="bbox 209 691 1847 770">
    <p class='ocr_par' dir='ltr' id='par_1_7' title="bbox 209 691 1847 770">
     <span class='ocr_line' id='line_1_7' title="bbox 209 691 1847 770; baseline 0.007 -27"><span class='ocrx_word' id='word_1_35' title='bbox 209 691 307 761; x_wconf 86' lang='lat' dir='ltr'>qui</span> <span class='ocrx_word' id='word_1_36' title='bbox 342 692 739 762; x_wconf 77' lang='lat' dir='ltr'>paenitentiam</span> <span class='ocrx_word' id='word_1_37' title='bbox 778 695 968 765; x_wconf 84' lang='lat' dir='ltr'>gessit,</span> <span class='ocrx_word' id='word_1_38' title='bbox 997 713 1172 767; x_wconf 88' lang='lat' dir='ltr'>quam</span> <span class='ocrx_word' id='word_1_39' title='bbox 1220 698 1445 753; x_wconf 69' lang='lat' dir='ltr'>castitas</span> <span class='ocrx_word' id='word_1_40' title='bbox 1479 716 1847 770; x_wconf 84' lang='lat' dir='ltr'>perseverans</span> 
     </span>
    </p>
   </div>
   <div class='ocr_carea' id='block_1_8' title="bbox 210 786 892 857">
    <p class='ocr_par' dir='ltr' id='par_1_8' title="bbox 210 786 892 857">
     <span class='ocr_line' id='line_1_8' title="bbox 210 786 892 857; baseline 0.007 -21"><span class='ocrx_word' id='word_1_41' title='bbox 210 789 267 838; x_wconf 85' lang='lat' dir='ltr'>et</span> <span class='ocrx_word' id='word_1_42' title='bbox 294 786 505 839; x_wconf 89' lang='lat' dir='ltr'>mentis</span> <span class='ocrx_word' id='word_1_43' title='bbox 536 789 591 840; x_wconf 87' lang='lat' dir='ltr'>et</span> <span class='ocrx_word' id='word_1_44' title='bbox 622 788 892 857; x_wconf 88' lang='lat' dir='ltr'>corporis.</span> 
     </span>
    </p>
   </div>
   <div class='ocr_carea' id='block_1_9' title="bbox 209 887 1845 967">
    <p class='ocr_par' dir='ltr' id='par_1_9' title="bbox 209 887 1845 967">
     <span class='ocr_line' id='line_1_9' title="bbox 209 887 1845 967; baseline 0.008 -29"><span class='ocrx_word' id='word_1_45' title='bbox 209 887 366 953; x_wconf 79' lang='lat' dir='ltr'>Quod</span> <span class='ocrx_word' id='word_1_46' title='bbox 388 889 436 939; x_wconf 85' lang='lat' dir='ltr'>si</span> <span class='ocrx_word' id='word_1_47' title='bbox 472 890 593 956; x_wconf 87' lang='lat' dir='ltr'>quis</span> <span class='ocrx_word' id='word_1_48' title='bbox 628 893 961 967; x_wconf 73' lang='lat' dir='ltr'>propositum</span> <span class='ocrx_word' id='word_1_49' title='bbox 982 894 1249 967; x_wconf 68' lang='lat' dir='ltr'>monachi</span> <span class='ocrx_word' id='word_1_50' title='bbox 1291 894 1601 967; x_wconf 74' lang='lat' dir='ltr'>deseruerit,</span> <span class='ocrx_word' id='word_1_51' title='bbox 1623 896 1845 967; x_wconf 84' lang='lat' dir='ltr'>publica</span> 
     </span>
    </p>
   </div>
   <div class='ocr_carea' id='block_1_10' title="bbox 622 962 1449 1034">
    <p class='ocr_par' dir='ltr' id='par_1_10' title="bbox 622 962 1449 1034">
     <span class='ocr_line' id='line_1_10' title="bbox 622 962 1449 1034; baseline 0.008 -21"><span class='ocrx_word' id='word_1_52' title='bbox 622 962 695 1014; x_wconf 87' lang='lat' dir='ltr'>sit</span> <span class='ocrx_word' id='word_1_53' title='bbox 717 964 1087 1028; x_wconf 80' lang='lat' dir='ltr'>satisfactione</span> <span class='ocrx_word' id='word_1_54' title='bbox 1104 966 1449 1034; x_wconf 81' lang='lat' dir='ltr'>purgandus.</span> 
     </span>
    </p>
   </div>
   <div class='ocr_carea' id='block_1_11' title="bbox 280 1052 1841 1127">
    <p class='ocr_par' dir='ltr' id='par_1_11' title="bbox 280 1052 1841 1127">
     <span class='ocr_line' id='line_1_11' title="bbox 280 1052 1841 1127; baseline 0.005 -23"><span class='ocrx_word' id='word_1_55' title='bbox 280 1052 640 1121; x_wconf 80' lang='lat' dir='ltr'>Propositum</span> <span class='ocrx_word' id='word_1_56' title='bbox 685 1054 947 1108; x_wconf 86' lang='lat' dir='ltr'>monachi</span> <span class='ocrx_word' id='word_1_57' title='bbox 988 1057 1221 1127; x_wconf 88' lang='lat' dir='ltr'>proprio</span> <span class='ocrx_word' id='word_1_58' title='bbox 1258 1057 1492 1113; x_wconf 87' lang='lat' dir='ltr'>arbitrio</span> <span class='ocrx_word' id='word_1_59' title='bbox 1523 1064 1620 1113; x_wconf 87' lang='lat' dir='ltr'>aut</span> <span class='ocrx_word' id='word_1_60' title='bbox 1647 1060 1841 1113; x_wconf 81' lang='lat' dir='ltr'>volun-</span> 
     </span>
    </p>
   </div>
   <div class='ocr_carea' id='block_1_12' title="bbox 206 1147 1842 1222">
    <p class='ocr_par' dir='ltr' id='par_1_12' title="bbox 206 1147 1842 1222">
     <span class='ocr_line' id='line_1_12' title="bbox 206 1147 1842 1222; baseline 0.007 -26"><span class='ocrx_word' id='word_1_61' title='bbox 206 1147 325 1197; x_wconf 81' lang='lat' dir='ltr'>tate</span> <span class='ocrx_word' id='word_1_62' title='bbox 364 1150 711 1215; x_wconf 89' lang='lat' dir='ltr'>susceptum,</span> <span class='ocrx_word' id='word_1_63' title='bbox 742 1148 926 1201; x_wconf 83' lang='lat' dir='ltr'>deseri</span> <span class='ocrx_word' id='word_1_64' title='bbox 967 1164 1079 1203; x_wconf 90' lang='lat' dir='ltr'>non</span> <span class='ocrx_word' id='word_1_65' title='bbox 1110 1154 1300 1220; x_wconf 88' lang='lat' dir='ltr'>potest</span> <span class='ocrx_word' id='word_1_66' title='bbox 1336 1151 1549 1222; x_wconf 85' lang='lat' dir='ltr'>absque</span> <span class='ocrx_word' id='word_1_67' title='bbox 1592 1156 1842 1222; x_wconf 89' lang='lat' dir='ltr'>peccato.</span> 
     </span>
    </p>
   </div>
   <div class='ocr_carea' id='block_1_13' title="bbox 207 1236 1845 1310">
    <p class='ocr_par' dir='ltr' id='par_1_13' title="bbox 207 1236 1845 1310">
     <span class='ocr_line' id='line_1_13' title="bbox 207 1236 1845 1310; baseline 0.005 -20"><span class='ocrx_word' id='word_1_68' title='bbox 207 1236 377 1299; x_wconf 93' lang='lat' dir='ltr'>Quod</span> <span class='ocrx_word' id='word_1_69' title='bbox 407 1238 561 1292; x_wconf 89' lang='lat' dir='ltr'>enim</span> <span class='ocrx_word' id='word_1_70' title='bbox 590 1239 718 1310; x_wconf 85' lang='lat' dir='ltr'>quis</span> <span class='ocrx_word' id='word_1_71' title='bbox 747 1240 896 1294; x_wconf 82' lang='lat' dir='ltr'>vovit</span> <span class='ocrx_word' id='word_1_72' title='bbox 923 1241 1058 1310; x_wconf 90' lang='lat' dir='ltr'>Deo,</span> <span class='ocrx_word' id='word_1_73' title='bbox 1088 1242 1261 1297; x_wconf 86' lang='lat' dir='ltr'>debet</span> <span class='ocrx_word' id='word_1_74' title='bbox 1305 1249 1360 1298; x_wconf 88' lang='lat' dir='ltr'>et</span> <span class='ocrx_word' id='word_1_75' title='bbox 1395 1244 1655 1300; x_wconf 83' lang='lat' dir='ltr'>reddere.</span> <span class='ocrx_word' id='word_1_76' title='bbox 1686 1245 1845 1299; x_wconf 90' lang='lat' dir='ltr'>Unde</span> 
     </span>
    </p>
   </div>
   <div class='ocr_carea' id='block_1_14' title="bbox 207 1329 1842 1405">
    <p class='ocr_par' dir='ltr' id='par_1_14' title="bbox 207 1329 1842 1405">
     <span class='ocr_line' id='line_1_14' title="bbox 207 1329 1842 1405; baseline 0.006 -23"><span class='ocrx_word' id='word_1_77' title='bbox 207 1329 306 1400; x_wconf 89' lang='lat' dir='ltr'>qui</span> <span class='ocrx_word' id='word_1_78' title='bbox 332 1331 532 1385; x_wconf 86' lang='lat' dir='ltr'>relicta</span> <span class='ocrx_word' id='word_1_79' title='bbox 551 1332 961 1403; x_wconf 89' lang='lat' dir='ltr'>singularitatis</span> <span class='ocrx_word' id='word_1_80' title='bbox 985 1336 1331 1405; x_wconf 86' lang='lat' dir='ltr'>professione</span> <span class='ocrx_word' id='word_1_81' title='bbox 1354 1337 1426 1391; x_wconf 91' lang='lat' dir='ltr'>ad</span> <span class='ocrx_word' id='word_1_82' title='bbox 1450 1337 1736 1405; x_wconf 90' lang='lat' dir='ltr'>militiam,</span> <span class='ocrx_word' id='word_1_83' title='bbox 1758 1339 1842 1392; x_wconf 90' lang='lat' dir='ltr'>vel</span> 
     </span>
    </p>
   </div>
   <div class='ocr_carea' id='block_1_15' title="bbox 205 1423 1844 1501">
    <p class='ocr_par' dir='ltr' id='par_1_15' title="bbox 205 1423 1844 1501">
     <span class='ocr_line' id='line_1_15' title="bbox 205 1423 1844 1501; baseline 0.005 -25"><span class='ocrx_word' id='word_1_84' title='bbox 205 1423 281 1476; x_wconf 90' lang='lat' dir='ltr'>ad</span> <span class='ocrx_word' id='word_1_85' title='bbox 311 1425 537 1494; x_wconf 88' lang='lat' dir='ltr'>nuptias</span> <span class='ocrx_word' id='word_1_86' title='bbox 573 1426 866 1481; x_wconf 87' lang='lat' dir='ltr'>devolutus</span> <span class='ocrx_word' id='word_1_87' title='bbox 894 1430 997 1496; x_wconf 89' lang='lat' dir='ltr'>est,</span> <span class='ocrx_word' id='word_1_88' title='bbox 1031 1429 1269 1499; x_wconf 66' lang='lat' dir='ltr'>publicae</span> <span class='ocrx_word' id='word_1_89' title='bbox 1311 1431 1653 1501; x_wconf 66' lang='lat' dir='ltr'>poenitentiae</span> <span class='ocrx_word' id='word_1_90' title='bbox 1683 1431 1844 1485; x_wconf 87' lang='lat' dir='ltr'>satis-</span> 
     </span>
    </p>
   </div>
   <div class='ocr_carea' id='block_1_16' title="bbox 202 1517 1846 1592">
    <p class='ocr_par' dir='ltr' id='par_1_16' title="bbox 202 1517 1846 1592">
     <span class='ocr_line' id='line_1_16' title="bbox 202 1517 1846 1592; baseline 0.007 -23"><span class='ocrx_word' id='word_1_91' title='bbox 202 1517 455 1572; x_wconf 82' lang='lat' dir='ltr'>factione</span> <span class='ocrx_word' id='word_1_92' title='bbox 479 1519 817 1589; x_wconf 86' lang='lat' dir='ltr'>purgandus</span> <span class='ocrx_word' id='word_1_93' title='bbox 839 1525 943 1588; x_wconf 89' lang='lat' dir='ltr'>est,</span> <span class='ocrx_word' id='word_1_94' title='bbox 968 1521 1100 1592; x_wconf 89' lang='lat' dir='ltr'>quia</span> <span class='ocrx_word' id='word_1_95' title='bbox 1126 1523 1229 1577; x_wconf 85' lang='lat' dir='ltr'>etsi</span> <span class='ocrx_word' id='word_1_96' title='bbox 1252 1523 1527 1579; x_wconf 87' lang='lat' dir='ltr'>innocens</span> <span class='ocrx_word' id='word_1_97' title='bbox 1548 1523 1771 1592; x_wconf 92' lang='lat' dir='ltr'>militia,</span> <span class='ocrx_word' id='word_1_98' title='bbox 1791 1531 1846 1580; x_wconf 87' lang='lat' dir='ltr'>et</span> 
     </span>
    </p>
   </div>
   <div class='ocr_carea' id='block_1_17' title="bbox 205 1611 1845 1686">
    <p class='ocr_par' dir='ltr' id='par_1_17' title="bbox 205 1611 1845 1686">
     <span class='ocr_line' id='line_1_17' title="bbox 205 1611 1845 1686; baseline 0.005 -22"><span class='ocrx_word' id='word_1_99' title='bbox 205 1611 514 1665; x_wconf 89' lang='lat' dir='ltr'>honestum</span> <span class='ocrx_word' id='word_1_100' title='bbox 547 1616 733 1683; x_wconf 82' lang='lat' dir='ltr'>potest</span> <span class='ocrx_word' id='word_1_101' title='bbox 761 1630 881 1668; x_wconf 90' lang='lat' dir='ltr'>esse</span> <span class='ocrx_word' id='word_1_102' title='bbox 908 1614 1267 1686; x_wconf 88' lang='lat' dir='ltr'>conjugium,</span> <span class='ocrx_word' id='word_1_103' title='bbox 1291 1617 1627 1672; x_wconf 88' lang='lat' dir='ltr'>electionem</span> <span class='ocrx_word' id='word_1_104' title='bbox 1648 1618 1845 1673; x_wconf 90' lang='lat' dir='ltr'>melio-</span> 
     </span>
    </p>
   </div>
   <div class='ocr_carea' id='block_1_18' title="bbox 205 1704 1241 1779">
    <p class='ocr_par' dir='ltr' id='par_1_18' title="bbox 205 1704 1241 1779">
     <span class='ocr_line' id='line_1_18' title="bbox 205 1704 1241 1779; baseline 0.006 -22"><span class='ocrx_word' id='word_1_105' title='bbox 205 1721 339 1758; x_wconf 88' lang='lat' dir='ltr'>rum</span> <span class='ocrx_word' id='word_1_106' title='bbox 367 1704 698 1775; x_wconf 88' lang='lat' dir='ltr'>deseruisse,</span> <span class='ocrx_word' id='word_1_107' title='bbox 731 1707 1110 1779; x_wconf 85' lang='lat' dir='ltr'>transgressio</span> <span class='ocrx_word' id='word_1_108' title='bbox 1140 1715 1241 1763; x_wconf 90' lang='lat' dir='ltr'>est.</span> 
     </span>
    </p>
   </div>
   <div class='ocr_carea' id='block_1_19' title="bbox 1949 514 3581 587">
    <p class='ocr_par' dir='ltr' id='par_1_19' title="bbox 1949 514 3581 587">
     <span class='ocr_line' id='line_1_19' title="bbox 1949 514 3581 587; baseline 0.002 -20"><span class='ocrx_word' id='word_1_109' title='bbox 1949 518 2110 567; x_wconf 90' lang='lat' dir='ltr'>tuum</span> <span class='ocrx_word' id='word_1_110' title='bbox 2140 514 2513 569; x_wconf 83' lang='lat' dir='ltr'>fraternitatis</span> <span class='ocrx_word' id='word_1_111' title='bbox 2539 518 2651 569; x_wconf 67' lang='lat' dir='ltr'>tua:</span> <span class='ocrx_word' id='word_1_112' title='bbox 2683 515 2896 586; x_wconf 88' lang='lat' dir='ltr'>scripta</span> <span class='ocrx_word' id='word_1_113' title='bbox 2932 516 3342 583; x_wconf 87' lang='lat' dir='ltr'>demonstrant,</span> <span class='ocrx_word' id='word_1_114' title='bbox 3375 516 3581 587; x_wconf 81' lang='lat' dir='ltr'>quibus</span> 
     </span>
    </p>
   </div>
   <div class='ocr_carea' id='block_1_20' title="bbox 1947 606 3581 680">
    <p class='ocr_par' dir='ltr' id='par_1_20' title="bbox 1947 606 3581 680">
     <span class='ocr_line' id='line_1_20' title="bbox 1947 606 3581 680; baseline 0.003 -22"><span class='ocrx_word' id='word_1_115' title='bbox 1947 606 2155 660; x_wconf 73' lang='lat' dir='ltr'>laetitia:</span> <span class='ocrx_word' id='word_1_116' title='bbox 2176 609 2386 661; x_wconf 70' lang='lat' dir='ltr'>nostrze</span> <span class='ocrx_word' id='word_1_117' title='bbox 2408 608 2695 663; x_wconf 89' lang='lat' dir='ltr'>insinuare</span> <span class='ocrx_word' id='word_1_118' title='bbox 2717 608 2946 676; x_wconf 87' lang='lat' dir='ltr'>curasti,</span> <span class='ocrx_word' id='word_1_119' title='bbox 2973 609 3151 679; x_wconf 89' lang='lat' dir='ltr'>qualis</span> <span class='ocrx_word' id='word_1_120' title='bbox 3176 609 3234 663; x_wconf 90' lang='lat' dir='ltr'>in</span> <span class='ocrx_word' id='word_1_121' title='bbox 3252 609 3581 680; x_wconf 87' lang='lat' dir='ltr'>regionibus</span> 
     </span>
    </p>
   </div>
   <div class='ocr_carea' id='block_1_21' title="bbox 1947 700 3579 772">
    <p class='ocr_par' dir='ltr' id='par_1_21' title="bbox 1947 700 3579 772">
     <span class='ocr_line' id='line_1_21' title="bbox 1947 700 3579 772; baseline 0.003 -20"><span class='ocrx_word' id='word_1_122' title='bbox 1947 700 2147 754; x_wconf 87' lang='lat' dir='ltr'>vestris</span> <span class='ocrx_word' id='word_1_123' title='bbox 2168 700 2237 754; x_wconf 92' lang='lat' dir='ltr'>de</span> <span class='ocrx_word' id='word_1_124' title='bbox 2253 700 2498 772; x_wconf 87' lang='lat' dir='ltr'>antiquis</span> <span class='ocrx_word' id='word_1_125' title='bbox 2520 702 2861 771; x_wconf 66' lang='lat' dir='ltr'>pestilentiae</span> <span class='ocrx_word' id='word_1_126' title='bbox 2888 702 3147 772; x_wconf 89' lang='lat' dir='ltr'>reliquiis</span> <span class='ocrx_word' id='word_1_127' title='bbox 3168 718 3325 757; x_wconf 91' lang='lat' dir='ltr'>error</span> <span class='ocrx_word' id='word_1_128' title='bbox 3346 720 3410 757; x_wconf 90' lang='lat' dir='ltr'>ac</span> <span class='ocrx_word' id='word_1_129' title='bbox 3432 721 3579 757; x_wconf 82' lang='lat' dir='ltr'>mor-</span> 
     </span>
    </p>
   </div>
   <div class='ocr_carea' id='block_1_22' title="bbox 1946 793 3577 865">
    <p class='ocr_par' dir='ltr' id='par_1_22' title="bbox 1946 793 3577 865">
     <span class='ocr_line' id='line_1_22' title="bbox 1946 793 3577 865; baseline 0.002 -18"><span class='ocrx_word' id='word_1_130' title='bbox 1946 793 2052 847; x_wconf 87' lang='lat' dir='ltr'>bus</span> <span class='ocrx_word' id='word_1_131' title='bbox 2065 794 2352 847; x_wconf 76' lang='lat' dir='ltr'>exarserit.</span> <span class='ocrx_word' id='word_1_132' title='bbox 2368 795 2513 847; x_wconf 85' lang='lat' dir='ltr'>Nam</span> <span class='ocrx_word' id='word_1_133' title='bbox 2536 799 2593 849; x_wconf 89' lang='lat' dir='ltr'>et</span> <span class='ocrx_word' id='word_1_134' title='bbox 2605 795 2857 865; x_wconf 66' lang='lat' dir='ltr'>epistolae</span> <span class='ocrx_word' id='word_1_135' title='bbox 2878 812 3068 849; x_wconf 88' lang='lat' dir='ltr'>sermo</span> <span class='ocrx_word' id='word_1_136' title='bbox 3088 797 3577 850; x_wconf 89' lang='lat' dir='ltr'>etcommonitorii</span> 
     </span>
    </p>
   </div>
   <div class='ocr_carea' id='block_1_23' title="bbox 1948 884 3580 959">
    <p class='ocr_par' dir='ltr' id='par_1_23' title="bbox 1948 884 3580 959">
     <span class='ocr_line' id='line_1_23' title="bbox 1948 884 3580 959; baseline 0.002 -19"><span class='ocrx_word' id='word_1_137' title='bbox 1948 884 2129 959; x_wconf 80' lang='grc'>221</span> <span class='ocrx_word' id='word_1_138' title='bbox 2157 887 2331 941; x_wconf 89' lang='lat' dir='ltr'>series</span> <span class='ocrx_word' id='word_1_139' title='bbox 2344 891 2399 941; x_wconf 93' lang='lat' dir='ltr'>et</span> <span class='ocrx_word' id='word_1_140' title='bbox 2414 887 2588 941; x_wconf 88' lang='lat' dir='ltr'>libelli</span> <span class='ocrx_word' id='word_1_141' title='bbox 2606 887 2687 941; x_wconf 91' lang='lat' dir='ltr'>tui</span> <span class='ocrx_word' id='word_1_142' title='bbox 2700 892 2885 942; x_wconf 80' lang='lat' dir='ltr'>textus</span> <span class='ocrx_word' id='word_1_143' title='bbox 2900 888 3274 955; x_wconf 88' lang='lat' dir='ltr'>demonstrat,</span> <span class='ocrx_word' id='word_1_144' title='bbox 3291 890 3580 944; x_wconf 83' lang='lat' dir='ltr'>Priscillia-</span> 
     </span>
    </p>
   </div>
   <div class='ocr_carea' id='block_1_24' title="bbox 1948 980 3573 1052">
    <p class='ocr_par' dir='ltr' id='par_1_24' title="bbox 1948 980 3573 1052">
     <span class='ocr_line' id='line_1_24' title="bbox 1948 980 3573 1052; baseline 0.003 -19"><span class='ocrx_word' id='word_1_145' title='bbox 1948 980 2222 1034; x_wconf 85' lang='lat' dir='ltr'>nistarum</span> <span class='ocrx_word' id='word_1_146' title='bbox 2246 980 2641 1035; x_wconf 88' lang='lat' dir='ltr'>fetidissimam</span> <span class='ocrx_word' id='word_1_147' title='bbox 2664 982 2815 1052; x_wconf 89' lang='lat' dir='ltr'>apud</span> <span class='ocrx_word' id='word_1_148' title='bbox 2830 998 2927 1035; x_wconf 89' lang='lat' dir='ltr'>vos</span> <span class='ocrx_word' id='word_1_149' title='bbox 2950 982 3249 1036; x_wconf 89' lang='lat' dir='ltr'>recaluisse</span> <span class='ocrx_word' id='word_1_150' title='bbox 3271 983 3573 1039; x_wconf 88' lang='lat' dir='ltr'>sentinam.</span> 
     </span>
    </p>
   </div>
   <div class='ocr_carea' id='block_1_25' title="bbox 1947 1073 3577 1148">
    <p class='ocr_par' dir='ltr' id='par_1_25' title="bbox 1947 1073 3577 1148">
     <span class='ocr_line' id='line_1_25' title="bbox 1947 1073 3577 1148; baseline 0.003 -22"><span class='ocrx_word' id='word_1_151' title='bbox 1947 1073 2097 1128; x_wconf 85' lang='lat' dir='ltr'>Nihil</span> <span class='ocrx_word' id='word_1_152' title='bbox 2112 1079 2198 1128; x_wconf 90' lang='lat' dir='ltr'>est</span> <span class='ocrx_word' id='word_1_153' title='bbox 2212 1074 2365 1128; x_wconf 90' lang='lat' dir='ltr'>enim</span> <span class='ocrx_word' id='word_1_154' title='bbox 2383 1074 2636 1129; x_wconf 89' lang='lat' dir='ltr'>sordium</span> <span class='ocrx_word' id='word_1_155' title='bbox 2654 1074 2711 1128; x_wconf 92' lang='lat' dir='ltr'>in</span> <span class='ocrx_word' id='word_1_156' title='bbox 2731 1091 3087 1146; x_wconf 88' lang='lat' dir='ltr'>quorumque</span> <span class='ocrx_word' id='word_1_157' title='bbox 3108 1075 3577 1148; x_wconf 88' lang='lat' dir='ltr'>sensibusimpio-</span> 
     </span>
    </p>
   </div>
   <div class='ocr_carea' id='block_1_26' title="bbox 1948 1166 3572 1240">
    <p class='ocr_par' dir='ltr' id='par_1_26' title="bbox 1948 1166 3572 1240">
     <span class='ocr_line' id='line_1_26' title="bbox 1948 1166 3572 1240; baseline 0.001 -19"><span class='ocrx_word' id='word_1_158' title='bbox 1948 1184 2077 1221; x_wconf 90' lang='lat' dir='ltr'>rum</span> <span class='ocrx_word' id='word_1_159' title='bbox 2096 1166 2248 1238; x_wconf 92' lang='lat' dir='ltr'>quod</span> <span class='ocrx_word' id='word_1_160' title='bbox 2275 1167 2334 1221; x_wconf 93' lang='lat' dir='ltr'>in</span> <span class='ocrx_word' id='word_1_161' title='bbox 2354 1168 2461 1221; x_wconf 92' lang='lat' dir='ltr'>hoc</span> <span class='ocrx_word' id='word_1_162' title='bbox 2488 1167 2760 1237; x_wconf 83' lang='lat' dir='ltr'>dogmate</span> <span class='ocrx_word' id='word_1_163' title='bbox 2788 1184 2904 1222; x_wconf 90' lang='lat' dir='ltr'>non</span> <span class='ocrx_word' id='word_1_164' title='bbox 2931 1168 3283 1237; x_wconf 85' lang='lat' dir='ltr'>conﬂuxerit,</span> <span class='ocrx_word' id='word_1_165' title='bbox 3305 1170 3572 1240; x_wconf 88' lang='lat' dir='ltr'>quoniam</span> 
     </span>
    </p>
   </div>
   <div class='ocr_carea' id='block_1_27' title="bbox 1946 1260 3577 1332">
    <p class='ocr_par' dir='ltr' id='par_1_27' title="bbox 1946 1260 3577 1332">
     <span class='ocr_line' id='line_1_27' title="bbox 1946 1260 3577 1332; baseline 0.002 -18"><span class='ocrx_word' id='word_1_166' title='bbox 1946 1260 2015 1314; x_wconf 91' lang='lat' dir='ltr'>de</span> <span class='ocrx_word' id='word_1_167' title='bbox 2036 1260 2291 1314; x_wconf 89' lang='lat' dir='ltr'>omnium</span> <span class='ocrx_word' id='word_1_168' title='bbox 2315 1265 2669 1314; x_wconf 89' lang='lat' dir='ltr'>terrenarum</span> <span class='ocrx_word' id='word_1_169' title='bbox 2701 1260 3037 1331; x_wconf 88' lang='lat' dir='ltr'>opinionum</span> <span class='ocrx_word' id='word_1_170' title='bbox 3064 1262 3185 1314; x_wconf 90' lang='lat' dir='ltr'>luto</span> <span class='ocrx_word' id='word_1_171' title='bbox 3204 1261 3577 1332; x_wconf 88' lang='lat' dir='ltr'>multiplicem</span> 
     </span>
    </p>
   </div>
   <div class='ocr_carea' id='block_1_28' title="bbox 1947 1352 3581 1423">
    <p class='ocr_par' dir='ltr' id='par_1_28' title="bbox 1947 1352 3581 1423">
     <span class='ocr_line' id='line_1_28' title="bbox 1947 1352 3581 1423; baseline 0.003 -18"><span class='ocrx_word' id='word_1_172' title='bbox 1947 1352 2051 1406; x_wconf 91' lang='lat' dir='ltr'>sibi</span> <span class='ocrx_word' id='word_1_173' title='bbox 2092 1353 2276 1407; x_wconf 91' lang='lat' dir='ltr'>fecem</span> <span class='ocrx_word' id='word_1_174' title='bbox 2321 1352 2826 1423; x_wconf 88' lang='lat' dir='ltr'>commiscueruut,</span> <span class='ocrx_word' id='word_1_175' title='bbox 2856 1356 2921 1407; x_wconf 90' lang='lat' dir='ltr'>ut</span> <span class='ocrx_word' id='word_1_176' title='bbox 2952 1354 3057 1407; x_wconf 90' lang='lat' dir='ltr'>soli</span> <span class='ocrx_word' id='word_1_177' title='bbox 3092 1356 3273 1408; x_wconf 89' lang='lat' dir='ltr'>totum</span> <span class='ocrx_word' id='word_1_178' title='bbox 3318 1354 3581 1410; x_wconf 89' lang='lat' dir='ltr'>biberent</span> 
     </span>
    </p>
   </div>
   <div class='ocr_carea' id='block_1_29' title="bbox 1948 1445 3577 1519">
    <p class='ocr_par' dir='ltr' id='par_1_29' title="bbox 1948 1445 3577 1519">
     <span class='ocr_line' id='line_1_29' title="bbox 1948 1445 3577 1519; baseline 0.002 -21"><span class='ocrx_word' id='word_1_179' title='bbox 1948 1445 2225 1516; x_wconf 91' lang='lat' dir='ltr'>quidquid</span> <span class='ocrx_word' id='word_1_180' title='bbox 2258 1446 2356 1499; x_wconf 88' lang='lat' dir='ltr'>alii</span> <span class='ocrx_word' id='word_1_181' title='bbox 2382 1463 2451 1500; x_wconf 84' lang='lat' dir='ltr'>ex</span> <span class='ocrx_word' id='word_1_182' title='bbox 2492 1450 2653 1519; x_wconf 90' lang='lat' dir='ltr'>parte</span> <span class='ocrx_word' id='word_1_183' title='bbox 2694 1450 3035 1517; x_wconf 86' lang='lat' dir='ltr'>gustassent.</span> <span class='ocrx_word' id='word_1_184' title='bbox 3068 1445 3345 1517; x_wconf 87' lang='lat' dir='ltr'>Denique,</span> <span class='ocrx_word' id='word_1_185' title='bbox 3377 1447 3424 1501; x_wconf 90' lang='lat' dir='ltr'>si</span> <span class='ocrx_word' id='word_1_186' title='bbox 3456 1450 3577 1502; x_wconf 90' lang='lat' dir='ltr'>uni-</span> 
     </span>
    </p>
   </div>
   <div class='ocr_carea' id='block_1_30' title="bbox 1945 1539 3580 1611">
    <p class='ocr_par' dir='ltr' id='par_1_30' title="bbox 1945 1539 3580 1611">
     <span class='ocr_line' id='line_1_30' title="bbox 1945 1539 3580 1611; baseline 0.002 -19"><span class='ocrx_word' id='word_1_187' title='bbox 1945 1555 2119 1593; x_wconf 71' lang='lat' dir='ltr'>versae</span> <span class='ocrx_word' id='word_1_188' title='bbox 2145 1539 2391 1593; x_wconf 66' lang='lat' dir='ltr'>hiereses</span> <span class='ocrx_word' id='word_1_189' title='bbox 2420 1556 2545 1611; x_wconf 73' lang='lat' dir='ltr'>quae</span> <span class='ocrx_word' id='word_1_190' title='bbox 2576 1543 2706 1595; x_wconf 86' lang='lat' dir='ltr'>ante</span> <span class='ocrx_word' id='word_1_191' title='bbox 2753 1540 3087 1594; x_wconf 89' lang='lat' dir='ltr'>Priscilliani</span> <span class='ocrx_word' id='word_1_192' title='bbox 3114 1544 3342 1611; x_wconf 90' lang='lat' dir='ltr'>tempus</span> <span class='ocrx_word' id='word_1_193' title='bbox 3372 1547 3580 1596; x_wconf 63' lang='lat' dir='ltr'>exortes</span> 
     </span>
    </p>
   </div>
   <div class='ocr_carea' id='block_1_31' title="bbox 1947 1632 3583 1705">
    <p class='ocr_par' dir='ltr' id='par_1_31' title="bbox 1947 1632 3583 1705">
     <span class='ocr_line' id='line_1_31' title="bbox 1947 1632 3583 1705; baseline 0.002 -19"><span class='ocrx_word' id='word_1_194' title='bbox 1947 1635 2081 1686; x_wconf 92' lang='lat' dir='ltr'>sunt</span> <span class='ocrx_word' id='word_1_195' title='bbox 2104 1632 2433 1703; x_wconf 84' lang='lat' dir='ltr'>diligentius</span> <span class='ocrx_word' id='word_1_196' title='bbox 2454 1636 2853 1701; x_wconf 80' lang='lat' dir='ltr'>retractentur,</span> <span class='ocrx_word' id='word_1_197' title='bbox 2878 1634 3067 1687; x_wconf 92' lang='lat' dir='ltr'>nullus</span> <span class='ocrx_word' id='word_1_198' title='bbox 3093 1650 3240 1705; x_wconf 87' lang='lat' dir='ltr'>pene</span> <span class='ocrx_word' id='word_1_199' title='bbox 3262 1634 3583 1690; x_wconf 86' lang='lat' dir='ltr'>invenietur</span> 
     </span>
    </p>
   </div>
   <div class='ocr_carea' id='block_1_32' title="bbox 1946 1727 3577 1799">
    <p class='ocr_par' dir='ltr' id='par_1_32' title="bbox 1946 1727 3577 1799">
     <span class='ocr_line' id='line_1_32' title="bbox 1946 1727 3577 1799; baseline 0.002 -19"><span class='ocrx_word' id='word_1_200' title='bbox 1946 1743 2125 1794; x_wconf 90' lang='lat' dir='ltr'>error,</span> <span class='ocrx_word' id='word_1_201' title='bbox 2155 1727 2224 1781; x_wconf 91' lang='lat' dir='ltr'>de</span> <span class='ocrx_word' id='word_1_202' title='bbox 2252 1744 2365 1798; x_wconf 89' lang='lat' dir='ltr'>quo</span> <span class='ocrx_word' id='word_1_203' title='bbox 2393 1743 2506 1780; x_wconf 90' lang='lat' dir='ltr'>non</span> <span class='ocrx_word' id='word_1_204' title='bbox 2548 1727 2780 1781; x_wconf 85' lang='lat' dir='ltr'>traxerit</span> <span class='ocrx_word' id='word_1_205' title='bbox 2808 1727 3067 1797; x_wconf 88' lang='lat' dir='ltr'>impietas</span> <span class='ocrx_word' id='word_1_206' title='bbox 3095 1727 3199 1783; x_wconf 90' lang='lat' dir='ltr'>ista</span> <span class='ocrx_word' id='word_1_207' title='bbox 3224 1729 3577 1799; x_wconf 84' lang='lat' dir='ltr'>contagium,</span> 
     </span>
    </p>
   </div>
   <div class='ocr_carea' id='block_1_33' title="bbox 202 1807 3579 1892">
    <p class='ocr_par' dir='ltr' id='par_1_33' title="bbox 202 1807 3579 1892">
     <span class='ocr_line' id='line_1_33' title="bbox 202 1807 3579 1892; baseline 0.001 -19"><span class='ocrx_word' id='word_1_208' title='bbox 202 1808 365 1890; x_wconf 72' lang='grc' dir='ltr'>Οιιοςὶ</span> <span class='ocrx_word' id='word_1_209' title='bbox 401 1809 595 1892; x_wconf 45' lang='lat' dir='ltr'>Ruf“?</span> <span class='ocrx_word' id='word_1_210' title='bbox 622 1825 743 1878; x_wconf 72' lang='lat' dir='ltr'>Quae</span> <span class='ocrx_word' id='word_1_211' title='bbox 784 1826 890 1892; x_wconf 73' lang='lat' dir='ltr'>non</span> <span class='ocrx_word' id='word_1_212' title='bbox 933 1817 1140 1873; x_wconf 59' lang='lat' dir='ltr'>coacta,</span> <span class='ocrx_word' id='word_1_213' title='bbox 1172 1813 1267 1867; x_wconf 81' lang='lat' dir='ltr'>sed</span> <span class='ocrx_word' id='word_1_214' title='bbox 1302 1815 1580 1892; x_wconf 63' lang='lat' dir='ltr'>uoluntate</span> <span class='ocrx_word' id='word_1_215' title='bbox 1614 1818 1845 1887; x_wconf 81' lang='lat' dir='ltr'>propria</span> <span class='ocrx_word' id='word_1_216' title='bbox 1864 1807 1921 1880; x_wconf 90' lang='lat' dir='ltr'><strong>B</strong></span> <span class='ocrx_word' id='word_1_217' title='bbox 1944 1837 2073 1892; x_wconf 68' lang='lat' dir='ltr'>quae</span> <span class='ocrx_word' id='word_1_218' title='bbox 2094 1837 2211 1875; x_wconf 88' lang='lat' dir='ltr'>non</span> <span class='ocrx_word' id='word_1_219' title='bbox 2238 1823 2569 1874; x_wconf 88' lang='lat' dir='ltr'>commenta</span> <span class='ocrx_word' id='word_1_220' title='bbox 2590 1836 2789 1874; x_wconf 89' lang='lat' dir='ltr'>eorum</span> <span class='ocrx_word' id='word_1_221' title='bbox 2822 1820 3101 1891; x_wconf 89' lang='lat' dir='ltr'>receperit</span> <span class='ocrx_word' id='word_1_222' title='bbox 3124 1821 3336 1875; x_wconf 82' lang='lat' dir='ltr'>falsitas</span> <span class='ocrx_word' id='word_1_223' title='bbox 3384 1823 3481 1892; x_wconf 89' lang='lat' dir='ltr'>qui</span> <span class='ocrx_word' id='word_1_224' title='bbox 3511 1824 3579 1876; x_wconf 85' lang='lat' dir='ltr'>ab</span> 
     </span>
    </p>
   </div>
   <div class='ocr_carea' id='block_1_34' title="bbox 276 1881 1845 1955">
    <p class='ocr_par' dir='ltr' id='par_1_34' title="bbox 276 1881 1845 1955">
     <span class='ocr_line' id='line_1_34' title="bbox 276 1881 1845 1955; baseline 0.008 -25"><span class='ocrx_word' id='word_1_225' title='bbox 276 1881 614 1955; x_wconf 76' lang='lat' dir='ltr'>rirginitatis</span> <span class='ocrx_word' id='word_1_226' title='bbox 628 1884 969 1955; x_wconf 75' lang='lat' dir='ltr'>propositum</span> <span class='ocrx_word' id='word_1_227' title='bbox 993 1890 1359 1953; x_wconf 80' lang='lat' dir='ltr'>susceperunt,</span> <span class='ocrx_word' id='word_1_228' title='bbox 1382 1881 1706 1955; x_wconf 71' lang='lat' dir='ltr'>delinquunt</span> <span class='ocrx_word' id='word_1_229' title='bbox 1719 1881 1845 1942; x_wconf 60' lang='lat' dir='ltr'>rum</span> 
     </span>
    </p>
   </div>
   <div class='ocr_carea' id='block_1_35' title="bbox 274 1952 1575 2020">
    <p class='ocr_par' dir='ltr' id='par_1_35' title="bbox 274 1952 1575 2020">
     <span class='ocr_line' id='line_1_35' title="bbox 274 1952 1575 2020; baseline 0.007 -18"><span class='ocrx_word' id='word_1_230' title='bbox 274 1952 579 2019; x_wconf 79' lang='lat' dir='ltr'>nupserint,</span> <span class='ocrx_word' id='word_1_231' title='bbox 604 1957 656 2005; x_wconf 82' lang='lat' dir='ltr'>et</span> <span class='ocrx_word' id='word_1_232' title='bbox 676 1954 725 2005; x_wconf 97' lang='lat' dir='ltr'>si</span> <span class='ocrx_word' id='word_1_233' title='bbox 747 1953 984 2007; x_wconf 83' lang='lat' dir='ltr'>nondum</span> <span class='ocrx_word' id='word_1_234' title='bbox 1008 1952 1216 2020; x_wconf 76' lang='lat' dir='ltr'>fuerint</span> <span class='ocrx_word' id='word_1_235' title='bbox 1240 1952 1575 2011; x_wconf 60' lang='lat' dir='ltr'>consecratae.</span> 
     </span>
    </p>
   </div>
   <div class='ocr_carea' id='block_1_36' title="bbox 274 2042 1843 2120">
    <p class='ocr_par' dir='ltr' id='par_1_36' title="bbox 274 2042 1843 2120">
     <span class='ocr_line' id='line_1_36' title="bbox 274 2042 1843 2120; baseline 0.006 -25"><span class='ocrx_word' id='word_1_236' title='bbox 274 2042 486 2096; x_wconf 60' lang='lat' dir='ltr'>Puella!</span> <span class='ocrx_word' id='word_1_237' title='bbox 519 2059 646 2113; x_wconf 67' lang='lat' dir='ltr'>quae</span> <span class='ocrx_word' id='word_1_238' title='bbox 694 2060 812 2098; x_wconf 90' lang='lat' dir='ltr'>non</span> <span class='ocrx_word' id='word_1_239' title='bbox 852 2048 1061 2100; x_wconf 59' lang='lat' dir='ltr'>coactas</span> <span class='ocrx_word' id='word_1_240' title='bbox 1095 2051 1399 2117; x_wconf 88' lang='lat' dir='ltr'>parentum</span> <span class='ocrx_word' id='word_1_241' title='bbox 1449 2049 1709 2120; x_wconf 91' lang='lat' dir='ltr'>imperio,</span> <span class='ocrx_word' id='word_1_242' title='bbox 1744 2051 1843 2105; x_wconf 90' lang='lat' dir='ltr'>sed</span> 
     </span>
    </p>
   </div>
   <div class='ocr_carea' id='block_1_37' title="bbox 200 2136 1844 2214">
    <p class='ocr_par' dir='ltr' id='par_1_37' title="bbox 200 2136 1844 2214">
     <span class='ocr_line' id='line_1_37' title="bbox 200 2136 1844 2214; baseline 0.006 -26"><span class='ocrx_word' id='word_1_243' title='bbox 200 2140 525 2206; x_wconf 87' lang='lat' dir='ltr'>spontaneo</span> <span class='ocrx_word' id='word_1_244' title='bbox 533 2136 747 2206; x_wconf 90' lang='lat' dir='ltr'>judicio</span> <span class='ocrx_word' id='word_1_245' title='bbox 772 2138 1110 2207; x_wconf 84' lang='lat' dir='ltr'>virginitatis</span> <span class='ocrx_word' id='word_1_246' title='bbox 1130 2142 1484 2212; x_wconf 89' lang='lat' dir='ltr'>propositum</span> <span class='ocrx_word' id='word_1_247' title='bbox 1502 2148 1671 2214; x_wconf 89' lang='lat' dir='ltr'>atque</span> <span class='ocrx_word' id='word_1_248' title='bbox 1692 2143 1844 2199; x_wconf 87' lang='lat' dir='ltr'>habi-</span> 
     </span>
    </p>
   </div>
   <div class='ocr_carea' id='block_1_38' title="bbox 199 2231 1845 2307">
    <p class='ocr_par' dir='ltr' id='par_1_38' title="bbox 199 2231 1845 2307">
     <span class='ocr_line' id='line_1_38' title="bbox 199 2231 1845 2307; baseline 0.006 -25"><span class='ocrx_word' id='word_1_249' title='bbox 199 2233 333 2283; x_wconf 87' lang='lat' dir='ltr'>tum</span> <span class='ocrx_word' id='word_1_250' title='bbox 358 2234 748 2300; x_wconf 86' lang='lat' dir='ltr'>susceperunt,</span> <span class='ocrx_word' id='word_1_251' title='bbox 779 2231 827 2285; x_wconf 89' lang='lat' dir='ltr'>si</span> <span class='ocrx_word' id='word_1_252' title='bbox 855 2237 1055 2303; x_wconf 89' lang='lat' dir='ltr'>postea</span> <span class='ocrx_word' id='word_1_253' title='bbox 1086 2234 1314 2305; x_wconf 89' lang='lat' dir='ltr'>nuptias</span> <span class='ocrx_word' id='word_1_254' title='bbox 1338 2236 1561 2307; x_wconf 87' lang='lat' dir='ltr'>eligunt</span> <span class='ocrx_word' id='word_1_255' title='bbox 1588 2237 1845 2307; x_wconf 65' lang='lat' dir='ltr'>praevari-</span> 
     </span>
    </p>
   </div>
   <div class='ocr_carea' id='block_1_39' title="bbox 196 2324 1843 2401">
    <p class='ocr_par' dir='ltr' id='par_1_39' title="bbox 196 2324 1843 2401">
     <span class='ocr_line' id='line_1_39' title="bbox 196 2324 1843 2401; baseline 0.006 -26"><span class='ocrx_word' id='word_1_256' title='bbox 196 2328 431 2389; x_wconf 87' lang='lat' dir='ltr'>cantur,</span> <span class='ocrx_word' id='word_1_257' title='bbox 460 2324 589 2400; x_wconf 82' lang='lat' dir='ltr'>etsi</span> <span class='ocrx_word' id='word_1_258' title='bbox 618 2326 966 2381; x_wconf 88' lang='lat' dir='ltr'>consecratio</span> <span class='ocrx_word' id='word_1_259' title='bbox 1009 2343 1120 2381; x_wconf 91' lang='lat' dir='ltr'>non</span> <span class='ocrx_word' id='word_1_260' title='bbox 1172 2329 1424 2398; x_wconf 89' lang='lat' dir='ltr'>accessit,</span> <span class='ocrx_word' id='word_1_261' title='bbox 1458 2330 1617 2401; x_wconf 89' lang='lat' dir='ltr'>cujus</span> <span class='ocrx_word' id='word_1_262' title='bbox 1648 2331 1843 2401; x_wconf 88' lang='lat' dir='ltr'>utique</span> 
     </span>
    </p>
   </div>
   <div class='ocr_carea' id='block_1_40' title="bbox 198 2416 1839 2494">
    <p class='ocr_par' dir='ltr' id='par_1_40' title="bbox 198 2416 1839 2494">
     <span class='ocr_line' id='line_1_40' title="bbox 198 2416 1839 2494; baseline 0.007 -26"><span class='ocrx_word' id='word_1_263' title='bbox 198 2433 322 2469; x_wconf 90' lang='lat' dir='ltr'>non</span> <span class='ocrx_word' id='word_1_264' title='bbox 363 2416 763 2471; x_wconf 84' lang='lat' dir='ltr'>fraudarentur</span> <span class='ocrx_word' id='word_1_265' title='bbox 793 2434 1050 2486; x_wconf 89' lang='lat' dir='ltr'>munere,</span> <span class='ocrx_word' id='word_1_266' title='bbox 1083 2421 1127 2474; x_wconf 88' lang='lat' dir='ltr'>si</span> <span class='ocrx_word' id='word_1_267' title='bbox 1170 2423 1229 2475; x_wconf 90' lang='lat' dir='ltr'>in</span> <span class='ocrx_word' id='word_1_268' title='bbox 1274 2423 1567 2494; x_wconf 88' lang='lat' dir='ltr'>proposito</span> <span class='ocrx_word' id='word_1_269' title='bbox 1608 2441 1839 2493; x_wconf 87' lang='lat' dir='ltr'>perma-</span> 
     </span>
    </p>
   </div>
   <div class='ocr_carea' id='block_1_41' title="bbox 196 2514 433 2563">
    <p class='ocr_par' dir='ltr' id='par_1_41' title="bbox 196 2514 433 2563">
     <span class='ocr_line' id='line_1_41' title="bbox 196 2514 433 2563; baseline 0 0"><span class='ocrx_word' id='word_1_270' title='bbox 196 2514 433 2563; x_wconf 76' lang='lat' dir='ltr'>nerenL</span> 
     </span>
    </p>
   </div>
   <div class='ocr_carea' id='block_1_42' title="bbox 195 2613 1837 2689">
    <p class='ocr_par' dir='ltr' id='par_1_42' title="bbox 195 2613 1837 2689">
     <span class='ocr_line' id='line_1_42' title="bbox 195 2613 1837 2689; baseline 0.004 -21"><span class='ocrx_word' id='word_1_271' title='bbox 195 2616 273 2668; x_wconf 67' lang='lat' dir='ltr'>De</span> <span class='ocrx_word' id='word_1_272' title='bbox 305 2614 391 2666; x_wconf 80' lang='lat' dir='ltr'>his</span> <span class='ocrx_word' id='word_1_273' title='bbox 414 2613 607 2681; x_wconf 84' lang='lat' dir='ltr'>quibus</span> <span class='ocrx_word' id='word_1_274' title='bbox 633 2614 858 2669; x_wconf 82' lang='lat' dir='ltr'>dubium</span> <span class='ocrx_word' id='word_1_275' title='bbox 883 2620 978 2677; x_wconf 82' lang='lat' dir='ltr'>est,</span> <span class='ocrx_word' id='word_1_276' title='bbox 1009 2621 1195 2670; x_wconf 84' lang='lat' dir='ltr'>utrum</span> <span class='ocrx_word' id='word_1_277' title='bbox 1224 2617 1493 2687; x_wconf 86' lang='lat' dir='ltr'>baptisma</span> <span class='ocrx_word' id='word_1_278' title='bbox 1520 2623 1837 2689; x_wconf 75' lang='lat' dir='ltr'>receperint,</span> 
     </span>
    </p>
   </div>
   <div class='ocr_carea' id='block_1_43' title="bbox 636 2692 1427 2744">
    <p class='ocr_par' dir='ltr' id='par_1_43' title="bbox 636 2692 1427 2744">
     <span class='ocr_line' id='line_1_43' title="bbox 636 2692 1427 2744; baseline 0.006 -5"><span class='ocrx_word' id='word_1_279' title='bbox 636 2700 839 2741; x_wconf 86' lang='lat' dir='ltr'>necesse</span> <span class='ocrx_word' id='word_1_280' title='bbox 866 2692 942 2741; x_wconf 87' lang='lat' dir='ltr'>est</span> <span class='ocrx_word' id='word_1_281' title='bbox 965 2692 1027 2741; x_wconf 85' lang='lat' dir='ltr'>ut</span> <span class='ocrx_word' id='word_1_282' title='bbox 1050 2693 1427 2744; x_wconf 83' lang='lat' dir='ltr'>renascantur.</span> 
     </span>
    </p>
   </div>
   <div class='ocr_carea' id='block_1_44' title="bbox 272 2776 1838 2854">
    <p class='ocr_par' dir='ltr' id='par_1_44' title="bbox 272 2776 1838 2854">
     <span class='ocr_line' id='line_1_44' title="bbox 272 2776 1838 2854; baseline 0.006 -25"><span class='ocrx_word' id='word_1_283' title='bbox 272 2777 340 2830; x_wconf 88' lang='lat' dir='ltr'>Si</span> <span class='ocrx_word' id='word_1_284' title='bbox 369 2777 525 2830; x_wconf 90' lang='lat' dir='ltr'>nulla</span> <span class='ocrx_word' id='word_1_285' title='bbox 556 2776 799 2832; x_wconf 79' lang='lat' dir='ltr'>existant</span> <span class='ocrx_word' id='word_1_286' title='bbox 828 2779 1043 2849; x_wconf 86' lang='lat' dir='ltr'>judicia</span> <span class='ocrx_word' id='word_1_287' title='bbox 1084 2780 1231 2835; x_wconf 90' lang='lat' dir='ltr'>inter</span> <span class='ocrx_word' id='word_1_288' title='bbox 1254 2782 1606 2854; x_wconf 90' lang='lat' dir='ltr'>propinquos</span> <span class='ocrx_word' id='word_1_289' title='bbox 1630 2788 1731 2839; x_wconf 88' lang='lat' dir='ltr'>aut</span> <span class='ocrx_word' id='word_1_290' title='bbox 1755 2785 1838 2839; x_wconf 83' lang='lat' dir='ltr'>fa-</span> 
     </span>
    </p>
   </div>
   <div class='ocr_carea' id='block_1_45' title="bbox 198 2870 1842 2949">
    <p class='ocr_par' dir='ltr' id='par_1_45' title="bbox 198 2870 1842 2949">
     <span class='ocr_line' id='line_1_45' title="bbox 198 2870 1842 2949; baseline 0.005 -24"><span class='ocrx_word' id='word_1_291' title='bbox 198 2870 479 2937; x_wconf 87' lang='lat' dir='ltr'>miliares,</span> <span class='ocrx_word' id='word_1_292' title='bbox 520 2870 672 2925; x_wconf 88' lang='lat' dir='ltr'>nulla</span> <span class='ocrx_word' id='word_1_293' title='bbox 715 2870 861 2949; x_wconf 78' lang='lat' dir='ltr'>inter</span> <span class='ocrx_word' id='word_1_294' title='bbox 897 2873 1131 2928; x_wconf 88' lang='lat' dir='ltr'>clericos</span> <span class='ocrx_word' id='word_1_295' title='bbox 1170 2877 1339 2946; x_wconf 90' lang='lat' dir='ltr'>atque</span> <span class='ocrx_word' id='word_1_296' title='bbox 1379 2875 1608 2943; x_wconf 91' lang='lat' dir='ltr'>vicinos,</span> <span class='ocrx_word' id='word_1_297' title='bbox 1638 2878 1842 2949; x_wconf 85' lang='lat' dir='ltr'>quibus</span> 
     </span>
    </p>
   </div>
   <div class='ocr_carea' id='block_1_46' title="bbox 196 2942 1838 3041">
    <p class='ocr_par' dir='ltr' id='par_1_46' title="bbox 196 2942 1838 3041">
     <span class='ocr_line' id='line_1_46' title="bbox 196 2942 1838 3041; baseline 0.005 -23"><span class='ocrx_word' id='word_1_298' title='bbox 196 2965 255 3018; x_wconf 87' lang='lat' dir='ltr'>hi</span> <span class='ocrx_word' id='word_1_299' title='bbox 283 2964 357 3018; x_wconf 89' lang='lat' dir='ltr'>de</span> <span class='ocrx_word' id='word_1_300' title='bbox 382 2964 588 3035; x_wconf 86' lang='lat' dir='ltr'>quibus</span> <span class='ocrx_word' id='word_1_301' title='bbox 610 2942 904 3036; x_wconf 56' lang='lat' dir='ltr'>quairitur,</span> <span class='ocrx_word' id='word_1_302' title='bbox 934 2966 1198 3038; x_wconf 88' lang='lat' dir='ltr'>baptizati</span> <span class='ocrx_word' id='word_1_303' title='bbox 1224 2942 1483 3037; x_wconf 75' lang='lat' dir='ltr'>fuissent,</span> <span class='ocrx_word' id='word_1_304' title='bbox 1510 2942 1838 3041; x_wconf 75' lang='lat' dir='ltr'>doceantur,</span> 
     </span>
    </p>
   </div>
   <div class='ocr_carea' id='block_1_47' title="bbox 195 3057 1837 3135">
    <p class='ocr_par' dir='ltr' id='par_1_47' title="bbox 195 3057 1837 3135">
     <span class='ocr_line' id='line_1_47' title="bbox 195 3057 1837 3135; baseline 0.005 -24"><span class='ocrx_word' id='word_1_305' title='bbox 195 3057 501 3130; x_wconf 84' lang='lat' dir='ltr'>agendum</span> <span class='ocrx_word' id='word_1_306' title='bbox 528 3063 615 3113; x_wconf 86' lang='lat' dir='ltr'>est</span> <span class='ocrx_word' id='word_1_307' title='bbox 642 3064 702 3112; x_wconf 90' lang='lat' dir='ltr'>ut</span> <span class='ocrx_word' id='word_1_308' title='bbox 730 3065 1119 3128; x_wconf 88' lang='lat' dir='ltr'>renascantur,</span> <span class='ocrx_word' id='word_1_309' title='bbox 1151 3078 1224 3116; x_wconf 93' lang='lat' dir='ltr'>ne</span> <span class='ocrx_word' id='word_1_310' title='bbox 1254 3064 1554 3118; x_wconf 86' lang='lat' dir='ltr'>manifeste</span> <span class='ocrx_word' id='word_1_311' title='bbox 1584 3070 1837 3135; x_wconf 87' lang='lat' dir='ltr'>pereant.</span> 
     </span>
    </p>
   </div>
   <div class='ocr_carea' id='block_1_48' title="bbox 198 3151 1915 3251">
    <p class='ocr_par' dir='ltr' id='par_1_48' title="bbox 198 3151 1915 3251">
     <span class='ocr_line' id='line_1_48' title="bbox 198 3151 1915 3251; baseline 0.006 -47"><span class='ocrx_word' id='word_1_312' title='bbox 198 3152 259 3206; x_wconf 84' lang='lat' dir='ltr'>In</span> <span class='ocrx_word' id='word_1_313' title='bbox 282 3151 494 3222; x_wconf 87' lang='lat' dir='ltr'>quibus</span> <span class='ocrx_word' id='word_1_314' title='bbox 513 3151 666 3221; x_wconf 93' lang='lat' dir='ltr'>quod</span> <span class='ocrx_word' id='word_1_315' title='bbox 688 3169 799 3205; x_wconf 91' lang='lat' dir='ltr'>non</span> <span class='ocrx_word' id='word_1_316' title='bbox 819 3153 1139 3208; x_wconf 87' lang='lat' dir='ltr'>ostenditur</span> <span class='ocrx_word' id='word_1_317' title='bbox 1156 3162 1401 3226; x_wconf 91' lang='lat' dir='ltr'>gestum,</span> <span class='ocrx_word' id='word_1_318' title='bbox 1422 3156 1561 3211; x_wconf 88' lang='lat' dir='ltr'>ratio</span> <span class='ocrx_word' id='word_1_319' title='bbox 1580 3175 1692 3212; x_wconf 90' lang='lat' dir='ltr'>non</span> <span class='ocrx_word' id='word_1_320' title='bbox 1710 3159 1844 3213; x_wconf 90' lang='lat' dir='ltr'>sinit</span> <span class='ocrx_word' id='word_1_321' title='bbox 1861 3178 1915 3251; x_wconf 70' lang='grc' dir='ltr'><strong>ρ</strong></span> 
     </span>
    </p>
   </div>
   <div class='ocr_carea' id='block_1_49' title="bbox 194 3244 1839 3323">
    <p class='ocr_par' dir='ltr' id='par_1_49' title="bbox 194 3244 1839 3323">
     <span class='ocr_line' id='line_1_49' title="bbox 194 3244 1839 3323; baseline 0.005 -24"><span class='ocrx_word' id='word_1_322' title='bbox 194 3248 263 3299; x_wconf 87' lang='lat' dir='ltr'>ut</span> <span class='ocrx_word' id='word_1_323' title='bbox 292 3244 557 3298; x_wconf 84' lang='lat' dir='ltr'>videatur</span> <span class='ocrx_word' id='word_1_324' title='bbox 585 3245 870 3302; x_wconf 88' lang='lat' dir='ltr'>iteratum.</span> <span class='ocrx_word' id='word_1_325' title='bbox 905 3247 1009 3311; x_wconf 89' lang='lat' dir='ltr'>Qui</span> <span class='ocrx_word' id='word_1_326' title='bbox 1041 3253 1233 3304; x_wconf 90' lang='lat' dir='ltr'>autem</span> <span class='ocrx_word' id='word_1_327' title='bbox 1264 3254 1501 3321; x_wconf 90' lang='lat' dir='ltr'>possunt</span> <span class='ocrx_word' id='word_1_328' title='bbox 1528 3251 1839 3323; x_wconf 87' lang='lat' dir='ltr'>reminisci,</span> 
     </span>
    </p>
   </div>
   <div class='ocr_carea' id='block_1_50' title="bbox 192 3338 1839 3413">
    <p class='ocr_par' dir='ltr' id='par_1_50' title="bbox 192 3338 1839 3413">
     <span class='ocr_line' id='line_1_50' title="bbox 192 3338 1839 3413; baseline 0.005 -22"><span class='ocrx_word' id='word_1_329' title='bbox 192 3338 355 3410; x_wconf 88' lang='lat' dir='ltr'>quod</span> <span class='ocrx_word' id='word_1_330' title='bbox 399 3338 470 3392; x_wconf 91' lang='lat' dir='ltr'>ad</span> <span class='ocrx_word' id='word_1_331' title='bbox 508 3338 799 3393; x_wconf 87' lang='lat' dir='ltr'>ecclesiam</span> <span class='ocrx_word' id='word_1_332' title='bbox 827 3340 1129 3396; x_wconf 81' lang='lat' dir='ltr'>veniebant</span> <span class='ocrx_word' id='word_1_333' title='bbox 1173 3360 1301 3397; x_wconf 89' lang='lat' dir='ltr'>cum</span> <span class='ocrx_word' id='word_1_334' title='bbox 1333 3344 1665 3413; x_wconf 89' lang='lat' dir='ltr'>parentibus</span> <span class='ocrx_word' id='word_1_335' title='bbox 1705 3346 1839 3412; x_wconf 89' lang='lat' dir='ltr'>suis,</span> 
     </span>
    </p>
   </div>
   <div class='ocr_carea' id='block_1_51' title="bbox 192 3431 1838 3507">
    <p class='ocr_par' dir='ltr' id='par_1_51' title="bbox 192 3431 1838 3507">
     <span class='ocr_line' id='line_1_51' title="bbox 192 3431 1838 3507; baseline 0.007 -24"><span class='ocrx_word' id='word_1_336' title='bbox 192 3436 437 3503; x_wconf 87' lang='lat' dir='ltr'>possent</span> <span class='ocrx_word' id='word_1_337' title='bbox 472 3431 760 3486; x_wconf 88' lang='lat' dir='ltr'>recordari</span> <span class='ocrx_word' id='word_1_338' title='bbox 785 3449 858 3486; x_wconf 88' lang='lat' dir='ltr'>an</span> <span class='ocrx_word' id='word_1_339' title='bbox 890 3434 1042 3504; x_wconf 91' lang='lat' dir='ltr'>quod</span> <span class='ocrx_word' id='word_1_340' title='bbox 1069 3452 1268 3490; x_wconf 91' lang='lat' dir='ltr'>eorum</span> <span class='ocrx_word' id='word_1_341' title='bbox 1298 3438 1628 3507; x_wconf 88' lang='lat' dir='ltr'>parentibus</span> <span class='ocrx_word' id='word_1_342' title='bbox 1669 3439 1838 3494; x_wconf 86' lang='lat' dir='ltr'>daba-</span> 
     </span>
    </p>
   </div>
   <div class='ocr_carea' id='block_1_52' title="bbox 194 3525 1843 3595">
    <p class='ocr_par' dir='ltr' id='par_1_52' title="bbox 194 3525 1843 3595">
     <span class='ocr_line' id='line_1_52' title="bbox 194 3525 1843 3595; baseline 0.005 -16"><span class='ocrx_word' id='word_1_343' title='bbox 194 3531 319 3591; x_wconf 88' lang='lat' dir='ltr'>tur,</span> <span class='ocrx_word' id='word_1_344' title='bbox 338 3525 683 3595; x_wconf 88' lang='lat' dir='ltr'>acceperint.</span> <span class='ocrx_word' id='word_1_345' title='bbox 712 3527 820 3582; x_wconf 88' lang='lat' dir='ltr'>Sed</span> <span class='ocrx_word' id='word_1_346' title='bbox 851 3527 895 3580; x_wconf 91' lang='lat' dir='ltr'>si</span> <span class='ocrx_word' id='word_1_347' title='bbox 920 3528 1024 3582; x_wconf 89' lang='lat' dir='ltr'>hoc</span> <span class='ocrx_word' id='word_1_348' title='bbox 1049 3528 1219 3583; x_wconf 90' lang='lat' dir='ltr'>etiam</span> <span class='ocrx_word' id='word_1_349' title='bbox 1247 3530 1318 3584; x_wconf 91' lang='lat' dir='ltr'>ab</span> <span class='ocrx_word' id='word_1_350' title='bbox 1340 3547 1540 3586; x_wconf 90' lang='lat' dir='ltr'>eorum</span> <span class='ocrx_word' id='word_1_351' title='bbox 1566 3533 1843 3588; x_wconf 88' lang='lat' dir='ltr'>memoria</span> 
     </span>
    </p>
   </div>
   <div class='ocr_carea' id='block_1_53' title="bbox 190 3620 1843 3695">
    <p class='ocr_par' dir='ltr' id='par_1_53' title="bbox 190 3620 1843 3695">
     <span class='ocr_line' id='line_1_53' title="bbox 190 3620 1843 3695; baseline 0.004 -21"><span class='ocrx_word' id='word_1_352' title='bbox 190 3620 462 3674; x_wconf 79' lang='lat' dir='ltr'>alienum</span> <span class='ocrx_word' id='word_1_353' title='bbox 493 3623 595 3687; x_wconf 87' lang='lat' dir='ltr'>est,</span> <span class='ocrx_word' id='word_1_354' title='bbox 614 3620 1026 3676; x_wconf 90' lang='lat' dir='ltr'>conferendum</span> <span class='ocrx_word' id='word_1_355' title='bbox 1048 3622 1128 3677; x_wconf 89' lang='lat' dir='ltr'>eis</span> <span class='ocrx_word' id='word_1_356' title='bbox 1152 3623 1375 3677; x_wconf 84' lang='lat' dir='ltr'>videtur</span> <span class='ocrx_word' id='word_1_357' title='bbox 1396 3625 1551 3695; x_wconf 88' lang='lat' dir='ltr'>quod</span> <span class='ocrx_word' id='word_1_358' title='bbox 1577 3626 1843 3681; x_wconf 91' lang='lat' dir='ltr'>collatum</span> 
     </span>
    </p>
   </div>
   <div class='ocr_carea' id='block_1_54' title="bbox 193 3712 1842 3790">
    <p class='ocr_par' dir='ltr' id='par_1_54' title="bbox 193 3712 1842 3790">
     <span class='ocr_line' id='line_1_54' title="bbox 193 3712 1842 3790; baseline 0.005 -25"><span class='ocrx_word' id='word_1_359' title='bbox 193 3729 330 3766; x_wconf 88' lang='lat' dir='ltr'>esse</span> <span class='ocrx_word' id='word_1_360' title='bbox 348 3712 618 3766; x_wconf 88' lang='lat' dir='ltr'>nescitur.</span> <span class='ocrx_word' id='word_1_361' title='bbox 637 3713 778 3778; x_wconf 86' lang='lat' dir='ltr'>Quia</span> <span class='ocrx_word' id='word_1_362' title='bbox 798 3730 914 3769; x_wconf 90' lang='lat' dir='ltr'>non</span> <span class='ocrx_word' id='word_1_363' title='bbox 937 3717 1225 3771; x_wconf 84' lang='lat' dir='ltr'>temeritas</span> <span class='ocrx_word' id='word_1_364' title='bbox 1251 3718 1551 3774; x_wconf 87' lang='lat' dir='ltr'>intervenit</span> <span class='ocrx_word' id='word_1_365' title='bbox 1572 3736 1842 3790; x_wconf 68' lang='lat' dir='ltr'>prmsum-</span> 
     </span>
    </p>
   </div>
   <div class='ocr_carea' id='block_1_55' title="bbox 191 3805 1274 3880">
    <p class='ocr_par' dir='ltr' id='par_1_55' title="bbox 191 3805 1274 3880">
     <span class='ocr_line' id='line_1_55' title="bbox 191 3805 1274 3880; baseline 0.005 -21"><span class='ocrx_word' id='word_1_366' title='bbox 191 3805 436 3878; x_wconf 86' lang='lat' dir='ltr'>ptionis,</span> <span class='ocrx_word' id='word_1_367' title='bbox 468 3806 564 3860; x_wconf 85' lang='lat' dir='ltr'>ubi</span> <span class='ocrx_word' id='word_1_368' title='bbox 591 3810 676 3860; x_wconf 91' lang='lat' dir='ltr'>est</span> <span class='ocrx_word' id='word_1_369' title='bbox 705 3807 1001 3879; x_wconf 86' lang='lat' dir='ltr'>diligentia</span> <span class='ocrx_word' id='word_1_370' title='bbox 1026 3809 1274 3880; x_wconf 88' lang='lat' dir='ltr'>pietatis.</span> 
     </span>
    </p>
   </div>
   <div class='ocr_carea' id='block_1_56' title="bbox 192 3912 1843 3990">
    <p class='ocr_par' dir='ltr' id='par_1_56' title="bbox 192 3912 1843 3990">
     <span class='ocr_line' id='line_1_56' title="bbox 192 3912 1843 3990; baseline 0.007 -25"><span class='ocrx_word' id='word_1_371' title='bbox 192 3912 359 3979; x_wconf 74' lang='lat' dir='ltr'>Quod</span> <span class='ocrx_word' id='word_1_372' title='bbox 377 3927 474 3990; x_wconf 71' lang='lat' dir='ltr'>eos</span> <span class='ocrx_word' id='word_1_373' title='bbox 500 3914 596 3981; x_wconf 87' lang='lat' dir='ltr'>qui</span> <span class='ocrx_word' id='word_1_374' title='bbox 622 3928 676 3967; x_wconf 87' lang='lat' dir='ltr'>se</span> <span class='ocrx_word' id='word_1_375' title='bbox 706 3913 1007 3990; x_wconf 80' lang='lat' dir='ltr'>baptizatos</span> <span class='ocrx_word' id='word_1_376' title='bbox 1031 3924 1344 3990; x_wconf 85' lang='lat' dir='ltr'>agnoscunt,</span> <span class='ocrx_word' id='word_1_377' title='bbox 1378 3920 1474 3973; x_wconf 81' lang='lat' dir='ltr'>sed</span> <span class='ocrx_word' id='word_1_378' title='bbox 1497 3921 1554 3973; x_wconf 89' lang='lat' dir='ltr'>in</span> <span class='ocrx_word' id='word_1_379' title='bbox 1591 3937 1700 3990; x_wconf 86' lang='lat' dir='ltr'>qua</span> <span class='ocrx_word' id='word_1_380' title='bbox 1737 3921 1843 3990; x_wconf 82' lang='lat' dir='ltr'>ﬁde</span> 
     </span>
    </p>
   </div>
   <div class='ocr_carea' id='block_1_57' title="bbox 231 3986 1803 4060">
    <p class='ocr_par' dir='ltr' id='par_1_57' title="bbox 231 3986 1803 4060">
     <span class='ocr_line' id='line_1_57' title="bbox 231 3986 1803 4060; baseline 0.006 -24"><span class='ocrx_word' id='word_1_381' title='bbox 231 3986 506 4045; x_wconf 84' lang='lat' dir='ltr'>nesciunt,</span> <span class='ocrx_word' id='word_1_382' title='bbox 534 4000 634 4053; x_wconf 85' lang='lat' dir='ltr'>per</span> <span class='ocrx_word' id='word_1_383' title='bbox 663 4000 853 4040; x_wconf 85' lang='lat' dir='ltr'>manus</span> <span class='ocrx_word' id='word_1_384' title='bbox 874 3988 1266 4057; x_wconf 84' lang='lat' dir='ltr'>impositionem</span> <span class='ocrx_word' id='word_1_385' title='bbox 1281 3991 1483 4060; x_wconf 81' lang='lat' dir='ltr'>suscipi</span> <span class='ocrx_word' id='word_1_386' title='bbox 1507 3986 1803 4047; x_wconf 56' lang='lat' dir='ltr'>conemiat.</span> 
     </span>
    </p>
   </div>
   <div class='ocr_carea' id='block_1_58' title="bbox 271 4076 1843 4156">
    <p class='ocr_par' dir='ltr' id='par_1_58' title="bbox 271 4076 1843 4156">
     <span class='ocr_line' id='line_1_58' title="bbox 271 4076 1843 4156; baseline 0.007 -26"><span class='ocrx_word' id='word_1_387' title='bbox 271 4076 329 4130; x_wconf 92' lang='lat' dir='ltr'>Si</span> <span class='ocrx_word' id='word_1_388' title='bbox 384 4081 577 4132; x_wconf 85' lang='lat' dir='ltr'>autem</span> <span class='ocrx_word' id='word_1_389' title='bbox 621 4076 689 4131; x_wconf 90' lang='lat' dir='ltr'>de</span> <span class='ocrx_word' id='word_1_390' title='bbox 719 4077 924 4150; x_wconf 91' lang='lat' dir='ltr'>quibus</span> <span class='ocrx_word' id='word_1_391' title='bbox 970 4079 1241 4151; x_wconf 87' lang='lat' dir='ltr'>scripsisti</span> <span class='ocrx_word' id='word_1_392' title='bbox 1272 4098 1387 4137; x_wconf 91' lang='lat' dir='ltr'>non</span> <span class='ocrx_word' id='word_1_393' title='bbox 1434 4100 1492 4137; x_wconf 90' lang='lat' dir='ltr'>se</span> <span class='ocrx_word' id='word_1_394' title='bbox 1536 4084 1843 4156; x_wconf 87' lang='lat' dir='ltr'>baptizatos</span> 
     </span>
    </p>
   </div>
   <div class='ocr_carea' id='block_1_59' title="bbox 190 4170 1843 4249">
    <p class='ocr_par' dir='ltr' id='par_1_59' title="bbox 190 4170 1843 4249">
     <span class='ocr_line' id='line_1_59' title="bbox 190 4170 1843 4249; baseline 0.005 -23"><span class='ocrx_word' id='word_1_395' title='bbox 190 4170 493 4239; x_wconf 89' lang='lat' dir='ltr'>nesciunt,</span> <span class='ocrx_word' id='word_1_396' title='bbox 524 4171 617 4224; x_wconf 90' lang='lat' dir='ltr'>sed</span> <span class='ocrx_word' id='word_1_397' title='bbox 646 4171 807 4242; x_wconf 82' lang='lat' dir='ltr'>cujus</span> <span class='ocrx_word' id='word_1_398' title='bbox 834 4172 963 4227; x_wconf 87' lang='lat' dir='ltr'>ﬁdei</span> <span class='ocrx_word' id='word_1_399' title='bbox 1001 4174 1218 4229; x_wconf 87' lang='lat' dir='ltr'>fuerint</span> <span class='ocrx_word' id='word_1_400' title='bbox 1242 4176 1341 4247; x_wconf 88' lang='lat' dir='ltr'>qui</span> <span class='ocrx_word' id='word_1_401' title='bbox 1375 4193 1468 4232; x_wconf 86' lang='lat' dir='ltr'>eos</span> <span class='ocrx_word' id='word_1_402' title='bbox 1493 4178 1843 4249; x_wconf 89' lang='lat' dir='ltr'>baptizavere</span> 
     </span>
    </p>
   </div>
   <div class='ocr_carea' id='block_1_60' title="bbox 189 4263 1841 4338">
    <p class='ocr_par' dir='ltr' id='par_1_60' title="bbox 189 4263 1841 4338">
     <span class='ocr_line' id='line_1_60' title="bbox 189 4263 1841 4338; baseline 0.004 -19"><span class='ocrx_word' id='word_1_403' title='bbox 189 4282 258 4319; x_wconf 86' lang='lat' dir='ltr'>se</span> <span class='ocrx_word' id='word_1_404' title='bbox 296 4263 519 4318; x_wconf 86' lang='lat' dir='ltr'>nescire</span> <span class='ocrx_word' id='word_1_405' title='bbox 570 4264 932 4335; x_wconf 85' lang='lat' dir='ltr'>proﬁtentur,</span> <span class='ocrx_word' id='word_1_406' title='bbox 965 4268 1221 4338; x_wconf 90' lang='lat' dir='ltr'>quolibet</span> <span class='ocrx_word' id='word_1_407' title='bbox 1261 4271 1430 4325; x_wconf 91' lang='lat' dir='ltr'>modo</span> <span class='ocrx_word' id='word_1_408' title='bbox 1468 4271 1710 4326; x_wconf 86' lang='lat' dir='ltr'>formam</span> <span class='ocrx_word' id='word_1_409' title='bbox 1741 4273 1841 4326; x_wconf 91' lang='lat' dir='ltr'>ba-</span> 
     </span>
    </p>
   </div>
   <div class='ocr_carea' id='block_1_61' title="bbox 186 4355 1845 4435">
    <p class='ocr_par' dir='ltr' id='par_1_61' title="bbox 186 4355 1845 4435">
     <span class='ocr_line' id='line_1_61' title="bbox 186 4355 1845 4435; baseline 0.005 -23"><span class='ocrx_word' id='word_1_410' title='bbox 186 4355 493 4429; x_wconf 87' lang='lat' dir='ltr'>ptismatis</span> <span class='ocrx_word' id='word_1_411' title='bbox 522 4358 867 4428; x_wconf 88' lang='lat' dir='ltr'>acceperint,</span> <span class='ocrx_word' id='word_1_412' title='bbox 900 4359 1223 4431; x_wconf 84' lang='lat' dir='ltr'>baptizandi</span> <span class='ocrx_word' id='word_1_413' title='bbox 1255 4380 1368 4416; x_wconf 92' lang='lat' dir='ltr'>non</span> <span class='ocrx_word' id='word_1_414' title='bbox 1408 4368 1559 4431; x_wconf 89' lang='lat' dir='ltr'>sunt,</span> <span class='ocrx_word' id='word_1_415' title='bbox 1590 4365 1693 4419; x_wconf 88' lang='lat' dir='ltr'>sed</span> <span class='ocrx_word' id='word_1_416' title='bbox 1740 4382 1845 4435; x_wconf 91' lang='lat' dir='ltr'>per</span> 
     </span>
    </p>
   </div>
   <div class='ocr_carea' id='block_1_62' title="bbox 189 4450 1842 4529">
    <p class='ocr_par' dir='ltr' id='par_1_62' title="bbox 189 4450 1842 4529">
     <span class='ocr_line' id='line_1_62' title="bbox 189 4450 1842 4529; baseline 0.004 -23"><span class='ocrx_word' id='word_1_417' title='bbox 189 4467 415 4506; x_wconf 83' lang='lat' dir='ltr'>manus</span> <span class='ocrx_word' id='word_1_418' title='bbox 444 4450 864 4522; x_wconf 86' lang='lat' dir='ltr'>impositionem</span> <span class='ocrx_word' id='word_1_419' title='bbox 890 4454 1144 4509; x_wconf 85' lang='lat' dir='ltr'>invocata</span> <span class='ocrx_word' id='word_1_420' title='bbox 1171 4455 1376 4511; x_wconf 89' lang='lat' dir='ltr'>virtute</span> <span class='ocrx_word' id='word_1_421' title='bbox 1404 4457 1644 4529; x_wconf 90' lang='lat' dir='ltr'>Spiritus</span> <span class='ocrx_word' id='word_1_422' title='bbox 1665 4458 1842 4512; x_wconf 88' lang='lat' dir='ltr'>sancti</span> 
     </span>
    </p>
   </div>
   <div class='ocr_carea' id='block_1_63' title="bbox 1946 1912 3579 1985">
    <p class='ocr_par' dir='ltr' id='par_1_63' title="bbox 1946 1912 3579 1985">
     <span class='ocr_line' id='line_1_63' title="bbox 1946 1912 3579 1985; baseline 0.001 -18"><span class='ocrx_word' id='word_1_423' title='bbox 1946 1914 2250 1985; x_wconf 88' lang='lat' dir='ltr'>Evangelio</span> <span class='ocrx_word' id='word_1_424' title='bbox 2289 1912 2497 1969; x_wconf 88' lang='lat' dir='ltr'>Christi</span> <span class='ocrx_word' id='word_1_425' title='bbox 2527 1913 2629 1967; x_wconf 88' lang='lat' dir='ltr'>sub</span> <span class='ocrx_word' id='word_1_426' title='bbox 2679 1912 2886 1969; x_wconf 88' lang='lat' dir='ltr'>Christi</span> <span class='ocrx_word' id='word_1_427' title='bbox 2934 1913 3169 1968; x_wconf 91' lang='lat' dir='ltr'>nomine</span> <span class='ocrx_word' id='word_1_428' title='bbox 3210 1914 3579 1969; x_wconf 88' lang='lat' dir='ltr'>deviaverunt</span> 
     </span>
    </p>
   </div>
   <div class='ocr_carea' id='block_1_64' title="bbox 1946 2006 3576 2079">
    <p class='ocr_par' dir='ltr' id='par_1_64' title="bbox 1946 2006 3576 2079">
     <span class='ocr_line' id='line_1_64' title="bbox 1946 2006 3576 2079; baseline 0 -18"><span class='ocrx_word' id='word_1_429' title='bbox 1946 2006 2192 2061; x_wconf 89' lang='lat' dir='ltr'>tenebris</span> <span class='ocrx_word' id='word_1_430' title='bbox 2218 2007 2389 2061; x_wconf 90' lang='lat' dir='ltr'>etiam</span> <span class='ocrx_word' id='word_1_431' title='bbox 2420 2006 2760 2078; x_wconf 87' lang='lat' dir='ltr'>paganitatis</span> <span class='ocrx_word' id='word_1_432' title='bbox 2790 2006 3067 2077; x_wconf 87' lang='lat' dir='ltr'>immersi,</span> <span class='ocrx_word' id='word_1_433' title='bbox 3102 2010 3164 2061; x_wconf 90' lang='lat' dir='ltr'>ut</span> <span class='ocrx_word' id='word_1_434' title='bbox 3192 2024 3293 2078; x_wconf 91' lang='lat' dir='ltr'>per</span> <span class='ocrx_word' id='word_1_435' title='bbox 3322 2009 3576 2079; x_wconf 83' lang='lat' dir='ltr'>magica-</span> 
     </span>
    </p>
   </div>
   <div class='ocr_carea' id='block_1_65' title="bbox 1945 2100 3576 2171">
    <p class='ocr_par' dir='ltr' id='par_1_65' title="bbox 1945 2100 3576 2171">
     <span class='ocr_line' id='line_1_65' title="bbox 1945 2100 3576 2171; baseline 0.002 -18"><span class='ocrx_word' id='word_1_436' title='bbox 1945 2117 2072 2154; x_wconf 90' lang='lat' dir='ltr'>rum</span> <span class='ocrx_word' id='word_1_437' title='bbox 2121 2100 2331 2155; x_wconf 89' lang='lat' dir='ltr'>artium</span> <span class='ocrx_word' id='word_1_438' title='bbox 2376 2100 2611 2171; x_wconf 88' lang='lat' dir='ltr'>profana</span> <span class='ocrx_word' id='word_1_439' title='bbox 2652 2104 2890 2167; x_wconf 88' lang='lat' dir='ltr'>secreta,</span> <span class='ocrx_word' id='word_1_440' title='bbox 2937 2104 2995 2153; x_wconf 90' lang='lat' dir='ltr'>et</span> <span class='ocrx_word' id='word_1_441' title='bbox 3041 2100 3576 2156; x_wconf 88' lang='lat' dir='ltr'>mathematicorum</span> 
     </span>
    </p>
   </div>
   <div class='ocr_carea' id='block_1_66' title="bbox 1944 2193 3579 2265">
    <p class='ocr_par' dir='ltr' id='par_1_66' title="bbox 1944 2193 3579 2265">
     <span class='ocr_line' id='line_1_66' title="bbox 1944 2193 3579 2265; baseline 0.001 -18"><span class='ocrx_word' id='word_1_442' title='bbox 1944 2210 2086 2248; x_wconf 88' lang='lat' dir='ltr'>vana</span> <span class='ocrx_word' id='word_1_443' title='bbox 2102 2193 2399 2247; x_wconf 90' lang='lat' dir='ltr'>mendacia</span> <span class='ocrx_word' id='word_1_444' title='bbox 2415 2193 2712 2264; x_wconf 89' lang='lat' dir='ltr'>religionis</span> <span class='ocrx_word' id='word_1_445' title='bbox 2728 2193 2901 2247; x_wconf 85' lang='lat' dir='ltr'>tidem</span> <span class='ocrx_word' id='word_1_446' title='bbox 2912 2236 2925 2263; x_wconf 89' lang='lat'>,</span> <span class='ocrx_word' id='word_1_447' title='bbox 2942 2210 3287 2265; x_wconf 87' lang='lat' dir='ltr'>morumque</span> <span class='ocrx_word' id='word_1_448' title='bbox 3303 2195 3579 2249; x_wconf 89' lang='lat' dir='ltr'>rationem</span> 
     </span>
    </p>
   </div>
   <div class='ocr_carea' id='block_1_67' title="bbox 1944 2286 3575 2357">
    <p class='ocr_par' dir='ltr' id='par_1_67' title="bbox 1944 2286 3575 2357">
     <span class='ocr_line' id='line_1_67' title="bbox 1944 2286 3575 2357; baseline 0.002 -16"><span class='ocrx_word' id='word_1_449' title='bbox 1944 2287 2003 2341; x_wconf 91' lang='lat' dir='ltr'>in</span> <span class='ocrx_word' id='word_1_450' title='bbox 2017 2291 2294 2357; x_wconf 87' lang='lat' dir='ltr'>potestate</span> <span class='ocrx_word' id='word_1_451' title='bbox 2312 2287 2644 2341; x_wconf 75' lang='lat' dir='ltr'>daemonum</span> <span class='ocrx_word' id='word_1_452' title='bbox 2659 2292 2713 2340; x_wconf 91' lang='lat' dir='ltr'>et</span> <span class='ocrx_word' id='word_1_453' title='bbox 2726 2287 2928 2341; x_wconf 74' lang='lat' dir='ltr'>effectu</span> <span class='ocrx_word' id='word_1_454' title='bbox 2946 2286 3197 2341; x_wconf 88' lang='lat' dir='ltr'>siderum</span> <span class='ocrx_word' id='word_1_455' title='bbox 3214 2288 3526 2343; x_wconf 89' lang='lat' dir='ltr'>collocareu</span> <span class='ocrx_word' id='word_1_456' title='bbox 3538 2294 3575 2344; x_wconf 90' lang='lat' dir='ltr'>t.</span> 
     </span>
    </p>
   </div>
   <div class='ocr_carea' id='block_1_68' title="bbox 1945 2379 3577 2453">
    <p class='ocr_par' dir='ltr' id='par_1_68' title="bbox 1945 2379 3577 2453">
     <span class='ocr_line' id='line_1_68' title="bbox 1945 2379 3577 2453; baseline 0.001 -19"><span class='ocrx_word' id='word_1_457' title='bbox 1945 2379 2108 2444; x_wconf 91' lang='lat' dir='ltr'>Quod</span> <span class='ocrx_word' id='word_1_458' title='bbox 2137 2379 2186 2433; x_wconf 90' lang='lat' dir='ltr'>si</span> <span class='ocrx_word' id='word_1_459' title='bbox 2212 2379 2366 2435; x_wconf 83' lang='lat' dir='ltr'>credi</span> <span class='ocrx_word' id='word_1_460' title='bbox 2410 2380 2577 2435; x_wconf 88' lang='lat' dir='ltr'>liceat</span> <span class='ocrx_word' id='word_1_461' title='bbox 2618 2384 2675 2434; x_wconf 88' lang='lat' dir='ltr'>et</span> <span class='ocrx_word' id='word_1_462' title='bbox 2717 2380 2926 2445; x_wconf 89' lang='lat' dir='ltr'>doceri,</span> <span class='ocrx_word' id='word_1_463' title='bbox 2959 2397 3065 2434; x_wconf 87' lang='lat' dir='ltr'>nec</span> <span class='ocrx_word' id='word_1_464' title='bbox 3094 2381 3393 2436; x_wconf 84' lang='lat' dir='ltr'>virtutibus</span> <span class='ocrx_word' id='word_1_465' title='bbox 3428 2400 3577 2453; x_wconf 65' lang='lat' dir='ltr'>prm-</span> 
     </span>
    </p>
   </div>
   <div class='ocr_carea' id='block_1_69' title="bbox 1943 2472 3575 2546">
    <p class='ocr_par' dir='ltr' id='par_1_69' title="bbox 1943 2472 3575 2546">
     <span class='ocr_line' id='line_1_69' title="bbox 1943 2472 3575 2546; baseline 0.002 -19"><span class='ocrx_word' id='word_1_466' title='bbox 1943 2474 2144 2541; x_wconf 88' lang='lat' dir='ltr'>mium,</span> <span class='ocrx_word' id='word_1_467' title='bbox 2174 2490 2278 2527; x_wconf 90' lang='lat' dir='ltr'>nec</span> <span class='ocrx_word' id='word_1_468' title='bbox 2308 2473 2456 2527; x_wconf 89' lang='lat' dir='ltr'>vitiis</span> <span class='ocrx_word' id='word_1_469' title='bbox 2484 2489 2658 2545; x_wconf 77' lang='lat' dir='ltr'>poena</span> <span class='ocrx_word' id='word_1_470' title='bbox 2691 2472 2954 2541; x_wconf 89' lang='lat' dir='ltr'>debetur,</span> <span class='ocrx_word' id='word_1_471' title='bbox 2988 2475 3294 2546; x_wconf 89' lang='lat' dir='ltr'>omniaque</span> <span class='ocrx_word' id='word_1_472' title='bbox 3335 2493 3446 2530; x_wconf 93' lang='lat' dir='ltr'>non</span> <span class='ocrx_word' id='word_1_473' title='bbox 3490 2494 3575 2530; x_wconf 87' lang='lat' dir='ltr'>so-</span> 
     </span>
    </p>
   </div>
   <div class='ocr_carea' id='block_1_70' title="bbox 1943 2567 3576 2637">
    <p class='ocr_par' dir='ltr' id='par_1_70' title="bbox 1943 2567 3576 2637">
     <span class='ocr_line' id='line_1_70' title="bbox 1943 2567 3576 2637; baseline 0.002 -17"><span class='ocrx_word' id='word_1_474' title='bbox 1943 2567 2061 2621; x_wconf 90' lang='lat' dir='ltr'>lum</span> <span class='ocrx_word' id='word_1_475' title='bbox 2087 2567 2467 2621; x_wconf 87' lang='lat' dir='ltr'>humanarum</span> <span class='ocrx_word' id='word_1_476' title='bbox 2492 2567 2709 2637; x_wconf 90' lang='lat' dir='ltr'>legum,</span> <span class='ocrx_word' id='word_1_477' title='bbox 2744 2567 2841 2621; x_wconf 89' lang='lat' dir='ltr'>sed</span> <span class='ocrx_word' id='word_1_478' title='bbox 2881 2567 3053 2621; x_wconf 89' lang='lat' dir='ltr'>etiam</span> <span class='ocrx_word' id='word_1_479' title='bbox 3093 2568 3413 2623; x_wconf 88' lang='lat' dir='ltr'>divinarum</span> <span class='ocrx_word' id='word_1_480' title='bbox 3442 2587 3576 2624; x_wconf 88' lang='lat' dir='ltr'>con-</span> 
     </span>
    </p>
   </div>
   <div class='ocr_carea' id='block_1_71' title="bbox 1944 2659 3580 2734">
    <p class='ocr_par' dir='ltr' id='par_1_71' title="bbox 1944 2659 3580 2734">
     <span class='ocr_line' id='line_1_71' title="bbox 1944 2659 3580 2734; baseline 0.002 -20"><span class='ocrx_word' id='word_1_481' title='bbox 1944 2660 2299 2715; x_wconf 87' lang='lat' dir='ltr'>stitutionem</span> <span class='ocrx_word' id='word_1_482' title='bbox 2327 2659 2556 2715; x_wconf 89' lang='lat' dir='ltr'>decreta</span> <span class='ocrx_word' id='word_1_483' title='bbox 2588 2660 2896 2730; x_wconf 85' lang='lat' dir='ltr'>solventur,</span> <span class='ocrx_word' id='word_1_484' title='bbox 2933 2662 3065 2732; x_wconf 88' lang='lat' dir='ltr'>quia</span> <span class='ocrx_word' id='word_1_485' title='bbox 3102 2678 3290 2734; x_wconf 85' lang='lat' dir='ltr'>neque</span> <span class='ocrx_word' id='word_1_486' title='bbox 3318 2662 3388 2717; x_wconf 89' lang='lat' dir='ltr'>de</span> <span class='ocrx_word' id='word_1_487' title='bbox 3418 2663 3580 2718; x_wconf 86' lang='lat' dir='ltr'>bonis</span> 
     </span>
    </p>
   </div>
   <div class='ocr_carea' id='block_1_72' title="bbox 1944 2753 3574 2827">
    <p class='ocr_par' dir='ltr' id='par_1_72' title="bbox 1944 2753 3574 2827">
     <span class='ocr_line' id='line_1_72' title="bbox 1944 2753 3574 2827; baseline 0.003 -20"><span class='ocrx_word' id='word_1_488' title='bbox 1944 2771 2128 2826; x_wconf 89' lang='lat' dir='ltr'>neque</span> <span class='ocrx_word' id='word_1_489' title='bbox 2149 2755 2217 2809; x_wconf 92' lang='lat' dir='ltr'>de</span> <span class='ocrx_word' id='word_1_490' title='bbox 2246 2754 2409 2808; x_wconf 89' lang='lat' dir='ltr'>malis</span> <span class='ocrx_word' id='word_1_491' title='bbox 2437 2753 2652 2809; x_wconf 88' lang='lat' dir='ltr'>actibus</span> <span class='ocrx_word' id='word_1_492' title='bbox 2680 2754 2859 2808; x_wconf 91' lang='lat' dir='ltr'>ullum</span> <span class='ocrx_word' id='word_1_493' title='bbox 2892 2755 3106 2825; x_wconf 90' lang='lat' dir='ltr'>poterit</span> <span class='ocrx_word' id='word_1_494' title='bbox 3135 2772 3255 2811; x_wconf 87' lang='lat' dir='ltr'>esse</span> <span class='ocrx_word' id='word_1_495' title='bbox 3274 2757 3574 2827; x_wconf 87' lang='lat' dir='ltr'>judicium,</span> 
     </span>
    </p>
   </div>
   <div class='ocr_carea' id='block_1_73' title="bbox 1944 2848 3575 2919">
    <p class='ocr_par' dir='ltr' id='par_1_73' title="bbox 1944 2848 3575 2919">
     <span class='ocr_line' id='line_1_73' title="bbox 1944 2848 3575 2919; baseline 0.002 -18"><span class='ocrx_word' id='word_1_496' title='bbox 1944 2848 1988 2902; x_wconf 92' lang='lat' dir='ltr'>si</span> <span class='ocrx_word' id='word_1_497' title='bbox 2032 2848 2090 2901; x_wconf 92' lang='lat' dir='ltr'>in</span> <span class='ocrx_word' id='word_1_498' title='bbox 2148 2853 2453 2919; x_wconf 88' lang='lat' dir='ltr'>utramque</span> <span class='ocrx_word' id='word_1_499' title='bbox 2501 2852 2727 2918; x_wconf 88' lang='lat' dir='ltr'>partem</span> <span class='ocrx_word' id='word_1_500' title='bbox 2778 2848 2963 2902; x_wconf 86' lang='lat' dir='ltr'>fatalis</span> <span class='ocrx_word' id='word_1_501' title='bbox 3009 2850 3314 2903; x_wconf 85' lang='lat' dir='ltr'>necessitas</span> <span class='ocrx_word' id='word_1_502' title='bbox 3358 2856 3575 2904; x_wconf 89' lang='lat' dir='ltr'>motum</span> 
     </span>
    </p>
   </div>
   <div class='ocr_carea' id='block_1_74' title="bbox 1942 2941 3577 3015">
    <p class='ocr_par' dir='ltr' id='par_1_74' title="bbox 1942 2941 3577 3015">
     <span class='ocr_line' id='line_1_74' title="bbox 1942 2941 3577 3015; baseline 0.001 -19"><span class='ocrx_word' id='word_1_503' title='bbox 1942 2942 2150 2996; x_wconf 90' lang='lat' dir='ltr'>mentis</span> <span class='ocrx_word' id='word_1_504' title='bbox 2195 2941 2457 3012; x_wconf 90' lang='lat' dir='ltr'>impellit,</span> <span class='ocrx_word' id='word_1_505' title='bbox 2487 2944 2544 2995; x_wconf 92' lang='lat' dir='ltr'>et</span> <span class='ocrx_word' id='word_1_506' title='bbox 2586 2941 2863 3012; x_wconf 91' lang='lat' dir='ltr'>quidquid</span> <span class='ocrx_word' id='word_1_507' title='bbox 2902 2942 2971 2995; x_wconf 91' lang='lat' dir='ltr'>ab</span> <span class='ocrx_word' id='word_1_508' title='bbox 3013 2942 3346 2997; x_wconf 90' lang='lat' dir='ltr'>hominibus</span> <span class='ocrx_word' id='word_1_509' title='bbox 3388 2944 3577 3015; x_wconf 86' lang='lat' dir='ltr'>agitur</span> 
     </span>
    </p>
   </div>
   <div class='ocr_carea' id='block_1_75' title="bbox 1942 3035 3577 3103">
    <p class='ocr_par' dir='ltr' id='par_1_75' title="bbox 1942 3035 3577 3103">
     <span class='ocr_line' id='line_1_75' title="bbox 1942 3035 3577 3103; baseline 0.001 -14"><span class='ocrx_word' id='word_1_510' title='bbox 1942 3053 2053 3090; x_wconf 91' lang='lat' dir='ltr'>non</span> <span class='ocrx_word' id='word_1_511' title='bbox 2082 3038 2168 3089; x_wconf 90' lang='lat' dir='ltr'>est</span> <span class='ocrx_word' id='word_1_512' title='bbox 2192 3035 2513 3103; x_wconf 89' lang='lat' dir='ltr'>hominum,</span> <span class='ocrx_word' id='word_1_513' title='bbox 2542 3035 2639 3089; x_wconf 90' lang='lat' dir='ltr'>sed</span> <span class='ocrx_word' id='word_1_514' title='bbox 2672 3040 2978 3089; x_wconf 87' lang='lat' dir='ltr'>astrorum.</span> <span class='ocrx_word' id='word_1_515' title='bbox 3009 3038 3083 3090; x_wconf 86' lang='lat' dir='ltr'>Ac</span> <span class='ocrx_word' id='word_1_516' title='bbox 3112 3035 3257 3090; x_wconf 88' lang='lat' dir='ltr'>hanc</span> <span class='ocrx_word' id='word_1_517' title='bbox 3298 3037 3577 3092; x_wconf 87' lang='lat' dir='ltr'>insaniam</span> 
     </span>
    </p>
   </div>
   <div class='ocr_carea' id='block_1_76' title="bbox 1941 3128 3577 3203">
    <p class='ocr_par' dir='ltr' id='par_1_76' title="bbox 1941 3128 3577 3203">
     <span class='ocr_line' id='line_1_76' title="bbox 1941 3128 3577 3203; baseline 0.001 -20"><span class='ocrx_word' id='word_1_518' title='bbox 1941 3130 2193 3201; x_wconf 86' lang='lat' dir='ltr'>pertinet</span> <span class='ocrx_word' id='word_1_519' title='bbox 2218 3128 2544 3200; x_wconf 90' lang='lat' dir='ltr'>prodigiosa</span> <span class='ocrx_word' id='word_1_520' title='bbox 2587 3129 2685 3183; x_wconf 88' lang='lat' dir='ltr'>illa</span> <span class='ocrx_word' id='word_1_521' title='bbox 2730 3128 2899 3183; x_wconf 86' lang='lat' dir='ltr'>totius</span> <span class='ocrx_word' id='word_1_522' title='bbox 2930 3130 3163 3184; x_wconf 88' lang='lat' dir='ltr'>humani</span> <span class='ocrx_word' id='word_1_523' title='bbox 3195 3130 3444 3201; x_wconf 88' lang='lat' dir='ltr'>corporis</span> <span class='ocrx_word' id='word_1_524' title='bbox 3475 3149 3577 3203; x_wconf 86' lang='lat' dir='ltr'>per</span> 
     </span>
    </p>
   </div>
   <div class='ocr_carea' id='block_1_77' title="bbox 1944 3221 3575 3295">
    <p class='ocr_par' dir='ltr' id='par_1_77' title="bbox 1944 3221 3575 3295">
     <span class='ocr_line' id='line_1_77' title="bbox 1944 3221 3575 3295; baseline 0.002 -18"><span class='ocrx_word' id='word_1_525' title='bbox 1944 3223 2247 3278; x_wconf 90' lang='lat' dir='ltr'>duodecim</span> <span class='ocrx_word' id='word_1_526' title='bbox 2274 3223 2396 3277; x_wconf 71' lang='lat' dir='ltr'>coeli</span> <span class='ocrx_word' id='word_1_527' title='bbox 2433 3222 2597 3292; x_wconf 88' lang='lat' dir='ltr'>signa</span> <span class='ocrx_word' id='word_1_528' title='bbox 2625 3221 2931 3287; x_wconf 87' lang='lat' dir='ltr'>distinctio,</span> <span class='ocrx_word' id='word_1_529' title='bbox 2965 3228 3025 3276; x_wconf 88' lang='lat' dir='ltr'>ut</span> <span class='ocrx_word' id='word_1_530' title='bbox 3057 3222 3290 3277; x_wconf 83' lang='lat' dir='ltr'>diversis</span> <span class='ocrx_word' id='word_1_531' title='bbox 3318 3225 3575 3295; x_wconf 90' lang='lat' dir='ltr'>partibus</span> 
     </span>
    </p>
   </div>
   <div class='ocr_carea' id='block_1_78' title="bbox 1944 3316 3577 3389">
    <p class='ocr_par' dir='ltr' id='par_1_78' title="bbox 1944 3316 3577 3389">
     <span class='ocr_line' id='line_1_78' title="bbox 1944 3316 3577 3389; baseline 0.001 -18"><span class='ocrx_word' id='word_1_532' title='bbox 1944 3318 2179 3371; x_wconf 75' lang='lat' dir='ltr'>diversae</span> <span class='ocrx_word' id='word_1_533' title='bbox 2213 3316 2560 3386; x_wconf 68' lang='lat' dir='ltr'>praesideant</span> <span class='ocrx_word' id='word_1_534' title='bbox 2605 3318 2941 3386; x_wconf 89' lang='lat' dir='ltr'>potestates,</span> <span class='ocrx_word' id='word_1_535' title='bbox 2982 3320 3038 3369; x_wconf 93' lang='lat' dir='ltr'>et</span> <span class='ocrx_word' id='word_1_536' title='bbox 3081 3320 3360 3385; x_wconf 88' lang='lat' dir='ltr'>creatura,</span> <span class='ocrx_word' id='word_1_537' title='bbox 3403 3335 3577 3389; x_wconf 86' lang='lat' dir='ltr'>quam</span> 
     </span>
    </p>
   </div>
   <div class='ocr_carea' id='block_1_79' title="bbox 1944 3407 3575 3480">
    <p class='ocr_par' dir='ltr' id='par_1_79' title="bbox 1944 3407 3575 3480">
     <span class='ocr_line' id='line_1_79' title="bbox 1944 3407 3575 3480; baseline 0.001 -17"><span class='ocrx_word' id='word_1_538' title='bbox 1944 3411 2086 3465; x_wconf 84' lang='lat' dir='ltr'>Deus</span> <span class='ocrx_word' id='word_1_539' title='bbox 2102 3410 2174 3463; x_wconf 89' lang='lat' dir='ltr'>ad</span> <span class='ocrx_word' id='word_1_540' title='bbox 2192 3408 2503 3479; x_wconf 88' lang='lat' dir='ltr'>imaginem</span> <span class='ocrx_word' id='word_1_541' title='bbox 2525 3424 2688 3461; x_wconf 90' lang='lat' dir='ltr'>suam</span> <span class='ocrx_word' id='word_1_542' title='bbox 2705 3407 2856 3476; x_wconf 86' lang='lat' dir='ltr'>fecit,</span> <span class='ocrx_word' id='word_1_543' title='bbox 2878 3408 2936 3461; x_wconf 90' lang='lat' dir='ltr'>in</span> <span class='ocrx_word' id='word_1_544' title='bbox 2959 3412 3113 3462; x_wconf 89' lang='lat' dir='ltr'>tanta</span> <span class='ocrx_word' id='word_1_545' title='bbox 3134 3409 3206 3461; x_wconf 87' lang='lat' dir='ltr'>sit</span> <span class='ocrx_word' id='word_1_546' title='bbox 3226 3410 3575 3480; x_wconf 86' lang='lat' dir='ltr'>obligatione</span> 
     </span>
    </p>
   </div>
   <div class='ocr_carea' id='block_1_80' title="bbox 1942 3500 3577 3573">
    <p class='ocr_par' dir='ltr' id='par_1_80' title="bbox 1942 3500 3577 3573">
     <span class='ocr_line' id='line_1_80' title="bbox 1942 3500 3577 3573; baseline 0 -15"><span class='ocrx_word' id='word_1_547' title='bbox 1942 3504 2189 3558; x_wconf 91' lang='lat' dir='ltr'>siderum</span> <span class='ocrx_word' id='word_1_548' title='bbox 2218 3502 2274 3555; x_wconf 92' lang='lat' dir='ltr'>in</span> <span class='ocrx_word' id='word_1_549' title='bbox 2303 3504 2519 3573; x_wconf 86' lang='lat' dir='ltr'>quanta</span> <span class='ocrx_word' id='word_1_550' title='bbox 2549 3507 2633 3556; x_wconf 89' lang='lat' dir='ltr'>est</span> <span class='ocrx_word' id='word_1_551' title='bbox 2653 3500 3005 3555; x_wconf 80' lang='lat' dir='ltr'>connexione</span> <span class='ocrx_word' id='word_1_552' title='bbox 3038 3502 3451 3557; x_wconf 88' lang='lat' dir='ltr'>membrorum.</span> <span class='ocrx_word' id='word_1_553' title='bbox 3474 3505 3577 3558; x_wconf 80' lang='lat' dir='ltr'>Mc-</span> 
     </span>
    </p>
   </div>
   <div class='ocr_carea' id='block_1_81' title="bbox 1944 3593 3578 3668">
    <p class='ocr_par' dir='ltr' id='par_1_81' title="bbox 1944 3593 3578 3668">
     <span class='ocr_line' id='line_1_81' title="bbox 1944 3593 3578 3668; baseline -0.001 -17"><span class='ocrx_word' id='word_1_554' title='bbox 1944 3598 2051 3651; x_wconf 90' lang='lat' dir='ltr'>rito</span> <span class='ocrx_word' id='word_1_555' title='bbox 2084 3601 2273 3668; x_wconf 90' lang='lat' dir='ltr'>patres</span> <span class='ocrx_word' id='word_1_556' title='bbox 2314 3593 2511 3663; x_wconf 88' lang='lat' dir='ltr'>nostri,</span> <span class='ocrx_word' id='word_1_557' title='bbox 2542 3594 2645 3648; x_wconf 89' lang='lat' dir='ltr'>sub</span> <span class='ocrx_word' id='word_1_558' title='bbox 2676 3611 2924 3666; x_wconf 89' lang='lat' dir='ltr'>quorum</span> <span class='ocrx_word' id='word_1_559' title='bbox 2964 3595 3316 3665; x_wconf 89' lang='lat' dir='ltr'>temporibus</span> <span class='ocrx_word' id='word_1_560' title='bbox 3345 3596 3578 3652; x_wconf 71' lang='lat' dir='ltr'>haeresis</span> 
     </span>
    </p>
   </div>
   <div class='ocr_carea' id='block_1_82' title="bbox 1943 3687 3577 3759">
    <p class='ocr_par' dir='ltr' id='par_1_82' title="bbox 1943 3687 3577 3759">
     <span class='ocr_line' id='line_1_82' title="bbox 1943 3687 3577 3759; baseline 0 -14"><span class='ocrx_word' id='word_1_561' title='bbox 1943 3692 2063 3745; x_wconf 76' lang='lat' dir='ltr'>haec</span> <span class='ocrx_word' id='word_1_562' title='bbox 2090 3689 2335 3744; x_wconf 89' lang='lat' dir='ltr'>nefanda</span> <span class='ocrx_word' id='word_1_563' title='bbox 2360 3687 2640 3759; x_wconf 88' lang='lat' dir='ltr'>prorupit,</span> <span class='ocrx_word' id='word_1_564' title='bbox 2662 3704 2762 3758; x_wconf 92' lang='lat' dir='ltr'>per</span> <span class='ocrx_word' id='word_1_565' title='bbox 2781 3691 2963 3742; x_wconf 90' lang='lat' dir='ltr'>totum</span> <span class='ocrx_word' id='word_1_566' title='bbox 2992 3689 3271 3742; x_wconf 91' lang='lat' dir='ltr'>mundum</span> <span class='ocrx_word' id='word_1_567' title='bbox 3304 3688 3577 3745; x_wconf 83' lang='lat' dir='ltr'>instanter</span> 
     </span>
    </p>
   </div>
   <div class='ocr_carea' id='block_1_83' title="bbox 1943 3780 3576 3853">
    <p class='ocr_par' dir='ltr' id='par_1_83' title="bbox 1943 3780 3576 3853">
     <span class='ocr_line' id='line_1_83' title="bbox 1943 3780 3576 3853; baseline 0 -16"><span class='ocrx_word' id='word_1_568' title='bbox 1943 3799 2133 3853; x_wconf 87' lang='lat' dir='ltr'>egere,</span> <span class='ocrx_word' id='word_1_569' title='bbox 2164 3786 2227 3835; x_wconf 89' lang='lat' dir='ltr'>ut</span> <span class='ocrx_word' id='word_1_570' title='bbox 2255 3780 2462 3852; x_wconf 90' lang='lat' dir='ltr'>impius</span> <span class='ocrx_word' id='word_1_571' title='bbox 2492 3780 2650 3835; x_wconf 84' lang='lat' dir='ltr'>furor</span> <span class='ocrx_word' id='word_1_572' title='bbox 2678 3780 2749 3833; x_wconf 86' lang='lat' dir='ltr'>ab</span> <span class='ocrx_word' id='word_1_573' title='bbox 2778 3780 3037 3835; x_wconf 85' lang='lat' dir='ltr'>universa</span> <span class='ocrx_word' id='word_1_574' title='bbox 3066 3782 3314 3835; x_wconf 89' lang='lat' dir='ltr'>Ecclesia</span> <span class='ocrx_word' id='word_1_575' title='bbox 3336 3784 3576 3852; x_wconf 90' lang='lat' dir='ltr'>pellere-</span> 
     </span>
    </p>
   </div>
   <div class='ocr_carea' id='block_1_84' title="bbox 1942 3873 3574 3945">
    <p class='ocr_par' dir='ltr' id='par_1_84' title="bbox 1942 3873 3574 3945">
     <span class='ocr_line' id='line_1_84' title="bbox 1942 3873 3574 3945; baseline -0.001 -13"><span class='ocrx_word' id='word_1_576' title='bbox 1942 3882 2054 3932; x_wconf 89' lang='lat' dir='ltr'>tur.</span> <span class='ocrx_word' id='word_1_577' title='bbox 2086 3874 2321 3940; x_wconf 89' lang='lat' dir='ltr'>Quando</span> <span class='ocrx_word' id='word_1_578' title='bbox 2357 3876 2530 3929; x_wconf 89' lang='lat' dir='ltr'>etiam</span> <span class='ocrx_word' id='word_1_579' title='bbox 2572 3873 2855 3945; x_wconf 83' lang='lat' dir='ltr'>principes</span> <span class='ocrx_word' id='word_1_580' title='bbox 2890 3873 3089 3928; x_wconf 90' lang='lat' dir='ltr'>mundi</span> <span class='ocrx_word' id='word_1_581' title='bbox 3117 3874 3197 3929; x_wconf 87' lang='lat' dir='ltr'>ita</span> <span class='ocrx_word' id='word_1_582' title='bbox 3224 3876 3369 3930; x_wconf 88' lang='lat' dir='ltr'>hanc</span> <span class='ocrx_word' id='word_1_583' title='bbox 3400 3878 3574 3931; x_wconf 88' lang='lat' dir='ltr'>sacri-</span> 
     </span>
    </p>
   </div>
   <div class='ocr_carea' id='block_1_85' title="bbox 1946 3968 3579 4041">
    <p class='ocr_par' dir='ltr' id='par_1_85' title="bbox 1946 3968 3579 4041">
     <span class='ocr_line' id='line_1_85' title="bbox 1946 3968 3579 4041; baseline 0.001 -18"><span class='ocrx_word' id='word_1_584' title='bbox 1946 3971 2129 4041; x_wconf 86' lang='lat' dir='ltr'>legam</span> <span class='ocrx_word' id='word_1_585' title='bbox 2176 3968 2484 4024; x_wconf 89' lang='lat' dir='ltr'>amentiam</span> <span class='ocrx_word' id='word_1_586' title='bbox 2530 3968 2792 4023; x_wconf 88' lang='lat' dir='ltr'>detestati</span> <span class='ocrx_word' id='word_1_587' title='bbox 2836 3971 2984 4037; x_wconf 87' lang='lat' dir='ltr'>sunt,</span> <span class='ocrx_word' id='word_1_588' title='bbox 3022 3972 3085 4022; x_wconf 91' lang='lat' dir='ltr'>ut</span> <span class='ocrx_word' id='word_1_589' title='bbox 3123 3972 3411 4023; x_wconf 88' lang='lat' dir='ltr'>auctorem</span> <span class='ocrx_word' id='word_1_590' title='bbox 3456 3970 3579 4041; x_wconf 88' lang='lat' dir='ltr'>ejus</span> 
     </span>
    </p>
   </div>
   <div class='ocr_carea' id='block_1_86' title="bbox 1942 4061 3575 4135">
    <p class='ocr_par' dir='ltr' id='par_1_86' title="bbox 1942 4061 3575 4135">
     <span class='ocr_line' id='line_1_86' title="bbox 1942 4061 3575 4135; baseline 0 -17"><span class='ocrx_word' id='word_1_591' title='bbox 1942 4081 2005 4118; x_wconf 89' lang='lat' dir='ltr'>ac</span> <span class='ocrx_word' id='word_1_592' title='bbox 2058 4064 2357 4135; x_wconf 89' lang='lat' dir='ltr'>plerosque</span> <span class='ocrx_word' id='word_1_593' title='bbox 2420 4061 2723 4132; x_wconf 87' lang='lat' dir='ltr'>discipulos</span> <span class='ocrx_word' id='word_1_594' title='bbox 2782 4062 2975 4132; x_wconf 89' lang='lat' dir='ltr'>legum</span> <span class='ocrx_word' id='word_1_595' title='bbox 3028 4062 3387 4134; x_wconf 89' lang='lat' dir='ltr'>publicarum</span> <span class='ocrx_word' id='word_1_596' title='bbox 3442 4081 3575 4120; x_wconf 86' lang='lat' dir='ltr'>ense</span> 
     </span>
    </p>
   </div>
   <div class='ocr_carea' id='block_1_87' title="bbox 1943 4154 3575 4228">
    <p class='ocr_par' dir='ltr' id='par_1_87' title="bbox 1943 4154 3575 4228">
     <span class='ocr_line' id='line_1_87' title="bbox 1943 4154 3575 4228; baseline 0.001 -17"><span class='ocrx_word' id='word_1_597' title='bbox 1943 4160 2387 4228; x_wconf 89' lang='lat' dir='ltr'>prosternerent.</span> <span class='ocrx_word' id='word_1_598' title='bbox 2410 4154 2689 4209; x_wconf 86' lang='lat' dir='ltr'>Videbant</span> <span class='ocrx_word' id='word_1_599' title='bbox 2720 4156 2874 4208; x_wconf 89' lang='lat' dir='ltr'>enim</span> <span class='ocrx_word' id='word_1_600' title='bbox 2903 4172 3138 4211; x_wconf 89' lang='lat' dir='ltr'>omnem</span> <span class='ocrx_word' id='word_1_601' title='bbox 3168 4172 3363 4211; x_wconf 89' lang='lat' dir='ltr'>curam</span> <span class='ocrx_word' id='word_1_602' title='bbox 3395 4158 3575 4212; x_wconf 86' lang='lat' dir='ltr'>hone—</span> 
     </span>
    </p>
   </div>
   <div class='ocr_carea' id='block_1_88' title="bbox 1944 4249 3577 4321">
    <p class='ocr_par' dir='ltr' id='par_1_88' title="bbox 1944 4249 3577 4321">
     <span class='ocr_line' id='line_1_88' title="bbox 1944 4249 3577 4321; baseline 0 -16"><span class='ocrx_word' id='word_1_603' title='bbox 1944 4251 2097 4305; x_wconf 79' lang='lat' dir='ltr'>statis</span> <span class='ocrx_word' id='word_1_604' title='bbox 2135 4249 2365 4315; x_wconf 87' lang='lat' dir='ltr'>auferri,</span> <span class='ocrx_word' id='word_1_605' title='bbox 2394 4265 2623 4302; x_wconf 86' lang='lat' dir='ltr'>onmem</span> <span class='ocrx_word' id='word_1_606' title='bbox 2667 4249 3070 4320; x_wconf 91' lang='lat' dir='ltr'>conjugiorum</span> <span class='ocrx_word' id='word_1_607' title='bbox 3115 4251 3380 4321; x_wconf 87' lang='lat' dir='ltr'>capulam</span> <span class='ocrx_word' id='word_1_608' title='bbox 3417 4251 3577 4321; x_wconf 90' lang='lat' dir='ltr'>solvi,</span> 
     </span>
    </p>
   </div>
   <div class='ocr_carea' id='block_1_89' title="bbox 1943 4341 3579 4416">
    <p class='ocr_par' dir='ltr' id='par_1_89' title="bbox 1943 4341 3579 4416">
     <span class='ocr_line' id='line_1_89' title="bbox 1943 4341 3579 4416; baseline 0.001 -19"><span class='ocrx_word' id='word_1_609' title='bbox 1943 4344 2227 4415; x_wconf 86' lang='lat' dir='ltr'>simulque</span> <span class='ocrx_word' id='word_1_610' title='bbox 2277 4342 2534 4397; x_wconf 90' lang='lat' dir='ltr'>divinum</span> <span class='ocrx_word' id='word_1_611' title='bbox 2580 4341 2676 4412; x_wconf 89' lang='lat' dir='ltr'>jus</span> <span class='ocrx_word' id='word_1_612' title='bbox 2736 4343 3171 4414; x_wconf 88' lang='lat' dir='ltr'>humanumque</span> <span class='ocrx_word' id='word_1_613' title='bbox 3220 4344 3490 4416; x_wconf 88' lang='lat' dir='ltr'>subverti,</span> <span class='ocrx_word' id='word_1_614' title='bbox 3536 4345 3579 4398; x_wconf 86' lang='lat' dir='ltr'>si</span> 
     </span>
    </p>
   </div>
   <div class='ocr_carea' id='block_1_90' title="bbox 1944 4436 3578 4508">
    <p class='ocr_par' dir='ltr' id='par_1_90' title="bbox 1944 4436 3578 4508">
     <span class='ocr_line' id='line_1_90' title="bbox 1944 4436 3578 4508; baseline 0 -17"><span class='ocrx_word' id='word_1_615' title='bbox 1944 4437 2272 4508; x_wconf 90' lang='lat' dir='ltr'>hujusmodi</span> <span class='ocrx_word' id='word_1_616' title='bbox 2299 4436 2621 4490; x_wconf 89' lang='lat' dir='ltr'>hominibus</span> <span class='ocrx_word' id='word_1_617' title='bbox 2650 4452 2896 4507; x_wconf 87' lang='lat' dir='ltr'>usquam</span> <span class='ocrx_word' id='word_1_618' title='bbox 2927 4437 3113 4491; x_wconf 90' lang='lat' dir='ltr'>vivere</span> <span class='ocrx_word' id='word_1_619' title='bbox 3144 4453 3274 4491; x_wconf 90' lang='lat' dir='ltr'>cum</span> <span class='ocrx_word' id='word_1_620' title='bbox 3304 4439 3405 4492; x_wconf 89' lang='lat' dir='ltr'>tali</span> <span class='ocrx_word' id='word_1_621' title='bbox 3442 4455 3578 4508; x_wconf 90' lang='lat' dir='ltr'>pro-</span> 
     </span>
    </p>
   </div>
   <div class='ocr_carea' id='block_1_91' title="bbox 188 4530 3585 4620">
    <p class='ocr_par' dir='ltr' id='par_1_91' title="bbox 188 4530 3585 4620">
     <span class='ocr_line' id='line_1_91' title="bbox 188 4530 3585 4620; baseline 0.001 -39"><span class='ocrx_word' id='word_1_622' title='bbox 188 4560 383 4617; x_wconf 70' lang='lat' dir='ltr'>quam</span> <span class='ocrx_word' id='word_1_623' title='bbox 402 4544 472 4598; x_wconf 69' lang='lat' dir='ltr'><strong>ab</strong></span> <span class='ocrx_word' id='word_1_624' title='bbox 489 4543 770 4600; x_wconf 53' lang='lat' dir='ltr'>haereticis</span> <span class='ocrx_word' id='word_1_625' title='bbox 788 4547 1046 4617; x_wconf 66' lang='lat' dir='ltr'>accipere</span> <span class='ocrx_word' id='word_1_626' title='bbox 1068 4565 1184 4603; x_wconf 73' lang='lat' dir='ltr'>non</span> <span class='ocrx_word' id='word_1_627' title='bbox 1204 4555 1535 4620; x_wconf 55' lang='lat' dir='ltr'>potuerunt,</span> <span class='ocrx_word' id='word_1_628' title='bbox 1555 4552 1844 4607; x_wconf 67' lang='lat' dir='ltr'>catholicis</span> <span class='ocrx_word' id='word_1_629' title='bbox 1863 4546 1922 4618; x_wconf 84' lang='lat' dir='ltr'><strong>D</strong></span> <span class='ocrx_word' id='word_1_630' title='bbox 1944 4531 2186 4585; x_wconf 88' lang='lat' dir='ltr'>fessione</span> <span class='ocrx_word' id='word_1_631' title='bbox 2214 4530 2479 4584; x_wconf 88' lang='lat' dir='ltr'>licuisset.</span> <span class='ocrx_word' id='word_1_632' title='bbox 2509 4531 2577 4583; x_wconf 89' lang='lat' dir='ltr'>Et</span> <span class='ocrx_word' id='word_1_633' title='bbox 2606 4530 2821 4600; x_wconf 83' lang='lat' dir='ltr'>profuit</span> <span class='ocrx_word' id='word_1_634' title='bbox 2848 4530 2945 4583; x_wconf 91' lang='lat' dir='ltr'>diu</span> <span class='ocrx_word' id='word_1_635' title='bbox 2972 4530 3081 4583; x_wconf 90' lang='lat' dir='ltr'>ista</span> <span class='ocrx_word' id='word_1_636' title='bbox 3108 4530 3381 4585; x_wconf 87' lang='lat' dir='ltr'>districtio</span> <span class='ocrx_word' id='word_1_637' title='bbox 3413 4533 3585 4586; x_wconf 86' lang='lat' dir='ltr'>eccle-</span> 
     </span>
    </p>
   </div>
   <div class='ocr_carea' id='block_1_92' title="bbox 189 4638 706 4709">
    <p class='ocr_par' dir='ltr' id='par_1_92' title="bbox 189 4638 706 4709">
     <span class='ocr_line' id='line_1_92' title="bbox 189 4638 706 4709; baseline 0 -16"><span class='ocrx_word' id='word_1_638' title='bbox 189 4638 516 4709; x_wconf 86' lang='lat' dir='ltr'>copulandi</span> <span class='ocrx_word' id='word_1_639' title='bbox 558 4643 706 4693; x_wconf 90' lang='lat' dir='ltr'>sunt.</span> 
     </span>
    </p>
   </div>
   <div class='ocr_carea' id='block_1_93' title="bbox 193 4740 1847 4869">
    <p class='ocr_par' dir='ltr' id='par_1_93' title="bbox 193 4740 1847 4869">
     <span class='ocr_line' id='line_1_93' title="bbox 193 4740 1847 4869; baseline 0.003 -71"><span class='ocrx_word' id='word_1_640' title='bbox 193 4745 282 4798; x_wconf 88' lang='lat' dir='ltr'>De</span> <span class='ocrx_word' id='word_1_641' title='bbox 307 4740 394 4795; x_wconf 80' lang='lat' dir='ltr'>his</span> <span class='ocrx_word' id='word_1_642' title='bbox 417 4743 514 4809; x_wconf 84' lang='lat' dir='ltr'>qui</span> <span class='ocrx_word' id='word_1_643' title='bbox 534 4743 790 4796; x_wconf 82' lang='lat' dir='ltr'>conviviis</span> <span class='ocrx_word' id='word_1_644' title='bbox 835 4744 1119 4869; x_wconf 53' lang='lat' dir='ltr'>gentiliugn</span> <span class='ocrx_word' id='word_1_645' title='bbox 1148 4750 1199 4799; x_wconf 88' lang='lat' dir='ltr'>et</span> <span class='ocrx_word' id='word_1_646' title='bbox 1223 4748 1351 4801; x_wconf 81' lang='lat' dir='ltr'>escis</span> <span class='ocrx_word' id='word_1_647' title='bbox 1376 4748 1736 4802; x_wconf 84' lang='lat' dir='ltr'>immotatitiis</span> <span class='ocrx_word' id='word_1_648' title='bbox 1760 4750 1847 4801; x_wconf 87' lang='lat' dir='ltr'>usi</span> 
     </span>
     <span class='ocr_line' id='line_1_94' title="bbox 951 4831 1096 4869; baseline 0 0"><span class='ocrx_word' id='word_1_649' title='bbox 951 4831 1052 4869; x_wconf 88' lang='lat' dir='ltr'>sun</span> <span class='ocrx_word' id='word_1_650' title='bbox 1084 4857 1096 4869; x_wconf 92' lang='lat'>.</span> 
     </span>
    </p>
   </div>
   <div class='ocr_carea' id='block_1_94' title="bbox 951 4831 1096 4870">
    <p class='ocr_par' dir='ltr' id='par_1_94' title="bbox 951 4831 1096 4870">
     <span class='ocr_line' id='line_1_95' title="bbox 951 4831 1096 4870; baseline 0.007 -1"><span class='ocrx_word' id='word_1_651' title='bbox 951 4831 1096 4870; x_wconf 75' lang='lat' dir='ltr'>sunt.</span> 
     </span>
    </p>
   </div>
   <div class='ocr_carea' id='block_1_95' title="bbox 282 4904 1848 4979">
    <p class='ocr_par' dir='ltr' id='par_1_95' title="bbox 282 4904 1848 4979">
     <span class='ocr_line' id='line_1_96' title="bbox 282 4904 1848 4979; baseline 0.004 -19"><span class='ocrx_word' id='word_1_652' title='bbox 282 4904 342 4960; x_wconf 89' lang='lat' dir='ltr'>Si</span> <span class='ocrx_word' id='word_1_653' title='bbox 368 4904 622 4959; x_wconf 88' lang='lat' dir='ltr'>convivio</span> <span class='ocrx_word' id='word_1_654' title='bbox 644 4906 763 4961; x_wconf 90' lang='lat' dir='ltr'>solo</span> <span class='ocrx_word' id='word_1_655' title='bbox 793 4908 1093 4979; x_wconf 84' lang='lat' dir='ltr'>gentilium</span> <span class='ocrx_word' id='word_1_656' title='bbox 1123 4915 1180 4965; x_wconf 91' lang='lat' dir='ltr'>et</span> <span class='ocrx_word' id='word_1_657' title='bbox 1203 4911 1341 4966; x_wconf 91' lang='lat' dir='ltr'>escis</span> <span class='ocrx_word' id='word_1_658' title='bbox 1367 4911 1741 4967; x_wconf 87' lang='lat' dir='ltr'>immolatitiis</span> <span class='ocrx_word' id='word_1_659' title='bbox 1762 4911 1848 4967; x_wconf 91' lang='lat' dir='ltr'>usi</span> 
     </span>
    </p>
   </div>
   <div class='ocr_carea' id='block_1_96' title="bbox 192 4999 1845 5076">
    <p class='ocr_par' dir='ltr' id='par_1_96' title="bbox 192 4999 1845 5076">
     <span class='ocr_line' id='line_1_97' title="bbox 192 4999 1845 5076; baseline 0.005 -24"><span class='ocrx_word' id='word_1_660' title='bbox 192 5002 366 5065; x_wconf 85' lang='lat' dir='ltr'>sunt,</span> <span class='ocrx_word' id='word_1_661' title='bbox 391 5005 630 5069; x_wconf 88' lang='lat' dir='ltr'>possunt</span> <span class='ocrx_word' id='word_1_662' title='bbox 649 4999 891 5071; x_wconf 87' lang='lat' dir='ltr'>jejuniis</span> <span class='ocrx_word' id='word_1_663' title='bbox 910 5005 969 5055; x_wconf 90' lang='lat' dir='ltr'>et</span> <span class='ocrx_word' id='word_1_664' title='bbox 987 5019 1192 5058; x_wconf 88' lang='lat' dir='ltr'>manus</span> <span class='ocrx_word' id='word_1_665' title='bbox 1214 5004 1569 5076; x_wconf 87' lang='lat' dir='ltr'>impositione</span> <span class='ocrx_word' id='word_1_666' title='bbox 1592 5007 1845 5076; x_wconf 85' lang='lat' dir='ltr'>purgari,</span> 
     </span>
    </p>
   </div>
   <div class='ocr_carea' id='block_1_97' title="bbox 196 5077 1848 5166">
    <p class='ocr_par' dir='ltr' id='par_1_97' title="bbox 196 5077 1848 5166">
     <span class='ocr_line' id='line_1_98' title="bbox 196 5077 1848 5166; baseline 0.005 -21"><span class='ocrx_word' id='word_1_667' title='bbox 196 5098 270 5146; x_wconf 82' lang='lat' dir='ltr'>nt</span> <span class='ocrx_word' id='word_1_668' title='bbox 325 5092 597 5163; x_wconf 87' lang='lat' dir='ltr'>deinceps</span> <span class='ocrx_word' id='word_1_669' title='bbox 641 5093 712 5147; x_wconf 87' lang='lat' dir='ltr'>ab</span> <span class='ocrx_word' id='word_1_670' title='bbox 765 5094 1107 5151; x_wconf 90' lang='lat' dir='ltr'>idololatitiis</span> <span class='ocrx_word' id='word_1_671' title='bbox 1145 5077 1516 5166; x_wconf 80' lang='lat' dir='ltr'>abstinentes,</span> <span class='ocrx_word' id='word_1_672' title='bbox 1558 5115 1848 5154; x_wconf 90' lang='lat' dir='ltr'>sacrorum</span> 
     </span>
    </p>
   </div>
   <div class='ocr_carea' id='block_1_98' title="bbox 191 5185 1848 5261">
    <p class='ocr_par' dir='ltr' id='par_1_98' title="bbox 191 5185 1848 5261">
     <span class='ocr_line' id='line_1_99' title="bbox 191 5185 1848 5261; baseline 0.004 -21"><span class='ocrx_word' id='word_1_673' title='bbox 191 5185 419 5240; x_wconf 87' lang='lat' dir='ltr'>Christi</span> <span class='ocrx_word' id='word_1_674' title='bbox 440 5191 676 5256; x_wconf 87' lang='lat' dir='ltr'>possunt</span> <span class='ocrx_word' id='word_1_675' title='bbox 697 5203 818 5242; x_wconf 91' lang='lat' dir='ltr'>esse</span> <span class='ocrx_word' id='word_1_676' title='bbox 840 5190 1167 5261; x_wconf 88' lang='lat' dir='ltr'>participes.</span> <span class='ocrx_word' id='word_1_677' title='bbox 1190 5191 1244 5247; x_wconf 93' lang='lat' dir='ltr'>Si</span> <span class='ocrx_word' id='word_1_678' title='bbox 1269 5195 1461 5246; x_wconf 89' lang='lat' dir='ltr'>autem</span> <span class='ocrx_word' id='word_1_679' title='bbox 1481 5192 1635 5247; x_wconf 91' lang='lat' dir='ltr'>idola</span> <span class='ocrx_word' id='word_1_680' title='bbox 1655 5193 1848 5247; x_wconf 88' lang='lat' dir='ltr'>adora-</span> 
     </span>
    </p>
   </div>
   <div class='ocr_carea' id='block_1_99' title="bbox 192 5278 1850 5341">
    <p class='ocr_par' dir='ltr' id='par_1_99' title="bbox 192 5278 1850 5341">
     <span class='ocr_line' id='line_1_100' title="bbox 192 5278 1850 5341; baseline 0.004 -9"><span class='ocrx_word' id='word_1_681' title='bbox 192 5295 344 5333; x_wconf 81' lang='lat' dir='ltr'>vere</span> <span class='ocrx_word' id='word_1_682' title='bbox 378 5281 477 5332; x_wconf 89' lang='lat' dir='ltr'>aut</span> <span class='ocrx_word' id='word_1_683' title='bbox 502 5278 819 5334; x_wconf 87' lang='lat' dir='ltr'>homicidiis</span> <span class='ocrx_word' id='word_1_684' title='bbox 846 5282 935 5336; x_wconf 89' lang='lat' dir='ltr'>vel</span> <span class='ocrx_word' id='word_1_685' title='bbox 966 5282 1441 5340; x_wconf 88' lang='lat' dir='ltr'>fornicationibus</span> <span class='ocrx_word' id='word_1_686' title='bbox 1479 5286 1850 5341; x_wconf 85' lang='lat' dir='ltr'>contaminati</span> 
     </span>
    </p>
   </div>
   <div class='ocr_carea' id='block_1_100' title="bbox 193 5372 1847 5450">
    <p class='ocr_par' dir='ltr' id='par_1_100' title="bbox 193 5372 1847 5450">
     <span class='ocr_line' id='line_1_101' title="bbox 193 5372 1847 5450; baseline 0.004 -23"><span class='ocrx_word' id='word_1_687' title='bbox 193 5375 367 5440; x_wconf 82' lang='lat' dir='ltr'>sunt,</span> <span class='ocrx_word' id='word_1_688' title='bbox 395 5372 465 5425; x_wconf 88' lang='lat' dir='ltr'>ad</span> <span class='ocrx_word' id='word_1_689' title='bbox 506 5375 973 5430; x_wconf 88' lang='lat' dir='ltr'>communionem</span> <span class='ocrx_word' id='word_1_690' title='bbox 1016 5394 1133 5447; x_wconf 91' lang='lat' dir='ltr'>eos,</span> <span class='ocrx_word' id='word_1_691' title='bbox 1165 5379 1274 5433; x_wconf 83' lang='lat' dir='ltr'>nisi</span> <span class='ocrx_word' id='word_1_692' title='bbox 1321 5396 1424 5450; x_wconf 90' lang='lat' dir='ltr'>per</span> <span class='ocrx_word' id='word_1_693' title='bbox 1458 5379 1847 5450; x_wconf 66' lang='lat' dir='ltr'>paenitentiam</span> 
     </span>
    </p>
   </div>
   <div class='ocr_carea' id='block_1_101' title="bbox 193 5464 1203 5540">
    <p class='ocr_par' dir='ltr' id='par_1_101' title="bbox 193 5464 1203 5540">
     <span class='ocr_line' id='line_1_102' title="bbox 193 5464 1203 5540; baseline 0.007 -22"><span class='ocrx_word' id='word_1_694' title='bbox 193 5464 518 5539; x_wconf 88' lang='lat' dir='ltr'>publicam,</span> <span class='ocrx_word' id='word_1_695' title='bbox 551 5483 665 5521; x_wconf 90' lang='lat' dir='ltr'>non</span> <span class='ocrx_word' id='word_1_696' title='bbox 694 5473 917 5540; x_wconf 88' lang='lat' dir='ltr'>oportet</span> <span class='ocrx_word' id='word_1_697' title='bbox 956 5470 1203 5526; x_wconf 88' lang='lat' dir='ltr'>admitti.</span> 
     </span>
    </p>
   </div>
   <div class='ocr_carea' id='block_1_102' title="bbox 284 5558 1775 5637">
    <p class='ocr_par' dir='ltr' id='par_1_102' title="bbox 284 5558 1775 5637">
     <span class='ocr_line' id='line_1_103' title="bbox 284 5558 1775 5637; baseline 0.005 -23"><span class='ocrx_word' id='word_1_698' title='bbox 284 5558 457 5614; x_wconf 81' lang='lat' dir='ltr'>LXXI.</span> <span class='ocrx_word' id='word_1_699' title='bbox 488 5589 555 5600; x_wconf 84' lang='lat'>--</span> <span class='ocrx_word' id='word_1_700' title='bbox 582 5562 672 5616; x_wconf 83' lang='lat' dir='ltr'>Ad</span> <span class='ocrx_word' id='word_1_701' title='bbox 707 5562 1001 5618; x_wconf 81' lang='lat' dir='ltr'>Tornulum</span> <span class='ocrx_word' id='word_1_702' title='bbox 1028 5567 1330 5637; x_wconf 82' lang='lat' dir='ltr'>episcopum</span> <span class='ocrx_word' id='word_1_703' title='bbox 1358 5568 1775 5637; x_wconf 85' lang='lat' dir='ltr'>Astorigensem.</span> 
     </span>
    </p>
   </div>
   <div class='ocr_carea' id='block_1_103' title="bbox 285 5653 1378 5730">
    <p class='ocr_par' dir='ltr' id='par_1_103' title="bbox 285 5653 1378 5730">
     <span class='ocr_line' id='line_1_104' title="bbox 285 5653 1378 5730; baseline 0.007 -24"><span class='ocrx_word' id='word_1_704' title='bbox 285 5653 397 5706; x_wconf 74' lang='lat' dir='ltr'>Leo</span> <span class='ocrx_word' id='word_1_705' title='bbox 424 5654 680 5709; x_wconf 81' lang='lat' dir='ltr'>TORNULO</span> <span class='ocrx_word' id='word_1_706' title='bbox 713 5656 972 5728; x_wconf 89' lang='lat' dir='ltr'>episcopo</span> <span class='ocrx_word' id='word_1_707' title='bbox 1010 5660 1378 5730; x_wconf 88' lang='lat' dir='ltr'>Astorigensi.</span> 
     </span>
    </p>
   </div>
   <div class='ocr_carea' id='block_1_104' title="bbox 284 5747 1852 5822">
    <p class='ocr_par' dir='ltr' id='par_1_104' title="bbox 284 5747 1852 5822">
     <span class='ocr_line' id='line_1_105' title="bbox 284 5747 1852 5822; baseline 0.007 -23"><span class='ocrx_word' id='word_1_708' title='bbox 284 5747 467 5810; x_wconf 88' lang='lat' dir='ltr'>Quam</span> <span class='ocrx_word' id='word_1_709' title='bbox 497 5747 855 5805; x_wconf 87' lang='lat' dir='ltr'>laudabiliter</span> <span class='ocrx_word' id='word_1_710' title='bbox 879 5767 984 5822; x_wconf 91' lang='lat' dir='ltr'>pro</span> <span class='ocrx_word' id='word_1_711' title='bbox 1004 5753 1299 5807; x_wconf 71' lang='lat' dir='ltr'>catholicae</span> <span class='ocrx_word' id='word_1_712' title='bbox 1322 5754 1456 5808; x_wconf 85' lang='lat' dir='ltr'>ﬁdei</span> <span class='ocrx_word' id='word_1_713' title='bbox 1479 5756 1714 5810; x_wconf 88' lang='lat' dir='ltr'>veritate</span> <span class='ocrx_word' id='word_1_714' title='bbox 1734 5771 1852 5810; x_wconf 89' lang='lat' dir='ltr'>mo-</span> 
     </span>
    </p>
   </div>
   <div class='ocr_carea' id='block_1_105' title="bbox 196 5838 1852 5921">
    <p class='ocr_par' dir='ltr' id='par_1_105' title="bbox 196 5838 1852 5921">
     <span class='ocr_line' id='line_1_106' title="bbox 196 5838 1852 5921; baseline 0.007 -28"><span class='ocrx_word' id='word_1_715' title='bbox 196 5838 415 5903; x_wconf 79' lang='lat' dir='ltr'>vearis,</span> <span class='ocrx_word' id='word_1_716' title='bbox 440 5844 497 5894; x_wconf 88' lang='lat' dir='ltr'>et</span> <span class='ocrx_word' id='word_1_717' title='bbox 525 5858 698 5914; x_wconf 87' lang='lat' dir='ltr'>quam</span> <span class='ocrx_word' id='word_1_718' title='bbox 719 5844 952 5900; x_wconf 88' lang='lat' dir='ltr'>sollicite</span> <span class='ocrx_word' id='word_1_719' title='bbox 976 5846 1272 5901; x_wconf 90' lang='lat' dir='ltr'>Dominico</span> <span class='ocrx_word' id='word_1_720' title='bbox 1301 5847 1461 5921; x_wconf 84' lang='lat' dir='ltr'>gregi</span> <span class='ocrx_word' id='word_1_721' title='bbox 1489 5848 1852 5904; x_wconf 82' lang='lat' dir='ltr'>devotionem</span> 
     </span>
    </p>
   </div>
   <div class='ocr_carea' id='block_1_106' title="bbox 1946 4622 3583 4693">
    <p class='ocr_par' dir='ltr' id='par_1_106' title="bbox 1946 4622 3583 4693">
     <span class='ocr_line' id='line_1_107' title="bbox 1946 4622 3583 4693; baseline 0 -14"><span class='ocrx_word' id='word_1_722' title='bbox 1946 4624 2181 4679; x_wconf 74' lang='lat' dir='ltr'>siasticae</span> <span class='ocrx_word' id='word_1_723' title='bbox 2230 4622 2494 4688; x_wconf 89' lang='lat' dir='ltr'>lenitatis,</span> <span class='ocrx_word' id='word_1_724' title='bbox 2545 4639 2671 4693; x_wconf 63' lang='lat' dir='ltr'>quae</span> <span class='ocrx_word' id='word_1_725' title='bbox 2723 4626 2780 4676; x_wconf 86' lang='lat' dir='ltr'>et</span> <span class='ocrx_word' id='word_1_726' title='bbox 2824 4623 2869 4675; x_wconf 86' lang='lat' dir='ltr'>si</span> <span class='ocrx_word' id='word_1_727' title='bbox 2917 4622 3255 4676; x_wconf 88' lang='lat' dir='ltr'>sacerdotali</span> <span class='ocrx_word' id='word_1_728' title='bbox 3318 4629 3583 4679; x_wconf 84' lang='lat' dir='ltr'>contenta</span> 
     </span>
    </p>
   </div>
   <div class='ocr_carea' id='block_1_107' title="bbox 1938 4715 3580 4791">
    <p class='ocr_par' dir='ltr' id='par_1_107' title="bbox 1938 4715 3580 4791">
     <span class='ocr_line' id='line_1_108' title="bbox 1938 4715 3580 4791; baseline 0.001 -19"><span class='ocrx_word' id='word_1_729' title='bbox 1938 4718 2155 4791; x_wconf 91' lang='lat' dir='ltr'>judicio</span> <span class='ocrx_word' id='word_1_730' title='bbox 2214 4721 2476 4772; x_wconf 87' lang='lat' dir='ltr'>cruentas</span> <span class='ocrx_word' id='word_1_731' title='bbox 2540 4715 2756 4785; x_wconf 88' lang='lat' dir='ltr'>refugit</span> <span class='ocrx_word' id='word_1_732' title='bbox 2820 4715 3084 4785; x_wconf 90' lang='lat' dir='ltr'>ultiones,</span> <span class='ocrx_word' id='word_1_733' title='bbox 3137 4716 3343 4770; x_wconf 85' lang='lat' dir='ltr'>severis</span> <span class='ocrx_word' id='word_1_734' title='bbox 3390 4720 3580 4774; x_wconf 88' lang='lat' dir='ltr'>tamen</span> 
     </span>
    </p>
   </div>
   <div class='ocr_carea' id='block_1_108' title="bbox 1945 4808 3581 4882">
    <p class='ocr_par' dir='ltr' id='par_1_108' title="bbox 1945 4808 3581 4882">
     <span class='ocr_line' id='line_1_109' title="bbox 1945 4808 3581 4882; baseline 0.001 -16"><span class='ocrx_word' id='word_1_735' title='bbox 1945 4811 2393 4867; x_wconf 80' lang='lat' dir='ltr'>Christianorum</span> <span class='ocrx_word' id='word_1_736' title='bbox 2408 4808 2733 4881; x_wconf 88' lang='lat' dir='ltr'>principum</span> <span class='ocrx_word' id='word_1_737' title='bbox 2754 4809 3252 4864; x_wconf 87' lang='lat' dir='ltr'>constitutionibus</span> <span class='ocrx_word' id='word_1_738' title='bbox 3263 4808 3351 4882; x_wconf 88' lang='lat' dir='ltr'>adj</span> <span class='ocrx_word' id='word_1_739' title='bbox 3362 4816 3581 4881; x_wconf 84' lang='lat' dir='ltr'>uvatur,</span> 
     </span>
    </p>
   </div>
   <div class='ocr_carea' id='block_1_109' title="bbox 1946 4904 3580 4977">
    <p class='ocr_par' dir='ltr' id='par_1_109' title="bbox 1946 4904 3580 4977">
     <span class='ocr_line' id='line_1_110' title="bbox 1946 4904 3580 4977; baseline 0 -16"><span class='ocrx_word' id='word_1_740' title='bbox 1946 4908 2082 4962; x_wconf 92' lang='lat' dir='ltr'>dum</span> <span class='ocrx_word' id='word_1_741' title='bbox 2108 4906 2179 4959; x_wconf 86' lang='lat' dir='ltr'>ad</span> <span class='ocrx_word' id='word_1_742' title='bbox 2207 4904 2461 4977; x_wconf 89' lang='lat' dir='ltr'>spiritale</span> <span class='ocrx_word' id='word_1_743' title='bbox 2486 4919 2905 4974; x_wconf 89' lang='lat' dir='ltr'>nonnunquam</span> <span class='ocrx_word' id='word_1_744' title='bbox 2929 4910 3234 4959; x_wconf 86' lang='lat' dir='ltr'>recurrunt</span> <span class='ocrx_word' id='word_1_745' title='bbox 3260 4906 3580 4961; x_wconf 86' lang='lat' dir='ltr'>remedium</span> 
     </span>
    </p>
   </div>
   <div class='ocr_carea' id='block_1_110' title="bbox 1947 4996 3582 5073">
    <p class='ocr_par' dir='ltr' id='par_1_110' title="bbox 1947 4996 3582 5073">
     <span class='ocr_line' id='line_1_111' title="bbox 1947 4996 3582 5073; baseline 0.001 -18"><span class='ocrx_word' id='word_1_746' title='bbox 1947 5001 2043 5073; x_wconf 91' lang='lat' dir='ltr'>qui</span> <span class='ocrx_word' id='word_1_747' title='bbox 2068 5000 2274 5054; x_wconf 89' lang='lat' dir='ltr'>timent</span> <span class='ocrx_word' id='word_1_748' title='bbox 2302 4997 2592 5069; x_wconf 90' lang='lat' dir='ltr'>corporale</span> <span class='ocrx_word' id='word_1_749' title='bbox 2613 4996 2975 5067; x_wconf 87' lang='lat' dir='ltr'>supplicium.</span> <span class='ocrx_word' id='word_1_750' title='bbox 2996 4999 3071 5051; x_wconf 81' lang='lat' dir='ltr'><strong>Ex</strong></span> <span class='ocrx_word' id='word_1_751' title='bbox 3099 5014 3211 5069; x_wconf 91' lang='lat' dir='ltr'>quo</span> <span class='ocrx_word' id='word_1_752' title='bbox 3232 5004 3423 5054; x_wconf 87' lang='lat' dir='ltr'>autem</span> <span class='ocrx_word' id='word_1_753' title='bbox 3439 5001 3582 5057; x_wconf 70' lang='lat' dir='ltr'>mul~</span> 
     </span>
    </p>
   </div>
   <div class='ocr_carea' id='block_1_111' title="bbox 1950 5090 3579 5164">
    <p class='ocr_par' dir='ltr' id='par_1_111' title="bbox 1950 5090 3579 5164">
     <span class='ocr_line' id='line_1_112' title="bbox 1950 5090 3579 5164; baseline 0 -16"><span class='ocrx_word' id='word_1_754' title='bbox 1950 5100 2032 5149; x_wconf 85' lang='lat' dir='ltr'>tas</span> <span class='ocrx_word' id='word_1_755' title='bbox 2060 5091 2376 5164; x_wconf 91' lang='lat' dir='ltr'>provincias</span> <span class='ocrx_word' id='word_1_756' title='bbox 2407 5090 2625 5145; x_wconf 88' lang='lat' dir='ltr'>hostilis</span> <span class='ocrx_word' id='word_1_757' title='bbox 2653 5091 2949 5162; x_wconf 90' lang='lat' dir='ltr'>occupavit</span> <span class='ocrx_word' id='word_1_758' title='bbox 2979 5091 3238 5163; x_wconf 89' lang='lat' dir='ltr'>irruptio,</span> <span class='ocrx_word' id='word_1_759' title='bbox 3268 5096 3325 5147; x_wconf 88' lang='lat' dir='ltr'>et</span> <span class='ocrx_word' id='word_1_760' title='bbox 3346 5110 3579 5149; x_wconf 85' lang='lat' dir='ltr'>exsecu-</span> 
     </span>
    </p>
   </div>
   <div class='ocr_carea' id='block_1_112' title="bbox 1946 5184 3582 5258">
    <p class='ocr_par' dir='ltr' id='par_1_112' title="bbox 1946 5184 3582 5258">
     <span class='ocr_line' id='line_1_113' title="bbox 1946 5184 3582 5258; baseline -0.002 -15"><span class='ocrx_word' id='word_1_761' title='bbox 1946 5189 2166 5243; x_wconf 89' lang='lat' dir='ltr'>tionem</span> <span class='ocrx_word' id='word_1_762' title='bbox 2194 5187 2388 5258; x_wconf 89' lang='lat' dir='ltr'>legum</span> <span class='ocrx_word' id='word_1_763' title='bbox 2415 5188 2781 5255; x_wconf 87' lang='lat' dir='ltr'>tempestates</span> <span class='ocrx_word' id='word_1_764' title='bbox 2809 5184 3154 5240; x_wconf 84' lang='lat' dir='ltr'>interdixere</span> <span class='ocrx_word' id='word_1_765' title='bbox 3181 5186 3491 5255; x_wconf 84' lang='lat' dir='ltr'>bellorum;</span> <span class='ocrx_word' id='word_1_766' title='bbox 3515 5203 3582 5245; x_wconf 83' lang='lat' dir='ltr'>ex</span> 
     </span>
    </p>
   </div>
   <div class='ocr_carea' id='block_1_113' title="bbox 1948 5277 3584 5355">
    <p class='ocr_par' dir='ltr' id='par_1_113' title="bbox 1948 5277 3584 5355">
     <span class='ocr_line' id='line_1_114' title="bbox 1948 5277 3584 5355; baseline -0.001 -18"><span class='ocrx_word' id='word_1_767' title='bbox 1948 5298 2061 5355; x_wconf 90' lang='lat' dir='ltr'>quo</span> <span class='ocrx_word' id='word_1_768' title='bbox 2109 5281 2261 5334; x_wconf 91' lang='lat' dir='ltr'>inter</span> <span class='ocrx_word' id='word_1_769' title='bbox 2309 5278 2630 5333; x_wconf 81' lang='lat' dir='ltr'>sacerdotes</span> <span class='ocrx_word' id='word_1_770' title='bbox 2682 5277 2781 5332; x_wconf 90' lang='lat' dir='ltr'>Dei</span> <span class='ocrx_word' id='word_1_771' title='bbox 2831 5278 3097 5349; x_wconf 73' lang='lat' dir='ltr'>difficiles</span> <span class='ocrx_word' id='word_1_772' title='bbox 3132 5284 3486 5333; x_wconf 88' lang='lat' dir='ltr'>commeatus</span> <span class='ocrx_word' id='word_1_773' title='bbox 3526 5286 3584 5335; x_wconf 90' lang='lat' dir='ltr'>et</span> 
     </span>
    </p>
   </div>
   <div class='ocr_carea' id='block_1_114' title="bbox 1949 5371 3581 5446">
    <p class='ocr_par' dir='ltr' id='par_1_114' title="bbox 1949 5371 3581 5446">
     <span class='ocr_line' id='line_1_115' title="bbox 1949 5371 3581 5446; baseline -0.002 -16"><span class='ocrx_word' id='word_1_774' title='bbox 1949 5376 2063 5431; x_wconf 86' lang='lat' dir='ltr'>rari</span> <span class='ocrx_word' id='word_1_775' title='bbox 2095 5380 2389 5446; x_wconf 83' lang='lat' dir='ltr'>coeperunt</span> <span class='ocrx_word' id='word_1_776' title='bbox 2418 5389 2538 5427; x_wconf 88' lang='lat' dir='ltr'>esse</span> <span class='ocrx_word' id='word_1_777' title='bbox 2570 5376 2901 5439; x_wconf 89' lang='lat' dir='ltr'>conventus,</span> <span class='ocrx_word' id='word_1_778' title='bbox 2934 5372 3149 5426; x_wconf 88' lang='lat' dir='ltr'>invenit</span> <span class='ocrx_word' id='word_1_779' title='bbox 3183 5371 3252 5424; x_wconf 90' lang='lat' dir='ltr'>ad</span> <span class='ocrx_word' id='word_1_780' title='bbox 3293 5371 3581 5441; x_wconf 89' lang='lat' dir='ltr'>publicam</span> 
     </span>
    </p>
   </div>
   <div class='ocr_carea' id='block_1_115' title="bbox 1948 5465 3585 5542">
    <p class='ocr_par' dir='ltr' id='par_1_115' title="bbox 1948 5465 3585 5542">
     <span class='ocr_line' id='line_1_116' title="bbox 1948 5465 3585 5542; baseline -0.002 -19"><span class='ocrx_word' id='word_1_781' title='bbox 1948 5468 2439 5542; x_wconf 87' lang='lat' dir='ltr'>perturbationem</span> <span class='ocrx_word' id='word_1_782' title='bbox 2489 5472 2704 5521; x_wconf 86' lang='lat' dir='ltr'>secreta</span> <span class='ocrx_word' id='word_1_783' title='bbox 2756 5465 2992 5536; x_wconf 82' lang='lat' dir='ltr'>perfidia</span> <span class='ocrx_word' id='word_1_784' title='bbox 3040 5465 3377 5531; x_wconf 90' lang='lat' dir='ltr'>libertatem,</span> <span class='ocrx_word' id='word_1_785' title='bbox 3416 5468 3471 5518; x_wconf 90' lang='lat' dir='ltr'>et</span> <span class='ocrx_word' id='word_1_786' title='bbox 3513 5466 3585 5520; x_wconf 86' lang='lat' dir='ltr'>ad</span> 
     </span>
    </p>
   </div>
   <div class='ocr_carea' id='block_1_116' title="bbox 1952 5558 3582 5618">
    <p class='ocr_par' dir='ltr' id='par_1_116' title="bbox 1952 5558 3582 5618">
     <span class='ocr_line' id='line_1_117' title="bbox 1952 5558 3582 5618; baseline -0.003 0"><span class='ocrx_word' id='word_1_787' title='bbox 1952 5565 2262 5618; x_wconf 78' lang='lat' dir='ltr'>multarum</span> <span class='ocrx_word' id='word_1_788' title='bbox 2293 5562 2576 5615; x_wconf 90' lang='lat' dir='ltr'>mentium</span> <span class='ocrx_word' id='word_1_789' title='bbox 2608 5559 3032 5615; x_wconf 89' lang='lat' dir='ltr'>subversionem</span> <span class='ocrx_word' id='word_1_790' title='bbox 3069 5558 3158 5611; x_wconf 88' lang='lat' dir='ltr'>his</span> <span class='ocrx_word' id='word_1_791' title='bbox 3187 5559 3352 5611; x_wconf 88' lang='lat' dir='ltr'>malis</span> <span class='ocrx_word' id='word_1_792' title='bbox 3382 5562 3465 5613; x_wconf 87' lang='lat' dir='ltr'>est</span> <span class='ocrx_word' id='word_1_793' title='bbox 3490 5559 3582 5613; x_wconf 90' lang='lat' dir='ltr'>in-</span> 
     </span>
    </p>
   </div>
   <div class='ocr_carea' id='block_1_117' title="bbox 1950 5651 3586 5728">
    <p class='ocr_par' dir='ltr' id='par_1_117' title="bbox 1950 5651 3586 5728">
     <span class='ocr_line' id='line_1_118' title="bbox 1950 5651 3586 5728; baseline -0.003 -16"><span class='ocrx_word' id='word_1_794' title='bbox 1950 5658 2121 5712; x_wconf 88' lang='lat' dir='ltr'>citata</span> <span class='ocrx_word' id='word_1_795' title='bbox 2142 5656 2347 5728; x_wconf 87' lang='lat' dir='ltr'>quibus</span> <span class='ocrx_word' id='word_1_796' title='bbox 2374 5655 2571 5709; x_wconf 89' lang='lat' dir='ltr'>debuit</span> <span class='ocrx_word' id='word_1_797' title='bbox 2598 5671 2719 5709; x_wconf 89' lang='lat' dir='ltr'>esse</span> <span class='ocrx_word' id='word_1_798' title='bbox 2744 5656 3015 5706; x_wconf 88' lang='lat' dir='ltr'>correcta.</span> <span class='ocrx_word' id='word_1_799' title='bbox 3038 5654 3171 5715; x_wconf 70' lang='lat' dir='ltr'>Quae</span> <span class='ocrx_word' id='word_1_800' title='bbox 3192 5667 3326 5705; x_wconf 88' lang='lat' dir='ltr'>vero</span> <span class='ocrx_word' id='word_1_801' title='bbox 3349 5651 3462 5706; x_wconf 89' lang='lat' dir='ltr'>illic</span> <span class='ocrx_word' id='word_1_802' title='bbox 3486 5658 3586 5707; x_wconf 88' lang='lat' dir='ltr'>aut</span> 
     </span>
    </p>
   </div>
   <div class='ocr_carea' id='block_1_118' title="bbox 1952 5744 3580 5822">
    <p class='ocr_par' dir='ltr' id='par_1_118' title="bbox 1952 5744 3580 5822">
     <span class='ocr_line' id='line_1_119' title="bbox 1952 5744 3580 5822; baseline -0.002 -17"><span class='ocrx_word' id='word_1_803' title='bbox 1952 5755 2166 5822; x_wconf 86' lang='lat' dir='ltr'>quanta</span> <span class='ocrx_word' id='word_1_804' title='bbox 2202 5766 2332 5821; x_wconf 81' lang='lat' dir='ltr'>pars</span> <span class='ocrx_word' id='word_1_805' title='bbox 2370 5748 2623 5820; x_wconf 89' lang='lat' dir='ltr'>plebium</span> <span class='ocrx_word' id='word_1_806' title='bbox 2668 5744 2843 5818; x_wconf 87' lang='lat' dir='ltr'>pestis</span> <span class='ocrx_word' id='word_1_807' title='bbox 2888 5745 3056 5814; x_wconf 85' lang='lat' dir='ltr'>hujus</span> <span class='ocrx_word' id='word_1_808' title='bbox 3096 5744 3280 5799; x_wconf 86' lang='lat' dir='ltr'>aliena</span> <span class='ocrx_word' id='word_1_809' title='bbox 3325 5750 3429 5813; x_wconf 86' lang='lat' dir='ltr'>est,</span> <span class='ocrx_word' id='word_1_810' title='bbox 3464 5746 3580 5815; x_wconf 83' lang='lat' dir='ltr'>ubi,</span> 
     </span>
    </p>
   </div>
   <div class='ocr_carea' id='block_1_119' title="bbox 1953 5837 3585 5911">
    <p class='ocr_par' dir='ltr' id='par_1_119' title="bbox 1953 5837 3585 5911">
     <span class='ocr_line' id='line_1_120' title="bbox 1953 5837 3585 5911; baseline -0.001 -14"><span class='ocrx_word' id='word_1_811' title='bbox 1953 5845 2097 5899; x_wconf 89' lang='lat' dir='ltr'>sicut</span> <span class='ocrx_word' id='word_1_812' title='bbox 2124 5843 2365 5897; x_wconf 77' lang='lat' dir='ltr'>Charitas</span> <span class='ocrx_word' id='word_1_813' title='bbox 2395 5845 2493 5895; x_wconf 88' lang='lat' dir='ltr'>tua</span> <span class='ocrx_word' id='word_1_814' title='bbox 2522 5840 2752 5909; x_wconf 86' lang='lat' dir='ltr'>indicat,</span> <span class='ocrx_word' id='word_1_815' title='bbox 2788 5837 2983 5891; x_wconf 88' lang='lat' dir='ltr'>Iethali</span> <span class='ocrx_word' id='word_1_816' title='bbox 3016 5839 3214 5892; x_wconf 87' lang='lat' dir='ltr'>morbo</span> <span class='ocrx_word' id='word_1_817' title='bbox 3245 5838 3413 5894; x_wconf 84' lang='lat' dir='ltr'>etiam</span> <span class='ocrx_word' id='word_1_818' title='bbox 3445 5856 3585 5911; x_wconf 87' lang='lat' dir='ltr'>quo-</span> 
     </span>
    </p>
   </div>
  </div>
