4062 6188
546 265 649 319 895

1439 260 1720 318 ΑΡΡΕΝΙ).
1765 262 1853 316 AD
1890 260 2047 318 SEC.
2092 263 2177 316 1X.
2206 291 2274 301 —
2314 260 2555 317 lSIDORl
2593 254 3016 316 MERCATORIS

3744 270 3824 319 896

538 368 801 423 rum‘dam
853 369 1211 423 sacerdotum
1253 369 1425 423 corda
1474 373 1743 440 corrupta
1791 373 1941 437 sunt,
1975 372 2032 423 et
2074 385 2178 440 per
2198 384 2258 456 Α
2278 370 2350 423 sit
2378 369 2474 441 qui
2508 371 2629 422 erat
2656 370 2804 423 Deus
2833 367 3101 435 Verbum,
3134 369 3191 420 et
3220 365 3290 421 de
3326 367 3477 419 Patre
3503 382 3652 424 nemo
3674 369 3733 424 sit
3756 387 3830 443 ge-

542 478 685 532 quos
715 460 1095 531 opprimenda
1119 461 1331 516 falsitas
1358 468 1416 517 et
1439 461 1794 518 defendenda
1821 464 2029 517 veritas
2055 464 2173 517 fuc-

541 556 631 607 rat
659 568 763 623 per
789 553 937 622 ipsos
963 554 1234 609 doctrinas
1276 555 1609 610 Priscilliani
1645 556 2013 627 Evangelium
2043 556 2174 610 sub-

544 645 697 699 ditur
721 646 949 714 Christi,
983 651 1046 702 ut
1077 648 1151 702 ad
1180 650 1448 720 profanos
1491 666 1690 704 sensus
1716 650 1924 720 pietate
1953 652 2175 703 sancto-

542 755 671 792 rum
697 738 1051 794 voluminum
1085 741 1413 813 depravata,
1445 743 1547 796 sub
1580 742 1906 797 nominibus
1937 741 2179 813 prOphe-

540 834 730 886 tarum
753 837 809 885 et
827 835 1212 903 apostolorum
1231 853 1345 889 non
1363 835 1470 890 hoc
1493 835 1854 907 praedicetur,
1878 836 2028 906 quod
2053 834 2177 905 Spi-

540 925 680 979 ritus
708 930 938 980 sanctus
968 926 1179 997 docuit,
1206 928 1301 982 sed
1330 928 1488 1000 quod
1522 928 1733 983 diaboli
1762 928 2022 982 minister
2041 927 2181 980 inse-

544 1020 677 1073 ruit.
716 1019 857 1084 Quia
899 1036 1037 1092 ergo
1086 1021 1311 1076 dilectio
1353 1025 1466 1075 tuaa
1498 1021 1631 1076 fidei
1676 1025 1954 1092 quantum
1996 1020 2182 1091 potuit

542 1112 836 1182 diligentia
864 1113 1157 1168 damnatas
1178 1115 1312 1169 olim
1342 1115 1637 1186 opiniones
1666 1114 1861 1169 decem
1884 1120 1938 1168 et
1957 1118 2177 1185 septem

545 1205 806 1277 capitulis
835 1208 1291 1278 comprehendit,
1324 1225 1426 1263 nos
1457 1225 1682 1280 quoque
1712 1207 1950 1262 strictim
1990 1206 2181 1260 omnia

542 1303 929 1366 retractemus,
966 1316 1035 1355 ne
1080 1301 1295 1372 aliquid
1325 1302 1533 1355 harum
1576 1300 2056 1373 blasphemiarum
2085 1305 2181 1355 aut

544 1392 837 1447 tolerabile
864 1393 1119 1447 videatur
1148 1400 1246 1448 aut
1273 1395 1533 1449 dubium.

617 1486 655 1539 l.
710 1486 899 1539 Primo
970 1487 1167 1557 itaque
1231 1488 1476 1558 capitulo
1538 1488 1962 1543 demonstratur
2010 1502 2179 1558 quam

545 1577 719 1648 impie
763 1579 1018 1633 sentiunt
1048 1579 1117 1634 de
1143 1580 1415 1635 Trinitate
1442 1581 1650 1648 divina,
1685 1580 1784 1651 qui
1813 1585 1869 1634 et
1897 1580 2098 1647 Patris,
2127 1582 2183 1633 et

544 1670 689 1738 Filii,
710 1677 765 1726 et
785 1671 1028 1742 Spiritus
1049 1673 1226 1727 sancti
1247 1690 1419 1728 unam
1441 1677 1611 1746 atque
1635 1674 1900 1729 eamdem
1921 1675 2184 1727 asserunt

544 1781 663 1819 esse
704 1782 1027 1836 personam,
1073 1771 1348 1837 tanquam
1389 1767 1546 1821 idem
1594 1768 1764 1834 Deus,
1797 1784 1949 1821 nunc
1994 1756 2252 1834 Pater,B

549 1874 701 1912 nunc
733 1857 922 1926 Filius,
958 1876 1110 1913 nunc
1153 1860 1397 1931 Spiritus
1435 1864 1662 1915 sanctus
1692 1861 2038 1928 nominetur,
2076 1877 2178 1914 nec

541 1951 684 2005 alius
711 1951 782 2006 sit
808 1953 907 2022 qui
934 1952 1152 2023 genuit,
1183 1953 1325 2007 alius
1370 1954 1468 2025 qui
1506 1954 1732 2025 genitus
1763 1958 1868 2023 est,
1902 1954 2045 2009 alius
2081 1954 2177 2026 qui

542 2041 609 2099 de
638 2047 878 2116 utroque
917 2046 1207 2117 processit,
1238 2047 1335 2101 sed
1363 2047 1665 2118 singularis
1693 2048 1877 2101 unitas
1914 2048 1971 2101 in
2000 2047 2179 2101 tribus

544 2137 777 2209 quidem
808 2139 1115 2205 vocabulis,
1140 2139 1237 2193 sed
1265 2155 1382 2193 non
1409 2140 1590 2194 tribus
1618 2139 1689 2194 sit
1715 2140 2039 2211 accipienda
2059 2157 2178 2211 per-

544 2230 716 2285 sonis.
749 2230 906 2295 Quod
935 2232 1306 2303 blasphemiae
1346 2248 1529 2302 genus
1559 2232 1629 2287 de
1657 2233 1881 2288 Sabellii
1909 2233 2178 2303 opinione

546 2330 930 2395 sumpserunt,
998 2325 1157 2395 cujus
1222 2325 1483 2396 discipuli
1544 2325 1717 2380 etiam
1783 2326 2178 2398 Patripassiani

542 2417 746 2471 merito
790 2423 1208 2489 nuncupantur,
1243 2419 1377 2490 quia
1408 2419 1454 2473 si
1499 2419 1620 2490 ipse
1664 2424 1748 2474 est
1787 2419 1959 2474 Filius
1992 2421 2092 2491 qui
2122 2424 2178 2475 et

542 2507 722 2578 Pater,
757 2526 887 2564 crux
938 2510 1056 2565 Filii
1102 2511 1281 2566 Patris
1326 2516 1411 2567 est
1458 2512 1663 2583 passio,
1691 2517 1747 2567 et
1792 2512 2071 2584 quidquid
2119 2512 2175 2567 in

541 2601 722 2658 forma
747 2604 892 2658 servi
922 2604 1094 2658 Filius
1120 2605 1270 2658 Patri
1310 2604 1628 2660 obediendo
1661 2606 1953 2676 sustinuit,
1988 2610 2175 2661 totum

542 2695 601 2750 in
629 2714 685 2751 se
711 2698 876 2752 Pater
902 2698 1024 2769 ipse
1062 2699 1326 2769 suscepit.
1372 2698 1532 2763 Quod
1578 2699 1867 2754 catholicae
1896 2699 2026 2754 ﬁdei
2059 2700 2176 2754 sine

544 2789 913 2860 ambiguitate
947 2791 1292 2845 contrarium
1323 2797 1426 2858 est,
1458 2809 1587 2863 qua:
1612 2792 1949 2847 Trinitatem
1990 2794 2174 2848 unita-

540 2880 613 2936 tis
633 2882 710 2936 sic
735 2890 964 2951 ὁμούσιον
991 2884 1316 2948 confitetur,
1338 2888 1400 2938 ut
1421 2885 1649 2938 Patrem
1671 2890 1729 2939 et
1748 2884 1953 2938 Filium
1972 2892 2027 2940 et
2053 2887 2176 2956 Spi-

544 2974 719 3029 ritum
741 2975 861 3029 sine
887 2976 1219 3030 confusione
1243 2976 1530 3046 indivisos,
1553 2977 1674 3031 sine
1703 2981 1958 3049 tempore
1976 2980 2180 3050 sempi-

546 3070 760 3134 ternos,
793 3069 913 3123 sine
943 3068 1261 3125 ditferentia
1289 3071 1483 3125 credat
1514 3072 1775 3142 aequales,
1800 3072 1931 3143 quia
1962 3073 2176 3127 unitate

638 3121 647 3122 ,
687 3121 699 3123 -
724 3121 759 3134 ,,
804 3121 837 3123 γ-
872 3121 907 3123 η
1518 3121 1775 3142 --Γ---η
1804 3121 1931 3143 Tm
1966 3121 2172 3127 ---πη

543 3160 603 3215 in
647 3160 977 3216 Trinitatem
1017 3179 1135 3217 non
1185 3180 1250 3218 ex
1299 3164 1495 3220 eadem
1538 3181 1797 3235 persona,
1846 3166 1942 3221 sed
1980 3121 2252 3221 eademC

541 3255 790 3326 implent
816 3256 1084 3311 essentia.

616 3350 679 3403 ll.
701 3350 758 3403 In
782 3349 1031 3404 secundo
1052 3348 1301 3421 capitulo
1315 3351 1565 3405 ostendit
1581 3351 1837 3423 ineptum
1851 3369 2176 3424 vanumque

541 3448 927 3497 commentum
947 3442 1016 3497 de
1035 3443 1488 3514 processionibus
1504 3446 1887 3516 quarumdam
1899 3447 2176 3502 virtutum

544 3552 611 3591 ex
646 3537 762 3591 Deo
792 3553 931 3608 quas
979 3536 1190 3592 habere
1234 3537 1485 3609 coeperit,
1515 3543 1573 3593 et
1617 3555 1754 3610 quas
1801 3541 2043 3595 essentia
2080 3558 2177 3595 sua

543 3628 664 3700 ipse
714 3629 1085 3701 praecesserit.
1133 3631 1193 3685 ln
1236 3648 1348 3702 quo
1397 3630 1739 3687 Arianorum
1789 3633 2178 3705 suffragantur

540 3722 718 3777 errori
761 3721 1071 3778 dicentium
1116 3724 1269 3795 quod
1314 3726 1481 3778 Pater
1526 3724 1664 3779 Filio
1711 3726 1868 3797 prior
1911 3726 2001 3794 sit,
2041 3727 2177 3798 quia

542 3815 715 3871 fuerit
739 3816 1047 3888 aliquando
1077 3816 1196 3872 sine
1230 3816 1384 3886 Filio,
1415 3824 1470 3872 et
1500 3823 1635 3872 tunc
1663 3820 1831 3874 Pater
1855 3837 1971 3875 esse
2000 3838 2178 3893 caspe-

544 3910 636 3977 rit,
662 3910 892 3981 quando
922 3911 1123 3965 Filium
1154 3911 1433 3983 genuerit.
1456 3911 1567 3966 Sed
1590 3912 1733 3967 sicut
1762 3913 1881 3967 illos
1907 3915 2176 3969 catholica

542 4003 784 4059 Ecclesia
812 4003 1142 4072 detestatur,
1172 4005 1252 4058 ita
1278 4010 1334 4060 et
1369 4005 1508 4059 istos
1549 4006 1650 4077 qui
1680 4011 1884 4077 putant
1926 4025 2178 4080 unquam

545 4095 655 4152 Deo
684 4097 737 4152 id
768 4097 922 4168 quod
966 4097 1218 4168 ejusdem
1261 4100 1345 4152 est
1391 4098 1655 4153 essentia:
1695 4098 1959 4154 defuisse.
1994 4101 2177 4165 Quem

543 4191 688 4245 sicut
725 4189 1062 4244 mutabilem
1106 4190 1184 4245 ita
1213 4191 1605 4261 proficientem
1655 4192 1844 4247 dicere
1877 4194 2039 4248 nefas
2072 4200 2172 4250 est.

524 4284 730 4347 ‘Qnam
773 4282 928 4336 enim
962 4285 1216 4337 mutatur
1246 4283 1397 4355 quod
1441 4283 1739 4352 minuitur,
1767 4290 1887 4340 tam
1924 4290 2178 4344 mutatur

546 4376 716 4430 etiam
746 4376 898 4447 quod
925 4379 1188 4447 augetur.
1760 4390 1765 4395 ‘

617 4469 699 4524 III.
750 4469 921 4524 Tertii
970 4486 1104 4524 vero
1159 4470 1390 4541 capituli
1446 4488 1633 4526 sermo
1688 4472 1969 4545 designat,
2019 4476 2171 4547 quod

540 4562 694 4619 idem
744 4563 905 4635 impii
959 4567 1234 4632 asserant,
1290 4564 1417 4619 ideo
1486 4566 1854 4637 unigenitum
1911 4568 2020 4623 dici
2082 4570 2172 4624 Fi-

539 4657 680 4711 lium
725 4657 846 4723 Dei,
888 4657 1023 4729 quia
1072 4658 1224 4713 solus
1271 4659 1342 4713 sit
1384 4662 1551 4713 natus
1600 4675 1667 4714 ex
1713 4660 1962 4732 Virgine.
2013 4662 2172 4727 Quod

542 4751 737 4822 utique
765 4766 883 4805 non
911 4751 1188 4806 auderent
1234 4751 1443 4823 dicere,
1477 4753 1589 4807 nisi
1617 4754 1775 4808 Pauli
1821 4754 2174 4811 Samosateni

543 4849 599 4898 et
638 4843 864 4898 Photini
905 4842 1058 4898 virus
1107 4845 1445 4915 hausissent,
1493 4846 1591 4918 qui
1633 4847 1825 4903 dixere
1866 4849 2173 4905 Dominum

543 4942 799 4991 nostrum
828 4938 1019 4991 .lesum
1056 4938 1365 5007 Christum,
1394 4946 1698 5012 antequam
1739 4951 2067 4997 nasceretur
2101 4960 2172 4999 ex

538 5030 761 5101 virgine
790 5030 955 5085 Maria
984 5048 1101 5086 non
1141 5033 1328 5087 fuisse.
1360 5033 1418 5089 Si
1458 5039 1650 5089 autem
1677 5034 1769 5089 isti
1792 5034 1944 5090 aliud
1976 5036 2046 5092 de
2068 5054 2170 5092 suo

542 5140 711 5178 sensu
751 5123 992 5195 intelligi
1032 5126 1232 5180 volunt
1271 5133 1441 5198 atque
1491 5126 1839 5200 principium
1879 5129 1947 5183 de
1987 5136 2171 5185 matre

540 5218 681 5273 dant
707 5218 947 5285 Christo,
979 5223 1237 5273 asserant
1272 5236 1501 5276 necesse
1532 5227 1618 5276 est
1660 5238 1777 5277 non
1823 5239 2007 5277 unum
2050 5240 2170 5279 esse

540 5311 741 5367 Filium
766 5312 884 5380 Dei,
913 5312 1008 5367 sed
1034 5312 1173 5368 alios
1202 5329 1432 5386 quoque
1478 5331 1542 5369 ex
1590 5331 1815 5370 summo
1844 5317 2007 5370 Patre
2033 5334 2168 5388 pro-

539 5406 783 5477 genitos,
811 5422 1056 5478 quorum
1098 5406 1192 5462 hic
1235 5423 1384 5461 unus
1417 5407 1490 5462 sit
1532 5413 1695 5462 natus
1740 5425 1809 5463 ex
1850 5408 2087 5479 femina,
2116 5415 2173 5465 et

538 5500 629 5555 hic
649 5500 720 5554 ob
742 5501 850 5555 hoc
868 5500 1191 5572 appellatur
1211 5500 1558 5571 unigenitus,
1583 5502 1718 5572 quia
1740 5502 1882 5556 hanc
1904 5503 2171 5559 nascendi

539 5593 922 5648 conditionem
978 5593 1121 5648 alius
1171 5594 1420 5649 ﬁliorum
1482 5593 1579 5648 Dei
1623 5611 1793 5650 nemo
1838 5599 2168 5669 susceperit.

540 5688 775 5757 Quoquo
797 5702 1023 5741 versum
1051 5687 1227 5757 igitur
1253 5703 1309 5742 se
1330 5687 1695 5755 contulerint,
1717 5689 1776 5742 in
1799 5705 2026 5761 magna:
2051 5696 2171 5747 ten-

547 5777 692 5830 dunt
732 5778 1040 5848 impietatis
1082 5778 1411 5851 abruptum,
1443 5780 1488 5834 si
1520 5780 1811 5836 Christum
1855 5783 2054 5853 Deum,
2082 5785 2169 5840 vel

546 5882 611 5920 ex
643 5872 825 5921 matre
851 5869 1049 5924 volunt
1089 5870 1302 5925 habere
1346 5871 1710 5944 principium,
1744 5854 1831 5929 vel
1863 5877 2036 5931 Patris
2071 5878 2172 5933 Dei

548 5952 907 6023 unigenitum
958 5956 1293 6023 diffitentur,
1327 5974 1456 6013 cum
1485 5964 1540 6015 et
1588 5960 1656 6017 de
1700 5966 1882 6018 matre
1921 5965 1965 6018 is
2007 5971 2170 6023 natus

2192 4496 2252 4567 D
2275 4476 2518 4547 deperit,
2543 4475 2677 4547 quia
2703 4492 2824 4530 esse
2846 4476 2925 4530 illi
2953 4476 3103 4547 quod
3136 4482 3221 4530 est
3248 4475 3655 4547 sempiternum
3680 4480 3852 4567 sempet'

2284 463 2438 516 nitus
2464 466 2674 534 praeter
2698 460 2969 515 Verbum.

2351 558 2436 610 ιν.
2468 558 2677 623 Quarto
2706 558 2901 609 autem
2929 553 3172 624 capitulo
3205 552 3516 607 continetur
3539 553 3677 624 quod
3711 559 3832 610 nata-

2281 651 2394 702 lem
2450 648 2676 716 Christi,
2728 664 2900 719 quem
2956 646 3274 700 secundum
3330 646 3709 716 susceptionem
3748 650 3836 702 veri

2279 741 2529 796 hominis
2556 741 2832 795 catholica
2858 740 3096 795 Ecclesia
3123 739 3579 809 veneratur,quia
3599 760 3625 786 «
3643 740 3838 796 Verbum

2280 852 2411 889 caro
2440 835 2657 889 factum
2684 840 2788 903 est,
2824 838 2881 887 et
2907 832 3181 887 habitavit
3204 832 3265 886 in
3294 831 3454 886 nobis
3481 831 3637 899 (Joan.
3661 849 3693 901 i,
3716 834 3835 902 15),»

2278 945 2394 983 non
2424 944 2550 983 vere
2588 928 2678 982 isti
2709 928 3012 995 honorent,
3047 926 3144 980 sed
3189 925 3473 979 honorare
3512 941 3567 979 se
3608 924 3839 995 simulent,

2274 1022 2601 1092 jejunantes
2632 1022 2834 1075 eodem
2869 1019 2960 1074 die
2988 1019 3131 1073 sicut
3159 1024 3216 1073 et
3245 1018 3339 1072 die
3373 1017 3667 1083 Dominico,
3687 1018 3838 1088 quiest

2281 1114 2401 1169 dies
2430 1114 2857 1168 resurrectionis
2876 1112 3104 1168 Christi.
3129 1112 3289 1176 Quod
3318 1111 3509 1181 utique
3528 1111 3641 1165 ideo
3657 1110 3839 1181 faciunt,

2280 1208 2412 1279 quia
2451 1207 2739 1261 Christum
2786 1206 3101 1261 Dominum
3149 1205 3209 1259 in
3249 1220 3383 1260 vera
3423 1204 3652 1257 hominis
3688 1210 3840 1259 natura

2280 1305 2474 1354 natum
2507 1317 2627 1354 esse
2657 1316 2774 1354 non
2801 1298 3061 1367 credunt,
3090 1297 3188 1353 sed
3229 1314 3334 1370 per
3358 1296 3652 1368 quamdam
3677 1296 3840 1351 illusio-

2284 1410 2416 1447 nem
2446 1396 2730 1447 ostentata
2758 1391 2937 1447 videri
2965 1391 3184 1458 volunt,
3215 1407 3345 1461 quas
3376 1405 3503 1444 vera
3535 1406 3637 1442 non
3662 1390 3840 1451 fuerint.

2280 1492 2582 1557 sequentes
2612 1486 2823 1556 dogma
2865 1484 3135 1541 Cerdonis
3179 1487 3358 1554 atque
3386 1482 3679 1550 Marcionis,
3704 1486 3750 1535 et
3774 1498 3841 1535 co-

2284 1580 2467 1650 gnatis
2496 1579 2609 1633 suis
2645 1577 2961 1633 Manichazis
2994 1594 3100 1649 per
3128 1576 3325 1632 omnia
3352 1574 3745 1630 concordantes.
3768 1576 3844 1637 Qui

2284 1674 2425 1727 sicut
2452 1673 2508 1726 in
2538 1676 2733 1729 nostro
2766 1672 3033 1727 examine
3060 1670 3269 1726 detecti
3296 1674 3467 1740 atque
3497 1668 3715 1723 convicti
3731 1673 3843 1735 sunt,

2277 1766 2630 1821 Dominicum
2663 1765 2815 1819 diem
2857 1781 3028 1837 quem
3074 1764 3239 1819 nobis
3282 1762 3573 1819 Salvatoris
3612 1761 3761 1815 nostri
3780 1777 3843 1815 re-

2279 1859 2552 1914 surrectio
2599 1858 2969 1924 consecravit,
3015 1857 3253 1928 exigunt
3302 1856 3361 1910 in
3407 1870 3639 1910 maerore
3670 1854 3845 1925 jejunii,

2280 1953 2406 2020 soli,
2441 1958 2501 2007 ut
2526 1952 2815 2022 proditum
2844 1956 2947 2019 est,
2979 1949 3308 2005 reverentia:
3334 1950 3481 2003 hanc
3503 1947 3844 2003 continentiam

2280 2046 2635 2115 devoventes,
2662 2049 2724 2099 ut
2750 2062 2851 2116 per
2878 2044 3070 2099 omnia
3098 2043 3212 2097 sint
3237 2060 3271 2097 a
3296 2049 3509 2098 nostrae
3534 2040 3657 2095 fidei
3682 2040 3844 2094 unitate

2281 2139 2585 2205 discordes,
2616 2142 2675 2193 et
2703 2138 2824 2192 dies
2855 2138 2950 2208 qui
2983 2155 3017 2191 a
3055 2136 3220 2192 nobis
3252 2153 3383 2191 cum
3417 2135 3606 2189 laetitia
3644 2133 3844 2198 habetur,

2280 2231 2350 2285 ab
2386 2231 2493 2285 illis
2520 2231 2579 2284 in
2619 2230 2927 2285 afflictione
2971 2230 3230 2285 ducatur.
3266 2228 3431 2283 [nde
3473 2228 3693 2299 dignum
3721 2230 3848 2279 estut

2278 2324 2494 2378 inimici
2539 2325 2722 2379 crucis
2761 2323 2965 2378 Christi
2998 2328 3053 2378 et
3097 2322 3534 2377 resurrectionis
3562 2324 3721 2393 talem
3744 2318 3846 2372 acci-

2277 2418 2438 2488 piant
2474 2420 2811 2473 sententiam
2839 2417 3065 2489 qualem
3098 2416 3323 2487 elegere
3354 2415 3684 2470 doctrinam.

2349 2513 2412 2566 V.
2443 2511 2651 2575 Quinto
2693 2515 2886 2565 autem
2929 2510 3173 2582 capitulo
3201 2509 3453 2564 refertur
3476 2509 3623 2581 quod
3652 2508 3849 2561 animam

2279 2605 2528 2659 hominis
2554 2605 2759 2659 divina:
2784 2607 3037 2659 asserant
3064 2620 3184 2658 esse
3230 2603 3583 2672 substantiae,
3612 2618 3704 2656 nec
3725 2616 3752 2653 a
3771 2615 3848 2654 na-

2278 2703 2408 2752 tura
2431 2698 2707 2752 Creatoris
2751 2698 2838 2751 sui
2889 2696 3227 2752 conditionis
3259 2703 3473 2750 nostrae
3516 2697 3705 2751 distare
3731 2699 3853 2747 natu-

2281 2809 2425 2846 ram.
2452 2792 2635 2856 Quam
2667 2792 3023 2862 impietatem
3053 2807 3120 2845 ex
3151 2790 3623 2861 phi1050phorum
3643 2802 3855 2860 quorum-

2278 2885 2407 2939 dam
2435 2888 2490 2938 et
2517 2882 2961 2939 Manichaeorum
2990 2884 3258 2955 opinione
3284 2887 3619 2937 manantem
3637 2879 3882 2959 catholica.

2277 2978 2417 3033 fides
2444 2978 2697 3045 damnat,
2726 2979 2910 3033 sciens
2938 2977 3152 3031 nullam
3190 2980 3306 3031 tam
3341 2977 3641 3031 sublimem
3679 2981 3852 3042 tamque

2276 3072 2629 3144 praecipuam
2669 3088 2791 3127 esse
2821 3073 3100 3126 facturam
3136 3071 3223 3126 cui
3262 3072 3411 3126 Deus
3443 3071 3564 3143 ipse
3590 3073 3763 3123 natura
3787 3067 3852 3118 sit.

2275 3166 2436 3229 Quod
2463 3166 2621 3220 enim
2652 3166 2722 3220 de
2767 3165 2952 3236 seipso
2981 3171 3083 3232 est,
3118 3164 3174 3219 id
3202 3171 3306 3233 est,
3339 3165 3495 3235 quod
3543 3164 3674 3235 ipse.
3703 3161 3792 3215 Nec
3814 3158 3852 3211 id

2275 3259 2432 3314 aliud
2470 3262 2557 3313 est
2595 3275 2770 3331 quam
2816 3259 2986 3313 Filius
3025 3264 3081 3314 et
3123 3259 3362 3331 Spiritus
3415 3261 3656 3313 sanctus.
3694 3256 3854 3309 Praeter

2276 3353 2421 3407 hanc
2442 3356 2633 3407 autem
2665 3368 2904 3407 summa;
2937 3352 3244 3420 Trinitatis,
3268 3368 3449 3406 unam
3478 3346 3854 3405 consubstantia-

2275 3446 2385 3501 lem
2402 3450 2458 3501 et
2469 3446 2779 3517 sempitern
2787 3463 2878 3501 am
2893 3449 3061 3517 atque
3074 3445 3605 3501 incommutabilem
3618 3442 3852 3501 deitatem.

2278 3539 2421 3593 nihil
2444 3540 2704 3594 omnium
2732 3544 3126 3595 creaturarum
3155 3545 3258 3607 est,
3281 3540 3439 3610 quod
3460 3556 3573 3593 non
3598 3537 3654 3591 in
3677 3531 3853 3590 exordio

2277 3635 2363 3689 sui
2388 3651 2455 3689 ex
2487 3635 2665 3690 nihilo
2694 3641 2947 3690 creatum
2974 3635 3066 3690 sit.
3098 3636 3217 3690 Non
3244 3640 3443 3689 autem
3467 3631 3722 3706 quidquid
3746 3630 3854 3682 inter

2276 3732 2562 3782 creaturas
2587 3728 2803 3782 eminet
2830 3729 2977 3782 Deus
3009 3732 3114 3796 est,
3146 3745 3251 3782 nec
3280 3728 3325 3781 si
3356 3728 3497 3799 quid
3529 3737 3776 3796 magnum
3793 3724 3854 3773 est

2277 3824 2447 3891 atque
2474 3821 2734 3875 mirabile
2764 3822 2874 3876 hoc
2900 3827 2985 3876 est
3027 3821 3185 3893 quod
3231 3821 3324 3875 ille
3356 3843 3384 3869 ‹‹
3418 3821 3518 3893 qui
3561 3819 3682 3873 facit
3719 3814 3850 3869 mira-

2276 3914 2411 3968 bilia
2438 3931 2648 3985 magna
2674 3915 2824 3969 solus
2851 3916 3017 3986 (Psal.
3038 3931 3180 3981 Lxxi,
3214 3916 3319 3983 t8).
3346 3937 3374 3963 ››
3404 3916 3584 3970 Nemo
3613 3909 3852 3966 hominum

2276 4007 2503 4077 veritas,
2536 4024 2705 4062 nemo
2732 4008 2954 4078 justitia
2984 4013 3089 4076 est,
3123 4008 3220 4062 sed
3252 4007 3417 4062 multi
3454 4006 3735 4079 participes
3758 4003 3853 4055 sunt

2278 4101 2526 4155 veritatis
2570 4106 2625 4156 et
2670 4101 2964 4172 sapientia
3011 4105 3182 4173 atque
3224 4100 3482 4172 justitiaz.
3519 4100 3673 4156 Solus
3705 4099 3851 4150 autem

2279 4195 2420 4247 Deus
2445 4194 2656 4248 nullius
2681 4193 3127 4266 participationis
3149 4195 3360 4266 dignus
3386 4201 3495 4249 est.
3523 4195 3597 4248 De
3617 4206 3719 4263 quo
3735 4185 3853 4259 quid.

2276 4287 2416 4358 quid
2445 4288 2617 4359 digne
2649 4290 2936 4359 utcunque
2977 4289 3238 4353 sentitur,
3272 4305 3389 4343 non
3427 4287 3663 4359 qualitas
3688 4288 3759 4339 est
3779 4274 3851 4334 sed

2277 4382 2535 4436 essentia.
2584 4381 3047 4436 Incommutabili
3090 4382 3243 4436 enim
3296 4382 3443 4437 nihil
3489 4379 3708 4445 accedit,
3747 4371 3850 4428 nihil

2278 4572 2364 4623 est
2390 4569 2710 4640 proprium.
2734 4569 2892 4624 Unde
2916 4570 2975 4623 in
3007 4585 3065 4624 se
3091 4585 3335 4624 manens
3361 4569 3592 4623 innovat
3618 4563 3849 4624 omnisne!

2276 4662 2415 4715 nihil
2449 4662 2655 4734 accipit
2679 4663 2831 4734 quod
2858 4663 2976 4733 ipse
3006 4679 3120 4716 non
3146 4662 3319 4717 dedit.
3348 4662 3599 4716 Nimium
3627 4658 3778 4729 igitur
3790 4667 3852 4706 su-

2274 4755 2452 4826 perbi,
2477 4756 2835 4827 nimiumque
2867 4760 2999 4811 sunt
3028 4756 3180 4823 caeci,
3210 4755 3309 4827 qui
3338 4772 3471 4810 cum
3493 4754 3683 4809 dicunt
3702 4751 3851 4805 huma-

2273 4865 2406 4902 nam
2435 4849 2684 4903 animam
2713 4849 2965 4904 divinam
2991 4866 3111 4904 esse
3139 4849 3542 4917 substantiam,
3564 4863 3672 4902 non
3691 4836 3850 4898 intelli-

2276 4948 2418 5012 gunt
2443 4942 2587 4996 nihil
2617 4960 2675 4997 se
2696 4942 2845 4998 aliud
2876 4943 3060 4998 dicere
3092 4960 3263 5014 quam
3289 4945 3471 4998 Deum
3511 4957 3627 4997 esse
3654 4931 3847 4992 mutabi-

2272 5038 2406 5104 lem,
2435 5042 2491 5092 et
2517 5036 2702 5107 ipsum
2735 5036 2960 5108 perpeti
3002 5037 3278 5109 quidquid
3320 5040 3511 5108 potest
3538 5038 3737 5089 natura:
3761 5026 3848 5097 ejus

2272 5129 2482 5184 inferri.

2343 5222 2423 5276 VI.
2457 5223 2629 5278 Sexta
2655 5223 2948 5278 annotatio
2976 5220 3186 5279 indicat
3215 5240 3309 5278 eos
3353 5222 3565 5289 dicere,
3594 5214 3732 5292 quod
3756 5209 3847 5267 dia-

2271 5316 2435 5370 bolus
2463 5333 2759 5388 nunquam
2784 5316 2962 5372 fuerit
3003 5317 3204 5387 bonus,
3232 5333 3336 5372 nec
3362 5321 3567 5370 natura
3594 5314 3702 5383 ejus
3723 5302 3845 5377 opiﬁ'

2273 5409 2421 5463 cium
2452 5409 2549 5464 Dei
2582 5410 2671 5477 sit,
2695 5409 2796 5465 sed
2824 5426 2955 5465 eum
2979 5426 3042 5464 ex
3064 5410 3207 5465 chao
3234 5413 3292 5465 et
3317 5408 3567 5464 tenebris
3587 5397 3843 5461 emersisse,

2273 5503 2405 5576 quia
2430 5503 2643 5558 scilicet
2672 5504 2897 5559 nullum
2926 5505 3011 5560 sui
3040 5505 3245 5559 habeat
3263 5508 3573 5565 auctorem,
3598 5497 3687 5553 sed
3705 5488 3845 5550 omnis

2276 5597 2548 5668 maliipse
2575 5598 2647 5652 sit
2677 5597 3023 5670 principium
3058 5604 3232 5670 atque
3263 5595 3597 5663 substantia,
3615 5605 3728 5648 cum
3741 5578 3844 5640 ﬁdes

2272 5707 2406 5745 vera
2438 5707 2565 5762 quae.
2605 5694 2689 5745 est
2728 5692 3003 5747 catholica
3047 5690 3302 5747 omnium
3348 5692 3732 5747 creaturarum.
3759 5675 3842 5730 Si“

2273 5784 2674 5855 spiritualium,
2713 5785 2828 5841 sive
2872 5785 3275 5859 corporalium,
3315 5784 3529 5839 bonam
3570 5772 3845 5870 conﬁteatur

2272 5876 2666 5943 substantiam,
2716 5882 2772 5933 et
2818 5879 2955 5933 mali
3005 5880 3220 5935 nullam
3277 5893 3389 5933 esse
3447 5882 3711 5935 naturam,
3742 5876 3843 5935 qu“

2276 5972 2441 6037 Deus,
2460 5971 2556 6043 qui
2586 5972 2967 6029 universitatis
2984 5977 3066 6028 est
3094 5972 3372 6045 conditor,
3389 5971 3535 6029 nihil
3557 5982 3658 6022 non
3675 5964 3840 6018 bonum
