4062 6188
146 297 237 348 897
1370 295 1841 354 DECRETALIUM
1883 298 2269 355 OHLLECTIU.

3392 310 3496 361 898

148 403 290 455 fecit.
322 403 477 458 Unde
510 407 568 456 et
602 404 859 458 diabolus
905 406 1091 460 bonus
1121 411 1285 474 esset,
1318 408 1363 461 si
1406 409 1463 461 in
1504 425 1570 462 eo
1616 409 1765 480 quod
1791 422 1847 492 Α
1868 408 2118 479 terquod
2132 408 2339 461 animm
2353 408 2650 463 hominum
2666 409 3001 481 priusquam
3027 412 3142 464 suis
3163 412 3501 481 inspiraren-

145 496 315 549 l‘actus
340 500 423 550 est
451 503 834 567 permaneret.
868 498 979 553 Sed
1008 499 1141 570 quia
1165 501 1412 555 naturali
1440 502 1767 557 excellentia

143 589 287 643 male
321 607 449 643 usus
477 595 581 656 est,
611 594 669 644 et
703 591 762 644 in
790 591 1022 646 veritate
1055 609 1172 647 non
1198 594 1373 661 stetit,
1402 611 1514 649 non
1547 596 1603 650 in
1630 612 1765 649 con—

144 682 374 737 trariam
404 683 627 739 transiit
656 684 1054 751 substantiam,
1078 686 1176 741 sed
1200 704 1233 741 a
1251 704 1479 744 summo
1508 689 1658 744 bono
1677 691 1764 744 cui

143 776 336 829 debuit
353 776 644 831 adhaerere
675 777 926 846 descivit,
946 779 1091 835 sicut
1108 780 1215 851 ipsi
1239 782 1337 853 qui
1358 782 1492 837 talia
1511 789 1770 838 assean

141 886 169 921 a
190 870 334 924 veris
362 870 417 923 in
446 870 589 924 falsa
616 876 924 941 proruunt,
948 876 1005 927 et
1034 876 1299 928 naturam
1329 875 1388 929 in
1409 892 1476 930 eo
1498 882 1765 947 arguunt,

142 963 200 1016 in
248 979 359 1034 quo
403 968 601 1034 sponte
644 964 1004 1036 delinquunt,
1046 983 1111 1021 ac
1154 984 1261 1038 pro
1309 985 1408 1023 sua
1455 969 1769 1025 voluntaria

142 1056 501 1128 perversitate
548 1057 908 1113 damnantur.
952 1059 1117 1123 Quod
1159 1061 1357 1132 utique
1385 1062 1442 1116 in
1470 1063 1604 1134 ipsis
1645 1080 1766 1118 ma-

142 1151 255 1203 lum
288 1150 414 1216 erit,
447 1153 506 1204 et
529 1149 716 1221 ipsum
754 1152 971 1207 malum
1010 1170 1126 1208 non
1160 1154 1269 1208 erit
1298 1155 1636 1224 substantia,
1673 1158 1769 1212 sed

140 1261 303 1316 pmna
328 1244 673 1298 substantiae.

210 1339 316 1392 Vll.
344 1337 600 1409 Septimo
623 1338 745 1391 loco
773 1339 1032 1409 sequitur
1056 1340 1211 1411 quod
1235 1342 1466 1413 nuptias
1495 1342 1770 1398 damnant

142 1437 197 1485 et
221 1431 673 1502 procreationem
698 1431 1056 1486 nascentium
1087 1433 1549 1504 perhorrescunt.
1571 1438 1634 1491 In
1653 1452 1767 1508 quo

141 1526 281 1579 sicut
304 1540 451 1596 pene
483 1524 539 1577 in
569 1523 832 1578 omnibus
867 1540 998 1580 cum
1033 1525 1477 1583 Manichaeorum
1513 1529 1767 1601 profani-

141 1623 251 1672 tate
279 1617 645 1671 concordant.
680 1616 814 1672 Ideo
842 1616 985 1673 sicut
1008 1619 1264 1691 ipsorum
1306 1638 1500 1677 mores
1522 1623 1771 1694 probant

140 1711 495 1782 conjugalem
533 1711 794 1782 copulam
824 1711 1193 1780 detestantes;
1223 1714 1358 1785 quia
1386 1732 1501 1770 non
1542 1721 1624 1771 est
1658 1716 1767 1771 illic

1868 507 1961 555 tur
1990 500 2323 571 corporibus
2349 512 2463 555 non
2490 501 2650 555 fuere
2685 518 2789 556 nec
2822 502 2892 555 ab
2919 503 3037 557 ullo
3066 504 3504 574 incorporantur

1871 592 1975 647 nisi
2014 593 2084 646 ab
2118 594 2318 665 opiﬁce
2363 594 2498 663 Deo,
2527 594 2623 664 qui
2666 597 2723 648 et
2767 595 3021 667 ipsarum
3067 601 3150 650 est
3194 600 3418 651 creator
3445 601 3501 651 et

1868 703 2199 758 corporum.
2244 687 2330 752 Et,
2363 687 2497 757 quia
2538 704 2644 758 per
2682 687 2853 759 primi
2892 689 3138 743 hominis
3168 690 3497 760 praevarica-

1869 780 2108 848 tionem,
2146 783 2266 834 tota
2309 779 2548 833 humani
2594 781 2819 852 generis
2864 797 3125 853 prOpago
3166 782 3365 837 vitiata
3406 784 3498 849 sit,

1871 872 2166 927 neminem
2185 888 2351 943 posse
2375 889 2408 929 a
2421 872 2746 929 conditione
2763 874 2964 929 veteris
2984 875 3231 930 hominis
3249 875 3499 946 liberari,

1868 965 1975 1019 nisi
2019 982 2122 1036 per
2160 972 2576 1021 sacramentum
2623 966 2974 1037 baptismatis
3023 967 3251 1036 Christi,
3285 969 3343 1023 in
3385 985 3498 1040 quo
3604 1010 3619 1025 .

1870 1058 2029 1113 nulla
2076 1062 2160 1112 est
2204 1057 2468 1114 discretio
2515 1063 2866 1127 renatorum,
2914 1059 3136 1115 dicente
3175 1063 3440 1132 Apostolo
3482 1079 3496 1118 :

1873 1151 2251 1223 «Quicunque
2271 1152 2425 1205 enim
2453 1151 2511 1206 in
2528 1151 2751 1207 Christo
2767 1151 3036 1224 baptizati
3057 1153 3191 1208 estis
3211 1154 3498 1209 Christum

1869 1243 2148 1300 induistis.
2186 1245 2311 1299 Non
2359 1249 2445 1299 est
2485 1244 2714 1300 Iudaeus
2754 1261 2942 1317 neque
2985 1246 3233 1315 Grascus,
3262 1264 3375 1302 non
3417 1252 3503 1303 est

1869 1354 2060 1392 servus
2089 1354 2274 1410 neque
2300 1337 2465 1405 liber,
2487 1355 2603 1393 non
2625 1344 2711 1394 est
2735 1339 3019 1394 masculus
3043 1356 3230 1410 neque
3254 1341 3500 1407 femina;

1870 1446 2074 1485 omnes
2112 1433 2267 1485 enim
2310 1448 2491 1486 unum
2536 1432 2670 1487 estis
2718 1432 2776 1487 in
2822 1431 3044 1489 Christo
3086 1435 3218 1488 Jesu
3248 1434 3388 1504 (Gal.
3420 1452 3499 1501 ιιι,

1867 1526 1955 1593 27,
1984 1526 2091 1595 28).
2123 1546 2149 1572 ››
2180 1524 2328 1589 Quid
2374 1525 2531 1579 enim
2576 1528 2758 1596 agunt
2803 1542 2999 1579 cursus
3046 1526 3319 1595 siderum,
3361 1528 3499 1598 quid

1866 1616 2141 1688 ﬁgmenta
2166 1617 2435 1685 fatorum,
2452 1618 2589 1688 quid
2613 1618 3040 1673 mundanamm
3061 1635 3249 1674 rerum
3272 1620 3501 1675 mobilis

1868 1713 2068 1780 status,
2094 1709 2352 1782 inquieta
2378 1710 2714 1765 diversitas?
2740 1713 2880 1766 Ecce
2912 1716 2993 1766 tot
3036 1712 3281 1783 impares
3318 1715 3500 1784 gratia

138 1804 369 1859 libertas
392 1802 761 1875 turpitudinis
784 1803 884 1858 ubi
914 1805 1098 1876 pudor
1127 1807 1475 1863 matrimonii
1509 1813 1767 1866 servatur
1785 1802 1843 1874 B
1868 1803 1966 1859 Dei
1993 1803 2127 1859 facit
2151 1804 2415 1876 aequales,
2446 1805 2547 1876 qui
2572 1804 2723 1860 inter
2748 1805 3028 1876 quoslibet
3051 1806 3180 1861 Vita:
3209 1806 3380 1877 hujus
3413 1808 3497 1862 la-

139 1904 193 1952 et
223 1898 447 1952 sobolis.

210 1992 340 2046 VII].
368 1991 643 2046 Octavum
679 2007 880 2047 eorum
909 1998 995 2048 est
1020 1994 1459 2064 plasmationem
1485 1995 1766 2051 humano-

138 2101 264 2139 rum
309 2101 611 2155 corporum
660 2085 878 2141 diaboli
925 2086 1110 2142 dicere
1154 2104 1275 2143 esse
1321 2089 1683 2160 ﬁgmentum,
1715 2094 1772 2145 et

137 2178 357 2233 semina
381 2179 819 2249 conceptionum
851 2196 1021 2251 opere
1058 2180 1389 2236 daemonum
1418 2182 1478 2237 in
1512 2182 1770 2237 mulieris

134 2272 314 2327 uteris
332 2271 592 2342 ﬁgurari.
614 2274 920 2344 Propterea
948 2275 1423 2331 resurrectionem
1445 2276 1632 2331 carnis
1649 2293 1769 2332 non

137 2382 257 2421 esse
298 2365 668 2435 credendam,
707 2366 841 2437 quia
886 2368 1207 2423 concreatio
1248 2369 1500 2441 corporis
1539 2386 1652 2425 non
1700 2370 1771 2424 sit

133 2474 459 2530 congruens
488 2459 693 2514 animae
724 2459 1011 2532 dignitati.
1042 2462 1177 2525 Quae
1206 2462 1423 2517 falsitas
1448 2462 1572 2518 sine
1599 2462 1771 2518 dubio

133 2570 276 2624 opus
293 2552 505 2607 diaboli
519 2557 623 2620 est,
639 2557 696 2608 et
712 2553 848 2608 talia
861 2554 1127 2626 prodigia
1144 2555 1486 2626 opinionum
1497 2556 1769 2627 ﬁgmenta

132 2652 266 2701 sunt
300 2646 654 2713 dmmonum,
689 2646 789 2718 qui
829 2663 945 2702 non
992 2646 1052 2702 in
1096 2649 1440 2704 feminarum
1482 2650 1771 2705 ventribus

131 2740 387 2794 formant
414 2739 695 2808 homines,
718 2740 815 2795 sed
838 2740 894 2794 in
922 2741 1322 2796 haereticorum
1350 2742 1617 2798 cordibus
1635 2744 1771 2798 tales

126 2831 488 2886 fabricantur
516 2848 756 2899 errores,
783 2833 946 2897 Quod
972 2833 1490 2889 immundissimum
1518 2836 1673 2891 virus
1699 2836 1769 2890 de

134 2925 459 2979 Manicheam
516 2924 823 2996 impietatis
872 2926 1194 2998 specialiter
1239 2927 1395 2983 fonte
1437 2929 1767 3000 procedens,

132 3019 271 3072 olim
296 3018 440 3072 ﬁdes
465 3018 739 3073 catholica
762 3019 1136 3091 deprehendit
1160 3026 1330 3093 atque
1354 3021 1663 3077 damnavit.

204 3112 287 3166 IX.
322 3112 485 3166 Nona
512 3116 703 3167 autem
742 3112 1035 3169 adnotatio
1071 3116 1404 3170 manifestat
1445 3115 1596 3187 quod
1628 3115 1773 3170 ﬁlios

1868 1898 2035 1953 bores
2062 1898 2105 1951 si
2132 1897 2328 1953 ﬁdeles
2354 1902 2720 1969 permanent,
2742 1899 2935 1955 miseri
2961 1914 3081 1954 esse
3099 1915 3214 1954 non
3240 1907 3496 1970 possunt,

1870 1990 2241 2063 apostolicum
2267 1990 2406 2046 illud
2436 1992 2496 2046 in
2517 1991 2832 2047 tentatione
2858 1992 3110 2048 dicentes
3138 2008 3152 2045 :
3189 2014 3217 2041 «
3246 1993 3379 2057 Quis
3397 2009 3501 2049 nos

1868 2085 2154 2155 separabit
2171 2102 2205 2138 a
2224 2085 2502 2140 charitate
2526 2084 2734 2140 Christi
2753 2085 2781 2139 ?
2803 2085 3091 2140 tribulatio
3116 2102 3189 2140 an
3211 2088 3495 2158 angustia,

1868 2194 1940 2231 an
1971 2178 2311 2249 persecutio,
2346 2195 2420 2233 an
2449 2178 2651 2248 fames,
2676 2195 2750 2233 an
2785 2178 3028 2249 nuditas,
3056 2195 3131 2234 an
3158 2179 3499 2251 periculum,

1868 2288 1939 2326 an
1990 2272 2250 2342 gladius?
2296 2271 2452 2327 Sicut
2493 2272 2766 2343 scriptum
2823 2275 2926 2342 est,
2982 2272 3119 2344 quia
3162 2278 3397 2345 propter
3446 2280 3500 2329 te

1872 2370 2054 2420 morte
2094 2365 2373 2420 afﬁcimur
2416 2371 2533 2420 tota
2580 2365 2693 2432 die,
2722 2365 2989 2420 testimati
3033 2382 3231 2421 sumus
3267 2372 3329 2421 ut
3370 2385 3501 2422 oves

1871 2458 2183 2513 occisionis.
2212 2459 2316 2514 Sed
2354 2459 2411 2512 in
2444 2458 2535 2513 his
2561 2458 2827 2514 omnibus
2857 2475 3193 2530 superamus
3218 2460 3275 2514 in
3305 2477 3372 2516 eo
3401 2462 3501 2532 qui

1870 2569 1976 2607 nos
2021 2552 2217 2607 dilexit
2246 2552 2413 2623 (Rom.
2460 2569 2575 2618 vm,
2619 2555 2707 2618 35,
2740 2555 2848 2623 36).
2884 2575 2911 2601 »
2953 2556 3021 2608 Et
3061 2553 3191 2609 ideo
3236 2554 3498 2622 ECclesia,

1870 2661 1998 2716 qua;
2024 2662 2229 2717 corpus
2257 2649 2342 2700 est
2366 2645 2592 2712 Christi,
2615 2644 2757 2699 nihil
2784 2645 2852 2700 de
2881 2646 3082 2701 mundi
3110 2647 3503 2718 inrequalitati-

1869 2739 1973 2793 bus
2002 2739 2229 2807 metuit,
2257 2755 2385 2810 qua:
2410 2738 2551 2793 nihil
2585 2738 2655 2793 de
2684 2739 2849 2793 bonis
2879 2740 3273 2811 corporalibus
3298 2757 3502 2796 concu-

1871 2832 2054 2903 piscit.
2085 2833 2193 2886 Nec
2226 2832 2462 2887 timetur
2489 2832 2645 2886 inani
2689 2832 2931 2904 strepitu
2970 2833 3221 2888 fatorum
3255 2836 3497 2902 gravari,

1869 2942 1999 2997 quae
2026 2925 2294 2997 patientia
2324 2926 2752 2980 tribulationum
2783 2927 2938 2981 novit
2967 2927 3189 2997 augeri.

1942 3019 2024 3074 Xl.
2054 3019 2364 3074 Undecima
2400 3019 2651 3090 ipsorum
2696 3019 3050 3091 blasphemia
3079 3025 3182 3089 est,
3210 3037 3326 3092 qua
3355 3021 3501 3078 fata-

1870 3112 2020 3168 libus
2040 3113 2212 3167 stellis
2233 3112 2524 3167 etanimas
2544 3112 2843 3167 hominum
2862 3118 2917 3168 et
2928 3130 3169 3185 corpora
3190 3114 3503 3186 opinantur

128 3205 528 3277 promissionis
573 3222 639 3259 ex
685 3205 1021 3262 mulieribus
1067 3208 1300 3279 quidem
1345 3214 1528 3277 natos,
1565 3210 1664 3264 sed
1703 3225 1771 3265 ex
1792 3174 1847 3248 Ο
1872 3206 2128 3278 astringi,
2160 3222 2263 3278 per
2285 3222 2458 3277 quam
2488 3206 2800 3260 amentiam
2828 3222 3058 3262 necesse
3091 3211 3197 3275 est,
3232 3212 3295 3262 ut
3320 3210 3503 3265 omni-

126 3299 347 3369 Spiritu
374 3302 568 3354 sancto
594 3298 789 3355 dicant
824 3316 944 3356 esse
973 3306 1294 3374 conceptos,
1325 3318 1398 3357 ne
1428 3302 1524 3357 illa
1554 3302 1773 3357 soboles

127 3408 261 3463 qua:
294 3392 367 3446 de
400 3392 586 3447 carnis
615 3393 831 3449 semine
868 3394 1121 3450 nascitur
1149 3396 1223 3450 ad
1250 3396 1348 3452 Dei
1383 3396 1769 3452 conditionem

124 3485 425 3556 pertinere
454 3486 731 3541 videatur.
762 3486 922 3551 Quod
958 3489 1250 3544 catholicae
1277 3488 1411 3544 ﬁdei
1440 3505 1771 3562 repugnans

124 3585 308 3650 atque
321 3579 675 3635 contrarium
691 3583 795 3650 est,
810 3598 937 3653 quae
955 3598 1187 3637 omnem
1199 3582 1497 3638 hominem
1509 3588 1773 3655 etcorpo-

126 3673 210 3727 ris
232 3672 561 3745 animmque
597 3674 974 3731 substantiam
999 3693 1033 3730 a
1061 3666 1377 3733 Conditore‘
1396 3676 1772 3733 universitatis

123 3767 371 3821 formari
395 3770 567 3839 atque
583 3750 837 3823 animari
858 3769 1009 3826 intra
1023 3775 1287 3826 materna
1312 3770 1526 3826 viscera
1546 3770 1773 3826 conﬁte-

123 3865 243 3929 tur,
268 3864 541 3915 manente
561 3861 795 3932 quidem
813 3862 912 3917 illo
928 3863 1140 3935 peccati
1158 3864 1622 3937 mortalitatisque
1640 3881 1772 3920 con-

124 3954 313 4024 tagio,
330 3954 486 4025 quod
499 3954 560 4010 in
574 3955 791 4027 prolem
811 3972 845 4011 a
857 3957 1046 4029 primo
1060 3963 1297 4029 parente
1306 3958 1657 4027 transcurrit,
1673 3958 1769 4014 sed

125 4048 588 4119 regenerationis
612 4055 971 4106 sacramento
1003 4051 1395 4121 subveniente,
1417 4068 1531 4126 quo
1556 4068 1620 4109 ex
1646 4052 1767 4123 Spi-

126 4141 245 4194 ritu
298 4146 495 4196 sancto
544 4143 931 4213 promissionis
978 4144 1082 4199 ﬁlii
1122 4150 1519 4214 renascuntur,
1547 4163 1664 4201 non
1711 4146 1770 4200 in

122 4237 301 4288 utero
346 4235 552 4305 carnis,
596 4236 695 4292 sed
742 4237 798 4290 in
842 4237 1049 4292 virtute
1097 4238 1473 4310 baptismatis.
1517 4239 1677 4294 Unde
1715 4242 1772 4294 et

120 4326 315 4381 David
346 4328 500 4399 quod
543 4330 744 4401 utique
784 4334 906 4385 erat
938 4330 1333 4403 promissionis
1361 4332 1511 4387 ﬁlius
1537 4331 1672 4387 dicit
1698 4331 1770 4386 ad

122 4419 320 4474 Deum
353 4438 367 4474 :
400 4443 429 4469 ‹‹
456 4421 649 4476 Manus
688 4427 802 4478 tuae
830 4423 1088 4479 fecerunt
1117 4440 1208 4479 me
1248 4429 1305 4480 et
1344 4426 1772 4497 plasmaverunt

122 4528 227 4567 me
275 4513 447 4583 (Psal.
481 4531 671 4583 cxvm,
712 4518 832 4587 73);
866 4538 892 4565 ››
935 4521 994 4571 et
1038 4517 1108 4573 ad
1150 4517 1457 4574 Jeremiam
1499 4518 1849 4617 DominusD

120 4607 243 4661 ait:
274 4630 305 4656 ‹‹
330 4606 666 4680 Priusquam
698 4612 750 4664 te
773 4609 1079 4666 formarem
1111 4612 1172 4665 in
1197 4616 1361 4667 utero
1384 4612 1511 4668 novi
1535 4616 1613 4679 te,
1637 4616 1693 4667 et
1712 4612 1771 4667 in

116 4701 300 4754 vulva
333 4702 537 4755 matris
560 4705 676 4757 tuae
699 4703 1044 4759 sanctiﬁcavi
1072 4709 1127 4760 te
1158 4706 1284 4775 (Jer.
1319 4722 1359 4774 1,
1387 4707 1458 4777 5).
1492 4728 1520 4756 »

196 4794 262 4848 X.
288 4794 521 4850 Decimo
546 4800 737 4852 autem
761 4798 1008 4869 capitulo
1034 4798 1360 4855 referuntur
1382 4816 1633 4855 asserere
1658 4800 1776 4856 ani-

112 4904 254 4942 mas
286 4904 422 4959 qua:
462 4889 730 4945 humanis
773 4892 1104 4964 corporibus
1152 4892 1480 4948 inseruntur
1508 4894 1679 4949 fuisse
1716 4895 1775 4949 in

108 4996 400 5051 corpore,
429 4988 485 5037 et
510 4984 569 5037 in
604 4984 815 5039 caelesti
852 4985 1208 5041 habitatione
1248 5003 1509 5058 peccasse
1548 4990 1719 5059 atque
1743 5004 1776 5041 a

110 5074 479 5131 sublimibus
499 5077 573 5131 ad
589 5076 858 5133 inferiora
884 5079 1135 5152 dilapsas
1152 5080 1213 5134 in
1234 5080 1470 5136 diverse:
1489 5080 1777 5154 qualitatis

110 5168 431 5241 principes
459 5170 748 5240 incidisse,
774 5175 832 5226 et
850 5189 955 5244 per
978 5174 1157 5229 aerias
1180 5190 1244 5230 ac
1270 5174 1516 5230 sidereas
1535 5178 1777 5246 potesta-

112 5268 229 5332 tes,
258 5264 413 5319 alias
443 5264 723 5331 duriores,
753 5265 893 5321 alias
921 5267 1174 5322 mitiores
1213 5268 1546 5341 corporibus
1577 5266 1775 5341 222

108 5374 245 5412 esse
283 5359 533 5412 inclusas
561 5375 593 5412 a
619 5362 769 5414 sorte
798 5360 1021 5415 diversa
1051 5367 1107 5416 et
1138 5362 1467 5418 conditione
1493 5362 1774 5432 dissimili,

112 5457 183 5505 ut
205 5451 503 5523 quidquid
532 5452 589 5506 in
615 5452 720 5508 hac
750 5453 864 5509 vita
892 5454 1042 5509 varie
1065 5460 1122 5511 et
1140 5455 1500 5529 inaequaliter
1518 5456 1779 5529 provenit

108 5562 189 5599 ex
242 5546 714 5617 praecedentibus
755 5549 934 5603 causis
979 5548 1230 5605 videatur
1275 5549 1554 5606 accidere.
1596 5552 1778 5615 Quam

106 5639 452 5711 impietatis
465 5639 723 5695 fabulam
740 5657 805 5696 ex
820 5643 1141 5697 multorum
1157 5643 1266 5698 sibi
1281 5643 1571 5699 erroribus
1590 5648 1779 5701 texue-

110 5738 291 5801 runt,
327 5733 429 5789 sed
468 5749 672 5789 omnes
710 5751 806 5789 eos
843 5736 1116 5792 catholica
1156 5736 1300 5792 ﬁdes
1323 5754 1354 5792 a
1382 5754 1620 5810 corpore
1663 5755 1780 5794 suae

102 5826 379 5881 unitatis
404 5827 642 5883 abscidit
669 5833 994 5885 constanter
1023 5831 1336 5903 prmdicans
1365 5836 1537 5905 atque
1563 5833 1777 5888 veraci-

557 5924 827 5991 PATROL.
876 5926 1101 5993 CXXX.

1869 3300 1977 3355 bus
2003 3314 2355 3371 paganorum
2403 3298 2692 3355 erroribus
2721 3299 2997 3371 implicati
3024 3304 3081 3356 et
3117 3300 3367 3356 faventia
3395 3303 3499 3358 sibi

1872 3398 1954 3464 (ut
1995 3393 2218 3465 putant)
2254 3391 2444 3447 sidera
2489 3392 2693 3462 colere,
2739 3397 2796 3446 et
2836 3393 3194 3448 adversantia
3237 3395 3502 3449 studeant

1869 3488 2157 3559 mitigare.
2188 3488 2394 3540 Verum
2423 3485 2532 3540 ista
2561 3486 2909 3541 sectantibus
2945 3487 3137 3541 nullus
3164 3486 3221 3541 in
3251 3488 3499 3542 Ecclesia

1870 3580 2145 3636 catholica
2174 3580 2332 3635 locus
2370 3584 2473 3647 est,
2506 3579 2776 3651 quoniam
2809 3579 2908 3651 qui
2935 3595 2994 3635 se
3018 3579 3224 3635 talibus
3266 3596 3497 3652 persua-

1870 3674 2126 3730 sionibus
2152 3673 2325 3742 dedit,
2353 3690 2386 3727 a
2412 3672 2616 3729 Christi
2643 3688 2882 3744 corpore
2912 3677 3064 3728 totus
3087 3673 3376 3730 abscessit.

1942 3769 2048 3822 ΧΠ.
2088 3765 2498 3822 Duodecimum
2542 3766 2692 3821 inter
2722 3766 2847 3821 hinc
2884 3766 3023 3822 illud
3065 3767 3218 3840 quod
3264 3773 3350 3822 est
3396 3768 3500 3823 sub

1872 3862 1998 3917 aliis
2029 3859 2405 3933 potestatibus
2442 3864 2635 3931 partes
2673 3860 2901 3927 animas,
2934 3861 3038 3916 sub
3082 3861 3207 3916 aliis
3249 3863 3501 3933 corporis

1871 3954 2132 4012 membra
2156 3952 2481 4009 describunt
2508 3957 2566 4009 et
2594 3953 2899 4025 qualitates
2929 3953 3266 4009 interiorum
3291 3971 3503 4026 priesu-

1869 4050 1987 4105 lum
2020 4049 2081 4103 in
2115 4047 2571 4119 patriarcharum
2615 4046 2944 4102 nominibus
2987 4050 3264 4116 statuunt,
3297 4048 3502 4120 quibus

1872 4161 1903 4198 e
1958 4143 2174 4198 diverso
2223 4141 2387 4213 signa
2439 4140 2676 4207 siderea,
2725 4156 2973 4212 quorum
3018 4142 3211 4197 virtuti
3262 4158 3501 4214 corpora

1870 4236 2242 4308 subjiciantur
2269 4238 2583 4307 opponunt.
2615 4235 2681 4289 Et
2706 4234 2766 4289 in
2794 4234 2882 4289 his
2912 4235 3178 4290 omnibus
3204 4236 3506 4291 inextrica-

1870 4330 1970 4385 bili
1997 4346 2055 4385 se
2085 4346 2278 4385 errore
2314 4327 2695 4400 prtepediunt,
2729 4345 2847 4383 non
2876 4328 3173 4384 audientes
3217 4329 3499 4386 dicentem

1870 4424 2199 4495 Apostolum
2232 4440 2245 4477 :
2278 4442 2306 4474 «
2338 4421 2533 4477 Videte
2563 4437 2633 4476 ne
2678 4421 2805 4493 quis
2832 4438 2933 4477 vos
2972 4421 3217 4493 decipiat
3240 4438 3344 4494 per
3371 4423 3500 4494 phi-

1872 4516 2186 4589 losophiam
2213 4520 2269 4570 et
2295 4516 2531 4569 inanem
2567 4514 2852 4569 fallaciam
2896 4514 3213 4569 secundum
3244 4515 3500 4570 traditio-

1873 4627 2006 4666 nem
2048 4608 2371 4678 hominum,
2400 4607 2711 4664 secundum
2757 4608 3039 4663 elementa
3065 4608 3267 4662 mundi
3300 4612 3358 4661 et
3388 4625 3501 4664 non

1874 4704 2187 4761 secundum
2230 4702 2540 4771 Christum,
2573 4701 2707 4773 quia
2733 4701 2791 4755 in
2836 4700 2959 4772 ipso
3003 4700 3287 4756 inhabitat
3317 4704 3505 4758 omnis

1876 4797 2168 4871 plenitudo
2195 4795 2504 4851 divinitatis
2531 4793 2928 4866 corporaliter,
2958 4798 3014 4849 et
3039 4795 3173 4850 estis
3200 4795 3257 4851 in
3290 4796 3385 4852 illo
3411 4814 3499 4853 re-

1874 4892 2034 4965 pleti,
2057 4891 2156 4964 qui
2182 4894 2266 4947 est
2292 4892 2467 4961 caput
2507 4887 2693 4944 omnis
2738 4887 3088 4961 principatus
3124 4894 3181 4944 et
3206 4892 3505 4961 potestatis

1876 4988 2091 5057 (Coloss.
2122 5002 2180 5051 n,
2212 4987 2389 5053 8-40).
2420 5001 2447 5035 ι)
2481 4983 2548 5037 Et
2572 4983 2784 5037 iterum
2818 4998 2831 5036 :
2864 5004 2891 5030 «
2927 4982 3104 5038 Nemo
3132 5000 3226 5038 vos
3251 4985 3502 5055 seducat,

1875 5081 2069 5135 volens
2102 5079 2160 5133 in
2204 5076 2528 5133 humilitate
2574 5078 2633 5130 et
2665 5074 2939 5148 religione
2986 5076 3342 5148 angelorum,
3376 5096 3505 5150 quas

1877 5191 1991 5229 non
2034 5173 2174 5227 vidit
2222 5171 2541 5237 ambulans,
2574 5170 2780 5225 frustra
2826 5170 3056 5225 inflatus
3106 5187 3272 5227 sensu
3322 5171 3507 5227 carnis

1876 5284 2013 5337 suae,
2042 5283 2155 5321 non
2200 5271 2404 5321 tenens
2446 5268 2633 5336 caput,
2663 5279 2732 5319 ex
2768 5280 2881 5335 quo
2920 5267 3103 5319 totum
3135 5280 3337 5336 corpus
3371 5280 3502 5336 per-

1875 5377 2089 5417 ncxnm
2112 5365 2170 5415 et
2193 5357 2621 5429 conjunctiones
2648 5356 3142 5413 subministratum
3171 5360 3229 5411 et
3254 5359 3508 5412 constru-

1875 5461 2031 5511 ctum
2057 5453 2255 5510 crescit
2277 5453 2337 5506 in
2360 5455 2730 5523 augmentum
2763 5450 2861 5506 Dei
2890 5451 3104 5521 (Coloss.
3138 5466 3191 5516 ιι,
3225 5451 3308 5517 18,
3342 5454 3446 5519 19).
3474 5473 3501 5499 ιι

1879 5548 2024 5614 Quid
2054 5565 2191 5620 ergo
2223 5562 2365 5618 opus
2393 5550 2478 5600 est
2506 5545 2564 5599 in
2590 5561 2690 5600 cor
2717 5543 3043 5610 admittere,
3075 5542 3230 5614 quod
3268 5543 3361 5598 lex
3394 5560 3506 5600 non

1877 5642 2090 5713 docuit,
2124 5640 2278 5714 quod
2311 5639 2611 5711 prophetia
2638 5655 2753 5693 non
2784 5636 3008 5703 cecinit,
3043 5636 3194 5707 quod
3225 5638 3507 5712 Evangelii

1878 5736 2085 5792 veritas
2104 5752 2220 5790 non
2248 5732 2596 5807 praedicavit,
2615 5730 2768 5803 quod
2794 5728 3101 5801 apostolica
3120 5729 3378 5787 doctrina
3393 5749 3508 5789 non

1880 5830 2153 5886 tradidit?
2181 5829 2287 5880 Sed
2328 5828 2448 5881 hmo
2488 5832 2679 5898 operta
2719 5827 2845 5877 sunt
2888 5838 3081 5876 eorum
3124 5825 3408 5882 montibus
3441 5826 3511 5883 de

3075 5926 3152 5984 29
