4062 6188
640 298 742 349 899

1530 288 1812 345 ΑΡΡΕΝΙ).
1852 289 1938 345 ΑΙ)
1976 288 2134 344 SzEC.
2178 289 2264 344 IX.

2404 287 2648 344 ISIDORI
2688 284 3111 345 MERCATORIS
3792 304 3865 354 900

641 400 846 470 quibus
894 398 1193 468 Apostolus
1243 398 1419 452 dicit:
1453 420 1479 446 ‹‹
1510 398 1627 451 Erit
1667 398 1821 451 enim
1868 401 2092 468 tempus
2137 414 2265 452 cum
2289 402 2498 482 Asunt
2515 400 2686 467 atque
2702 397 2930 468 ignibus
2945 398 3396 453 concremanda).
3419 399 3649 463 Quamvis
3664 407 3869 463 enimsint

641 510 841 547 sanam
882 493 1199 547 doctrinam
1244 509 1360 547 non
1401 491 1780 559 sustinebunt,
1809 492 1909 546 sed
1935 492 2004 547 ad
2032 509 2133 547 sua
2167 493 2262 547 de-

640 587 847 640 sideria
871 586 1284 641 coacervabunt
1310 586 1417 640 sibi
1446 584 1746 656 magistros
1775 585 2095 656 prurientes
2122 586 2267 640 auri-

640 680 765 747 bus,
818 683 874 732 et
923 697 955 733 a
1002 680 1232 735 veritate
1276 679 1509 750 quidem
1562 678 1818 733 auditum
1877 682 2150 747 avertent,
2196 679 2268 733 ad

641 772 855 827 fabulas
882 777 1072 827 autem
1099 775 1500 827 convertentur
1524 771 1597 842 (II
1626 774 1760 826 Tim.
1795 788 1868 839 iv,
1896 774 1948 840 3,
1980 773 2095 841 4).»
2117 772 2265 827 Nihil

637 867 827 937 itaque
850 866 1142 921 nobiscum
1164 881 1466 920 commune
1488 864 1756 931 habeant,
1781 864 1878 936 qui
1897 865 2031 919 talia
2051 866 2269 919 audent

638 961 719 1014 vel
752 959 975 1025 docere,
1004 962 1091 1014 vel
1124 960 1373 1027 credere,
1407 963 1463 1012 et
1486 957 1836 1029 quibuslibet
1861 958 2047 1013 modis
2078 959 2266 1013 nitun-

642 1057 732 1107 tur
758 1057 1008 1107 astruere
1040 1052 1196 1123 quod
1220 1051 1532 1107 substantia
1558 1052 1747 1106 carnis
1776 1051 1846 1106 ab
1879 1068 1976 1123 spe
2008 1068 2264 1107 resurre-

637 1148 838 1200 ctionis
874 1147 1062 1201 aliena
1098 1147 1191 1215 sit,
1218 1151 1385 1218 atque
1422 1146 1502 1200 ita
1529 1161 1700 1200 omne
1728 1149 2148 1201 sacramentum
2178 1145 2265 1200 in-

640 1240 987 1294 carnationis
1023 1240 1228 1294 Christi
1274 1240 1580 1294 resolvunt.
1630 1239 1777 1303 Quia
1818 1239 2124 1311 indignum
2161 1240 2267 1293 fuit

638 1334 930 1403 integrum
956 1333 1250 1388 hominem
1285 1333 1510 1403 suscipi,
1544 1333 1589 1385 si
1628 1332 1933 1403 indignum
1974 1338 2092 1387 erat
2120 1333 2264 1388 inte-

640 1443 805 1495 grum
834 1427 1080 1481 liberari.

708 1521 837 1575 XIII.
869 1520 1054 1574 Tertio
1089 1519 1312 1573 decimo
1353 1519 1474 1573 loco
1516 1519 1763 1590 positum
1802 1523 1888 1573 est
1918 1520 2147 1575 eosdem
2178 1518 2263 1573 di-

638 1629 785 1680 cere,
813 1613 966 1685 quod
995 1628 1166 1667 omne
1192 1629 1395 1683 corpus
1421 1612 1843 1683 Scripturarum
1869 1613 2268 1667 canonicarum

638 1708 741 1761 sub
771 1706 1222 1777 patriarcharum
1255 1705 1581 1760 nominibus
1607 1705 1999 1776 accipiendum
2024 1706 2115 1773 sit,
2135 1706 2268 1777 quia

2366 492 2426 546 in
2453 490 2565 545 illis
2591 490 2871 562 quaedam,
2894 507 3022 562 quae
3045 491 3347 547 videantur
3370 493 3586 563 speciem
3606 495 3773 554 habere
3792 502 3871 572 pie

2367 584 2457 651 tis,
2503 600 2801 656 nunquam
2845 590 3039 639 tamen
3091 601 3265 640 vacua
3320 591 3446 641 sunt
3482 589 3697 657 venenis,
3733 597 3774 646 et
3807 610 3873 664 per

2368 678 2698 733 fabularum
2728 678 3025 733 illecebras
3056 679 3165 734 hoc
3189 678 3426 734 latenter
3450 686 3727 752 Operantur,
3746 689 3794 738 ut
3807 687 3873 740 mi-

2367 772 2634 827 rabilium
2675 773 3004 827 narratione
3045 772 3308 827 seductos
3356 773 3549 845 laqueis
3585 776 3873 850 cujuscunque

2370 866 2578 920 erroris
2632 866 2940 921 involvant.
2984 865 3146 920 Unde
3196 865 3243 919 si
3300 866 3423 938 quis
3466 867 3788 939 episcoporum
3818 872 3873 926 vel

2366 959 2694 1030 apocrypha
2737 958 2935 1013 haberi
2970 975 3073 1030 per
3098 958 3302 1014 domos
3341 976 3452 1015 non
3490 960 3801 1030 prohibuerit,
3822 967 3874 1018 vel

2367 1052 2470 1106 sub
2498 1052 2908 1107 canonicorum
2935 1052 3171 1107 nomine
3198 1068 3291 1108 eos
3315 1052 3524 1107 codices
3551 1054 3807 1124 permiserit
3825 1056 3873 1109 le-

2370 1138 2525 1216 gere,
2554 1146 2651 1217 qui
2693 1145 3025 1200 Priscilliani
3066 1145 3386 1200 adulterina
3432 1151 3554 1201 sunt
3587 1146 3877 1201 emendatione

2368 1238 2641 1310 corrupti,
2684 1239 3016 1293 haereticum
3052 1255 3109 1293 se
3145 1238 3369 1293 noverit
3405 1238 3749 1309 judicandum.
3776 1240 3874 1303 Quo—

2367 1331 2523 1385 niam
2551 1332 2651 1403 qui
2685 1331 2860 1386 alium
2890 1331 2960 1385 ab
2990 1347 3186 1387 errore
3222 1348 3337 1386 non
3368 1336 3583 1387 revocat
3607 1332 3802 1404 seipsum
3823 1349 3877 1385 er-

2367 1441 2495 1479 rare
2518 1424 2889 1480 demonstrat.

2390 1524 2391 1527 ‘
2439 1520 2567 1589 XVI.
2603 1520 2892 1573 Postremo
2920 1522 3114 1573 autem
3142 1519 3390 1590 capitulo
3420 1520 3522 1573 hoc
3554 1518 3761 1590 prodidit
3782 1519 3879 1587 justa

2368 1612 2746 1683 querimonia,
2776 1612 2927 1684 quod
2954 1612 3233 1667 Dicticinii
3264 1616 3492 1679 tractus,
3517 1628 3641 1684 quos
3660 1611 3879 1666 secundum

2369 1705 2697 1760 Priscilliani
2740 1706 2957 1778 dogma
3000 1706 3352 1778 conscripsit,
3383 1723 3417 1760 a
3447 1705 3628 1761 multis
3649 1722 3753 1759 cum
3768 1720 3881 1758 vene-

638 1800 733 1854 ille
762 1799 1060 1854 duodecim
1090 1799 1323 1854 virtutes
1352 1815 1481 1871 quae
1523 1799 1985 1853 reformationem
2021 1798 2267 1853 hominis
2287 1790 2343 1862 Β
2367 1799 2589 1854 ratione
2615 1799 2965 1870 legerentur,
2994 1816 3145 1867 cum,
3174 1800 3220 1854 si
3261 1800 3477 1871 aliquid
3504 1798 3751 1854 memoria:
3771 1796 3880 1851 Dicti-

635 1892 923 1948 interioris
951 1896 1285 1963 operantur,
1308 1893 1367 1946 in
1391 1894 1593 1947 horum
1620 1891 1903 1947 vocabulis
1923 1891 2264 1960 iudicentur,

635 1988 755 2041 sine
792 2003 902 2057 qua
930 1985 1160 2041 scientia
1197 1986 1407 2040 nullam
1441 1986 1695 2040 animam
1736 2001 1902 2057 posse
1933 1985 2177 2057 assequi,
2203 1988 2270 2039 ut

634 2080 691 2134 in
717 2096 845 2135 eam
870 2079 1264 2145 substantiam,
1296 2079 1364 2133 de
1387 2096 1499 2150 qua
1525 2079 1734 2150 prodiit
1759 2080 2130 2134 reformetur.
2155 2078 2266 2134 Sed

638 2174 783 2228 hanc
809 2172 1047 2244 impiam
1074 2172 1380 2226 vanitatem
1413 2172 1700 2243 despectui
1737 2172 1913 2226 habet
1949 2172 2269 2227 Christiana

622 2266 938 2338 sapientia,
980 2282 1107 2337 qum
1153 2265 1310 2320 novit
1349 2281 1478 2320 vere
1525 2266 1752 2320 deitatis
1797 2265 2175 2320 inviolabilem
2212 2270 2269 2320 et

638 2359 1125 2414 inconvertibilem
1165 2376 1287 2413 esse
1330 2362 1611 2425 naturam,
1644 2359 1893 2414 animam
1933 2363 2122 2413 autem
2152 2360 2267 2414 sive

634 2455 692 2508 in
725 2469 957 2525 corpore
986 2454 1288 2521 viventem,
1309 2452 1422 2507 sive
1452 2469 1483 2506 a
1512 2469 1743 2524 corpore
1777 2458 2095 2525 separatam
2124 2452 2269 2507 mul-

638 2548 707 2601 tis
727 2546 1085 2618 passionibus
1106 2547 1418 2618 subjacere.
1450 2546 1587 2610 Quae
1609 2547 1807 2618 utique
1828 2548 1874 2601 si
1895 2546 2098 2601 divinas
2121 2550 2269 2600 esset

633 2641 913 2710 essentne,
946 2641 1091 2696 nihil
1121 2640 1338 2718 adversi
1369 2643 1559 2711 posset
1603 2640 1871 2695 incidere.
1906 2642 1973 2695 Et
2010 2640 2136 2694 ideo
2179 2640 2263 2693 in-

636 2735 1010 2805 corporaliter
1043 2734 1197 2789 aliud
1240 2734 1470 2789 Creator
1515 2736 1621 2799 est,
1653 2732 1806 2787 aliud
1844 2738 2121 2787 creatura.
2172 2733 2267 2787 llle

635 2827 787 2882 enim
813 2844 1038 2897 semper
1064 2827 1217 2880 idem
1251 2830 1355 2894 est,
1388 2830 1445 2880 et
1486 2826 1641 2880 nulla
1674 2826 1948 2879 varietate
1990 2829 2265 2895 mutatur,

637 2921 759 2975 limo
787 2924 979 2974 autem
1013 2918 1302 2973 mutabilis
1328 2924 1411 2973 est
1436 2919 1606 2973 etiam
1638 2935 1754 2972 non
1781 2921 2013 2988 mutata,
2042 2919 2175 2990 quia
2206 2922 2268 2972 ut

635 3029 748 3068 non
775 3016 1030 3068 mutetur
1049 3011 1245 3066 datum
1265 3011 1474 3083 poterit
1499 3012 1707 3067 habere
1739 3016 1852 3065 non
1880 3012 2192 3083 proprium.

707 3108 831 3161 XIV.
883 3106 996 3161 Sub
1045 3110 1245 3176 quarto
1292 3104 1515 3160 decimo
1553 3121 1683 3159 vero
1721 3104 1967 3175 capitulo
2008 3106 2076 3160 de
2118 3107 2267 3160 statu

634 3200 885 3272 corporis
912 3164 1123 3254 sentire
1152 3198 1441 3267 dicuntur,
1471 3198 1624 3270 quod
1651 3199 1754 3253 sub
1787 3164 2073 3270 potestate
2113 3199 2263 3253 side-
2287 3164 2341 3238 C

630 3311 761 3350 rum
783 3298 952 3365 atque
985 3294 1276 3364 signorum
1304 3309 1408 3364 pro
1436 3295 1658 3347 terrena
1684 3293 1953 3363 qualitate
1981 3297 2262 3360 teneatur,

633 3392 690 3444 et
716 3387 843 3442 ideo
882 3388 1062 3441 multo
1091 3385 1149 3440 in
1182 3387 1386 3440 sanctis
1429 3385 1607 3453 libris,
1635 3401 1762 3456 quae
1811 3385 1880 3439 ad
1924 3385 2264 3440 exteriorem

634 3482 925 3536 hominem
958 3479 1283 3550 pertineant
1312 3478 1571 3551 reperiri,
1606 3484 1666 3532 ut
1707 3478 1766 3532 in
1793 3478 1929 3549 ipsis
1965 3479 2266 3549 Scripturis

633 3576 785 3630 inter
810 3574 1059 3630 divinam
1110 3577 1506 3644 terrenamque
1548 3575 1812 3626 naturam
1861 3573 2124 3642 quaedam
2161 3572 2267 3627 sibi

635 3672 920 3739 repugnet
943 3667 1270 3736 adversitas,
1301 3673 1357 3721 et
1386 3665 1540 3720 aliud
1573 3666 1647 3720 sit
1673 3666 1822 3736 quod
1848 3664 1955 3720 sibi
1982 3665 2269 3720 vindicent

634 3764 840 3818 animas
871 3761 1162 3833 praesules,
1193 3765 1251 3816 et
1277 3759 1433 3815 aliud
1464 3759 1614 3831 quod
1645 3759 1898 3830 corporis
1926 3760 2263 3814 conditores.

632 3858 768 3921 Quas
798 3855 1004 3910 fabulae
1048 3854 1193 3909 ideo
1222 3853 1596 3921 disseruntur,
1628 3858 1689 3907 ut
1727 3856 1784 3907 et
1819 3853 2027 3908 animas
2060 3852 2267 3907 divinas

633 3950 992 4005 afﬁrmentur
1017 3964 1139 4002 esse
1168 3947 1500 4001 substantize
1547 3952 1603 4001 et
1638 3963 1769 4001 caro
1798 3947 2064 4002 credatur
2103 3948 2269 4001 malas

635 4060 755 4099 esse
780 4047 1024 4109 naturae,
1057 4040 1323 4113 quoniam
1353 4045 1409 4095 et
1439 4040 1622 4111 ipsum
1668 4040 1952 4094 mundum
1991 4056 2119 4094 cum
2150 4042 2264 4095 ele-

636 4137 846 4192 mentis
865 4136 977 4190 suis
998 4151 1113 4189 non
1133 4151 1275 4206 opus
1304 4134 1402 4187 Dei
1425 4133 1585 4199 boni,
1600 4133 1696 4187 sed
1719 4133 2107 4188 conditionem
2130 4134 2266 4189 mali

637 4230 978 4302 proﬁtentur
1021 4227 1287 4295 auctoris,
1337 4232 1505 4297 atque
1563 4230 1625 4279 ut
1672 4227 1789 4280 haec
1840 4227 2269 4282 mendaciorum

638 4338 870 4376 suorum
919 4319 1213 4390 sacrilegia
1259 4319 1425 4373 bonis
1472 4318 1648 4373 titulis
1695 4320 2034 4387 colorarent,
2079 4321 2269 4376 omnia

638 4432 782 4488 pene
811 4414 1004 4470 divina
1043 4411 1270 4484 eloquia
1314 4428 1581 4467 sensuum
1626 4412 2000 4468 nefandorum
2046 4414 2265 4469 immis-

638 4510 800 4564 sione
831 4508 1137 4563 violarunt.

710 4605 814 4658 XV.
844 4603 920 4656 De
964 4618 1077 4674 qua
1113 4617 1174 4654 re
1205 4599 1391 4671 quinti
1418 4599 1622 4655 decimi
1654 4599 1886 4671 capituli
1916 4618 2108 4656 sermo
2135 4619 2267 4657 con-

638 4696 901 4769 queritur
925 4699 982 4750 et
1020 4692 1526 4766 praesumptionem
1566 4693 1899 4749 diabolicam
1943 4696 2143 4751 merito
2170 4696 2268 4751 de-

642 4794 901 4857 testatur,
934 4788 1069 4861 quia
1099 4792 1156 4843 et
1185 4804 1286 4842 nos
1312 4787 1463 4841 istud
1494 4804 1630 4842 vera
1656 4804 1784 4842 cum
1819 4789 2272 4845 testimoniorum

643 4884 923 4940 relatione
951 4882 1355 4953 comperimus,
1379 4887 1435 4936 et
1462 4881 1671 4935 multos
1696 4883 2153 4953 corruptissimos
2183 4900 2273 4938 eo-

644 4995 773 5032 rum
799 4976 1023 5032 codices
1043 4975 1141 5047 qui
1160 4974 1418 5030 canonici
1446 4975 1745 5029 titulantur
1769 4975 2110 5034 invenimus.
2131 4979 2275 5043 Quo-

643 5072 811 5128 modo
831 5071 984 5127 enim
1007 5070 1266 5141 decipere
1286 5069 1573 5141 simplices
1596 5074 1847 5140 possent,
1869 5070 1975 5124 nisi
1994 5076 2274 5127 venenata

643 5168 846 5239 pocula
871 5164 1119 5237 quodam
1158 5164 1329 5218 melle
1358 5162 1732 5235 prmlinirent,
1766 5181 1836 5219 ne
1869 5182 2273 5238 usquequaque

645 5263 996 5317 sentirentur
1023 5258 1280 5314 insuavia
1317 5274 1445 5329 qua:
1489 5260 1677 5311 essent
1722 5258 1913 5313 futura
1958 5259 2270 5315 mortifera.

641 5354 972 5410 Curandum
996 5368 1134 5423 ergo
1154 5355 1256 5419 est,
1279 5355 1336 5406 et
1354 5351 1682 5406 sacerdotali
1709 5350 2005 5423 diligentia
2027 5353 2273 5409 maxime

644 5447 1086 5521 providendum,
1112 5450 1171 5500 ut
1194 5443 1377 5500 falsati
1405 5444 1622 5500 codices
1643 5448 1699 5499 et
1727 5462 1759 5499 a
1790 5446 2007 5500 sincera
2037 5447 2272 5501 veritate

645 5542 930 5597 discordes
979 5540 1036 5594 in
1090 5539 1201 5594 ullo
1257 5555 1360 5593 usu
1427 5538 1682 5594 lectionis
1736 5539 2074 5595 habeantur.
2126 5544 2268 5613 Apo-

647 5636 876 5707 crypbae
893 5638 1084 5688 autem
1098 5632 1423 5703 Scriptura,
1438 5648 1565 5703 quia
1583 5632 1687 5686 sub
1705 5633 2035 5688 nominibus
2054 5640 2274 5707 aposto-

646 5730 831 5782 lorum
850 5727 1164 5781 multarum
1183 5723 1391 5778 habent
1408 5723 1786 5779 seminarium
1807 5726 2141 5798 falsitatum,
2156 5746 2272 5785 non

646 5821 830 5874 solum
873 5816 1291 5889 intercidendte,
1323 5818 1419 5875 sed
1460 5816 1633 5874 etiam
1673 5817 1900 5889 penitus
1947 5822 2273 5877 auferendae.

2287 4533 2347 4606 D

2367 1892 2516 1947 cinio
2556 1892 2924 1948 tribuendum
2960 1896 3185 1964 putant,
3217 1892 3625 1965 reparationem
3648 1892 3747 1963 ejus
3765 1890 3884 1959 magis

2368 1986 2617 2041 debeant
2633 2002 2829 2041 amare
2848 2002 3021 2058 quam
3041 1986 3284 2058 lapsum.
3308 1988 3431 2042 Non
3453 2002 3584 2058 ergo
3603 1982 3882 2041 Dicticinium.

2369 2079 2462 2134 sed
2516 2080 2933 2134 Priscillianum
2989 2081 3220 2150 legunt;
3267 2084 3325 2135 et
3368 2080 3506 2135 illud
3548 2078 3756 2151 probant
3791 2074 3887 2147 quod

2368 2188 2566 2228 errans
2592 2173 2804 2240 docuit,
2832 2189 2950 2228 non
2980 2173 3135 2244 quod
3168 2176 3456 2229 correctus
3479 2172 3654 2242 elegit.
3679 2169 3765 2227 Sed
3778 2183 3885 2222 nemo

2367 2266 2476 2321 hoc
2524 2265 2761 2338 impune
2804 2272 3138 2337 praesumat,
3170 2283 3276 2321 nec
3322 2268 3478 2322 inter
3513 2264 3778 2320 catholicos
3806 2276 3889 2315 σω·
3972 2286 3973 2338 ξ

2367 2362 2578 2427 seatur,
2606 2359 2864 2431 quisquis
2906 2359 3085 2415 utitur
3126 2359 3452 2431 Scripturis,
3481 2376 3591 2415 non
3629 2357 3691 2412 ab
3728 2353 3889 2410 Ecclesia

2366 2453 2729 2508 solummodo
2773 2453 3061 2522 catholica,
3092 2454 3191 2508 sed
3227 2470 3261 2507 a
3287 2470 3396 2509 suo
3429 2458 3645 2509 auctore
3682 2446 3890 2504 damnatis.

2366 2547 2487 2601 Non
2534 2546 2606 2601 sit
2641 2545 2919 2617 perversis
2962 2546 3206 2601 liberum
3253 2547 3520 2602 simulare
3556 2544 3692 2617 quod
3724 2542 3892 2612 tingunt.

2368 2656 2476 2695 nec
2515 2640 2620 2695 sub
2657 2639 2939 2695 velamine
2984 2640 3234 2694 nominis
3277 2640 3600 2709 Christiani,
3629 2639 3895 2693 decietomm

2366 2733 2750 2805 imperialium
2787 2736 2997 2788 statuta
3027 2733 3336 2790 declinent.
3364 2734 3497 2789 Ideo
3523 2733 3666 2788 enim
3693 2730 3752 2784 ad
3769 2726 3894 2781 Eccle-

2368 2826 2513 2881 siam
2540 2826 2881 2882 catholicam
2916 2843 3045 2881 cum
3084 2831 3244 2882 tanta
3282 2827 3478 2882 cordis
3512 2824 3792 2881 diversitate
3814 2835 3899 2873 con-

2366 2919 2624 2990 veniunt,
2647 2924 2710 2974 ut
2734 2924 2791 2975 et
2816 2937 2960 2992 quos
2997 2924 3234 2992 possunt
3271 2937 3406 2975 suos
3453 2921 3665 2987 faciant,
3685 2920 3733 2971 et
3768 2915 3898 2984 legum

2369 3014 2751 3084 severitatem,
2783 3015 2919 3069 dum
2954 3031 3015 3069 se
3042 3017 3264 3070 nostros
3292 3014 3663 3079 mentiuntur,
3691 3007 3900 3079 effugiant.

2369 3108 2603 3163 Faciunt
2639 3108 2749 3163 hoc
2792 3107 3246 3175 Priscillianistae,
3280 3108 3505 3164 faciunt
3541 3108 3639 3161 hoc
3674 3097 3899 3159 Manichsi.

2367 3217 2614 3274 quorum
2646 3217 2779 3256 cum
2807 3200 2927 3255 istis
2958 3204 3078 3256 tam
3102 3201 3371 3257 fmderata
3403 3204 3540 3256 sunt
3564 3198 3734 3263 corda,
3754 3199 3804 3250 ut
3821 3189 3903 3245 solis

2368 3294 2696 3349 nominibus
2725 3294 2974 3363 discreti,
3009 3295 3313 3366 sacrilegiis
3344 3301 3544 3351 autem
3568 3293 3675 3348 suis
3697 3285 3903 3344 invenian-
3972 3298 3973 3345 1

2366 3395 2460 3443 tur
2486 3388 2654 3442 uniti.
2680 3388 2824 3452 Quia
2856 3388 2962 3443 etsi
2990 3390 3161 3443 Vetus
3187 3390 3638 3456 Testamentum,
3657 3382 3783 3457 quod
3796 3378 3907 3434 istise
3972 3398 3973 3419 ξ

2368 3482 2652 3553 suscipere
2681 3482 2973 3549 simulant,
3000 3482 3290 3538 Manichzei
3315 3484 3591 3549 refutant,
3621 3478 3686 3534 ad
3710 3475 3904 3531 unumta'
3972 3488 3973 3497 ‘

2367 3592 2500 3630 men
2544 3576 2717 3631 ﬁnem
2770 3580 3149 3647 utrorumque
3195 3577 3383 3631 tendit
3428 3575 3684 3642 intentio,
3721 3585 3820 3626 cum
3851 3562 3905 3619 isti

2367 3669 2697 3740 recipiendo
2734 3656 3127 3742 corrumpunt,
3157 3669 3239 3724 illi
3282 3670 3600 3725 abdicando
3637 3660 3903 3736 impugnanl.

2367 3764 2429 3818 In
2443 3762 2878 3818 exsecrabilibus
2895 3765 3089 3819 autem
3101 3764 3390 3835 mysteriis
3406 3780 3628 3831 eorum,
3644 3775 3753 3832 quo:
3764 3755 3908 3827 quanto

2368 3855 2754 3911 immundiora
2813 3860 2966 3925 sunt,
3022 3860 3179 3912 tanto
3233 3856 3575 3928 diligentius
3625 3851 3905 3909 occultantur.

2367 3966 2548 4004 unum
2589 3966 2821 4021 prorsus
2864 3950 3029 4005 nefas
3068 3953 3170 4020 est,
3199 3967 3317 4005 una
3346 3956 3438 4007 est
3481 3935 3910 4011 obscenitas,et5i'

2370 4043 2521 4097 milis
2547 4043 2866 4115 turpitudo.
2895 4045 3047 4111 Quae,
3080 4044 3127 4099 si
3154 4044 3341 4117 eloqui
3371 4043 3760 4107 erubescimus,
3776 4026 3909 4088 δοΠῆ

2368 4136 2598 4191 tissimis
2651 4145 2841 4192 tamen
2894 4137 3352 4210 inquisitionibus
3395 4138 3668 4210 judicata,
3716 4137 3764 4187 et
3800 4124 3911 4182 lani-

2370 4229 2681 4298 chaaorum,
2734 4230 2833 4301 qui
2892 4232 3291 4302 comprehensi
3351 4235 3513 4299 sunt,
3566 4218 3911 4286 confessionibl‘

2370 4322 2612 4391 detecta,
2631 4323 2702 4379 ad
2725 4325 3015 4395 publicam
3035 4325 3277 4379 fecimus
3296 4325 3606 4397 pervenire
3630 4318 3854 4377 notitiam.
3870 4324 3915 4360 πθ
3972 4390 3973 4393 η

2371 4416 2483 4471 ullo
2530 4417 2699 4472 modo
2740 4419 2913 4489 possit
2952 4418 3188 4473 dubium
3239 4418 3440 4488 videri,
3490 4417 3637 4490 quod
3677 4415 3729 4468 in
3766 4400 3913 4480 judicio
3972 4446 3973 4457 η

2371 4514 2582 4580 nostro,
2611 4510 2702 4566 cui
2726 4528 2841 4566 non
2873 4512 3054 4567 solum
3078 4512 3558 4583 frequentissima
3592 4502 3845 4582 pra-sentin
3861 4510 3916 4547 δί’

2372 4604 2689 4674 cerdotum,
2713 4605 2812 4659 sed
2842 4606 3013 4660 etiam
3042 4605 3348 4660 illustrium
3376 4605 3631 4661 virorum
3659 4592 3913 4671 dignitas:et

2372 4714 2505 4770 pars
2530 4698 2793 4771 quadam
2840 4703 3065 4755 senatus
3108 4715 3174 4754 ac
3200 4699 3385 4770 plebis
3416 4698 3695 4765 interfuit,
3721 4696 3913 4764 ipsorum

2374 4792 2472 4863 qui
2497 4807 2667 4847 omne
2704 4792 2926 4847 facinus
2966 4796 3384 4864 perpetrarent,
3416 4809 3523 4849 ore
3554 4790 3823 4846 reseratum
3847 4777 3913 4829 θεία
3972 4798 3973 4801 ‘

2373 4885 2516 4941 sicut
2540 4903 2605 4941 ea
2632 4903 2761 4957 quas
2794 4886 2866 4941 ad
2905 4886 3267 4942 dilectionem
3306 4894 3472 4943 tuam
3510 4901 3661 4942 nunc
3694 4875 3918 4937 direximl‘

2375 4983 2534 5051 gesta
2567 4980 2981 5036 demonstrant.
3017 4980 3179 5044 Quod
3216 4985 3409 5037 autem
3454 4982 3528 5036 de
3571 4974 3915 5035 Manichaeorum

2375 5073 2679 5129 foedissimo
2721 5076 2954 5145 scelere,
2985 5076 3094 5130 hoc
3121 5075 3292 5130 etiam
3342 5075 3414 5130 de
3458 5067 3917 5130 Priscillianistam!“

2375 5168 2748 5223 incertissima
2761 5169 3174 5225 consuetudine
3186 5169 3323 5224 olim
3340 5155 3919 5241 compertum,mlllm‘“'

2374 5277 2485 5334 que
2515 5262 2808 5333 vulgatum
2834 5266 2938 5319 est.
2974 5262 3077 5326 Qui
3107 5264 3260 5318 enim
3291 5278 3397 5334 per
3422 5262 3625 5316 omnia
3647 5260 3763 5311 sunt
3783 5242 3919 5315 ἑωρᾶθ’

2374 5360 2487 5410 tate
2514 5372 2782 5411 sensuum
2812 5372 2995 5427 pares,
3026 5373 3145 5412 non
3171 5360 3406 5427 possunt
3450 5355 3515 5409 in
3542 5351 3704 5408 sacris
3733 5344 3822 5401 suis
3841 5348 3922 5431 ι’δῇξῆ

2375 5449 2695 5504 dissimiles.
2754 5450 3008 5505 Decursis
3063 5451 3250 5522 itaque
3304 5449 3601 5516 omnibus,
3652 5459 3764 5515 quae
3806 5428 3922 5488 libet“

2374 5543 2550 5598 series
2566 5543 3021 5615 comprehendit,
3038 5548 3093 5599 et
3109 5560 3143 5599 a
3158 5543 3361 5615 quibus
3379 5532 3784 5597 commonitorii
3796 5528 3923 5583 fort!”

2375 5653 2489 5692 non
2534 5638 2836 5709 discrepet,
2869 5637 3215 5692 sufﬁcienter
3248 5639 3328 5705 (ut
3361 5637 3593 5708 opinor)
3633 5623 3927 5714 οεῑθηάίωξῗ·

2376 5729 2509 5800 quid
2557 5731 2627 5786 de
2671 5732 2778 5801 his,
2824 5747 2951 5803 quas
2994 5731 3063 5786 ad
3107 5747 3210 5786 nos
3265 5731 3597 5786 fraternitas
3647 5729 3731 5779 tua
3771 5709 3927 5771 τριαιίί·

2376 5840 2729 5889 censeamus,
2761 5828 2817 5879 et
2840 5841 3010 5896 quam
3059 5842 3175 5881 non
3209 5825 3279 5879 sit
3303 5825 3625 5888 ferendum,
3652 5819 3695 5872 si
3716 5820 3809 5868 tam
3834 5818 3929 5877 Pm‘
