4062 6188
155 322 221 367 90
234 321 247 368 Ι

1358 329 1826 389 DECRETAIJI'M
1867 333 2248 390 COLLRC'I‘IU.

3425 346 3524 398 .002

150 424 302 477 fanis
334 427 622 481 erroribus
643 430 813 484 etiam
835 436 1218 503 quorumdam
1235 439 1596 494 sacerdotum
1616 443 1787 496 corda
1809 456 1869 526 Α
1887 459 1991 513 per
2012 444 2211 497 falsam
2244 445 2583 514 passionem,
2620 452 2977 518 mortemque
2998 464 3114 502 non
3144 464 3330 502 veram
3355 466 3514 504 men-

149 520 549 588 consentiunt;
593 524 700 592 vel,
727 528 791 577 ut
827 526 1018 580 mitius
1043 526 1311 599 dixerim,
1354 548 1469 587 non
1494 533 1785 604 resistunt,

148 626 265 681 qua
302 614 652 670 conscientia
694 616 979 673 honorem
1021 621 1125 675 sibi
1170 622 1429 679 debitum
1481 626 1790 693 vindicant,

148 710 249 779 qui
282 728 395 782 pro
422 710 720 764 animabus
746 711 851 765 sibi
880 713 1110 768 creditis
1138 731 1250 770 non
1280 717 1555 774 laborant.
1590 722 1791 778 Bestia:

148 802 403 872 irruunt,
444 806 501 857 et
537 803 725 857 ovium
763 809 922 875 septa
955 822 1073 860 non
1111 807 1417 877 claudunt;
1468 812 1618 868 fures
1658 815 1791 870 insi-

143 895 404 965 diantur,
448 903 506 951 et
542 896 805 951 excubias
844 914 961 953 non
1002 902 1405 971 praetendunt;
1449 906 1636 961 morbi
1664 924 1784 963 cre-

144 988 442 1057 brescunt,
487 995 544 1044 et
578 990 836 1045 remedia
865 992 1022 1046 nulla
1055 995 1381 1050 coniiciunt.
1418 998 1560 1053 Cum
1597 1005 1786 1057 autem

145 1082 325 1136 etiam
348 1082 489 1136 illud
518 1083 760 1148 addunt,
789 1088 855 1138 ut
882 1084 971 1139 his
998 1087 1097 1157 qui
1121 1088 1407 1144 sollicitius
1435 1096 1634 1162 agunt,
1656 1111 1786 1150 con-

144 1176 365 1230 sentire
419 1176 756 1245 detrectent,
806 1181 862 1231 et
917 1178 1242 1249 impietates
1294 1182 1431 1237 olim
1475 1190 1593 1241 toto
1649 1188 1783 1245 orbe

143 1268 454 1324 damnatas
491 1258 1003 1340 subscriptionibus
1038 1273 1155 1327 suis
1200 1291 1258 1329 se
1297 1278 1781 1336 anathematizare

141 1362 528 1430 dissimulent,
563 1362 700 1433 quid
727 1363 797 1417 de
818 1380 876 1419 se
904 1364 1148 1436 intelligi
1174 1369 1387 1439 volunt,
1408 1371 1517 1426 nisi
1533 1375 1689 1444 quod
1710 1376 1779 1430 de

141 1470 392 1509 numero
418 1455 661 1510 fratrum
694 1473 811 1510 non
844 1464 996 1525 sunt,
1026 1460 1123 1514 sed
1152 1461 1220 1516 de
1243 1468 1404 1533 parte
1436 1465 1706 1523 hostium.

214 1549 373 1603 XVII.
407 1551 469 1602 ln
500 1565 564 1603 eo
595 1565 729 1604 vero
767 1551 922 1622 quod
950 1552 1007 1605 in
1041 1557 1297 1610 extrema
1322 1556 1621 1614 familiaris
1653 1563 1776 1634 epi-

138 1642 305 1695 stolae
326 1645 440 1697 tute
466 1646 627 1714 parte
653 1644 912 1714 posuisti,
948 1646 1127 1701 miror
1152 1648 1488 1721 cujusquam
1515 1654 1775 1712 catholici

139 1734 585 1808 intelligentiam
624 1736 908 1805 laborare,
948 1743 1219 1811 tanquam
1253 1743 1534 1800 incertum
1559 1748 1649 1815 sit,
1679 1766 1773 1819 an,

1898 534 2009 590 dax
2037 537 2209 591 etiam
2237 541 2573 594 resurrectio
2606 546 2911 611 resumptze
2945 540 3015 595 de
3042 541 3309 612 sepulcro
3333 544 3521 597 carnis

1893 628 2193 685 habeatur.
2222 630 2452 685 Frustra
2475 636 2666 687 autem
2697 636 2933 688 utuntur
2962 633 3237 689 catholico
3261 636 3518 703 nomine,

1895 720 1991 791 qui
2040 721 2159 777 istis
2203 722 2597 795 impietatibus
2635 743 2753 782 non
2800 726 3088 796 resistunt,
3126 732 3361 799 possunt
3396 729 3517 783 haec

1890 814 2134 884 credere,
2167 816 2265 887 qui
2293 822 2529 887 possunt
2550 820 2682 875 talia
2705 820 2991 891 patienter
3008 820 3225 875 audire.
3252 821 3520 877 Dedimus

1890 906 2079 979 itaque
2108 908 2325 964 litteras
2343 910 2415 966 ad
2441 911 2649 968 fratres
2669 918 2727 967 et
2755 913 3117 985 coepiscopos
3143 919 3361 969 nostros
3385 916 3516 970 Tar-

1888 1016 2253 1072 ragonenses,
2281 1003 2774 1076 Carthaginenses,
2803 1006 3117 1077 Lusitanos,
3143 1013 3311 1079 atque
3342 1008 3514 1063 Galli-

1886 1110 1999 1164 cos,
2046 1094 2241 1167 eisque
2295 1097 2598 1153 concilium
2635 1100 2832 1171 synodi
2864 1100 3145 1171 generalis
3176 1100 3509 1157 indiximus.

1882 1187 1965 1242 Ad
1993 1191 2105 1242 tuas
2133 1188 2446 1245 dilectionis
2475 1192 2920 1248 sollicitudinem
2958 1193 3284 1264 pertinebit,
3314 1199 3377 1249 ut
3403 1212 3512 1250 no-

1882 1284 2013 1336 strae
2035 1282 2410 1338 ordinationis
2430 1286 2751 1353 auctoritas,
2772 1286 2845 1341 ad
2864 1286 3264 1358 praedictarum
3293 1288 3515 1357 provino

1881 1374 2095 1429 ciarum
2119 1376 2410 1448 episcopos
2440 1378 2749 1434 deferatur.
2784 1379 2839 1435 Si
2866 1382 3062 1435 autem
3093 1379 3310 1452 aliquid
3342 1381 3513 1451 (quod

1878 1467 2039 1536 absit)
2069 1467 2368 1540 obstiterit,
2396 1472 2702 1543 quominus
2728 1473 2909 1544 possit
2934 1472 3215 1528 celebrari
3245 1475 3512 1545 generale

1877 1565 2203 1636 concilium,
2230 1567 2475 1623 Gallicis:
2500 1570 2702 1625 saltem
2724 1570 2785 1624 in
2811 1586 2930 1626 uno
2953 1571 3304 1626 conveniant
3322 1589 3511 1629 sacer-

1879 1657 2059 1725 dotes,
2100 1660 2304 1731 quibus
2343 1663 2723 1734 congregatis,
2764 1664 2967 1719 fratres
3006 1664 3204 1734 nostri,
3238 1665 3514 1737 Hydacius

1878 1753 1936 1805 et
1958 1752 2238 1823 Ceponius
2256 1753 2643 1810 imminebunt
2664 1757 2969 1828 conjuncta
2988 1774 3118 1813 cum
3141 1758 3224 1813 eis
3243 1757 3512 1815 instantia

138 1827 521 1883 descendente
532 1830 612 1884 ad
636 1829 858 1885 inferna
879 1832 1123 1900 Christo,
1143 1850 1276 1890 caro
1298 1837 1420 1907 ejus
1433 1841 1776 1911 requieverit
1796 1847 1852 1919 Β
1878 1842 1995 1907 tua,
2035 1846 2313 1912 quatenus
2355 1843 2426 1898 de
2474 1827 2809 1914 provinciali
2859 1850 3141 1902 conventu
3191 1848 3509 1904 remedium

136 1919 197 1973 in
231 1922 511 1992 sepulcro.
535 1924 670 1987 Quae
692 1923 836 1978 sicut
862 1941 991 1980 vere
1024 1931 1083 1981 et
1108 1932 1335 1984 mortua
1353 1935 1438 1986 est
1458 1936 1517 1987 et
1535 1936 1770 2006 sepulta,

135 2012 219 2066 ita
264 2030 398 2068 vere
439 2021 523 2070 est
567 2015 658 2070 die
704 2017 871 2072 tertia
914 2020 1259 2076 resuscitata.
1298 2024 1410 2078 Hoc
1450 2026 1604 2082 enim
1650 2029 1773 2100 ipse

138 2107 422 2162 Dominus
444 2108 895 2179 denuntiaverat,
917 2111 1111 2168 dicens
1137 2114 1211 2169 ad
1229 2117 1450 2173 Judaaos
1473 2137 1485 2173 :
1517 2122 1771 2177 «Solvite

134 2200 426 2270 templum
472 2202 600 2269 hoc,
640 2208 697 2258 et
734 2204 793 2258 in
833 2205 1028 2261 triduo
1055 2210 1402 2266 resuscitabo
1428 2212 1566 2269 illud
1592 2215 1768 2285 (Joan.

136 2308 198 2359 η,
248 2292 354 2364 19).
391 2312 419 2344 ι)
461 2294 563 2349 Ubi
604 2297 950 2367 evangelista
988 2299 1284 2373 subjungit
1316 2320 1328 2357 :
1365 2323 1392 2356 α
1425 2305 1533 2360 hoc
1576 2313 1771 2365 autem

136 2385 368 2441 dicebat
407 2387 476 2442 de
516 2391 733 2461 templo
772 2392 1023 2462 corporis
1060 2394 1147 2448 sui
1182 2396 1362 2464 (Ibid.,
1400 2400 1510 2471 21).
1541 2422 1569 2450 ››
1602 2402 1771 2475 Cujus

136 2479 221 2531 rei
263 2479 565 2535 veritatem
605 2483 775 2537 etiam
800 2484 974 2539 David
1000 2488 1277 2558 prepheta
1304 2492 1662 2565 praedixerat,
1692 2497 1770 2551 lo-

132 2588 318 2643 quens
344 2573 450 2627 sub
476 2591 722 2646 persona
741 2577 967 2633 Domini
989 2579 1287 2637 Salvatoris
1308 2584 1504 2640 dicens
1527 2604 1539 2640 :
1569 2608 1595 2638 «
1620 2590 1769 2644 Insu-

132 2682 237 2735 per
262 2670 321 2720 et
349 2684 481 2722 caro
519 2685 649 2724 mea
690 2672 1010 2743 requiescet
1055 2673 1113 2728 in
1155 2692 1274 2747 spe.
1329 2678 1606 2741 Quoniam
1654 2700 1764 2739 non

130 2759 502 2831 derelinques
540 2764 789 2819 animam
834 2781 1023 2821 meam
1072 2768 1133 2821 in
1176 2770 1422 2839 inferno,
1463 2790 1565 2829 nec
1606 2775 1767 2833 dabis

130 2852 409 2907 Sanctum
444 2859 606 2909 tuum
632 2856 823 2912 videre
858 2860 1283 2931 corruptionem
1308 2865 1468 2931 (Psal.
1492 2884 1581 2937 xv,
1609 2872 1714 2939 10).
1735 2890 1762 2923 ››

126 2946 347 3008 Quibus
393 2948 591 3019 utique
636 2950 818 3005 verbis
871 2953 1240 3010 manifestum
1290 2964 1392 3027 est,
1438 2962 1588 3031 quod
1630 2980 1763 3019 caro

128 3039 377 3108 Domini,
410 3047 465 3096 et
489 3058 620 3098 vere
651 3045 890 3116 sepulta,
920 3047 1216 3119 requievit,
1249 3055 1305 3105 et
1335 3055 1763 3126 corruptionem

131 3149 250 3186 non
290 3134 480 3200 subiit,
511 3136 665 3207 quia,
712 3139 973 3195 celeriter
1007 3142 1290 3199 viviﬁcata
1318 3147 1506 3202 reditu
1531 3149 1760 3219 animae,

130 3229 458 3283 resurrexit.
507 3230 670 3294 Quod
710 3248 827 3287 non
864 3234 1098 3290 credere
1126 3237 1260 3292 satis
1284 3238 1530 3312 impium
1564 3248 1665 3311 est,
1705 3252 1761 3301 et
1783 3211 1837 3286 Ο

125 3320 200 3373 ad
213 3321 506 3376 Manichaei
524 3324 971 3399 Priscillianique
991 3327 1311 3386 doctrinam
1330 3335 1623 3404 pertinere
1642 3354 1758 3393 non

126 3412 369 3468 dubium
400 3420 509 3484 est;
556 3419 657 3489 qui
700 3421 974 3492 sacrilego
1010 3439 1213 3492 sensu,
1262 3425 1341 3480 ita
1383 3444 1442 3482 se
1471 3429 1755 3486 Christum

122 3506 402 3561 simulant
430 3510 682 3566 conﬁteri
702 3554 716 3581 ,
758 3519 820 3569 ut
841 3515 1250 3573 incarnationis
1274 3523 1332 3574 et
1357 3522 1555 3577 mortis
1583 3527 1640 3579 et
1666 3542 1751 3580 re-

118 3601 493 3657 surrectionis
518 3606 782 3661 auferant
805 3609 1120 3665 veritatem.
1143 3612 1425 3670 Habeatur
1444 3632 1582 3687 ergo
1606 3618 1757 3675 inter

122 3710 220 3747 vos
249 3695 573 3768 episcopale
598 3700 923 3770 concilium,
949 3707 1005 3758 et
1029 3706 1099 3759 ad
1128 3722 1262 3761 eum
1291 3707 1477 3764 locum
1504 3712 1603 3782 qui
1629 3728 1752 3767 om-

121 3786 295 3842 nibus
323 3797 682 3861 opportunus
707 3794 797 3863 sit,
826 3790 1141 3853 vicinarum
1173 3801 1592 3870 provinciarum
1614 3823 1751 3862 con-

117 3877 355 3933 veniant
409 3882 749 3951 sacerdotes,
803 3888 866 3939 ut
911 3888 1226 3943 secundum
1265 3906 1333 3946 ea
1379 3908 1510 3964 quae
1543 3895 1616 3949 ad
1657 3900 1751 3953 tua

119 3966 381 4020 consulta
424 3971 825 4040 respondimus
858 3976 1188 4045 plenissimo
1234 3982 1569 4054 exquiratur
1610 4002 1746 4041 exa-

117 4058 297 4126 mine,
325 4076 397 4114 an
425 4061 536 4117 sint
565 4064 740 4136 aliqui
754 4066 905 4123 inter
920 4070 1234 4144 episcopos,
1257 4074 1355 4145 qui
1380 4075 1551 4148 hujus
1570 4078 1750 4134 haere-

118 4168 239 4206 seos
268 4156 539 4225 contagio
572 4159 898 4228 polluantur
927 4179 960 4218 a
988 4168 1397 4223 communione
1428 4170 1551 4227 sine
1577 4173 1746 4229 dubio

115 4246 445 4315 separandi,
465 4249 510 4303 si
527 4251 991 4312 nefandissimam
1006 4261 1219 4314 sectam
1231 4277 1336 4333 per
1346 4266 1601 4321 omnium
1621 4284 1746 4323 sen-

113 4354 285 4393 suum
330 4342 628 4411 pravitates
683 4346 958 4406 damnare
1013 4352 1317 4410 uoluerint.
1369 4358 1536 4413 Nulla
1587 4362 1740 4416 enim

111 4432 331 4486 ratione
381 4435 739 4494 tolerandum
788 4446 873 4497 est
916 4449 997 4512 ut,
1038 4446 1135 4518 qui
1182 4449 1561 4518 praedicandae
1609 4454 1741 4510 ﬁdei

109 4526 360 4596 suscepit
400 4528 678 4599 ofﬁcium,
732 4535 778 4589 is
833 4543 1029 4593 contra
1084 4544 1443 4613 evangelium
1495 4547 1736 4618 Christi,

105 4622 311 4673 contra
348 4624 708 4691 apostolicam
760 4628 1108 4703 doctrinam,
1163 4643 1359 4692 contra
1410 4640 1740 4698 universalis

104 4712 374 4768 Ecclesiae
419 4717 741 4787 symbolum
783 4724 987 4778 audeat
1031 4728 1335 4799 disputare.
1380 4736 1587 4799 Quales
1623 4739 1737 4796 illic

100 4811 281 4899 erunt
316 4806 595 4880 discipuli,
640 4814 731 4868 ubi
773 4818 914 4872 tales
946 4820 1229 4878 docebunt
1267 4829 1570 4899 magistri?
1604 4835 1735 4898 Quae

98 4898 217 4953 illic
262 4899 466 4973 religio
511 4908 752 4977 populi?
799 4926 928 4981 quae
972 4915 1120 4970 salus
1158 4898 1385 4988 plebis?
1418 4924 1512 4978 ubi
1539 4931 1734 4983 contra

96 4992 421 5049 humanam
440 4998 766 5056 societatem
794 5002 993 5079 223
1018 5010 1255 5079 pudoris
1278 5015 1432 5070 scissi
1460 5034 1731 5076 verecun-

90 5084 192 5139 dia
224 5086 464 5158 tollitur,
494 5094 891 5166 conjugiorum
909 5101 1120 5158 hedera
1140 5107 1498 5182 auferuntur,
1523 5129 1730 5186 propa-

1875 1934 2049 1988 tantis
2079 1936 2407 1991 vulneribus
2435 1936 2726 1992 efferatur.

1872 2064 2117 2139 Epistola
2162 2065 2399 2139 Aureliii
2416 2067 2863 2137 Carthaginensis
2916 2070 3153 2139 episcopi
3205 2070 3280 2125 ad
3333 2086 3509 2126 omnes

1942 2136 2211 2211 episcopos
2244 2151 2342 2211 per
2365 2136 2724 2211 Birauzenam
2747 2145 2799 2193 et
2827 2136 3259 2209 Arzigm’fanam
3279 2144 3504 2211 provin-

1942 2207 2083 2260 ciam
2097 2210 2410 2262 constitutos
2426 2208 2492 2264 de
2502 2209 2850 2265 damnatione
2863 2207 3074 2280 Pelagii
3095 2217 3258 2282 atque
3278 2207 3511 2269 Calestii

1944 2277 2331 2333 haereticorum.

1943 2386 2345 2466 Dilectissimis,
2358 2406 2423 2444 ac
2435 2390 2906 2466 desiderabilibus
2919 2395 2977 2466 et
2988 2394 3504 2466 consacerdotibus,

1871 2457 2155 2526 PRIMIANO,
2180 2460 2409 2533 animo,
2445 2465 2503 2515 et
2526 2462 2618 2515 alii
2647 2463 2878 2531 ϐΑιΑΝο,
2909 2464 3202 2533 ΙΑΝυΑκιο,
3231 2470 3288 2520 et
3306 2457 3503 2522 νιετοὲ

1870 2544 2016 2605 amo,
2056 2531 2276 2605 caeteris
2312 2547 2417 2603 per
2437 2534 2701 2605 tractum
2744 2533 3054 2605 provinciae
3085 2531 3412 2592 Bizanzenaa
3448 2540 3506 2591 et

1868 2600 2614 2678 Argignitanarcdnstitutis,
2646 2600 2917 2678 Appianus
2947 2605 3266 2678 episcopus.

1940 2671 2140 2751 Super.
2160 2673 2400 2751 Caelestii
2438 2679 2496 2751 et
2523 2675 2753 2751 Pelagii
2771 2671 3160 2751 damna—tione.
3183 2693 3502 2751 eorumque

1867 2741 2233 2815 dogmatibus
2253 2743 2589 2815 participem
2601 2741 2861 2799 sanctam
2876 2746 3241 2803 dilectionem
3255 2741 3499 2805 vestram

1867 2811 1925 2888 i_n
1968 2814 2227 2888 plena-rio
2253 2811 2498 2888 concilio
2532 2816 2704 2888 fuisse
2750 2817 3009 2888 cognovi,
3057 2819 3405 2875 dilectissimi
3447 2828 3503 2875 et

1868 2883 2272 2960 desiderabiles
2295 2886 2517 2940 fratres.
2551 2887 2655 2960 Sed
2692 2883 2966 2960 quoniam
2996 2883 3106 2959 pro
3136 2889 3353 2945 honore
3379 2892 3497 2960 Dei,

1866 2953 1924 3008 in
1954 2955 2114 3026 cujus
2138 2973 2317 3033 manu
2347 2973 2443 3010 cor
2467 2956 2625 3033 regis
2642 2953 2729 3033 est
2759 2953 3137 3033 constitutum
3158 2953 3496 3033 gloriosissii

1864 3041 2093 3099 morum
2130 3027 2455 3099 principum
2493 3027 2947 3084 Christianorum
2986 3027 3189 3086 fidem'
3205 3036 3414 3087 rectam
3442 3038 3499 3089 et

1863 3097 2210 3186 cathplicain‘
2231 3097 2671 3186 custodientium
2699 3100 2935 3182 accessit
2962 3102 3290 3184 auctoritas,
3319 3120 3497 3186 quam

1905 3168 2593 3245 er_humilitatem_mea_m
2625 3170 2902 3245 universis
2933 3172 3214 3245 episCOpis
3233 3168 3377 3229 meis
3407 3190 3497 3230 vo.

1905 3184 1967 3222 er
1995 3184 2376 3224 numnitatem
2402 3185 2593 3224 meam
2625 3187 2902 3225 univerSIs
2933 3187 2964 3226 e
3006 3189 3214 3245 iscopis
3233 3184 3377 3229 meis
3407 3190 3496 3230 vo-

1862 3184 1942 3292 Fui
1968 3238 2259 3307 intimare;
2292 3239 2502 3294 idcirco
2530 3242 2927 3297 honorabilem
2959 3189 3379 3300 gaternitatem
3406 3262 3496 3303 ve-

1859 3316 2037 3391 stram
2080 3311 2262 3391 missis
2293 3311 2713 3391 exemplaribus
2752 3312 3036 3391 instruere
3066 3316 3281 3382 curavi,
3316 3333 3406 3391 ne_
3429 3318 3490 3372 in

1858 3380 2047 3451 aliqua
2093 3385 2261 3462 parte
2306 3380 2640 3462 provincia)“
2654 3383 3111 3462 supradictorum
3150 3380 3488 3462 serpentina

1898 3452 2143 3506 ersuasio
2169 3453 2238 3507 ab
2266 3452 2573 3507 universali
2600 3452 2843 3508 Ecclesia
2883 3456 3057 3509 totius
3082 3456 3234 3510 orbis
3250 3452 3489 3512 'exclusa

1880 3526 2091 3596 ortasse
2121 3523 2411 3596 subrepat.
2452 3524 2661 3596 Oblioc
2690 3540 2830 3596 ergo
2858 3530 2978 3580 tam
3003 3527 3322 3581 necessaria
3348 3544 3480 3583 con-

1856 3594 2072 3666 stitutio
2088 3594 2411 3666 principum
2427 3594 2872 3651 Christianorum
2891 3597 3225 3652 charitatem
3239 3604 3483 3654 vestram

1853 3664 2174 3743 laterenon
2194 3664 2416 3743 debuit,
2436 3666 2585 3743 et__ad
2613 3682 2705 3743 me
2734 3666 2918 3743 abeis
2946 3667 3096 3743 datae
3118 3668 3321 3743 littera:
3341 3687 3479 3743 qua-

1853 3751 1982 3790 rum
2008 3736 2177 3791 simul
2197 3737 2617 3808 exemplaribus
2640 3737 2798 3791 lectis
2804 3738 3334 3862 tgquemadmodum
3353 3736 3481 3796 sub-

1854 3808 2096 3862 scribere
2115 3808 2505 3862 unuscuisane
2529 3811 2781 3862 vestrum
2844 3809 3028 3862 ebeatl
3055 3810 3277 3862 dilectio
3296 3816 3480 3862 vestra

1854 3808 2096 3863 scribere
2115 3808 2505 3879 unusquisque
2529 3811 2781 3863 vestrum
2804 3808 3028 3880 debeat)
3055 3810 3277 3866 dilectio
3296 3816 3480 3867 vestra

1851 3886 2185 3962 cognoscet,
2239 3880 2360 3962 sive
2413 3896 2655 3962 quorum
2708 3880 3092 3962 synodalibus
3129 3882 3298 3962 gestis
3328 3883 3477 3962 .sub-

1849 3950 2081 4023 scriptio
2111 3951 2233 4023 jam
2276 3954 2526 4023 tenetur,
2572 3950 2695 4023 Asive
2726 3950 2822 4022 qui
2851 3967 2967 4006 non
3001 3950 3262 4023 potuistis
3290 3953 3476 4010 eidem

1847 4021 2107 4100 plenario
2136 4022 2307 4104 totius
2334 4021 2538 4104 Africa:
2566 4021 2835 4104 interesse
2873 4021 3131 4104 concilio,
3154 4024 3318 4104 Aquod
3344 4041 3475 4081 cum

1849 4092 1909 4164 in
1954 4109 2126 4164 supra
2155 4092 2443 4149 dictorum
2488 4093 2889 4164 haereticorum
2936 4092 3303 4150 damnatione
3347 4112 3471 4151 om-

1848 4163 2009 4237 nium
2034 4163 2039 4164 “
2064 4163 2535 4237 vestrum__fuerit
2572 4164 2879 4237 integrata
2914 4165 3272 4237 subscriptio,
3329 4167 3471 4222 nihil

1845 4235 2081 4319 omnino
2128 4235 2283 4319 unde
2312 4234 2424 4319 illis
2443 4234 2914 4319 dissimulationis
2949 4237 3046 4319 vel
3079 4234 3468 4319 negligentiae,

1846 4306 1931 4360 vel
1972 4307 2283 4387 occultatas
2326 4306 2556 4387 forsitan
2604 4306 2922 4387 pravitatis,
2976 4306 3185 4387 aliqua;
3210 4306 3472 4387 videatur

1843 4376 2049 4458 merito
2091 4378 2433 4458 remansisse
2467 4376 2730 4458 suspicio.
2764 4378 2885 4432 Alia
2914 4376 3107 4458 magni.
3148 4379 3313 4458 Opto,
3360 4381 3468 4458 fra-

1844 4450 1978 4515 tres,
2022 4448 2169 4503 bene
2213 4450 2427 4515 vivatis,
2478 4448 2590 4503 mei
2637 4464 2940 4504 memores.
2992 4451 3134 4505 Data
3182 4448 3469 4506 Kalendas

1839 4519 2097 4591 Augusti,
2151 4520 2513 4591 Carthagine,
2582 4519 2840 4574 Monaxio
2895 4525 2952 4574 et
3001 4520 3200 4587 Pluita,
3258 4537 3468 4577 consu-

1758 4583 1818 4657 D
1839 4583 2006 4645 libus.

1838 4724 2105 4793 Emceipta
2127 4737 2195 4776 ex
2211 4723 2372 4792 gestis
2397 4720 2596 4793 habitis
2621 4725 2807 4793 contra
2833 4720 3113 4790 Pelagium
3137 4721 3463 4791 Melicum,

1910 4799 1961 4848 et
1986 4791 2100 4848 alia
2144 4791 2224 4848 de
2259 4793 2456 4847 libellis
2507 4791 2757 4861 ejusdem,
2798 4807 2920 4862 quae
2948 4794 3004 4846 in
3039 4793 3332 4850 Palestina
3361 4797 3469 4852 sibi

1907 4865 2106 4934 objecta
2129 4864 2391 4919 damnare
2418 4863 2720 4933 compulsus
2737 4868 2835 4918 est.

1907 4966 2070 5039 Quod
2114 4967 2186 5023 ad
2224 4967 2571 5039 Hierusalem
2610 4966 2902 5039 nolentem
2930 4965 3127 5039 colligi
3152 4967 3301 5023 filios
3330 4986 3463 5027 suos

1834 5037 2105 5093 Dominus
2132 5038 2435 5107 clamabat,
2462 5038 2572 5093 hoc
2601 5054 2707 5092 nos
2725 5038 3041 5093 clamamus
3065 5037 3332 5095 adversus
3361 5059 3460 5097 eos

1834 5110 2108 5184 quililios
2144 5109 2407 5184 Ecclesia:
2441 5108 2901 5184 colligi_nolunt,
2926 5110 3062 5184 _Nec
3104 5110 3306 5184 saltem
3335 5120 3461 5184 post

91 5181 254 5249 gatio
268 5185 655 5251 generationis
665 5189 975 5262 inhibetur,
991 5198 1176 5253 carnis
1187 5205 1388 5257 natura
1401 5179 1729 5279 damnatur,
1825 5179 2133 5279 λς
2328 5180 2410 5279 fle
2430 5179 3457 5279 ξξδοηξξίδξξίξῆί

84 5277 304 5327 contra
344 5292 542 5334 verum
584 5287 778 5339 autem
827 5287 926 5342 Dei
968 5291 1182 5347 cultum
1237 5295 1478 5353 Trinitas
1507 5277 1732 5358 deitatis

90 5372 371 5439 negatur,
402 5387 771 5442 personarum
794 5384 1111 5453 proprietas
1130 5389 1516 5464 confunditur,
1536 5395 1731 5452 anima

82 5459 349 5516 hominis
389 5464 580 5522 divina
623 5474 868 5529 essentia
915 5478 1278 5548 praedicatur,
1326 5490 1383 5539 et
1426 5459 1621 5543 eadem
1655 5490 1728 5545 ad

80 5554 335 5655 diaboli-
348 5558 653 5618 arbitrium
683 5582 853 5623 carne
881 5573 1268 5646 concluditur;
1302 5578 1403 5632 Dei
1436 5580 1606 5637 Filius
1626 5600 1730 5655 per

76 5647 141 5701 id
172 5650 341 5720 quod
367 5667 436 5707 ex
467 5654 699 5727 Virgine
727 5665 903 5731 ortus,
936 5682 1049 5721 non
1073 5684 1178 5739 per
1202 5670 1258 5724 id
1288 5673 1440 5743 quod
1466 5690 1531 5729 ex
1562 5647 1727 5732 Patre

74 5748 259 5837 natus
286 5751 391 5812 est,
424 5750 748 5821 unigenitus
772 5757 1130 5829 prmdicatur,
1162 5764 1425 5837 idemque
1440 5754 1564 5824 'nec
1594 5788 1725 5827 vera

70 5836 177 5891 Dei
226 5841 453 5911 proles,
512 5861 613 5899 nec
670 5863 832 5905 verus
894 5854 1062 5910 Filius
1111 5858 1353 5929 Virginis
1403 5864 1624 5931 asserit,
1665 5873 1725 5921 ut

1833 5255 1935 5333 est,
1992 5251 2375 5333 corriguntur,
2428 5251 2497 5306 de
2524 5266 2658 5333 lquo
2683 5251 3021 5333 _dam_natus
3072 5252 3295 5333 exisset,
3347 5254 3458 5308 nisi

1820 5322 2048 5394 objecta
2066 5322 2169 5377 sibi
2200 5327 2399 5377 contra
2420 5322 2662 5394 gratiam
2683 5323 2778 5377 Dei
2804 5322 2972 5390 dicta,
2999 5339 3128 5395 quae
3155 5324 3457 5379 obscurare

1831 5410 1945 5466 non
1965 5395 2171 5466 potuit,
2198 5395 2321 5466 ipse
2343 5394 2684 5466 damuasset.
2712 5395 2923 5449 Praeter
2950 5394 3049 5466 illa
3069 5409 3455 5466 quiequomo-

1831 5464 2132 5547 dopotuit,
2162 5464 2332 5547 ausus
2357 5470 2441 5547 est
2465 5464 2846 5547 qualicunque
2874 5464 3094 5547 ratione
3120 5464 3451 5547 defendere,

1829 5535 2051 5609 objecta
2078 5543 2211 5593 sunt
2245 5535 2531 5609 quaedam,
2563 5552 2690 5608 quae
2717 5535 2825 5609 nisi
2854 5536 3252 5609 remota_omni
3281 5537 3451 5609 tergi-

1828 5604 2141 5679 versatione
2180 5604 2739 5673 anathematizasset,
2774 5608 2894 5679 ipse
2936 5604 3239 5660 anathema
3271 5604 3453 5662 factus

1915 5695 2041 5734 8881.

1915 5695 1997 5733 .s,
2032 5722 2041 5734 .

1828 5678 1939 5732 fu”
1969 5685 2024 5732 Μ
2283 5772 2483 5835 Dogma
2511 5765 2723 5835 Pelagii
2750 5766 3002 5819 Marciiet.

1899 5870 2037 5923 Cum
2083 5869 2296 5925 diceret
2338 5868 2514 5925 Adam
2570 5867 2865 5922 mortalem
2913 5866 3140 5935 factum.
3192 5868 3286 5945 qni
3336 5869 3450 5928 sive
