  <div class='ocr_page' id='page_1' title='image "/cluster/home/n/w/nwhite01/storage/ocr_20150623/130/hvd.32044054759915/481.png"; bbox 0 0 4062 6188; ppageno 0'>
   <div class='ocr_carea' id='block_1_1' title="bbox 612 305 2234 363">
    <p class='ocr_par' dir='ltr' id='par_1_1' title="bbox 612 305 2234 363">
     <span class='ocr_line' id='line_1_1' title="bbox 612 305 2234 363; baseline -0.002 0"><span class='ocrx_word' id='word_1_1' title='bbox 612 313 711 363; x_wconf 71' lang='lat'>903</span> <span class='ocrx_word' id='word_1_2' title='bbox 1488 305 1772 360; x_wconf 85' lang='lat' dir='ltr'>APPEND.</span> <span class='ocrx_word' id='word_1_3' title='bbox 1816 307 1903 361; x_wconf 81' lang='lat' dir='ltr'>AD</span> <span class='ocrx_word' id='word_1_4' title='bbox 1943 307 2105 361; x_wconf 68' lang='lat' dir='ltr'>SA&#39;IC.</span> <span class='ocrx_word' id='word_1_5' title='bbox 2150 308 2234 360; x_wconf 80' lang='lat' dir='ltr'>IX.</span> 
     </span>
    </p>
   </div>
   <div class='ocr_carea' id='block_1_2' title="bbox 609 413 2236 485">
    <p class='ocr_par' dir='ltr' id='par_1_2' title="bbox 609 413 2236 485">
     <span class='ocr_line' id='line_1_2' title="bbox 609 413 2236 485; baseline -0.001 -17"><span class='ocrx_word' id='word_1_6' title='bbox 609 417 909 485; x_wconf 88' lang='lat' dir='ltr'>peccasset,</span> <span class='ocrx_word' id='word_1_7' title='bbox 956 413 1072 465; x_wconf 97' lang='lat' dir='ltr'>sive</span> <span class='ocrx_word' id='word_1_8' title='bbox 1119 430 1257 485; x_wconf 7' lang='lat' dir='ltr'>non,</span> <span class='ocrx_word' id='word_1_9' title='bbox 1286 422 1588 485; x_wconf 74' lang='lat' dir='ltr'>peccasset,</span> <span class='ocrx_word' id='word_1_10' title='bbox 1619 415 1927 469; x_wconf 88' lang='lat' dir='ltr'>moriturus</span> <span class='ocrx_word' id='word_1_11' title='bbox 1956 419 2131 484; x_wconf 81' lang='lat' dir='ltr'>esset;</span> <span class='ocrx_word' id='word_1_12' title='bbox 2179 420 2236 468; x_wconf 90' lang='lat' dir='ltr'>et</span> 
     </span>
    </p>
   </div>
   <div class='ocr_carea' id='block_1_3' title="bbox 609 484 2233 606">
    <p class='ocr_par' dir='ltr' id='par_1_3' title="bbox 609 484 2233 606">
     <span class='ocr_line' id='line_1_3' title="bbox 609 484 2233 606; baseline 0.001 -69"><span class='ocrx_word' id='word_1_13' title='bbox 609 484 761 555; x_wconf 84' lang='lat' dir='ltr'>quod</span> <span class='ocrx_word' id='word_1_14' title='bbox 816 490 1108 606; x_wconf 56' lang='lat' dir='ltr'>peccatum</span> <span class='ocrx_word' id='word_1_15' title='bbox 1164 484 1333 554; x_wconf 85' lang='lat' dir='ltr'>ipsius</span> <span class='ocrx_word' id='word_1_16' title='bbox 1383 484 1567 554; x_wconf 91' lang='lat' dir='ltr'>ipsum</span> <span class='ocrx_word' id='word_1_17' title='bbox 1613 486 1798 539; x_wconf 91' lang='lat' dir='ltr'>solum</span> <span class='ocrx_word' id='word_1_18' title='bbox 1848 486 2071 551; x_wconf 62' lang='lat' dir='ltr'>laeserit,</span> <span class='ocrx_word' id='word_1_19' title='bbox 2121 502 2233 539; x_wconf 90' lang='lat' dir='ltr'>non</span> 
     </span>
     <span class='ocr_line' id='line_1_4' title="bbox 612 555 2233 606; baseline 0 0"><span class='ocrx_word' id='word_1_20' title='bbox 612 571 789 606; x_wconf 62' lang='lat' dir='ltr'>genus</span> <span class='ocrx_word' id='word_1_21' title='bbox 859 570 1172 606; x_wconf 84' lang='lat' dir='ltr'>umanum:</span> <span class='ocrx_word' id='word_1_22' title='bbox 1219 560 1276 606; x_wconf 90' lang='lat' dir='ltr'>et</span> <span class='ocrx_word' id='word_1_23' title='bbox 1310 555 1462 606; x_wconf 72' lang='lat' dir='ltr'>quod</span> <span class='ocrx_word' id='word_1_24' title='bbox 1503 556 1770 606; x_wconf 79' lang='lat' dir='ltr'>infantes.</span> <span class='ocrx_word' id='word_1_25' title='bbox 1802 573 1983 606; x_wconf 81' lang='lat' dir='ltr'>nuper</span> <span class='ocrx_word' id='word_1_26' title='bbox 2008 557 2147 606; x_wconf 79' lang='lat' dir='ltr'>nati.</span> <span class='ocrx_word' id='word_1_27' title='bbox 2178 557 2233 606; x_wconf 90' lang='lat' dir='ltr'>in</span> 
     </span>
    </p>
   </div>
   <div class='ocr_carea' id='block_1_4' title="bbox 611 555 2237 625">
    <p class='ocr_par' dir='ltr' id='par_1_4' title="bbox 611 555 2237 625">
     <span class='ocr_line' id='line_1_5' title="bbox 611 555 2237 625; baseline 0.001 -18"><span class='ocrx_word' id='word_1_28' title='bbox 611 571 789 625; x_wconf 77' lang='lat' dir='ltr'>genus</span> <span class='ocrx_word' id='word_1_29' title='bbox 818 555 1133 607; x_wconf 86' lang='lat' dir='ltr'>humanum</span> <span class='ocrx_word' id='word_1_30' title='bbox 1159 572 1172 621; x_wconf 84' lang='lat'><strong>;</strong></span> <span class='ocrx_word' id='word_1_31' title='bbox 1219 560 1276 608; x_wconf 91' lang='lat' dir='ltr'>et</span> <span class='ocrx_word' id='word_1_32' title='bbox 1310 555 1462 624; x_wconf 88' lang='lat' dir='ltr'>quod</span> <span class='ocrx_word' id='word_1_33' title='bbox 1503 556 1770 621; x_wconf 77' lang='lat' dir='ltr'>infantes,</span> <span class='ocrx_word' id='word_1_34' title='bbox 1802 573 1983 625; x_wconf 81' lang='lat' dir='ltr'>nuper</span> <span class='ocrx_word' id='word_1_35' title='bbox 2008 557 2147 624; x_wconf 89' lang='lat' dir='ltr'>nati,</span> <span class='ocrx_word' id='word_1_36' title='bbox 2178 557 2237 609; x_wconf 91' lang='lat' dir='ltr'>in</span> 
     </span>
    </p>
   </div>
   <div class='ocr_carea' id='block_1_5' title="bbox 612 625 2236 697">
    <p class='ocr_par' dir='ltr' id='par_1_5' title="bbox 612 625 2236 697">
     <span class='ocr_line' id='line_1_6' title="bbox 612 625 2236 697; baseline 0.002 -19"><span class='ocrx_word' id='word_1_37' title='bbox 612 627 706 679; x_wconf 92' lang='lat' dir='ltr'>illo</span> <span class='ocrx_word' id='word_1_38' title='bbox 735 629 880 677; x_wconf 85' lang='lat' dir='ltr'>statu</span> <span class='ocrx_word' id='word_1_39' title='bbox 904 631 1051 689; x_wconf 89' lang='lat' dir='ltr'>sunt,</span> <span class='ocrx_word' id='word_1_40' title='bbox 1087 626 1144 678; x_wconf 91' lang='lat' dir='ltr'>in</span> <span class='ocrx_word' id='word_1_41' title='bbox 1174 642 1287 695; x_wconf 90' lang='lat' dir='ltr'>quo</span> <span class='ocrx_word' id='word_1_42' title='bbox 1319 625 1501 679; x_wconf 77' lang='lat' dir='ltr'>Adam</span> <span class='ocrx_word' id='word_1_43' title='bbox 1531 627 1640 680; x_wconf 90' lang='lat' dir='ltr'>fuit</span> <span class='ocrx_word' id='word_1_44' title='bbox 1670 632 1802 680; x_wconf 91' lang='lat' dir='ltr'>ante</span> <span class='ocrx_word' id='word_1_45' title='bbox 1830 627 2236 697; x_wconf 67' lang='lat' dir='ltr'>praevaricatio-</span> 
     </span>
    </p>
   </div>
   <div class='ocr_carea' id='block_1_6' title="bbox 609 698 2235 768">
    <p class='ocr_par' dir='ltr' id='par_1_6' title="bbox 609 698 2235 768">
     <span class='ocr_line' id='line_1_7' title="bbox 609 698 2235 768; baseline 0.001 -18"><span class='ocrx_word' id='word_1_46' title='bbox 609 713 737 750; x_wconf 90' lang='lat' dir='ltr'>nem</span> <span class='ocrx_word' id='word_1_47' title='bbox 763 714 776 761; x_wconf 83' lang='lat'><strong>;</strong></span> <span class='ocrx_word' id='word_1_48' title='bbox 818 700 876 749; x_wconf 90' lang='lat' dir='ltr'>et</span> <span class='ocrx_word' id='word_1_49' title='bbox 900 698 1053 766; x_wconf 89' lang='lat' dir='ltr'>quod</span> <span class='ocrx_word' id='word_1_50' title='bbox 1078 713 1264 768; x_wconf 89' lang='lat' dir='ltr'>neque</span> <span class='ocrx_word' id='word_1_51' title='bbox 1291 713 1392 767; x_wconf 90' lang='lat' dir='ltr'>per</span> <span class='ocrx_word' id='word_1_52' title='bbox 1418 703 1680 765; x_wconf 90' lang='lat' dir='ltr'>mortem,</span> <span class='ocrx_word' id='word_1_53' title='bbox 1713 699 1797 751; x_wconf 89' lang='lat' dir='ltr'>vel</span> <span class='ocrx_word' id='word_1_54' title='bbox 1824 699 2235 768; x_wconf 62' lang='lat' dir='ltr'>praevaricatio-</span> 
     </span>
    </p>
   </div>
   <div class='ocr_carea' id='block_1_7' title="bbox 613 768 2235 839">
    <p class='ocr_par' dir='ltr' id='par_1_7' title="bbox 613 768 2235 839">
     <span class='ocr_line' id='line_1_8' title="bbox 613 768 2235 839; baseline 0.001 -18"><span class='ocrx_word' id='word_1_55' title='bbox 613 784 746 821; x_wconf 91' lang='lat' dir='ltr'>nem</span> <span class='ocrx_word' id='word_1_56' title='bbox 778 768 935 835; x_wconf 71' lang='lat' dir='ltr'>Adit},</span> <span class='ocrx_word' id='word_1_57' title='bbox 965 784 1136 821; x_wconf 89' lang='lat' dir='ltr'>omne</span> <span class='ocrx_word' id='word_1_58' title='bbox 1163 784 1344 838; x_wconf 89' lang='lat' dir='ltr'>genus</span> <span class='ocrx_word' id='word_1_59' title='bbox 1370 768 1667 835; x_wconf 81' lang='lat' dir='ltr'>moriatur,</span> <span class='ocrx_word' id='word_1_60' title='bbox 1700 785 1885 839; x_wconf 89' lang='lat' dir='ltr'>neque</span> <span class='ocrx_word' id='word_1_61' title='bbox 1916 786 2017 839; x_wconf 90' lang='lat' dir='ltr'>per</span> <span class='ocrx_word' id='word_1_62' title='bbox 2044 786 2235 822; x_wconf 90' lang='lat' dir='ltr'>resur-</span> 
     </span>
    </p>
   </div>
   <div class='ocr_carea' id='block_1_8' title="bbox 612 838 2235 909">
    <p class='ocr_par' dir='ltr' id='par_1_8' title="bbox 612 838 2235 909">
     <span class='ocr_line' id='line_1_9' title="bbox 612 838 2235 909; baseline 0.001 -17"><span class='ocrx_word' id='word_1_63' title='bbox 612 838 922 892; x_wconf 73' lang='lat' dir='ltr'>rectionem</span> <span class='ocrx_word' id='word_1_64' title='bbox 950 838 1155 892; x_wconf 85' lang='lat' dir='ltr'>Christi</span> <span class='ocrx_word' id='word_1_65' title='bbox 1192 855 1368 893; x_wconf 89' lang='lat' dir='ltr'>omne</span> <span class='ocrx_word' id='word_1_66' title='bbox 1398 855 1577 909; x_wconf 89' lang='lat' dir='ltr'>genus</span> <span class='ocrx_word' id='word_1_67' title='bbox 1608 838 2235 909; x_wconf 27' lang='lat' dir='ltr'>hominum’resurgat;</span> 
     </span>
    </p>
   </div>
   <div class='ocr_carea' id='block_1_9' title="bbox 612 910 2238 979">
    <p class='ocr_par' dir='ltr' id='par_1_9' title="bbox 612 910 2238 979">
     <span class='ocr_line' id='line_1_10' title="bbox 612 910 2238 979; baseline 0.001 -16"><span class='ocrx_word' id='word_1_68' title='bbox 612 911 860 963; x_wconf 82' lang='lat' dir='ltr'>infantes</span> <span class='ocrx_word' id='word_1_69' title='bbox 905 910 1055 962; x_wconf 91' lang='lat' dir='ltr'>enim</span> <span class='ocrx_word' id='word_1_70' title='bbox 1082 952 1094 975; x_wconf 97' lang='lat'>,</span> <span class='ocrx_word' id='word_1_71' title='bbox 1155 910 1201 962; x_wconf 88' lang='lat' dir='ltr'>si</span> <span class='ocrx_word' id='word_1_72' title='bbox 1249 926 1363 963; x_wconf 91' lang='lat' dir='ltr'>non</span> <span class='ocrx_word' id='word_1_73' title='bbox 1408 910 1767 979; x_wconf 87' lang='lat' dir='ltr'>baptizentur</span> <span class='ocrx_word' id='word_1_74' title='bbox 1814 911 2024 964; x_wconf 89' lang='lat' dir='ltr'>habere</span> <span class='ocrx_word' id='word_1_75' title='bbox 2068 911 2238 965; x_wconf 83' lang='lat' dir='ltr'>vitam</span> 
     </span>
    </p>
   </div>
   <div class='ocr_carea' id='block_1_10' title="bbox 611 980 2236 1050">
    <p class='ocr_par' dir='ltr' id='par_1_10' title="bbox 611 980 2236 1050">
     <span class='ocr_line' id='line_1_11' title="bbox 611 980 2236 1050; baseline -0.001 -15"><span class='ocrx_word' id='word_1_76' title='bbox 611 988 908 1048; x_wconf 70' lang='lat' dir='ltr'>aeternam,</span> <span class='ocrx_word' id='word_1_77' title='bbox 940 986 998 1033; x_wconf 91' lang='lat' dir='ltr'>et</span> <span class='ocrx_word' id='word_1_78' title='bbox 1025 980 1226 1035; x_wconf 89' lang='lat' dir='ltr'>divites</span> <span class='ocrx_word' id='word_1_79' title='bbox 1256 981 1586 1050; x_wconf 81' lang='lat' dir='ltr'>baptizatos,</span> <span class='ocrx_word' id='word_1_80' title='bbox 1629 981 1737 1034; x_wconf 80' lang='lat' dir='ltr'>nisi</span> <span class='ocrx_word' id='word_1_81' title='bbox 1777 982 2041 1036; x_wconf 91' lang='lat' dir='ltr'>omnibus</span> <span class='ocrx_word' id='word_1_82' title='bbox 2072 982 2236 1035; x_wconf 90' lang='lat' dir='ltr'>abre-</span> 
     </span>
    </p>
   </div>
   <div class='ocr_carea' id='block_1_11' title="bbox 614 1052 2236 1123">
    <p class='ocr_par' dir='ltr' id='par_1_11' title="bbox 614 1052 2236 1123">
     <span class='ocr_line' id='line_1_12' title="bbox 614 1052 2236 1123; baseline 0.001 -19"><span class='ocrx_word' id='word_1_83' title='bbox 614 1052 896 1117; x_wconf 87' lang='lat' dir='ltr'>nuntient,</span> <span class='ocrx_word' id='word_1_84' title='bbox 939 1052 983 1103; x_wconf 91' lang='lat' dir='ltr'>si</span> <span class='ocrx_word' id='word_1_85' title='bbox 1019 1052 1155 1122; x_wconf 91' lang='lat' dir='ltr'>quid</span> <span class='ocrx_word' id='word_1_86' title='bbox 1193 1052 1331 1106; x_wconf 91' lang='lat' dir='ltr'>boni</span> <span class='ocrx_word' id='word_1_87' title='bbox 1360 1052 1459 1104; x_wconf 87' lang='lat' dir='ltr'>visi</span> <span class='ocrx_word' id='word_1_88' title='bbox 1488 1057 1619 1105; x_wconf 91' lang='lat' dir='ltr'>sunt</span> <span class='ocrx_word' id='word_1_89' title='bbox 1657 1053 1859 1117; x_wconf 88' lang='lat' dir='ltr'>facere,</span> <span class='ocrx_word' id='word_1_90' title='bbox 1893 1070 2006 1106; x_wconf 92' lang='lat' dir='ltr'>non</span> <span class='ocrx_word' id='word_1_91' title='bbox 2043 1069 2236 1123; x_wconf 83' lang='lat' dir='ltr'>repor-</span> 
     </span>
    </p>
   </div>
   <div class='ocr_carea' id='block_1_12' title="bbox 610 1123 2238 1193">
    <p class='ocr_par' dir='ltr' id='par_1_12' title="bbox 610 1123 2238 1193">
     <span class='ocr_line' id='line_1_13' title="bbox 610 1123 2238 1193; baseline 0.001 -18"><span class='ocrx_word' id='word_1_92' title='bbox 610 1129 730 1177; x_wconf 81' lang='lat' dir='ltr'>tare</span> <span class='ocrx_word' id='word_1_93' title='bbox 759 1124 899 1185; x_wconf 90' lang='lat' dir='ltr'>illos,</span> <span class='ocrx_word' id='word_1_94' title='bbox 932 1138 1036 1175; x_wconf 89' lang='lat' dir='ltr'>nec</span> <span class='ocrx_word' id='word_1_95' title='bbox 1064 1139 1155 1176; x_wconf 88' lang='lat' dir='ltr'>eos</span> <span class='ocrx_word' id='word_1_96' title='bbox 1181 1123 1389 1175; x_wconf 88' lang='lat' dir='ltr'>habere</span> <span class='ocrx_word' id='word_1_97' title='bbox 1421 1139 1583 1192; x_wconf 84' lang='lat' dir='ltr'>posse</span> <span class='ocrx_word' id='word_1_98' title='bbox 1611 1139 1854 1191; x_wconf 78' lang='lat' dir='ltr'>regnum</span> <span class='ocrx_word' id='word_1_99' title='bbox 1886 1124 2001 1189; x_wconf 90' lang='lat' dir='ltr'>Dei,</span> <span class='ocrx_word' id='word_1_100' title='bbox 2035 1127 2091 1176; x_wconf 91' lang='lat' dir='ltr'>et</span> <span class='ocrx_word' id='word_1_101' title='bbox 2117 1139 2238 1193; x_wconf 88' lang='lat' dir='ltr'>gra-</span> 
     </span>
    </p>
   </div>
   <div class='ocr_carea' id='block_1_13' title="bbox 613 1193 2239 1263">
    <p class='ocr_par' dir='ltr' id='par_1_13' title="bbox 613 1193 2239 1263">
     <span class='ocr_line' id='line_1_14' title="bbox 613 1193 2239 1263; baseline 0 -16"><span class='ocrx_word' id='word_1_102' title='bbox 613 1195 749 1247; x_wconf 89' lang='lat' dir='ltr'>tiam</span> <span class='ocrx_word' id='word_1_103' title='bbox 785 1194 898 1257; x_wconf 92' lang='lat' dir='ltr'>Dei,</span> <span class='ocrx_word' id='word_1_104' title='bbox 932 1200 1104 1263; x_wconf 89' lang='lat' dir='ltr'>atque</span> <span class='ocrx_word' id='word_1_105' title='bbox 1134 1193 1503 1263; x_wconf 89' lang='lat' dir='ltr'>adjutorium,</span> <span class='ocrx_word' id='word_1_106' title='bbox 1538 1210 1655 1247; x_wconf 89' lang='lat' dir='ltr'>non</span> <span class='ocrx_word' id='word_1_107' title='bbox 1698 1193 1769 1246; x_wconf 92' lang='lat' dir='ltr'>ad</span> <span class='ocrx_word' id='word_1_108' title='bbox 1801 1194 2055 1263; x_wconf 90' lang='lat' dir='ltr'>singulos</span> <span class='ocrx_word' id='word_1_109' title='bbox 2085 1200 2239 1248; x_wconf 91' lang='lat' dir='ltr'>actus</span> 
     </span>
    </p>
   </div>
   <div class='ocr_carea' id='block_1_14' title="bbox 614 1264 2239 1336">
    <p class='ocr_par' dir='ltr' id='par_1_14' title="bbox 614 1264 2239 1336">
     <span class='ocr_line' id='line_1_15' title="bbox 614 1264 2239 1336; baseline 0 -18"><span class='ocrx_word' id='word_1_110' title='bbox 614 1266 756 1330; x_wconf 86' lang='lat' dir='ltr'>dari,</span> <span class='ocrx_word' id='word_1_111' title='bbox 799 1265 895 1317; x_wconf 89' lang='lat' dir='ltr'>sed</span> <span class='ocrx_word' id='word_1_112' title='bbox 940 1265 1000 1317; x_wconf 89' lang='lat' dir='ltr'>in</span> <span class='ocrx_word' id='word_1_113' title='bbox 1032 1265 1207 1336; x_wconf 83' lang='lat' dir='ltr'>libero</span> <span class='ocrx_word' id='word_1_114' title='bbox 1250 1264 1486 1336; x_wconf 86' lang='lat' dir='ltr'>arbitrio</span> <span class='ocrx_word' id='word_1_115' title='bbox 1531 1281 1673 1329; x_wconf 88' lang='lat' dir='ltr'>esse,</span> <span class='ocrx_word' id='word_1_116' title='bbox 1702 1266 1790 1317; x_wconf 87' lang='lat' dir='ltr'>vel</span> <span class='ocrx_word' id='word_1_117' title='bbox 1822 1265 1878 1318; x_wconf 91' lang='lat' dir='ltr'>in</span> <span class='ocrx_word' id='word_1_118' title='bbox 1909 1267 2038 1335; x_wconf 82' lang='lat' dir='ltr'>lege</span> <span class='ocrx_word' id='word_1_119' title='bbox 2068 1269 2239 1336; x_wconf 89' lang='lat' dir='ltr'>atque</span> 
     </span>
    </p>
   </div>
   <div class='ocr_carea' id='block_1_15' title="bbox 616 1334 2241 1404">
    <p class='ocr_par' dir='ltr' id='par_1_15' title="bbox 616 1334 2241 1404">
     <span class='ocr_line' id='line_1_16' title="bbox 616 1334 2241 1404; baseline 0 -15"><span class='ocrx_word' id='word_1_120' title='bbox 616 1336 908 1399; x_wconf 85' lang='lat' dir='ltr'>doctrina;</span> <span class='ocrx_word' id='word_1_121' title='bbox 951 1338 1007 1388; x_wconf 90' lang='lat' dir='ltr'>et</span> <span class='ocrx_word' id='word_1_122' title='bbox 1038 1334 1133 1388; x_wconf 89' lang='lat' dir='ltr'>Dei</span> <span class='ocrx_word' id='word_1_123' title='bbox 1164 1335 1404 1404; x_wconf 84' lang='lat' dir='ltr'>gratiam</span> <span class='ocrx_word' id='word_1_124' title='bbox 1451 1336 1762 1389; x_wconf 85' lang='lat' dir='ltr'>secundum</span> <span class='ocrx_word' id='word_1_125' title='bbox 1794 1334 1998 1389; x_wconf 90' lang='lat' dir='ltr'>merita</span> <span class='ocrx_word' id='word_1_126' title='bbox 2047 1334 2241 1389; x_wconf 78' lang='lat' dir='ltr'>nostra</span> 
     </span>
    </p>
   </div>
   <div class='ocr_carea' id='block_1_16' title="bbox 613 1405 2237 1475">
    <p class='ocr_par' dir='ltr' id='par_1_16' title="bbox 613 1405 2237 1475">
     <span class='ocr_line' id='line_1_17' title="bbox 613 1405 2237 1475; baseline -0.001 -15"><span class='ocrx_word' id='word_1_127' title='bbox 613 1407 772 1470; x_wconf 86' lang='lat' dir='ltr'>dari;</span> <span class='ocrx_word' id='word_1_128' title='bbox 815 1410 871 1458; x_wconf 90' lang='lat' dir='ltr'>et</span> <span class='ocrx_word' id='word_1_129' title='bbox 902 1406 1045 1459; x_wconf 82' lang='lat' dir='ltr'>filios</span> <span class='ocrx_word' id='word_1_130' title='bbox 1082 1406 1174 1459; x_wconf 87' lang='lat' dir='ltr'>Dei</span> <span class='ocrx_word' id='word_1_131' title='bbox 1218 1422 1329 1458; x_wconf 92' lang='lat' dir='ltr'>non</span> <span class='ocrx_word' id='word_1_132' title='bbox 1366 1422 1532 1475; x_wconf 85' lang='lat' dir='ltr'>posse</span> <span class='ocrx_word' id='word_1_133' title='bbox 1579 1405 1781 1471; x_wconf 90' lang='lat' dir='ltr'>vocari,</span> <span class='ocrx_word' id='word_1_134' title='bbox 1813 1406 1921 1460; x_wconf 88' lang='lat' dir='ltr'>nisi</span> <span class='ocrx_word' id='word_1_135' title='bbox 1953 1406 2237 1460; x_wconf 91' lang='lat' dir='ltr'>omnimo-</span> 
     </span>
    </p>
   </div>
   <div class='ocr_carea' id='block_1_17' title="bbox 616 1475 2237 1547">
    <p class='ocr_par' dir='ltr' id='par_1_17' title="bbox 616 1475 2237 1547">
     <span class='ocr_line' id='line_1_18' title="bbox 616 1475 2237 1547; baseline 0 -16"><span class='ocrx_word' id='word_1_136' title='bbox 616 1479 689 1531; x_wconf 90' lang='lat' dir='ltr'>do</span> <span class='ocrx_word' id='word_1_137' title='bbox 720 1478 931 1547; x_wconf 82' lang='lat' dir='ltr'>absque</span> <span class='ocrx_word' id='word_1_138' title='bbox 957 1482 1186 1546; x_wconf 89' lang='lat' dir='ltr'>peceato</span> <span class='ocrx_word' id='word_1_139' title='bbox 1211 1475 1425 1530; x_wconf 88' lang='lat' dir='ltr'>fuerint</span> <span class='ocrx_word' id='word_1_140' title='bbox 1454 1477 1667 1541; x_wconf 81' lang='lat' dir='ltr'>effecti;</span> <span class='ocrx_word' id='word_1_141' title='bbox 1717 1483 1774 1531; x_wconf 91' lang='lat' dir='ltr'>et</span> <span class='ocrx_word' id='word_1_142' title='bbox 1798 1493 1913 1531; x_wconf 87' lang='lat' dir='ltr'>non</span> <span class='ocrx_word' id='word_1_143' title='bbox 1947 1493 2067 1531; x_wconf 89' lang='lat' dir='ltr'>esse</span> <span class='ocrx_word' id='word_1_144' title='bbox 2094 1477 2237 1531; x_wconf 87' lang='lat' dir='ltr'>libe-</span> 
     </span>
    </p>
   </div>
   <div class='ocr_carea' id='block_1_18' title="bbox 617 1547 2237 1617">
    <p class='ocr_par' dir='ltr' id='par_1_18' title="bbox 617 1547 2237 1617">
     <span class='ocr_line' id='line_1_19' title="bbox 617 1547 2237 1617; baseline 0 -15"><span class='ocrx_word' id='word_1_145' title='bbox 617 1565 743 1602; x_wconf 92' lang='lat' dir='ltr'>rum</span> <span class='ocrx_word' id='word_1_146' title='bbox 791 1548 1112 1614; x_wconf 83' lang='lat' dir='ltr'>arbitrium,</span> <span class='ocrx_word' id='word_1_147' title='bbox 1166 1547 1210 1601; x_wconf 91' lang='lat' dir='ltr'>si</span> <span class='ocrx_word' id='word_1_148' title='bbox 1248 1547 1349 1600; x_wconf 90' lang='lat' dir='ltr'>Dei</span> <span class='ocrx_word' id='word_1_149' title='bbox 1401 1552 1533 1617; x_wconf 90' lang='lat' dir='ltr'>eget</span> <span class='ocrx_word' id='word_1_150' title='bbox 1586 1548 1815 1613; x_wconf 85' lang='lat' dir='ltr'>auxilio,</span> <span class='ocrx_word' id='word_1_151' title='bbox 1869 1548 2139 1617; x_wconf 88' lang='lat' dir='ltr'>quoniam</span> <span class='ocrx_word' id='word_1_152' title='bbox 2181 1550 2237 1601; x_wconf 92' lang='lat' dir='ltr'>in</span> 
     </span>
    </p>
   </div>
   <div class='ocr_carea' id='block_1_19' title="bbox 615 1618 2237 1691">
    <p class='ocr_par' dir='ltr' id='par_1_19' title="bbox 615 1618 2237 1691">
     <span class='ocr_line' id='line_1_20' title="bbox 615 1618 2237 1691; baseline -0.001 -18"><span class='ocrx_word' id='word_1_153' title='bbox 615 1618 844 1691; x_wconf 89' lang='lat' dir='ltr'>propria</span> <span class='ocrx_word' id='word_1_154' title='bbox 875 1618 1165 1691; x_wconf 82' lang='lat' dir='ltr'>voluutate</span> <span class='ocrx_word' id='word_1_155' title='bbox 1194 1619 1368 1691; x_wconf 83' lang='lat' dir='ltr'>habet</span> <span class='ocrx_word' id='word_1_156' title='bbox 1392 1619 1782 1691; x_wconf 79' lang='lat' dir='ltr'>unusquisque</span> <span class='ocrx_word' id='word_1_157' title='bbox 1804 1620 1985 1673; x_wconf 86' lang='lat' dir='ltr'>facere</span> <span class='ocrx_word' id='word_1_158' title='bbox 2007 1619 2237 1689; x_wconf 90' lang='lat' dir='ltr'>aliquid,</span> 
     </span>
    </p>
   </div>
   <div class='ocr_carea' id='block_1_20' title="bbox 616 1688 2241 1744">
    <p class='ocr_par' dir='ltr' id='par_1_20' title="bbox 616 1688 2241 1744">
     <span class='ocr_line' id='line_1_21' title="bbox 616 1688 2241 1744; baseline -0.001 0"><span class='ocrx_word' id='word_1_159' title='bbox 616 1688 742 1744; x_wconf 46' lang='lat' dir='ltr'>aut&#39;</span> <span class='ocrx_word' id='word_1_160' title='bbox 762 1706 870 1742; x_wconf 88' lang='lat' dir='ltr'>non</span> <span class='ocrx_word' id='word_1_161' title='bbox 903 1688 1089 1741; x_wconf 87' lang='lat' dir='ltr'>facere</span> <span class='ocrx_word' id='word_1_162' title='bbox 1116 1706 1128 1744; x_wconf 88' lang='lat'>:</span> <span class='ocrx_word' id='word_1_163' title='bbox 1179 1694 1234 1743; x_wconf 87' lang='lat' dir='ltr'>et</span> <span class='ocrx_word' id='word_1_164' title='bbox 1275 1689 1570 1742; x_wconf 87' lang='lat' dir='ltr'>victoriam</span> <span class='ocrx_word' id='word_1_165' title='bbox 1598 1696 1845 1743; x_wconf 88' lang='lat' dir='ltr'>nostram</span> <span class='ocrx_word' id='word_1_166' title='bbox 1876 1707 1989 1743; x_wconf 91' lang='lat' dir='ltr'>non</span> <span class='ocrx_word' id='word_1_167' title='bbox 2028 1688 2145 1743; x_wconf 78' lang='lat' dir='ltr'>esse</span> <span class='ocrx_word' id='word_1_168' title='bbox 2174 1706 2241 1743; x_wconf 80' lang='lat' dir='ltr'>ex</span> 
     </span>
    </p>
   </div>
   <div class='ocr_carea' id='block_1_21' title="bbox 619 1759 2238 1841">
    <p class='ocr_par' dir='ltr' id='par_1_21' title="bbox 619 1759 2238 1841">
     <span class='ocr_line' id='line_1_22' title="bbox 619 1759 2238 1841; baseline 0 -28"><span class='ocrx_word' id='word_1_169' title='bbox 619 1760 1043 1841; x_wconf 35' lang='lat' dir='ltr'>Dei-adjutorio.,</span> <span class='ocrx_word' id='word_1_170' title='bbox 1079 1759 1173 1812; x_wconf 87' lang='lat' dir='ltr'>sed</span> <span class='ocrx_word' id='word_1_171' title='bbox 1195 1776 1268 1841; x_wconf 29' lang='lat' dir='ltr'>ex,</span> <span class='ocrx_word' id='word_1_172' title='bbox 1288 1760 1466 1841; x_wconf 84' lang='lat' dir='ltr'>libero</span> <span class='ocrx_word' id='word_1_173' title='bbox 1494 1759 1729 1841; x_wconf 77' lang='lat' dir='ltr'>arbitrio</span> <span class='ocrx_word' id='word_1_174' title='bbox 1754 1778 1766 1825; x_wconf 87' lang='lat'><strong>;</strong></span> <span class='ocrx_word' id='word_1_175' title='bbox 1800 1767 1855 1814; x_wconf 90' lang='lat' dir='ltr'>et</span> <span class='ocrx_word' id='word_1_176' title='bbox 1880 1761 2028 1841; x_wconf 78' lang='lat' dir='ltr'>quod</span> <span class='ocrx_word' id='word_1_177' title='bbox 2060 1761 2238 1841; x_wconf 70' lang='lat' dir='ltr'>poeni-</span> 
     </span>
    </p>
   </div>
   <div class='ocr_carea' id='block_1_22' title="bbox 616 1831 2242 1901">
    <p class='ocr_par' dir='ltr' id='par_1_22' title="bbox 616 1831 2242 1901">
     <span class='ocr_line' id='line_1_23' title="bbox 616 1831 2242 1901; baseline -0.001 -15"><span class='ocrx_word' id='word_1_178' title='bbox 616 1832 866 1886; x_wconf 90' lang='lat' dir='ltr'>tentibus</span> <span class='ocrx_word' id='word_1_179' title='bbox 905 1831 1066 1885; x_wconf 89' lang='lat' dir='ltr'>venia</span> <span class='ocrx_word' id='word_1_180' title='bbox 1098 1848 1211 1884; x_wconf 89' lang='lat' dir='ltr'>non</span> <span class='ocrx_word' id='word_1_181' title='bbox 1238 1831 1405 1885; x_wconf 88' lang='lat' dir='ltr'>detur</span> <span class='ocrx_word' id='word_1_182' title='bbox 1432 1832 1743 1885; x_wconf 90' lang='lat' dir='ltr'>secundum</span> <span class='ocrx_word' id='word_1_183' title='bbox 1776 1831 2017 1901; x_wconf 86' lang='lat' dir='ltr'>gratiam</span> <span class='ocrx_word' id='word_1_184' title='bbox 2049 1836 2109 1886; x_wconf 88' lang='lat' dir='ltr'>et</span> <span class='ocrx_word' id='word_1_185' title='bbox 2135 1832 2242 1885; x_wconf 90' lang='lat' dir='ltr'>mi-</span> 
     </span>
    </p>
   </div>
   <div class='ocr_carea' id='block_1_23' title="bbox 617 1901 2244 1968">
    <p class='ocr_par' dir='ltr' id='par_1_23' title="bbox 617 1901 2244 1968">
     <span class='ocr_line' id='line_1_24' title="bbox 617 1901 2244 1968; baseline -0.001 -11"><span class='ocrx_word' id='word_1_186' title='bbox 617 1901 981 1957; x_wconf 85' lang='lat' dir='ltr'>sericordiam</span> <span class='ocrx_word' id='word_1_187' title='bbox 1010 1902 1131 1968; x_wconf 88' lang='lat' dir='ltr'>Dei,</span> <span class='ocrx_word' id='word_1_188' title='bbox 1161 1901 1255 1955; x_wconf 89' lang='lat' dir='ltr'>sed</span> <span class='ocrx_word' id='word_1_189' title='bbox 1283 1902 1600 1956; x_wconf 91' lang='lat' dir='ltr'>secundum</span> <span class='ocrx_word' id='word_1_190' title='bbox 1625 1902 1892 1956; x_wconf 91' lang='lat' dir='ltr'>meritum</span> <span class='ocrx_word' id='word_1_191' title='bbox 1915 1907 1972 1956; x_wconf 91' lang='lat' dir='ltr'>et</span> <span class='ocrx_word' id='word_1_192' title='bbox 1991 1903 2244 1957; x_wconf 87' lang='lat' dir='ltr'>laborem</span> 
     </span>
    </p>
   </div>
   <div class='ocr_carea' id='block_1_24' title="bbox 619 1972 2245 2043">
    <p class='ocr_par' dir='ltr' id='par_1_24' title="bbox 619 1972 2245 2043">
     <span class='ocr_line' id='line_1_25' title="bbox 619 1972 2245 2043; baseline -0.001 -15"><span class='ocrx_word' id='word_1_193' title='bbox 619 1989 838 2036; x_wconf 91' lang='lat' dir='ltr'>eorum,</span> <span class='ocrx_word' id='word_1_194' title='bbox 860 1973 956 2043; x_wconf 86' lang='lat' dir='ltr'>qui</span> <span class='ocrx_word' id='word_1_195' title='bbox 980 1989 1083 2043; x_wconf 92' lang='lat' dir='ltr'>per</span> <span class='ocrx_word' id='word_1_196' title='bbox 1104 1972 1495 2042; x_wconf 75' lang='lat' dir='ltr'>pmnitentiam</span> <span class='ocrx_word' id='word_1_197' title='bbox 1516 1972 1677 2043; x_wconf 89' lang='lat' dir='ltr'>digni</span> <span class='ocrx_word' id='word_1_198' title='bbox 1700 1974 1913 2027; x_wconf 88' lang='lat' dir='ltr'>fuerint</span> <span class='ocrx_word' id='word_1_199' title='bbox 1936 1973 2245 2027; x_wconf 89' lang='lat' dir='ltr'>misericor-</span> 
     </span>
    </p>
   </div>
   <div class='ocr_carea' id='block_1_25' title="bbox 619 2043 2243 2113">
    <p class='ocr_par' dir='ltr' id='par_1_25' title="bbox 619 2043 2243 2113">
     <span class='ocr_line' id='line_1_26' title="bbox 619 2043 2243 2113; baseline -0.001 -14"><span class='ocrx_word' id='word_1_200' title='bbox 619 2045 732 2099; x_wconf 90' lang='lat' dir='ltr'>dia.</span> <span class='ocrx_word' id='word_1_201' title='bbox 765 2046 889 2098; x_wconf 82' lang='lat' dir='ltr'>Haec</span> <span class='ocrx_word' id='word_1_202' title='bbox 919 2044 1111 2097; x_wconf 88' lang='lat' dir='ltr'>omnia</span> <span class='ocrx_word' id='word_1_203' title='bbox 1138 2043 1397 2113; x_wconf 84' lang='lat' dir='ltr'>Pelagius</span> <span class='ocrx_word' id='word_1_204' title='bbox 1427 2043 1504 2096; x_wconf 91' lang='lat' dir='ltr'>sic</span> <span class='ocrx_word' id='word_1_205' title='bbox 1534 2044 2051 2099; x_wconf 89' lang='lat' dir='ltr'>auathematizavit.</span> <span class='ocrx_word' id='word_1_206' title='bbox 2085 2045 2243 2108; x_wconf 87' lang='lat' dir='ltr'>Quod</span> 
     </span>
    </p>
   </div>
   <div class='ocr_carea' id='block_1_26' title="bbox 616 2115 2247 2201">
    <p class='ocr_par' dir='ltr' id='par_1_26' title="bbox 616 2115 2247 2201">
     <span class='ocr_line' id='line_1_27' title="bbox 616 2115 2247 2201; baseline -0.001 -31"><span class='ocrx_word' id='word_1_207' title='bbox 616 2116 751 2201; x_wconf 66' lang='lat' dir='ltr'>satis</span> <span class='ocrx_word' id='word_1_208' title='bbox 783 2119 941 2201; x_wconf 73' lang='lat' dir='ltr'>gesta</span> <span class='ocrx_word' id='word_1_209' title='bbox 966 2116 1088 2201; x_wconf 72' lang='lat' dir='ltr'>ipsa</span> <span class='ocrx_word' id='word_1_210' title='bbox 1116 2117 1414 2201; x_wconf 72' lang='lat' dir='ltr'>testantur,</span> <span class='ocrx_word' id='word_1_211' title='bbox 1446 2116 1506 2193; x_wconf 80' lang='lat' dir='ltr'>nt</span> <span class='ocrx_word' id='word_1_212' title='bbox 1531 2115 1675 2201; x_wconf 75' lang='lat' dir='ltr'>nihil</span> <span class='ocrx_word' id='word_1_213' title='bbox 1702 2116 1773 2201; x_wconf 71' lang='lat' dir='ltr'>ad</span> <span class='ocrx_word' id='word_1_214' title='bbox 1803 2132 1873 2201; x_wconf 60' lang='lat' dir='ltr'>ea</span> <span class='ocrx_word' id='word_1_215' title='bbox 1891 2131 2247 2201; x_wconf 75' lang='lat' dir='ltr'>quoquomo-</span> 
     </span>
    </p>
   </div>
   <div class='ocr_carea' id='block_1_27' title="bbox 617 2184 2241 2255">
    <p class='ocr_par' dir='ltr' id='par_1_27' title="bbox 617 2184 2241 2255">
     <span class='ocr_line' id='line_1_28' title="bbox 617 2184 2241 2255; baseline -0.001 -14"><span class='ocrx_word' id='word_1_216' title='bbox 617 2188 689 2241; x_wconf 93' lang='lat' dir='ltr'>do</span> <span class='ocrx_word' id='word_1_217' title='bbox 719 2186 1077 2239; x_wconf 85' lang='lat' dir='ltr'>defendenda</span> <span class='ocrx_word' id='word_1_218' title='bbox 1109 2184 1505 2255; x_wconf 88' lang='lat' dir='ltr'>disputationis</span> <span class='ocrx_word' id='word_1_219' title='bbox 1525 2186 1798 2239; x_wconf 84' lang='lat' dir='ltr'>attulerit.</span> <span class='ocrx_word' id='word_1_220' title='bbox 1829 2184 1989 2241; x_wconf 81' lang='lat' dir='ltr'>Unde</span> <span class='ocrx_word' id='word_1_221' title='bbox 2014 2184 2079 2240; x_wconf 82' lang='lat' dir='ltr'>lit</span> <span class='ocrx_word' id='word_1_222' title='bbox 2107 2202 2241 2240; x_wconf 92' lang='lat' dir='ltr'>con-</span> 
     </span>
    </p>
   </div>
   <div class='ocr_carea' id='block_1_28' title="bbox 618 2255 2245 2335">
    <p class='ocr_par' dir='ltr' id='par_1_28' title="bbox 618 2255 2245 2335">
     <span class='ocr_line' id='line_1_29' title="bbox 618 2255 2245 2335; baseline -0.001 -24"><span class='ocrx_word' id='word_1_223' title='bbox 618 2272 883 2335; x_wconf 82' lang='lat' dir='ltr'>sequens,</span> <span class='ocrx_word' id='word_1_224' title='bbox 902 2262 978 2335; x_wconf 80' lang='lat' dir='ltr'>_ut</span> <span class='ocrx_word' id='word_1_225' title='bbox 1002 2256 1258 2335; x_wconf 76' lang='lat' dir='ltr'>quisquis</span> <span class='ocrx_word' id='word_1_226' title='bbox 1289 2258 1513 2335; x_wconf 81' lang='lat' dir='ltr'>secutor</span> <span class='ocrx_word' id='word_1_227' title='bbox 1539 2255 1697 2335; x_wconf 39' lang='lat' dir='ltr'>illius.</span> <span class='ocrx_word' id='word_1_228' title='bbox 1721 2257 1892 2335; x_wconf 71' lang='lat' dir='ltr'>fuerit</span> <span class='ocrx_word' id='word_1_229' title='bbox 1915 2256 2245 2335; x_wconf 72' lang='lat' dir='ltr'>episcopalis</span> 
     </span>
    </p>
   </div>
   <div class='ocr_carea' id='block_1_29' title="bbox 616 2325 2243 2397">
    <p class='ocr_par' dir='ltr' id='par_1_29' title="bbox 616 2325 2243 2397">
     <span class='ocr_line' id='line_1_30' title="bbox 616 2325 2243 2397; baseline -0.001 -15"><span class='ocrx_word' id='word_1_230' title='bbox 616 2325 952 2382; x_wconf 84' lang='lat' dir='ltr'>auctoritate</span> <span class='ocrx_word' id='word_1_231' title='bbox 996 2325 1215 2397; x_wconf 90' lang='lat' dir='ltr'>judieii,</span> <span class='ocrx_word' id='word_1_232' title='bbox 1268 2331 1323 2379; x_wconf 90' lang='lat' dir='ltr'>et</span> <span class='ocrx_word' id='word_1_233' title='bbox 1375 2325 1551 2395; x_wconf 90' lang='lat' dir='ltr'>ipsius</span> <span class='ocrx_word' id='word_1_234' title='bbox 1605 2327 1816 2397; x_wconf 87' lang='lat' dir='ltr'>Pelagii</span> <span class='ocrx_word' id='word_1_235' title='bbox 1877 2325 2243 2393; x_wconf 77' lang='lat' dir='ltr'>confessione,</span> 
     </span>
    </p>
   </div>
   <div class='ocr_carea' id='block_1_30' title="bbox 618 2396 2245 2469">
    <p class='ocr_par' dir='ltr' id='par_1_30' title="bbox 618 2396 2245 2469">
     <span class='ocr_line' id='line_1_31' title="bbox 618 2396 2245 2469; baseline 0 -17"><span class='ocrx_word' id='word_1_236' title='bbox 618 2401 739 2453; x_wconf 65' lang='lat' dir='ltr'>haec</span> <span class='ocrx_word' id='word_1_237' title='bbox 797 2396 1005 2451; x_wconf 89' lang='lat' dir='ltr'>tenere</span> <span class='ocrx_word' id='word_1_238' title='bbox 1039 2396 1263 2463; x_wconf 86' lang='lat' dir='ltr'>debeat,</span> <span class='ocrx_word' id='word_1_239' title='bbox 1310 2411 1437 2466; x_wconf 62' lang='lat' dir='ltr'>quae</span> <span class='ocrx_word' id='word_1_240' title='bbox 1482 2413 1709 2469; x_wconf 88' lang='lat' dir='ltr'>semper</span> <span class='ocrx_word' id='word_1_241' title='bbox 1743 2396 1927 2452; x_wconf 85' lang='lat' dir='ltr'>tenuit</span> <span class='ocrx_word' id='word_1_242' title='bbox 1966 2399 2245 2453; x_wconf 88' lang='lat' dir='ltr'>catholica</span> 
     </span>
    </p>
   </div>
   <div class='ocr_carea' id='block_1_31' title="bbox 616 2470 879 2524">
    <p class='ocr_par' dir='ltr' id='par_1_31' title="bbox 616 2470 879 2524">
     <span class='ocr_line' id='line_1_32' title="bbox 616 2470 879 2524; baseline -0.004 0"><span class='ocrx_word' id='word_1_243' title='bbox 616 2470 879 2524; x_wconf 87' lang='lat' dir='ltr'>Ecclesia.</span> 
     </span>
    </p>
   </div>
   <div class='ocr_carea' id='block_1_32' title="bbox 858 2594 2003 2664">
    <p class='ocr_par' dir='ltr' id='par_1_32' title="bbox 858 2594 2003 2664">
     <span class='ocr_line' id='line_1_33' title="bbox 858 2594 2003 2664; baseline -0.002 -15"><span class='ocrx_word' id='word_1_244' title='bbox 858 2598 1055 2664; x_wconf 78' lang='lat' dir='ltr'>Dogma</span> <span class='ocrx_word' id='word_1_245' title='bbox 1083 2594 1468 2648; x_wconf 76' lang='lat' dir='ltr'>catholicorum</span> <span class='ocrx_word' id='word_1_246' title='bbox 1491 2599 1678 2648; x_wconf 82' lang='lat' dir='ltr'>contra</span> <span class='ocrx_word' id='word_1_247' title='bbox 1708 2595 2003 2664; x_wconf 76' lang='lat' dir='ltr'>Pelagium.</span> 
     </span>
    </p>
   </div>
   <div class='ocr_carea' id='block_1_33' title="bbox 687 2713 2242 2783">
    <p class='ocr_par' dir='ltr' id='par_1_33' title="bbox 687 2713 2242 2783">
     <span class='ocr_line' id='line_1_34' title="bbox 687 2713 2242 2783; baseline -0.003 -14"><span class='ocrx_word' id='word_1_248' title='bbox 687 2714 847 2779; x_wconf 87' lang='lat' dir='ltr'>Quod</span> <span class='ocrx_word' id='word_1_249' title='bbox 874 2714 1072 2781; x_wconf 83' lang='lat' dir='ltr'>Adam,</span> <span class='ocrx_word' id='word_1_250' title='bbox 1094 2713 1200 2766; x_wconf 89' lang='lat' dir='ltr'>nisi</span> <span class='ocrx_word' id='word_1_251' title='bbox 1226 2719 1528 2783; x_wconf 90' lang='lat' dir='ltr'>peccasset,</span> <span class='ocrx_word' id='word_1_252' title='bbox 1555 2713 1870 2767; x_wconf 91' lang='lat' dir='ltr'>moriturus</span> <span class='ocrx_word' id='word_1_253' title='bbox 1888 2730 2006 2767; x_wconf 91' lang='lat' dir='ltr'>non</span> <span class='ocrx_word' id='word_1_254' title='bbox 2027 2713 2242 2766; x_wconf 90' lang='lat' dir='ltr'>fuisset.</span> 
     </span>
    </p>
   </div>
   <div class='ocr_carea' id='block_1_34' title="bbox 618 2784 2249 2855">
    <p class='ocr_par' dir='ltr' id='par_1_34' title="bbox 618 2784 2249 2855">
     <span class='ocr_line' id='line_1_35' title="bbox 618 2784 2249 2855; baseline -0.003 -14"><span class='ocrx_word' id='word_1_255' title='bbox 618 2786 901 2849; x_wconf 84' lang='lat' dir='ltr'>Secundo,</span> <span class='ocrx_word' id='word_1_256' title='bbox 929 2785 1079 2855; x_wconf 90' lang='lat' dir='ltr'>quod</span> <span class='ocrx_word' id='word_1_257' title='bbox 1109 2789 1406 2854; x_wconf 89' lang='lat' dir='ltr'>peccatum</span> <span class='ocrx_word' id='word_1_258' title='bbox 1435 2784 1558 2853; x_wconf 88' lang='lat' dir='ltr'>ejus</span> <span class='ocrx_word' id='word_1_259' title='bbox 1583 2800 1700 2838; x_wconf 91' lang='lat' dir='ltr'>non</span> <span class='ocrx_word' id='word_1_260' title='bbox 1725 2784 1914 2855; x_wconf 87' lang='lat' dir='ltr'>ipsum</span> <span class='ocrx_word' id='word_1_261' title='bbox 1946 2785 2131 2838; x_wconf 93' lang='lat' dir='ltr'>solum</span> <span class='ocrx_word' id='word_1_262' title='bbox 2158 2785 2249 2837; x_wconf 65' lang='lat' dir='ltr'>Iaz-</span> 
     </span>
    </p>
   </div>
   <div class='ocr_carea' id='block_1_35' title="bbox 619 2854 2247 2925">
    <p class='ocr_par' dir='ltr' id='par_1_35' title="bbox 619 2854 2247 2925">
     <span class='ocr_line' id='line_1_36' title="bbox 619 2854 2247 2925; baseline -0.002 -14"><span class='ocrx_word' id='word_1_263' title='bbox 619 2858 771 2923; x_wconf 90' lang='lat' dir='ltr'>serit,</span> <span class='ocrx_word' id='word_1_264' title='bbox 806 2856 907 2909; x_wconf 91' lang='lat' dir='ltr'>sed</span> <span class='ocrx_word' id='word_1_265' title='bbox 932 2854 987 2909; x_wconf 78' lang='lat' dir='ltr'>et</span> <span class='ocrx_word' id='word_1_266' title='bbox 1018 2871 1197 2924; x_wconf 89' lang='lat' dir='ltr'>genus</span> <span class='ocrx_word' id='word_1_267' title='bbox 1218 2855 1556 2908; x_wconf 89' lang='lat' dir='ltr'>humanum.</span> <span class='ocrx_word' id='word_1_268' title='bbox 1585 2854 1795 2922; x_wconf 87' lang='lat' dir='ltr'>Tertio,</span> <span class='ocrx_word' id='word_1_269' title='bbox 1819 2855 1969 2925; x_wconf 91' lang='lat' dir='ltr'>quod</span> <span class='ocrx_word' id='word_1_270' title='bbox 1999 2855 2247 2908; x_wconf 84' lang='lat' dir='ltr'>infantes</span> 
     </span>
    </p>
   </div>
   <div class='ocr_carea' id='block_1_36' title="bbox 618 2925 2248 2998">
    <p class='ocr_par' dir='ltr' id='par_1_36' title="bbox 618 2925 2248 2998">
     <span class='ocr_line' id='line_1_37' title="bbox 618 2925 2248 2998; baseline -0.002 -17"><span class='ocrx_word' id='word_1_271' title='bbox 618 2944 802 2998; x_wconf 88' lang='lat' dir='ltr'>nuper</span> <span class='ocrx_word' id='word_1_272' title='bbox 834 2926 949 2979; x_wconf 90' lang='lat' dir='ltr'>nati</span> <span class='ocrx_word' id='word_1_273' title='bbox 979 2931 1256 2998; x_wconf 75' lang='lat' dir='ltr'>nonsunt</span> <span class='ocrx_word' id='word_1_274' title='bbox 1281 2925 1467 2998; x_wconf 84' lang='lat' dir='ltr'>in_iIlo</span> <span class='ocrx_word' id='word_1_275' title='bbox 1501 2930 1671 2990; x_wconf 89' lang='lat' dir='ltr'>statu,</span> <span class='ocrx_word' id='word_1_276' title='bbox 1789 2942 1902 2996; x_wconf 93' lang='lat' dir='ltr'>quo</span> <span class='ocrx_word' id='word_1_277' title='bbox 1930 2926 2109 2998; x_wconf 86' lang='lat' dir='ltr'>Adam</span> <span class='ocrx_word' id='word_1_278' title='bbox 2143 2926 2248 2978; x_wconf 91' lang='lat' dir='ltr'>fuit</span> 
     </span>
    </p>
   </div>
   <div class='ocr_carea' id='block_1_37' title="bbox 619 2994 2242 3067">
    <p class='ocr_par' dir='ltr' id='par_1_37' title="bbox 619 2994 2242 3067">
     <span class='ocr_line' id='line_1_38' title="bbox 619 2994 2242 3067; baseline -0.001 -15"><span class='ocrx_word' id='word_1_279' title='bbox 619 2994 751 3052; x_wconf 78' lang='lat' dir='ltr'>ante</span> <span class='ocrx_word' id='word_1_280' title='bbox 772 2994 1311 3067; x_wconf 61' lang='lat' dir='ltr'>praevaricationem.</span> <span class='ocrx_word' id='word_1_281' title='bbox 1329 2996 1564 3061; x_wconf 88' lang='lat' dir='ltr'>Quarto,</span> <span class='ocrx_word' id='word_1_282' title='bbox 1586 3000 1650 3049; x_wconf 91' lang='lat' dir='ltr'>ut</span> <span class='ocrx_word' id='word_1_283' title='bbox 1665 2995 1734 3049; x_wconf 88' lang='lat' dir='ltr'>ab</span> <span class='ocrx_word' id='word_1_284' title='bbox 1756 2994 1904 3066; x_wconf 76' lang='lat' dir='ltr'>ipsos</span> <span class='ocrx_word' id='word_1_285' title='bbox 1921 2996 2096 3050; x_wconf 86' lang='lat' dir='ltr'>etiam</span> <span class='ocrx_word' id='word_1_286' title='bbox 2117 3012 2242 3067; x_wconf 90' lang='lat' dir='ltr'>per-</span> 
     </span>
    </p>
   </div>
   <div class='ocr_carea' id='block_1_38' title="bbox 620 3065 2245 3137">
    <p class='ocr_par' dir='ltr' id='par_1_38' title="bbox 620 3065 2245 3137">
     <span class='ocr_line' id='line_1_39' title="bbox 620 3065 2245 3137; baseline -0.002 -13"><span class='ocrx_word' id='word_1_287' title='bbox 620 3065 818 3134; x_wconf 83' lang='lat' dir='ltr'>tineat,</span> <span class='ocrx_word' id='word_1_288' title='bbox 868 3066 1019 3137; x_wconf 89' lang='lat' dir='ltr'>quod</span> <span class='ocrx_word' id='word_1_289' title='bbox 1064 3065 1311 3120; x_wconf 86' lang='lat' dir='ltr'>breviter</span> <span class='ocrx_word' id='word_1_290' title='bbox 1350 3067 1432 3119; x_wconf 88' lang='lat' dir='ltr'>ait</span> <span class='ocrx_word' id='word_1_291' title='bbox 1479 3065 1829 3137; x_wconf 76' lang='lat' dir='ltr'>Apostolus:</span> <span class='ocrx_word' id='word_1_292' title='bbox 1863 3090 1889 3115; x_wconf 90' lang='grc'><strong>‹‹</strong></span> <span class='ocrx_word' id='word_1_293' title='bbox 1934 3068 2041 3121; x_wconf 88' lang='lat' dir='ltr'>Per</span> <span class='ocrx_word' id='word_1_294' title='bbox 2066 3065 2245 3121; x_wconf 83' lang='lat' dir='ltr'>unum</span> 
     </span>
    </p>
   </div>
   <div class='ocr_carea' id='block_1_39' title="bbox 622 3138 2242 3207">
    <p class='ocr_par' dir='ltr' id='par_1_39' title="bbox 622 3138 2242 3207">
     <span class='ocr_line' id='line_1_40' title="bbox 622 3138 2242 3207; baseline -0.002 -12"><span class='ocrx_word' id='word_1_295' title='bbox 622 3139 915 3195; x_wconf 88' lang='lat' dir='ltr'>hominem</span> <span class='ocrx_word' id='word_1_296' title='bbox 947 3153 1102 3192; x_wconf 89' lang='lat' dir='ltr'>mors</span> <span class='ocrx_word' id='word_1_297' title='bbox 1133 3141 1191 3190; x_wconf 91' lang='lat' dir='ltr'>et</span> <span class='ocrx_word' id='word_1_298' title='bbox 1216 3154 1319 3207; x_wconf 91' lang='lat' dir='ltr'>per</span> <span class='ocrx_word' id='word_1_299' title='bbox 1362 3154 1541 3191; x_wconf 91' lang='lat' dir='ltr'>unum</span> <span class='ocrx_word' id='word_1_300' title='bbox 1575 3138 1866 3192; x_wconf 88' lang='lat' dir='ltr'>hominem</span> <span class='ocrx_word' id='word_1_301' title='bbox 1905 3139 2242 3192; x_wconf 89' lang='lat' dir='ltr'>resurrectio</span> 
     </span>
    </p>
   </div>
   <div class='ocr_carea' id='block_1_40' title="bbox 619 3208 2240 3278">
    <p class='ocr_par' dir='ltr' id='par_1_40' title="bbox 619 3208 2240 3278">
     <span class='ocr_line' id='line_1_41' title="bbox 619 3208 2240 3278; baseline -0.003 -12"><span class='ocrx_word' id='word_1_302' title='bbox 619 3214 997 3266; x_wconf 90' lang='lat' dir='ltr'>mortuorum.</span> <span class='ocrx_word' id='word_1_303' title='bbox 1027 3209 1178 3263; x_wconf 87' lang='lat' dir='ltr'>Sicut</span> <span class='ocrx_word' id='word_1_304' title='bbox 1205 3208 1358 3261; x_wconf 91' lang='lat' dir='ltr'>enim</span> <span class='ocrx_word' id='word_1_305' title='bbox 1390 3208 1449 3263; x_wconf 90' lang='lat' dir='ltr'>in</span> <span class='ocrx_word' id='word_1_306' title='bbox 1473 3209 1647 3263; x_wconf 89' lang='lat' dir='ltr'>Adam</span> <span class='ocrx_word' id='word_1_307' title='bbox 1676 3226 1872 3263; x_wconf 91' lang='lat' dir='ltr'>omnes</span> <span class='ocrx_word' id='word_1_308' title='bbox 1898 3210 2240 3278; x_wconf 86' lang='lat' dir='ltr'>moriuntur,</span> 
     </span>
    </p>
   </div>
   <div class='ocr_carea' id='block_1_41' title="bbox 620 3279 2241 3345">
    <p class='ocr_par' dir='ltr' id='par_1_41' title="bbox 620 3279 2241 3345">
     <span class='ocr_line' id='line_1_42' title="bbox 620 3279 2241 3345; baseline -0.002 -8"><span class='ocrx_word' id='word_1_309' title='bbox 620 3285 698 3337; x_wconf 88' lang='lat' dir='ltr'>ita</span> <span class='ocrx_word' id='word_1_310' title='bbox 741 3286 797 3336; x_wconf 89' lang='lat' dir='ltr'>et</span> <span class='ocrx_word' id='word_1_311' title='bbox 847 3281 903 3334; x_wconf 91' lang='lat' dir='ltr'>in</span> <span class='ocrx_word' id='word_1_312' title='bbox 945 3279 1164 3333; x_wconf 81' lang='lat' dir='ltr'>Christo</span> <span class='ocrx_word' id='word_1_313' title='bbox 1206 3296 1405 3333; x_wconf 90' lang='lat' dir='ltr'>omnes</span> <span class='ocrx_word' id='word_1_314' title='bbox 1444 3280 1874 3335; x_wconf 80' lang='lat' dir='ltr'>vivificabuntur</span> <span class='ocrx_word' id='word_1_315' title='bbox 1915 3282 1959 3345; x_wconf 89' lang='grc' dir='ltr'>(Ι</span> <span class='ocrx_word' id='word_1_316' title='bbox 1999 3283 2116 3338; x_wconf 84' lang='lat' dir='ltr'>Cor.</span> <span class='ocrx_word' id='word_1_317' title='bbox 2153 3297 2241 3343; x_wconf 80' lang='lat' dir='ltr'>xv,</span> 
     </span>
    </p>
   </div>
   <div class='ocr_carea' id='block_1_42' title="bbox 620 3350 2245 3422">
    <p class='ocr_par' dir='ltr' id='par_1_42' title="bbox 620 3350 2245 3422">
     <span class='ocr_line' id='line_1_43' title="bbox 620 3350 2245 3422; baseline -0.002 -14"><span class='ocrx_word' id='word_1_318' title='bbox 620 3358 708 3417; x_wconf 81' lang='lat' dir='ltr'>2t,</span> <span class='ocrx_word' id='word_1_319' title='bbox 736 3355 844 3421; x_wconf 70' lang='lat'>2‘2).</span> <span class='ocrx_word' id='word_1_320' title='bbox 879 3370 906 3402; x_wconf 83' lang='lat'><strong>»</strong></span> <span class='ocrx_word' id='word_1_321' title='bbox 956 3350 1116 3405; x_wconf 91' lang='lat' dir='ltr'>Unde</span> <span class='ocrx_word' id='word_1_322' title='bbox 1164 3350 1246 3417; x_wconf 82' lang='lat' dir='ltr'>fit,</span> <span class='ocrx_word' id='word_1_323' title='bbox 1291 3357 1355 3404; x_wconf 91' lang='lat' dir='ltr'>ut</span> <span class='ocrx_word' id='word_1_324' title='bbox 1378 3352 1624 3406; x_wconf 85' lang='lat' dir='ltr'>infantes</span> <span class='ocrx_word' id='word_1_325' title='bbox 1670 3368 1782 3404; x_wconf 92' lang='lat' dir='ltr'>non</span> <span class='ocrx_word' id='word_1_326' title='bbox 1815 3351 2101 3422; x_wconf 90' lang='lat' dir='ltr'>baptizati,</span> <span class='ocrx_word' id='word_1_327' title='bbox 2134 3368 2245 3405; x_wconf 93' lang='lat' dir='ltr'>non</span> 
     </span>
    </p>
   </div>
   <div class='ocr_carea' id='block_1_43' title="bbox 620 3422 2242 3492">
    <p class='ocr_par' dir='ltr' id='par_1_43' title="bbox 620 3422 2242 3492">
     <span class='ocr_line' id='line_1_44' title="bbox 620 3422 2242 3492; baseline -0.001 -15"><span class='ocrx_word' id='word_1_328' title='bbox 620 3426 806 3480; x_wconf 88' lang='lat' dir='ltr'>solum</span> <span class='ocrx_word' id='word_1_329' title='bbox 837 3438 1083 3492; x_wconf 85' lang='lat' dir='ltr'>regnum</span> <span class='ocrx_word' id='word_1_330' title='bbox 1124 3423 1415 3487; x_wconf 80' lang='lat' dir='ltr'>caelorum,</span> <span class='ocrx_word' id='word_1_331' title='bbox 1448 3438 1647 3476; x_wconf 89' lang='lat' dir='ltr'>verum</span> <span class='ocrx_word' id='word_1_332' title='bbox 1680 3422 1851 3476; x_wconf 90' lang='lat' dir='ltr'>etiam</span> <span class='ocrx_word' id='word_1_333' title='bbox 1878 3423 2049 3476; x_wconf 89' lang='lat' dir='ltr'>vitam</span> <span class='ocrx_word' id='word_1_334' title='bbox 2078 3427 2242 3477; x_wconf 86' lang='lat' dir='ltr'>aeter-</span> 
     </span>
    </p>
   </div>
   <div class='ocr_carea' id='block_1_44' title="bbox 623 3494 2248 3562">
    <p class='ocr_par' dir='ltr' id='par_1_44' title="bbox 623 3494 2248 3562">
     <span class='ocr_line' id='line_1_45' title="bbox 623 3494 2248 3562; baseline -0.002 -13"><span class='ocrx_word' id='word_1_335' title='bbox 623 3512 755 3550; x_wconf 88' lang='lat' dir='ltr'>nam</span> <span class='ocrx_word' id='word_1_336' title='bbox 813 3494 1023 3547; x_wconf 89' lang='lat' dir='ltr'>habere</span> <span class='ocrx_word' id='word_1_337' title='bbox 1068 3508 1185 3546; x_wconf 89' lang='lat' dir='ltr'>non</span> <span class='ocrx_word' id='word_1_338' title='bbox 1242 3497 1495 3562; x_wconf 90' lang='lat' dir='ltr'>possunt.</span> <span class='ocrx_word' id='word_1_339' title='bbox 1542 3494 1771 3560; x_wconf 87' lang='lat' dir='ltr'>Quinto,</span> <span class='ocrx_word' id='word_1_340' title='bbox 1821 3497 1881 3547; x_wconf 92' lang='lat' dir='ltr'>ut</span> <span class='ocrx_word' id='word_1_341' title='bbox 1908 3494 2248 3548; x_wconf 77' lang='lat' dir='ltr'>confiteatur</span> 
     </span>
    </p>
   </div>
   <div class='ocr_carea' id='block_1_45' title="bbox 622 3563 2244 3633">
    <p class='ocr_par' dir='ltr' id='par_1_45' title="bbox 622 3563 2244 3633">
     <span class='ocr_line' id='line_1_46' title="bbox 622 3563 2244 3633; baseline -0.003 -12"><span class='ocrx_word' id='word_1_342' title='bbox 622 3566 820 3621; x_wconf 88' lang='lat' dir='ltr'>divites</span> <span class='ocrx_word' id='word_1_343' title='bbox 844 3563 1176 3633; x_wconf 87' lang='lat' dir='ltr'>baptizatos,</span> <span class='ocrx_word' id='word_1_344' title='bbox 1205 3563 1377 3617; x_wconf 90' lang='lat' dir='ltr'>etiam</span> <span class='ocrx_word' id='word_1_345' title='bbox 1406 3564 1453 3617; x_wconf 90' lang='lat' dir='ltr'>si</span> <span class='ocrx_word' id='word_1_346' title='bbox 1478 3564 1687 3617; x_wconf 87' lang='lat' dir='ltr'>divitiis</span> <span class='ocrx_word' id='word_1_347' title='bbox 1713 3565 1826 3618; x_wconf 90' lang='lat' dir='ltr'>suis</span> <span class='ocrx_word' id='word_1_348' title='bbox 1851 3580 1967 3619; x_wconf 90' lang='lat' dir='ltr'>non</span> <span class='ocrx_word' id='word_1_349' title='bbox 1999 3568 2244 3629; x_wconf 88' lang='lat' dir='ltr'>careant,</span> 
     </span>
    </p>
   </div>
   <div class='ocr_carea' id='block_1_46' title="bbox 623 3635 2244 3705">
    <p class='ocr_par' dir='ltr' id='par_1_46' title="bbox 623 3635 2244 3705">
     <span class='ocr_line' id='line_1_47' title="bbox 623 3635 2244 3705; baseline -0.004 -12"><span class='ocrx_word' id='word_1_350' title='bbox 623 3643 678 3693; x_wconf 86' lang='lat' dir='ltr'>et</span> <span class='ocrx_word' id='word_1_351' title='bbox 704 3638 818 3690; x_wconf 90' lang='lat' dir='ltr'>sint</span> <span class='ocrx_word' id='word_1_352' title='bbox 836 3636 976 3689; x_wconf 83' lang='lat' dir='ltr'>tales</span> <span class='ocrx_word' id='word_1_353' title='bbox 1001 3635 1194 3705; x_wconf 88' lang='lat' dir='ltr'>quales</span> <span class='ocrx_word' id='word_1_354' title='bbox 1221 3635 1295 3688; x_wconf 90' lang='lat' dir='ltr'>ad</span> <span class='ocrx_word' id='word_1_355' title='bbox 1324 3635 1688 3689; x_wconf 85' lang='lat' dir='ltr'>Timotheum</span> <span class='ocrx_word' id='word_1_356' title='bbox 1719 3635 1989 3689; x_wconf 89' lang='lat' dir='ltr'>describit</span> <span class='ocrx_word' id='word_1_357' title='bbox 2012 3639 2244 3705; x_wconf 84' lang='lat' dir='ltr'>Aposto-</span> 
     </span>
    </p>
   </div>
   <div class='ocr_carea' id='block_1_47' title="bbox 624 3705 2249 3776">
    <p class='ocr_par' dir='ltr' id='par_1_47' title="bbox 624 3705 2249 3776">
     <span class='ocr_line' id='line_1_48' title="bbox 624 3705 2249 3776; baseline -0.002 -14"><span class='ocrx_word' id='word_1_358' title='bbox 624 3711 730 3775; x_wconf 91' lang='lat' dir='ltr'>lus,</span> <span class='ocrx_word' id='word_1_359' title='bbox 761 3708 950 3761; x_wconf 88' lang='lat' dir='ltr'>dicens</span> <span class='ocrx_word' id='word_1_360' title='bbox 986 3722 998 3759; x_wconf 90' lang='lat'><strong>:</strong></span> <span class='ocrx_word' id='word_1_361' title='bbox 1033 3727 1061 3753; x_wconf 86' lang='grc'>‹‹</span> <span class='ocrx_word' id='word_1_362' title='bbox 1092 3706 1341 3776; x_wconf 77' lang='lat' dir='ltr'>Praecipe</span> <span class='ocrx_word' id='word_1_363' title='bbox 1372 3705 1639 3760; x_wconf 90' lang='lat' dir='ltr'>divitibus</span> <span class='ocrx_word' id='word_1_364' title='bbox 1682 3706 1851 3776; x_wconf 83' lang='lat' dir='ltr'>hujus</span> <span class='ocrx_word' id='word_1_365' title='bbox 1899 3706 2088 3760; x_wconf 88' lang='lat' dir='ltr'>saeculi</span> <span class='ocrx_word' id='word_1_366' title='bbox 2134 3722 2249 3759; x_wconf 92' lang='lat' dir='ltr'>non</span> 
     </span>
    </p>
   </div>
   <div class='ocr_carea' id='block_1_48' title="bbox 624 3776 2249 3850">
    <p class='ocr_par' dir='ltr' id='par_1_48' title="bbox 624 3776 2249 3850">
     <span class='ocr_line' id='line_1_49' title="bbox 624 3776 2249 3850; baseline -0.002 -16"><span class='ocrx_word' id='word_1_367' title='bbox 624 3778 867 3850; x_wconf 88' lang='lat' dir='ltr'>superbe</span> <span class='ocrx_word' id='word_1_368' title='bbox 893 3792 1114 3850; x_wconf 80' lang='lat' dir='ltr'>sapere,</span> <span class='ocrx_word' id='word_1_369' title='bbox 1147 3792 1328 3850; x_wconf 82' lang='lat' dir='ltr'>neque</span> <span class='ocrx_word' id='word_1_370' title='bbox 1349 3792 1579 3850; x_wconf 82' lang='lat' dir='ltr'>sperare</span> <span class='ocrx_word' id='word_1_371' title='bbox 1601 3776 1658 3831; x_wconf 90' lang='lat' dir='ltr'>in</span> <span class='ocrx_word' id='word_1_372' title='bbox 1688 3776 1902 3850; x_wconf 85' lang='lat' dir='ltr'>incerto</span> <span class='ocrx_word' id='word_1_373' title='bbox 1925 3777 2249 3850; x_wconf 82' lang='lat' dir='ltr'>divitiarum</span> 
     </span>
    </p>
   </div>
   <div class='ocr_carea' id='block_1_49' title="bbox 623 3846 2251 3918">
    <p class='ocr_par' dir='ltr' id='par_1_49' title="bbox 623 3846 2251 3918">
     <span class='ocr_line' id='line_1_50' title="bbox 623 3846 2251 3918; baseline -0.002 -13"><span class='ocrx_word' id='word_1_374' title='bbox 623 3846 874 3916; x_wconf 77' lang='lat' dir='ltr'>suarum,</span> <span class='ocrx_word' id='word_1_375' title='bbox 922 3846 1018 3902; x_wconf 90' lang='lat' dir='ltr'>sed</span> <span class='ocrx_word' id='word_1_376' title='bbox 1062 3847 1121 3901; x_wconf 90' lang='lat' dir='ltr'>in</span> <span class='ocrx_word' id='word_1_377' title='bbox 1178 3849 1354 3902; x_wconf 89' lang='lat' dir='ltr'>Deum</span> <span class='ocrx_word' id='word_1_378' title='bbox 1410 3847 1620 3915; x_wconf 91' lang='lat' dir='ltr'>vivum,</span> <span class='ocrx_word' id='word_1_379' title='bbox 1672 3848 1767 3918; x_wconf 86' lang='lat' dir='ltr'>qui</span> <span class='ocrx_word' id='word_1_380' title='bbox 1812 3852 2044 3917; x_wconf 83' lang='lat' dir='ltr'>praestat</span> <span class='ocrx_word' id='word_1_381' title='bbox 2089 3847 2251 3902; x_wconf 90' lang='lat' dir='ltr'>nobis</span> 
     </span>
    </p>
   </div>
   <div class='ocr_carea' id='block_1_50' title="bbox 625 3918 2252 3990">
    <p class='ocr_par' dir='ltr' id='par_1_50' title="bbox 625 3918 2252 3990">
     <span class='ocr_line' id='line_1_51' title="bbox 625 3918 2252 3990; baseline -0.003 -13"><span class='ocrx_word' id='word_1_382' title='bbox 625 3920 989 3978; x_wconf 88' lang='lat' dir='ltr'>abundanter</span> <span class='ocrx_word' id='word_1_383' title='bbox 1027 3918 1098 3972; x_wconf 91' lang='lat' dir='ltr'>ad</span> <span class='ocrx_word' id='word_1_384' title='bbox 1123 3918 1468 3990; x_wconf 86' lang='lat' dir='ltr'>fruendum,</span> <span class='ocrx_word' id='word_1_385' title='bbox 1506 3918 1710 3972; x_wconf 89' lang='lat' dir='ltr'>divites</span> <span class='ocrx_word' id='word_1_386' title='bbox 1746 3918 1859 3972; x_wconf 90' lang='lat' dir='ltr'>sint</span> <span class='ocrx_word' id='word_1_387' title='bbox 1899 3919 1957 3972; x_wconf 93' lang='lat' dir='ltr'>in</span> <span class='ocrx_word' id='word_1_388' title='bbox 1985 3918 2252 3990; x_wconf 88' lang='lat' dir='ltr'>operibus</span> 
     </span>
    </p>
   </div>
   <div class='ocr_carea' id='block_1_51' title="bbox 624 3988 2254 4059">
    <p class='ocr_par' dir='ltr' id='par_1_51' title="bbox 624 3988 2254 4059">
     <span class='ocr_line' id='line_1_52' title="bbox 624 3988 2254 4059; baseline -0.003 -11"><span class='ocrx_word' id='word_1_389' title='bbox 624 3992 808 4059; x_wconf 90' lang='lat' dir='ltr'>bonis,</span> <span class='ocrx_word' id='word_1_390' title='bbox 849 3990 1013 4045; x_wconf 86' lang='lat' dir='ltr'>facile</span> <span class='ocrx_word' id='word_1_391' title='bbox 1064 3988 1335 4054; x_wconf 88' lang='lat' dir='ltr'>tribuant,</span> <span class='ocrx_word' id='word_1_392' title='bbox 1390 3990 1829 4057; x_wconf 89' lang='lat' dir='ltr'>communicent,</span> <span class='ocrx_word' id='word_1_393' title='bbox 1875 3988 2254 4045; x_wconf 76' lang='lat' dir='ltr'>thesaurizent</span> 
     </span>
    </p>
   </div>
   <div class='ocr_carea' id='block_1_52' title="bbox 624 4060 2250 4133">
    <p class='ocr_par' dir='ltr' id='par_1_52' title="bbox 624 4060 2250 4133">
     <span class='ocr_line' id='line_1_53' title="bbox 624 4060 2250 4133; baseline -0.002 -14"><span class='ocrx_word' id='word_1_394' title='bbox 624 4064 729 4119; x_wconf 88' lang='lat' dir='ltr'>sibi</span> <span class='ocrx_word' id='word_1_395' title='bbox 752 4062 1192 4133; x_wconf 86' lang='lat' dir='ltr'>fundamentum</span> <span class='ocrx_word' id='word_1_396' title='bbox 1215 4060 1429 4114; x_wconf 90' lang='lat' dir='ltr'>bonum</span> <span class='ocrx_word' id='word_1_397' title='bbox 1459 4060 1514 4114; x_wconf 90' lang='lat' dir='ltr'>in</span> <span class='ocrx_word' id='word_1_398' title='bbox 1542 4062 1818 4125; x_wconf 91' lang='lat' dir='ltr'>futurum,</span> <span class='ocrx_word' id='word_1_399' title='bbox 1847 4065 1910 4115; x_wconf 91' lang='lat' dir='ltr'>ut</span> <span class='ocrx_word' id='word_1_400' title='bbox 1931 4062 2250 4133; x_wconf 86' lang='lat' dir='ltr'>apprehen-</span> 
     </span>
    </p>
   </div>
   <div class='ocr_carea' id='block_1_53' title="bbox 626 4131 2249 4200">
    <p class='ocr_par' dir='ltr' id='par_1_53' title="bbox 626 4131 2249 4200">
     <span class='ocr_line' id='line_1_54' title="bbox 626 4131 2249 4200; baseline -0.002 -11"><span class='ocrx_word' id='word_1_401' title='bbox 626 4136 766 4190; x_wconf 89' lang='lat' dir='ltr'>dant</span> <span class='ocrx_word' id='word_1_402' title='bbox 795 4148 986 4187; x_wconf 85' lang='lat' dir='ltr'>veram</span> <span class='ocrx_word' id='word_1_403' title='bbox 1014 4131 1188 4184; x_wconf 88' lang='lat' dir='ltr'>vitam</span> <span class='ocrx_word' id='word_1_404' title='bbox 1219 4132 1267 4200; x_wconf 91' lang='grc' dir='ltr'>(Ι</span> <span class='ocrx_word' id='word_1_405' title='bbox 1292 4133 1428 4185; x_wconf 81' lang='lat' dir='ltr'>Tim.</span> <span class='ocrx_word' id='word_1_406' title='bbox 1460 4148 1532 4196; x_wconf 82' lang='lat' dir='ltr'>vi,</span> <span class='ocrx_word' id='word_1_407' title='bbox 1566 4133 1773 4200; x_wconf 72' lang='lat'>17-19),</span> <span class='ocrx_word' id='word_1_408' title='bbox 1808 4152 1832 4179; x_wconf 89' lang='grc'><strong>››</strong></span> <span class='ocrx_word' id='word_1_409' title='bbox 1871 4131 1984 4186; x_wconf 84' lang='lat' dir='ltr'>non</span> <span class='ocrx_word' id='word_1_410' title='bbox 2008 4131 2121 4186; x_wconf 14' lang='lat' dir='ltr'>Deos</span> <span class='ocrx_word' id='word_1_411' title='bbox 2159 4148 2249 4186; x_wconf 87' lang='lat' dir='ltr'>re-</span> 
     </span>
    </p>
   </div>
   <div class='ocr_carea' id='block_1_54' title="bbox 669 4201 2252 4273">
    <p class='ocr_par' dir='ltr' id='par_1_54' title="bbox 669 4201 2252 4273">
     <span class='ocr_line' id='line_1_55' title="bbox 669 4201 2252 4273; baseline -0.001 -15"><span class='ocrx_word' id='word_1_412' title='bbox 669 4222 740 4258; x_wconf 93' lang='lat' dir='ltr'>no</span> <span class='ocrx_word' id='word_1_413' title='bbox 770 4204 867 4258; x_wconf 91' lang='lat' dir='ltr'>Dei</span> <span class='ocrx_word' id='word_1_414' title='bbox 899 4217 1061 4273; x_wconf 85' lang='lat' dir='ltr'>posse</span> <span class='ocrx_word' id='word_1_415' title='bbox 1082 4201 1310 4273; x_wconf 85' lang='lat' dir='ltr'>privari.</span> <span class='ocrx_word' id='word_1_416' title='bbox 1336 4202 1533 4273; x_wconf 82' lang='lat' dir='ltr'>Sexto,</span> <span class='ocrx_word' id='word_1_417' title='bbox 1564 4205 1626 4255; x_wconf 92' lang='lat' dir='ltr'>ut</span> <span class='ocrx_word' id='word_1_418' title='bbox 1650 4202 1985 4258; x_wconf 83' lang='lat' dir='ltr'>confiteatur</span> <span class='ocrx_word' id='word_1_419' title='bbox 2007 4203 2252 4273; x_wconf 87' lang='lat' dir='ltr'>gratiam</span> 
     </span>
    </p>
   </div>
   <div class='ocr_carea' id='block_1_55' title="bbox 673 4271 2251 4343">
    <p class='ocr_par' dir='ltr' id='par_1_55' title="bbox 673 4271 2251 4343">
     <span class='ocr_line' id='line_1_56' title="bbox 673 4271 2251 4343; baseline -0.002 -14"><span class='ocrx_word' id='word_1_420' title='bbox 673 4275 744 4341; x_wconf 89' lang='lat' dir='ltr'>ei,</span> <span class='ocrx_word' id='word_1_421' title='bbox 796 4278 853 4328; x_wconf 89' lang='lat' dir='ltr'>et</span> <span class='ocrx_word' id='word_1_422' title='bbox 889 4271 1226 4342; x_wconf 78' lang='lat' dir='ltr'>adjutorivm</span> <span class='ocrx_word' id='word_1_423' title='bbox 1266 4272 1442 4343; x_wconf 86' lang='lat' dir='ltr'>etiam</span> <span class='ocrx_word' id='word_1_424' title='bbox 1486 4273 1556 4326; x_wconf 90' lang='lat' dir='ltr'>ad</span> <span class='ocrx_word' id='word_1_425' title='bbox 1594 4273 1848 4343; x_wconf 91' lang='lat' dir='ltr'>singulos</span> <span class='ocrx_word' id='word_1_426' title='bbox 1902 4271 2059 4328; x_wconf 83' lang='lat' dir='ltr'>actus</span> <span class='ocrx_word' id='word_1_427' title='bbox 2108 4273 2251 4341; x_wconf 90' lang='lat' dir='ltr'>dari,</span> 
     </span>
    </p>
   </div>
   <div class='ocr_carea' id='block_1_56' title="bbox 631 4342 2255 4415">
    <p class='ocr_par' dir='ltr' id='par_1_56' title="bbox 631 4342 2255 4415">
     <span class='ocr_line' id='line_1_57' title="bbox 631 4342 2255 4415; baseline -0.001 -15"><span class='ocrx_word' id='word_1_428' title='bbox 631 4361 887 4415; x_wconf 88' lang='lat' dir='ltr'>eamque</span> <span class='ocrx_word' id='word_1_429' title='bbox 915 4360 1030 4397; x_wconf 91' lang='lat' dir='ltr'>non</span> <span class='ocrx_word' id='word_1_430' title='bbox 1070 4342 1383 4415; x_wconf 85' lang='lat' dir='ltr'>secundum</span> <span class='ocrx_word' id='word_1_431' title='bbox 1410 4344 1613 4398; x_wconf 88' lang='lat' dir='ltr'>merita</span> <span class='ocrx_word' id='word_1_432' title='bbox 1652 4347 1865 4411; x_wconf 87' lang='lat' dir='ltr'>nostra,</span> <span class='ocrx_word' id='word_1_433' title='bbox 1907 4348 1971 4399; x_wconf 90' lang='lat' dir='ltr'>ut</span> <span class='ocrx_word' id='word_1_434' title='bbox 2011 4360 2145 4398; x_wconf 90' lang='lat' dir='ltr'>vera</span> <span class='ocrx_word' id='word_1_435' title='bbox 2183 4345 2255 4398; x_wconf 87' lang='lat' dir='ltr'>sit</span> 
     </span>
    </p>
   </div>
   <div class='ocr_carea' id='block_1_57' title="bbox 631 4414 2252 4489">
    <p class='ocr_par' dir='ltr' id='par_1_57' title="bbox 631 4414 2252 4489">
     <span class='ocr_line' id='line_1_58' title="bbox 631 4414 2252 4489; baseline -0.001 -18"><span class='ocrx_word' id='word_1_436' title='bbox 631 4414 932 4489; x_wconf 72' lang='lat' dir='ltr'>gratia,_id</span> <span class='ocrx_word' id='word_1_437' title='bbox 972 4414 1291 4489; x_wconf 69' lang='lat' dir='ltr'>est,_grat_is</span> <span class='ocrx_word' id='word_1_438' title='bbox 1334 4414 1462 4489; x_wconf 83' lang='lat' dir='ltr'>data</span> <span class='ocrx_word' id='word_1_439' title='bbox 1497 4432 1599 4489; x_wconf 83' lang='lat' dir='ltr'>per</span> <span class='ocrx_word' id='word_1_440' title='bbox 1628 4415 1750 4485; x_wconf 88' lang='lat' dir='ltr'>ejus</span> <span class='ocrx_word' id='word_1_441' title='bbox 1780 4415 2252 4489; x_wconf 84' lang='lat' dir='ltr'>misericordiam,</span> 
     </span>
    </p>
   </div>
   <div class='ocr_carea' id='block_1_58' title="bbox 629 4485 2255 4561">
    <p class='ocr_par' dir='ltr' id='par_1_58' title="bbox 629 4485 2255 4561">
     <span class='ocr_line' id='line_1_59' title="bbox 629 4485 2255 4561; baseline -0.001 -19"><span class='ocrx_word' id='word_1_442' title='bbox 629 4485 728 4561; x_wconf 72' lang='lat' dir='ltr'>qui</span> <span class='ocrx_word' id='word_1_443' title='bbox 752 4487 897 4561; x_wconf 54' lang='lat' dir='ltr'>dixit</span> <span class='ocrx_word' id='word_1_444' title='bbox 928 4504 941 4541; x_wconf 89' lang='lat'><strong>:</strong></span> <span class='ocrx_word' id='word_1_445' title='bbox 982 4507 1008 4535; x_wconf 90' lang='grc'>‹‹</span> <span class='ocrx_word' id='word_1_446' title='bbox 1035 4485 1337 4561; x_wconf 73' lang='lat' dir='ltr'>Miserebor</span> <span class='ocrx_word' id='word_1_447' title='bbox 1358 4486 1448 4561; x_wconf 82' lang='lat' dir='ltr'>cui</span> <span class='ocrx_word' id='word_1_448' title='bbox 1474 4486 1767 4561; x_wconf 79' lang='lat' dir='ltr'>miseratus</span> <span class='ocrx_word' id='word_1_449' title='bbox 1792 4486 1976 4561; x_wconf 81' lang='lat' dir='ltr'>fuero,</span> <span class='ocrx_word' id='word_1_450' title='bbox 2006 4489 2071 4561; x_wconf 89' lang='lat' dir='ltr'>et</span> <span class='ocrx_word' id='word_1_451' title='bbox 2088 4486 2255 4561; x_wconf 74' lang='lat' dir='ltr'>mise-</span> 
     </span>
    </p>
   </div>
   <div class='ocr_carea' id='block_1_59' title="bbox 630 4556 2006 4628">
    <p class='ocr_par' dir='ltr' id='par_1_59' title="bbox 630 4556 2006 4628">
     <span class='ocr_line' id='line_1_60' title="bbox 630 4556 2006 4628; baseline -0.002 -13"><span class='ocrx_word' id='word_1_452' title='bbox 630 4556 931 4616; x_wconf 67' lang='lat' dir='ltr'>ficordiam</span> <span class='ocrx_word' id='word_1_453' title='bbox 978 4556 1282 4628; x_wconf 65' lang='lat' dir='ltr'>praestabo,</span> <span class='ocrx_word' id='word_1_454' title='bbox 1334 4557 1423 4610; x_wconf 89' lang='lat' dir='ltr'>cui</span> <span class='ocrx_word' id='word_1_455' title='bbox 1473 4556 1794 4610; x_wconf 87' lang='lat' dir='ltr'>misericors</span> <span class='ocrx_word' id='word_1_456' title='bbox 1842 4558 2006 4612; x_wconf 87' lang='lat' dir='ltr'>fuero</span> 
     </span>
    </p>
   </div>
   <div class='ocr_carea' id='block_1_60' title="bbox 631 4626 2258 4699">
    <p class='ocr_par' dir='ltr' id='par_1_60' title="bbox 631 4626 2258 4699">
     <span class='ocr_line' id='line_1_61' title="bbox 631 4626 2258 4699; baseline -0.002 -12"><span class='ocrx_word' id='word_1_457' title='bbox 631 4647 826 4697; x_wconf 69' lang='grc' dir='ltr'><strong>χχχιιι,</strong></span> <span class='ocrx_word' id='word_1_458' title='bbox 874 4626 995 4699; x_wconf 67' lang='grc'>19).“</span> <span class='ocrx_word' id='word_1_459' title='bbox 1030 4650 1055 4676; x_wconf 91' lang='grc'><strong>››</strong></span> <span class='ocrx_word' id='word_1_460' title='bbox 1103 4626 1379 4699; x_wconf 88' lang='lat' dir='ltr'>Septimo,</span> <span class='ocrx_word' id='word_1_461' title='bbox 1406 4628 1675 4699; x_wconf 13' lang='lat' dir='ltr'>rutﬂﬁlios</span> <span class='ocrx_word' id='word_1_462' title='bbox 1718 4628 1812 4682; x_wconf 90' lang='lat' dir='ltr'>Dei</span> <span class='ocrx_word' id='word_1_463' title='bbox 1860 4629 2101 4683; x_wconf 90' lang='lat' dir='ltr'>fateatur</span> <span class='ocrx_word' id='word_1_464' title='bbox 2130 4629 2258 4683; x_wconf 90' lang='lat' dir='ltr'>illos</span> 
     </span>
    </p>
   </div>
   <div class='ocr_carea' id='block_1_61' title="bbox 631 4698 2257 4775">
    <p class='ocr_par' dir='ltr' id='par_1_61' title="bbox 631 4698 2257 4775">
     <span class='ocr_line' id='line_1_62' title="bbox 631 4698 2257 4775; baseline -0.003 -17"><span class='ocrx_word' id='word_1_465' title='bbox 631 4720 797 4775; x_wconf 83' lang='lat' dir='ltr'>posse</span> <span class='ocrx_word' id='word_1_466' title='bbox 828 4698 1032 4766; x_wconf 85' lang='lat' dir='ltr'>vocari,</span> <span class='ocrx_word' id='word_1_467' title='bbox 1067 4698 1452 4775; x_wconf 70' lang='lat' dir='ltr'>quiquotidie</span> <span class='ocrx_word' id='word_1_468' title='bbox 1473 4698 1678 4775; x_wconf 73' lang='lat' dir='ltr'>dicunt</span> <span class='ocrx_word' id='word_1_469' title='bbox 1709 4715 1720 4752; x_wconf 90' lang='lat'>:</span> <span class='ocrx_word' id='word_1_470' title='bbox 1760 4719 1787 4775; x_wconf 61' lang='grc' dir='ltr'>(ς</span> <span class='ocrx_word' id='word_1_471' title='bbox 1829 4699 2058 4775; x_wconf 79' lang='lat' dir='ltr'>Dimitte</span> <span class='ocrx_word' id='word_1_472' title='bbox 2096 4700 2257 4775; x_wconf 83' lang='lat' dir='ltr'>nobis</span> 
     </span>
    </p>
   </div>
   <div class='ocr_carea' id='block_1_62' title="bbox 634 4769 2253 4841">
    <p class='ocr_par' dir='ltr' id='par_1_62' title="bbox 634 4769 2253 4841">
     <span class='ocr_line' id='line_1_63' title="bbox 634 4769 2253 4841; baseline -0.002 -14"><span class='ocrx_word' id='word_1_473' title='bbox 634 4769 824 4827; x_wconf 78' lang='lat' dir='ltr'>debita</span> <span class='ocrx_word' id='word_1_474' title='bbox 857 4777 1050 4825; x_wconf 89' lang='lat' dir='ltr'>nostra</span> <span class='ocrx_word' id='word_1_475' title='bbox 1080 4769 1287 4837; x_wconf 78' lang='lat' dir='ltr'>(Matth.</span> <span class='ocrx_word' id='word_1_476' title='bbox 1320 4786 1394 4835; x_wconf 83' lang='lat' dir='ltr'>v1,</span> <span class='ocrx_word' id='word_1_477' title='bbox 1437 4770 1541 4839; x_wconf 75' lang='lat' dir='ltr'>l2),</span> <span class='ocrx_word' id='word_1_478' title='bbox 1574 4790 1602 4817; x_wconf 70' lang='grc' dir='ltr'>υ</span> <span class='ocrx_word' id='word_1_479' title='bbox 1635 4769 1786 4841; x_wconf 85' lang='lat' dir='ltr'>quod</span> <span class='ocrx_word' id='word_1_480' title='bbox 1814 4769 2012 4841; x_wconf 91' lang='lat' dir='ltr'>utique</span> <span class='ocrx_word' id='word_1_481' title='bbox 2041 4770 2253 4825; x_wconf 89' lang='lat' dir='ltr'>veraci-</span> 
     </span>
    </p>
   </div>
   <div class='ocr_carea' id='block_1_63' title="bbox 633 4841 2253 4912">
    <p class='ocr_par' dir='ltr' id='par_1_63' title="bbox 633 4841 2253 4912">
     <span class='ocr_line' id='line_1_64' title="bbox 633 4841 2253 4912; baseline -0.001 -15"><span class='ocrx_word' id='word_1_482' title='bbox 633 4851 722 4897; x_wconf 89' lang='lat' dir='ltr'>ter</span> <span class='ocrx_word' id='word_1_483' title='bbox 756 4859 870 4897; x_wconf 92' lang='lat' dir='ltr'>non</span> <span class='ocrx_word' id='word_1_484' title='bbox 896 4841 1169 4907; x_wconf 87' lang='lat' dir='ltr'>dicerent,</span> <span class='ocrx_word' id='word_1_485' title='bbox 1200 4841 1245 4893; x_wconf 92' lang='lat' dir='ltr'>si</span> <span class='ocrx_word' id='word_1_486' title='bbox 1283 4844 1472 4912; x_wconf 88' lang='lat' dir='ltr'>essent</span> <span class='ocrx_word' id='word_1_487' title='bbox 1498 4841 1732 4894; x_wconf 91' lang='lat' dir='ltr'>omnino</span> <span class='ocrx_word' id='word_1_488' title='bbox 1762 4841 1971 4912; x_wconf 89' lang='lat' dir='ltr'>absque</span> <span class='ocrx_word' id='word_1_489' title='bbox 2002 4848 2253 4912; x_wconf 86' lang='lat' dir='ltr'>peccato.</span> 
     </span>
    </p>
   </div>
   <div class='ocr_carea' id='block_1_64' title="bbox 635 4911 2255 4981">
    <p class='ocr_par' dir='ltr' id='par_1_64' title="bbox 635 4911 2255 4981">
     <span class='ocr_line' id='line_1_65' title="bbox 635 4911 2255 4981; baseline -0.003 -12"><span class='ocrx_word' id='word_1_490' title='bbox 635 4916 865 4976; x_wconf 87' lang='lat' dir='ltr'>Octavo,</span> <span class='ocrx_word' id='word_1_491' title='bbox 889 4917 950 4967; x_wconf 90' lang='lat' dir='ltr'>ut</span> <span class='ocrx_word' id='word_1_492' title='bbox 979 4912 1218 4967; x_wconf 88' lang='lat' dir='ltr'>fateatur</span> <span class='ocrx_word' id='word_1_493' title='bbox 1238 4927 1356 4965; x_wconf 91' lang='lat' dir='ltr'>esse</span> <span class='ocrx_word' id='word_1_494' title='bbox 1388 4911 1633 4965; x_wconf 87' lang='lat' dir='ltr'>liberum</span> <span class='ocrx_word' id='word_1_495' title='bbox 1663 4911 1985 4981; x_wconf 85' lang='lat' dir='ltr'>arbitrium,</span> <span class='ocrx_word' id='word_1_496' title='bbox 2014 4912 2184 4966; x_wconf 90' lang='lat' dir='ltr'>etiam</span> <span class='ocrx_word' id='word_1_497' title='bbox 2213 4913 2255 4965; x_wconf 89' lang='lat' dir='ltr'>si</span> 
     </span>
    </p>
   </div>
   <div class='ocr_carea' id='block_1_65' title="bbox 637 4982 2256 5055">
    <p class='ocr_par' dir='ltr' id='par_1_65' title="bbox 637 4982 2256 5055">
     <span class='ocr_line' id='line_1_66' title="bbox 637 4982 2256 5055; baseline -0.001 -16"><span class='ocrx_word' id='word_1_498' title='bbox 637 4985 831 5039; x_wconf 92' lang='lat' dir='ltr'>divino</span> <span class='ocrx_word' id='word_1_499' title='bbox 859 4983 1077 5054; x_wconf 89' lang='lat' dir='ltr'>indiget</span> <span class='ocrx_word' id='word_1_500' title='bbox 1107 4982 1411 5053; x_wconf 90' lang='lat' dir='ltr'>adjutorio.</span> <span class='ocrx_word' id='word_1_501' title='bbox 1446 4983 1632 5055; x_wconf 14' lang='lat' dir='ltr'>ANono,</span> <span class='ocrx_word' id='word_1_502' title='bbox 1672 4986 1737 5037; x_wconf 91' lang='lat' dir='ltr'>ut</span> <span class='ocrx_word' id='word_1_503' title='bbox 1760 4983 2006 5055; x_wconf 87' lang='lat' dir='ltr'>fateatur</span> <span class='ocrx_word' id='word_1_504' title='bbox 2029 4984 2256 5055; x_wconf 88' lang='lat' dir='ltr'>quando</span> 
     </span>
    </p>
   </div>
   <div class='ocr_carea' id='block_1_66' title="bbox 634 5053 2256 5124">
    <p class='ocr_par' dir='ltr' id='par_1_66' title="bbox 634 5053 2256 5124">
     <span class='ocr_line' id='line_1_67' title="bbox 634 5053 2256 5124; baseline -0.002 -13"><span class='ocrx_word' id='word_1_505' title='bbox 634 5063 828 5111; x_wconf 89' lang='lat' dir='ltr'>contra</span> <span class='ocrx_word' id='word_1_506' title='bbox 854 5053 1195 5108; x_wconf 82' lang='lat' dir='ltr'>tentationes</span> <span class='ocrx_word' id='word_1_507' title='bbox 1219 5053 1814 5124; x_wconf 89' lang='lat' dir='ltr'>concupiscentiasque</span> <span class='ocrx_word' id='word_1_508' title='bbox 1836 5053 2063 5108; x_wconf 78' lang='lat' dir='ltr'>illicitas</span> <span class='ocrx_word' id='word_1_509' title='bbox 2088 5055 2256 5108; x_wconf 88' lang='lat' dir='ltr'>dimi-</span> 
     </span>
    </p>
   </div>
   <div class='ocr_carea' id='block_1_67' title="bbox 636 5124 2259 5197">
    <p class='ocr_par' dir='ltr' id='par_1_67' title="bbox 636 5124 2259 5197">
     <span class='ocr_line' id='line_1_68' title="bbox 636 5124 2259 5197; baseline -0.002 -15"><span class='ocrx_word' id='word_1_510' title='bbox 636 5143 848 5193; x_wconf 89' lang='lat' dir='ltr'>camus,</span> <span class='ocrx_word' id='word_1_511' title='bbox 881 5124 1141 5195; x_wconf 84' lang='lat' dir='ltr'>quamvis</span> <span class='ocrx_word' id='word_1_512' title='bbox 1168 5124 1279 5178; x_wconf 91' lang='lat' dir='ltr'>illic</span> <span class='ocrx_word' id='word_1_513' title='bbox 1308 5124 1617 5197; x_wconf 80' lang='lat' dir='ltr'>habeamus</span> <span class='ocrx_word' id='word_1_514' title='bbox 1649 5130 1705 5179; x_wconf 90' lang='lat' dir='ltr'>et</span> <span class='ocrx_word' id='word_1_515' title='bbox 1744 5127 2037 5197; x_wconf 87' lang='lat' dir='ltr'>propriam</span> <span class='ocrx_word' id='word_1_516' title='bbox 2067 5127 2259 5180; x_wconf 87' lang='lat' dir='ltr'>volun-</span> 
     </span>
    </p>
   </div>
   <div class='ocr_carea' id='block_1_68' title="bbox 638 5195 2259 5263">
    <p class='ocr_par' dir='ltr' id='par_1_68' title="bbox 638 5195 2259 5263">
     <span class='ocr_line' id='line_1_69' title="bbox 638 5195 2259 5263; baseline -0.001 -10"><span class='ocrx_word' id='word_1_517' title='bbox 638 5203 832 5263; x_wconf 78' lang='lat' dir='ltr'>tatem,</span> <span class='ocrx_word' id='word_1_518' title='bbox 869 5212 984 5250; x_wconf 91' lang='lat' dir='ltr'>non</span> <span class='ocrx_word' id='word_1_519' title='bbox 1020 5200 1218 5249; x_wconf 88' lang='lat' dir='ltr'>tamen</span> <span class='ocrx_word' id='word_1_520' title='bbox 1246 5211 1310 5249; x_wconf 85' lang='lat' dir='ltr'>ex</span> <span class='ocrx_word' id='word_1_521' title='bbox 1344 5195 1456 5262; x_wconf 90' lang='lat' dir='ltr'>illa,</span> <span class='ocrx_word' id='word_1_522' title='bbox 1494 5196 1593 5250; x_wconf 90' lang='lat' dir='ltr'>sed</span> <span class='ocrx_word' id='word_1_523' title='bbox 1634 5212 1697 5249; x_wconf 84' lang='lat' dir='ltr'>ex</span> <span class='ocrx_word' id='word_1_524' title='bbox 1733 5195 1831 5250; x_wconf 84' lang='lat' dir='ltr'>Dei</span> <span class='ocrx_word' id='word_1_525' title='bbox 1854 5195 2259 5252; x_wconf 78' lang='lat' dir='ltr'>misericordia</span> 
     </span>
    </p>
   </div>
   <div class='ocr_carea' id='block_1_69' title="bbox 634 5266 2258 5338">
    <p class='ocr_par' dir='ltr' id='par_1_69' title="bbox 634 5266 2258 5338">
     <span class='ocr_line' id='line_1_70' title="bbox 634 5266 2258 5338; baseline -0.002 -13"><span class='ocrx_word' id='word_1_526' title='bbox 634 5273 887 5326; x_wconf 89' lang='lat' dir='ltr'>nostram</span> <span class='ocrx_word' id='word_1_527' title='bbox 919 5266 1177 5338; x_wconf 80' lang='lat' dir='ltr'>salutem,</span> <span class='ocrx_word' id='word_1_528' title='bbox 1210 5267 1343 5338; x_wconf 89' lang='lat' dir='ltr'>quia</span> <span class='ocrx_word' id='word_1_529' title='bbox 1381 5283 1495 5321; x_wconf 93' lang='lat' dir='ltr'>non</span> <span class='ocrx_word' id='word_1_530' title='bbox 1524 5266 1684 5320; x_wconf 87' lang='lat' dir='ltr'>aliter</span> <span class='ocrx_word' id='word_1_531' title='bbox 1723 5284 1920 5322; x_wconf 90' lang='lat' dir='ltr'>verum</span> <span class='ocrx_word' id='word_1_532' title='bbox 1960 5269 2068 5322; x_wconf 90' lang='lat' dir='ltr'>erit</span> <span class='ocrx_word' id='word_1_533' title='bbox 2103 5268 2258 5338; x_wconf 91' lang='lat' dir='ltr'>quod</span> 
     </span>
    </p>
   </div>
   <div class='ocr_carea' id='block_1_70' title="bbox 632 5337 2255 5413">
    <p class='ocr_par' dir='ltr' id='par_1_70' title="bbox 632 5337 2255 5413">
     <span class='ocr_line' id='line_1_71' title="bbox 632 5337 2255 5413; baseline -0.004 -15"><span class='ocrx_word' id='word_1_534' title='bbox 632 5341 932 5413; x_wconf 84' lang='lat' dir='ltr'>Apostolus</span> <span class='ocrx_word' id='word_1_535' title='bbox 963 5337 1098 5393; x_wconf 91' lang='lat' dir='ltr'>dicit</span> <span class='ocrx_word' id='word_1_536' title='bbox 1136 5355 1148 5391; x_wconf 90' lang='lat'><strong>:</strong></span> <span class='ocrx_word' id='word_1_537' title='bbox 1195 5337 1382 5413; x_wconf 60' lang='lat' dir='ltr'>«(Non</span> <span class='ocrx_word' id='word_1_538' title='bbox 1422 5338 1679 5413; x_wconf 59' lang='lat' dir='ltr'>volentis,</span> <span class='ocrx_word' id='word_1_539' title='bbox 1728 5355 1917 5413; x_wconf 90' lang='lat' dir='ltr'>neque</span> <span class='ocrx_word' id='word_1_540' title='bbox 1958 5337 2255 5413; x_wconf 79' lang='lat' dir='ltr'>currentis,</span> 
     </span>
    </p>
   </div>
   <div class='ocr_carea' id='block_1_71' title="bbox 634 5409 2253 5479">
    <p class='ocr_par' dir='ltr' id='par_1_71' title="bbox 634 5409 2253 5479">
     <span class='ocr_line' id='line_1_72' title="bbox 634 5409 2253 5479; baseline -0.006 -12"><span class='ocrx_word' id='word_1_541' title='bbox 634 5409 733 5469; x_wconf 76' lang='lat' dir='ltr'>sed</span> <span class='ocrx_word' id='word_1_542' title='bbox 764 5416 827 5468; x_wconf 92' lang='lat' dir='ltr'>ut</span> <span class='ocrx_word' id='word_1_543' title='bbox 856 5411 1157 5478; x_wconf 89' lang='lat' dir='ltr'>salvemur,</span> <span class='ocrx_word' id='word_1_544' title='bbox 1188 5410 1507 5464; x_wconf 88' lang='lat' dir='ltr'>miserentis</span> <span class='ocrx_word' id='word_1_545' title='bbox 1534 5415 1617 5462; x_wconf 89' lang='lat' dir='ltr'>est</span> <span class='ocrx_word' id='word_1_546' title='bbox 1650 5410 1741 5463; x_wconf 89' lang='lat' dir='ltr'>Dei</span> <span class='ocrx_word' id='word_1_547' title='bbox 1779 5412 1944 5479; x_wconf 82' lang='lat' dir='ltr'>(Rom.</span> <span class='ocrx_word' id='word_1_548' title='bbox 1983 5425 2058 5475; x_wconf 82' lang='lat' dir='ltr'>ix,</span> <span class='ocrx_word' id='word_1_549' title='bbox 2091 5409 2194 5479; x_wconf 86' lang='lat' dir='ltr'>I6).</span> <span class='ocrx_word' id='word_1_550' title='bbox 2228 5431 2253 5457; x_wconf 83' lang='grc'>››</span> 
     </span>
    </p>
   </div>
   <div class='ocr_carea' id='block_1_72' title="bbox 635 5480 2261 5549">
    <p class='ocr_par' dir='ltr' id='par_1_72' title="bbox 635 5480 2261 5549">
     <span class='ocr_line' id='line_1_73' title="bbox 635 5480 2261 5549; baseline -0.004 -9"><span class='ocrx_word' id='word_1_551' title='bbox 635 5485 886 5549; x_wconf 89' lang='lat' dir='ltr'>Decimo,</span> <span class='ocrx_word' id='word_1_552' title='bbox 915 5486 975 5537; x_wconf 90' lang='lat' dir='ltr'>ut</span> <span class='ocrx_word' id='word_1_553' title='bbox 1001 5482 1245 5536; x_wconf 85' lang='lat' dir='ltr'>fateatur</span> <span class='ocrx_word' id='word_1_554' title='bbox 1265 5481 1577 5534; x_wconf 85' lang='lat' dir='ltr'>seen-udum</span> <span class='ocrx_word' id='word_1_555' title='bbox 1603 5480 1845 5549; x_wconf 89' lang='lat' dir='ltr'>gratiam</span> <span class='ocrx_word' id='word_1_556' title='bbox 1869 5486 1925 5534; x_wconf 91' lang='lat' dir='ltr'>et</span> <span class='ocrx_word' id='word_1_557' title='bbox 1944 5480 2261 5534; x_wconf 90' lang='lat' dir='ltr'>misericor-</span> 
     </span>
    </p>
   </div>
   <div class='ocr_carea' id='block_1_73' title="bbox 638 5551 2259 5622">
    <p class='ocr_par' dir='ltr' id='par_1_73' title="bbox 638 5551 2259 5622">
     <span class='ocr_line' id='line_1_74' title="bbox 638 5551 2259 5622; baseline -0.003 -11"><span class='ocrx_word' id='word_1_558' title='bbox 638 5556 792 5611; x_wconf 89' lang='lat' dir='ltr'>diam</span> <span class='ocrx_word' id='word_1_559' title='bbox 842 5553 961 5620; x_wconf 88' lang='lat' dir='ltr'>Dei,</span> <span class='ocrx_word' id='word_1_560' title='bbox 996 5552 1218 5607; x_wconf 89' lang='lat' dir='ltr'>veniam</span> <span class='ocrx_word' id='word_1_561' title='bbox 1261 5551 1586 5622; x_wconf 79' lang='lat' dir='ltr'>petentibus</span> <span class='ocrx_word' id='word_1_562' title='bbox 1623 5551 1762 5621; x_wconf 89' lang='lat' dir='ltr'>dari,</span> <span class='ocrx_word' id='word_1_563' title='bbox 1797 5567 1909 5606; x_wconf 91' lang='lat' dir='ltr'>non</span> <span class='ocrx_word' id='word_1_564' title='bbox 1948 5551 2259 5606; x_wconf 88' lang='lat' dir='ltr'>secundum</span> 
     </span>
    </p>
   </div>
   <div class='ocr_carea' id='block_1_74' title="bbox 635 5621 2256 5694">
    <p class='ocr_par' dir='ltr' id='par_1_74' title="bbox 635 5621 2256 5694">
     <span class='ocr_line' id='line_1_75' title="bbox 635 5621 2256 5694; baseline -0.002 -13"><span class='ocrx_word' id='word_1_565' title='bbox 635 5627 903 5681; x_wconf 84' lang='lat' dir='ltr'>meritum</span> <span class='ocrx_word' id='word_1_566' title='bbox 924 5640 1141 5694; x_wconf 89' lang='lat' dir='ltr'>eorum,</span> <span class='ocrx_word' id='word_1_567' title='bbox 1158 5621 1827 5694; x_wconf 81' lang='lat' dir='ltr'>quandoquidemipsam</span> <span class='ocrx_word' id='word_1_568' title='bbox 1848 5622 2256 5694; x_wconf 67' lang='lat' dir='ltr'>pmnitentiam,</span> 
     </span>
    </p>
   </div>
   <div class='ocr_carea' id='block_1_75' title="bbox 638 5691 2252 5764">
    <p class='ocr_par' dir='ltr' id='par_1_75' title="bbox 638 5691 2252 5764">
     <span class='ocr_line' id='line_1_76' title="bbox 638 5691 2252 5764; baseline -0.001 -13"><span class='ocrx_word' id='word_1_569' title='bbox 638 5699 850 5751; x_wconf 90' lang='lat' dir='ltr'>donum</span> <span class='ocrx_word' id='word_1_570' title='bbox 883 5694 1002 5761; x_wconf 88' lang='lat' dir='ltr'>Dei,</span> <span class='ocrx_word' id='word_1_571' title='bbox 1030 5691 1512 5764; x_wconf 47' lang='lat' dir='ltr'>dixit—Apostolus,</span> <span class='ocrx_word' id='word_1_572' title='bbox 1547 5691 1643 5764; x_wconf 87' lang='lat' dir='ltr'>ubi</span> <span class='ocrx_word' id='word_1_573' title='bbox 1670 5691 1752 5747; x_wconf 81' lang='lat' dir='ltr'>ait</span> <span class='ocrx_word' id='word_1_574' title='bbox 1780 5691 2252 5764; x_wconf 59' lang='lat' dir='ltr'>de&#39;quibusdamé</span> 
     </span>
    </p>
   </div>
   <div class='ocr_carea' id='block_1_76' title="bbox 644 5762 2261 5833">
    <p class='ocr_par' dir='ltr' id='par_1_76' title="bbox 644 5762 2261 5833">
     <span class='ocr_line' id='line_1_77' title="bbox 644 5762 2261 5833; baseline 0.002 -18"><span class='ocrx_word' id='word_1_575' title='bbox 644 5790 669 5815; x_wconf 78' lang='grc' dir='ltr'><strong>ι(</strong></span> <span class='ocrx_word' id='word_1_576' title='bbox 699 5768 776 5820; x_wconf 85' lang='lat' dir='ltr'>Ne</span> <span class='ocrx_word' id='word_1_577' title='bbox 807 5767 950 5819; x_wconf 89' lang='lat' dir='ltr'>forte</span> <span class='ocrx_word' id='word_1_578' title='bbox 971 5765 1067 5818; x_wconf 84' lang='lat' dir='ltr'>det</span> <span class='ocrx_word' id='word_1_579' title='bbox 1090 5763 1203 5817; x_wconf 84' lang='lat' dir='ltr'>illis</span> <span class='ocrx_word' id='word_1_580' title='bbox 1237 5762 1384 5816; x_wconf 86' lang='lat' dir='ltr'>Deus</span> <span class='ocrx_word' id='word_1_581' title='bbox 1412 5762 1826 5833; x_wconf 75' lang='lat' dir='ltr'>paenitentiam.</span> <span class='ocrx_word' id='word_1_582' title='bbox 1853 5762 2038 5818; x_wconf 41' lang='lat' dir='ltr'>{Haec</span> <span class='ocrx_word' id='word_1_583' title='bbox 2068 5766 2261 5819; x_wconf 87' lang='lat' dir='ltr'>omnia</span> 
     </span>
    </p>
   </div>
   <div class='ocr_carea' id='block_1_77' title="bbox 639 5833 2257 5909">
    <p class='ocr_par' dir='ltr' id='par_1_77' title="bbox 639 5833 2257 5909">
     <span class='ocr_line' id='line_1_78' title="bbox 639 5833 2257 5909; baseline 0.003 -23"><span class='ocrx_word' id='word_1_584' title='bbox 639 5837 967 5907; x_wconf 79' lang='lat' dir='ltr'>simpliciter</span> <span class='ocrx_word' id='word_1_585' title='bbox 997 5835 1114 5889; x_wconf 78' lang='lat' dir='ltr'>sine</span> <span class='ocrx_word' id='word_1_586' title='bbox 1142 5834 1267 5888; x_wconf 82' lang='lat' dir='ltr'>ullis</span> <span class='ocrx_word' id='word_1_587' title='bbox 1294 5833 1539 5887; x_wconf 86' lang='lat' dir='ltr'>fateatur</span> <span class='ocrx_word' id='word_1_588' title='bbox 1567 5833 1924 5905; x_wconf 81' lang='lat' dir='ltr'>ambagibus.</span> <span class='ocrx_word' id='word_1_589' title='bbox 1963 5836 2013 5891; x_wconf 92' lang='lat' dir='ltr'>Si</span> <span class='ocrx_word' id='word_1_590' title='bbox 2048 5838 2171 5909; x_wconf 86' lang='lat' dir='ltr'>quis</span> <span class='ocrx_word' id='word_1_591' title='bbox 2202 5837 2257 5892; x_wconf 93' lang='lat' dir='ltr'>in</span> 
     </span>
    </p>
   </div>
   <div class='ocr_carea' id='block_1_78' title="bbox 2059 4540 2333 4626">
    <p class='ocr_par' dir='ltr' id='par_1_78' title="bbox 2059 4540 2333 4626">
     <span class='ocr_line' id='line_1_79' title="bbox 2059 4540 2333 4626; baseline 0 -15"><span class='ocrx_word' id='word_1_592' title='bbox 2059 4558 2250 4626; x_wconf 71' lang='lat' dir='ltr'>(Emod.</span> <span class='ocrx_word' id='word_1_593' title='bbox 2274 4540 2333 4611; x_wconf 93' lang='lat' dir='ltr'>D</span> 
     </span>
    </p>
   </div>
   <div class='ocr_carea' id='block_1_79' title="bbox 2266 304 3869 367">
    <p class='ocr_par' dir='ltr' id='par_1_79' title="bbox 2266 304 3869 367">
     <span class='ocr_line' id='line_1_80' title="bbox 2266 304 3869 367; baseline 0.005 -8"><span class='ocrx_word' id='word_1_594' title='bbox 2266 335 2333 346; x_wconf 89' lang='lat'>——</span> <span class='ocrx_word' id='word_1_595' title='bbox 2372 304 2605 361; x_wconf 82' lang='lat' dir='ltr'>ISIDURI</span> <span class='ocrx_word' id='word_1_596' title='bbox 2644 305 3071 361; x_wconf 80' lang='lat' dir='ltr'>MERCATORIS</span> <span class='ocrx_word' id='word_1_597' title='bbox 3791 314 3869 367; x_wconf 66' lang='lat' dir='ltr'>aut</span> 
     </span>
    </p>
   </div>
   <div class='ocr_carea' id='block_1_80' title="bbox 2335 412 3873 487">
    <p class='ocr_par' dir='ltr' id='par_1_80' title="bbox 2335 412 3873 487">
     <span class='ocr_line' id='line_1_81' title="bbox 2335 412 3873 487; baseline 0.004 -20"><span class='ocrx_word' id='word_1_598' title='bbox 2335 415 2726 487; x_wconf 85' lang='lat' dir='ltr'>auctoritatem</span> <span class='ocrx_word' id='word_1_599' title='bbox 2769 414 3126 487; x_wconf 85' lang='lat' dir='ltr'>catholicam,</span> <span class='ocrx_word' id='word_1_600' title='bbox 3169 418 3227 468; x_wconf 89' lang='lat' dir='ltr'>et</span> <span class='ocrx_word' id='word_1_601' title='bbox 3262 412 3433 487; x_wconf 89' lang='lat' dir='ltr'>ipsius</span> <span class='ocrx_word' id='word_1_602' title='bbox 3458 414 3650 485; x_wconf 87' lang='lat' dir='ltr'>Pelagii</span> <span class='ocrx_word' id='word_1_603' title='bbox 3666 432 3873 487; x_wconf 81' lang='lat' dir='ltr'>expressa</span> 
     </span>
    </p>
   </div>
   <div class='ocr_carea' id='block_1_81' title="bbox 2341 485 3871 557">
    <p class='ocr_par' dir='ltr' id='par_1_81' title="bbox 2341 485 3871 557">
     <span class='ocr_line' id='line_1_82' title="bbox 2341 485 3871 557; baseline 0.003 -18"><span class='ocrx_word' id='word_1_604' title='bbox 2341 486 2726 541; x_wconf 89' lang='lat' dir='ltr'>ecclesiasticis</span> <span class='ocrx_word' id='word_1_605' title='bbox 2754 487 2927 557; x_wconf 88' lang='lat' dir='ltr'>gestis</span> <span class='ocrx_word' id='word_1_606' title='bbox 2955 485 3125 557; x_wconf 89' lang='lat' dir='ltr'>verba</span> <span class='ocrx_word' id='word_1_607' title='bbox 3150 485 3447 557; x_wconf 85' lang='lat' dir='ltr'>consentit,</span> <span class='ocrx_word' id='word_1_608' title='bbox 3473 502 3636 556; x_wconf 88' lang='lat' dir='ltr'>neque</span> <span class='ocrx_word' id='word_1_609' title='bbox 3659 485 3784 541; x_wconf 82' lang='lat' dir='ltr'>enim</span> <span class='ocrx_word' id='word_1_610' title='bbox 3804 492 3871 543; x_wconf 83' lang='lat' dir='ltr'>illa</span> 
     </span>
    </p>
   </div>
   <div class='ocr_carea' id='block_1_82' title="bbox 2339 556 3872 628">
    <p class='ocr_par' dir='ltr' id='par_1_82' title="bbox 2339 556 3872 628">
     <span class='ocr_line' id='line_1_83' title="bbox 2339 556 3872 628; baseline 0.001 -18"><span class='ocrx_word' id='word_1_611' title='bbox 2339 573 2468 628; x_wconf 66' lang='lat' dir='ltr'>qua:</span> <span class='ocrx_word' id='word_1_612' title='bbox 2516 557 2603 610; x_wconf 91' lang='lat' dir='ltr'>his</span> <span class='ocrx_word' id='word_1_613' title='bbox 2642 556 2776 610; x_wconf 88' lang='lat' dir='ltr'>sunt</span> <span class='ocrx_word' id='word_1_614' title='bbox 2820 556 3126 628; x_wconf 88' lang='lat' dir='ltr'>contraria,</span> <span class='ocrx_word' id='word_1_615' title='bbox 3169 556 3445 628; x_wconf 79' lang='lat' dir='ltr'>veraciter</span> <span class='ocrx_word' id='word_1_616' title='bbox 3478 557 3872 613; x_wconf 81' lang='lat' dir='ltr'>anathematizata</span> 
     </span>
    </p>
   </div>
   <div class='ocr_carea' id='block_1_83' title="bbox 2340 626 3873 698">
    <p class='ocr_par' dir='ltr' id='par_1_83' title="bbox 2340 626 3873 698">
     <span class='ocr_line' id='line_1_84' title="bbox 2340 626 3873 698; baseline 0.001 -17"><span class='ocrx_word' id='word_1_617' title='bbox 2340 626 2459 681; x_wconf 78' lang='lat' dir='ltr'>esse</span> <span class='ocrx_word' id='word_1_618' title='bbox 2492 628 2837 682; x_wconf 90' lang='lat' dir='ltr'>credendum</span> <span class='ocrx_word' id='word_1_619' title='bbox 2877 631 2981 693; x_wconf 90' lang='lat' dir='ltr'>est,</span> <span class='ocrx_word' id='word_1_620' title='bbox 3031 627 3134 681; x_wconf 87' lang='lat' dir='ltr'>nisi</span> <span class='ocrx_word' id='word_1_621' title='bbox 3161 628 3281 681; x_wconf 69' lang='lat' dir='ltr'>haec</span> <span class='ocrx_word' id='word_1_622' title='bbox 3305 626 3500 698; x_wconf 89' lang='lat' dir='ltr'>quibus</span> <span class='ocrx_word' id='word_1_623' title='bbox 3523 633 3640 681; x_wconf 89' lang='lat' dir='ltr'>sunt</span> <span class='ocrx_word' id='word_1_624' title='bbox 3661 633 3873 683; x_wconf 83' lang='lat' dir='ltr'>contraria</span> 
     </span>
    </p>
   </div>
   <div class='ocr_carea' id='block_1_84' title="bbox 2339 698 3873 822">
    <p class='ocr_par' dir='ltr' id='par_1_84' title="bbox 2339 698 3873 822">
     <span class='ocr_line' id='line_1_85' title="bbox 2339 698 3873 822; baseline 0.001 -70"><span class='ocrx_word' id='word_1_625' title='bbox 2339 698 2451 752; x_wconf 81' lang='lat' dir='ltr'>fide</span> <span class='ocrx_word' id='word_1_626' title='bbox 2476 704 2538 822; x_wconf 52' lang='lat' dir='ltr'>{at</span> <span class='ocrx_word' id='word_1_627' title='bbox 2570 700 2737 753; x_wconf 88' lang='lat' dir='ltr'>corde</span> <span class='ocrx_word' id='word_1_628' title='bbox 2784 702 3107 767; x_wconf 86' lang='lat' dir='ltr'>teneantur,</span> <span class='ocrx_word' id='word_1_629' title='bbox 3140 702 3196 753; x_wconf 90' lang='lat' dir='ltr'>et</span> <span class='ocrx_word' id='word_1_630' title='bbox 3225 702 3423 769; x_wconf 88' lang='lat' dir='ltr'>aperta</span> <span class='ocrx_word' id='word_1_631' title='bbox 3449 698 3758 753; x_wconf 85' lang='lat' dir='ltr'>confessione</span> <span class='ocrx_word' id='word_1_632' title='bbox 3779 717 3873 771; x_wconf 81' lang='lat' dir='ltr'>pro-</span> 
     </span>
     <span class='ocr_line' id='line_1_86' title="bbox 2340 786 2865 822; baseline -0.006 0"><span class='ocrx_word' id='word_1_633' title='bbox 2340 786 2470 822; x_wconf 90' lang='lat' dir='ltr'>man</span> <span class='ocrx_word' id='word_1_634' title='bbox 2504 787 2587 822; x_wconf 90' lang='lat' dir='ltr'>ur.</span> <span class='ocrx_word' id='word_1_635' title='bbox 2857 813 2865 819; x_wconf 91' lang='lat'>.</span> 
     </span>
    </p>
   </div>
   <div class='ocr_carea' id='block_1_85' title="bbox 2340 786 2587 823">
    <p class='ocr_par' dir='ltr' id='par_1_85' title="bbox 2340 786 2587 823">
     <span class='ocr_line' id='line_1_87' title="bbox 2340 786 2587 823; baseline 0 0"><span class='ocrx_word' id='word_1_636' title='bbox 2340 786 2587 823; x_wconf 83' lang='lat' dir='ltr'>mantur.</span> 
     </span>
    </p>
   </div>
   <div class='ocr_carea' id='block_1_86' title="bbox 2342 881 3874 945">
    <p class='ocr_par' dir='ltr' id='par_1_86' title="bbox 2342 881 3874 945">
     <span class='ocr_line' id='line_1_88' title="bbox 2342 881 3874 945; baseline -0.001 -8"><span class='ocrx_word' id='word_1_637' title='bbox 2342 884 2525 937; x_wconf 84' lang='lat' dir='ltr'>LXXII.</span> <span class='ocrx_word' id='word_1_638' title='bbox 2569 914 2634 921; x_wconf 85' lang='lat'><strong><em>——</em></strong></span> <span class='ocrx_word' id='word_1_639' title='bbox 2682 883 2773 937; x_wconf 84' lang='lat' dir='ltr'>Ad</span> <span class='ocrx_word' id='word_1_640' title='bbox 2805 883 3100 943; x_wconf 80' lang='lat' dir='ltr'>Rusticum,</span> <span class='ocrx_word' id='word_1_641' title='bbox 3151 883 3502 941; x_wconf 81' lang='lat' dir='ltr'>Ravennium,</span> <span class='ocrx_word' id='word_1_642' title='bbox 3558 881 3811 945; x_wconf 79' lang='lat' dir='ltr'>Venerium,</span> <span class='ocrx_word' id='word_1_643' title='bbox 3842 890 3874 936; x_wconf 75' lang='lat' dir='ltr'>et</span> 
     </span>
    </p>
   </div>
   <div class='ocr_carea' id='block_1_87' title="bbox 2712 951 3579 1024">
    <p class='ocr_par' dir='ltr' id='par_1_87' title="bbox 2712 951 3579 1024">
     <span class='ocr_line' id='line_1_89' title="bbox 2712 951 3579 1024; baseline -0.006 -16"><span class='ocrx_word' id='word_1_644' title='bbox 2712 958 2924 1008; x_wconf 57' lang='lat' dir='ltr'>caeteros</span> <span class='ocrx_word' id='word_1_645' title='bbox 2955 956 3225 1024; x_wconf 80' lang='lat' dir='ltr'>episcopos</span> <span class='ocrx_word' id='word_1_646' title='bbox 3265 951 3579 1006; x_wconf 82' lang='lat' dir='ltr'>Galliarum.</span> 
     </span>
    </p>
   </div>
   <div class='ocr_carea' id='block_1_88' title="bbox 2413 1039 3875 1114">
    <p class='ocr_par' dir='ltr' id='par_1_88' title="bbox 2413 1039 3875 1114">
     <span class='ocr_line' id='line_1_90' title="bbox 2413 1039 3875 1114; baseline -0.003 -17"><span class='ocrx_word' id='word_1_647' title='bbox 2413 1046 2490 1098; x_wconf 91' lang='lat' dir='ltr'>Im</span> <span class='ocrx_word' id='word_1_648' title='bbox 2497 1042 2660 1114; x_wconf 91' lang='lat' dir='ltr'>pletis</span> <span class='ocrx_word' id='word_1_649' title='bbox 2681 1059 2782 1113; x_wconf 92' lang='lat' dir='ltr'>per</span> <span class='ocrx_word' id='word_1_650' title='bbox 2800 1041 3255 1095; x_wconf 90' lang='lat' dir='ltr'>misericordiam</span> <span class='ocrx_word' id='word_1_651' title='bbox 3274 1040 3373 1095; x_wconf 88' lang='lat' dir='ltr'>Dei</span> <span class='ocrx_word' id='word_1_652' title='bbox 3392 1039 3749 1094; x_wconf 90' lang='lat' dir='ltr'>communibus</span> <span class='ocrx_word' id='word_1_653' title='bbox 3760 1041 3875 1106; x_wconf 80' lang='lat' dir='ltr'>votis,</span> 
     </span>
    </p>
   </div>
   <div class='ocr_carea' id='block_1_89' title="bbox 2340 1135 3879 1207">
    <p class='ocr_par' dir='ltr' id='par_1_89' title="bbox 2340 1135 3879 1207">
     <span class='ocr_line' id='line_1_91' title="bbox 2340 1135 3879 1207; baseline -0.002 -17"><span class='ocrx_word' id='word_1_654' title='bbox 2340 1136 2580 1207; x_wconf 90' lang='lat' dir='ltr'>dignum</span> <span class='ocrx_word' id='word_1_655' title='bbox 2609 1142 2692 1190; x_wconf 90' lang='lat' dir='ltr'>est</span> <span class='ocrx_word' id='word_1_656' title='bbox 2726 1135 3144 1189; x_wconf 87' lang='lat' dir='ltr'>fraternitatem</span> <span class='ocrx_word' id='word_1_657' title='bbox 3181 1139 3429 1188; x_wconf 89' lang='lat' dir='ltr'>vestram</span> <span class='ocrx_word' id='word_1_658' title='bbox 3467 1136 3757 1188; x_wconf 83' lang='lat' dir='ltr'>sanctorum</span> <span class='ocrx_word' id='word_1_659' title='bbox 3787 1150 3879 1204; x_wconf 83' lang='lat' dir='ltr'>gau-</span> 
     </span>
    </p>
   </div>
   <div class='ocr_carea' id='block_1_90' title="bbox 2340 1226 3877 1297">
    <p class='ocr_par' dir='ltr' id='par_1_90' title="bbox 2340 1226 3877 1297">
     <span class='ocr_line' id='line_1_92' title="bbox 2340 1226 3877 1297; baseline -0.002 -14"><span class='ocrx_word' id='word_1_660' title='bbox 2340 1229 2563 1283; x_wconf 89' lang='lat' dir='ltr'>diorum</span> <span class='ocrx_word' id='word_1_661' title='bbox 2582 1229 2793 1283; x_wconf 87' lang='lat' dir='ltr'>habere</span> <span class='ocrx_word' id='word_1_662' title='bbox 2811 1228 3176 1282; x_wconf 87' lang='lat' dir='ltr'>consortium.</span> <span class='ocrx_word' id='word_1_663' title='bbox 3197 1228 3340 1281; x_wconf 89' lang='lat' dir='ltr'>Nam</span> <span class='ocrx_word' id='word_1_664' title='bbox 3359 1226 3553 1282; x_wconf 87' lang='lat' dir='ltr'>fratres</span> <span class='ocrx_word' id='word_1_665' title='bbox 3568 1226 3690 1293; x_wconf 91' lang='lat' dir='ltr'>mei,</span> <span class='ocrx_word' id='word_1_666' title='bbox 3706 1227 3783 1297; x_wconf 87' lang='lat' dir='ltr'>qui</span> <span class='ocrx_word' id='word_1_667' title='bbox 3798 1229 3877 1280; x_wconf 81' lang='lat' dir='ltr'>vice</span> 
     </span>
    </p>
   </div>
   <div class='ocr_carea' id='block_1_91' title="bbox 2341 1321 3879 1393">
    <p class='ocr_par' dir='ltr' id='par_1_91' title="bbox 2341 1321 3879 1393">
     <span class='ocr_line' id='line_1_93' title="bbox 2341 1321 3879 1393; baseline -0.003 -16"><span class='ocrx_word' id='word_1_668' title='bbox 2341 1339 2468 1377; x_wconf 88' lang='lat' dir='ltr'>mea</span> <span class='ocrx_word' id='word_1_669' title='bbox 2494 1322 2769 1377; x_wconf 87' lang='lat' dir='ltr'>Orientali</span> <span class='ocrx_word' id='word_1_670' title='bbox 2795 1321 3011 1393; x_wconf 83' lang='lat' dir='ltr'>synodo</span> <span class='ocrx_word' id='word_1_671' title='bbox 3037 1321 3454 1391; x_wconf 69' lang='lat' dir='ltr'>prmsederunt,</span> <span class='ocrx_word' id='word_1_672' title='bbox 3498 1335 3619 1390; x_wconf 67' lang='lat' dir='ltr'>qua:</span> <span class='ocrx_word' id='word_1_673' title='bbox 3651 1322 3757 1373; x_wconf 83' lang='lat' dir='ltr'>vota</span> <span class='ocrx_word' id='word_1_674' title='bbox 3778 1326 3879 1374; x_wconf 67' lang='lat' dir='ltr'>retu</span> 
     </span>
    </p>
   </div>
   <div class='ocr_carea' id='block_1_92' title="bbox 2340 1412 3881 1488">
    <p class='ocr_par' dir='ltr' id='par_1_92' title="bbox 2340 1412 3881 1488">
     <span class='ocr_line' id='line_1_94' title="bbox 2340 1412 3881 1488; baseline -0.001 -19"><span class='ocrx_word' id='word_1_675' title='bbox 2340 1417 2457 1471; x_wconf 90' lang='lat' dir='ltr'>lere</span> <span class='ocrx_word' id='word_1_676' title='bbox 2486 1416 2741 1488; x_wconf 78' lang='lat' dir='ltr'>significo</span> <span class='ocrx_word' id='word_1_677' title='bbox 2767 1416 3104 1470; x_wconf 86' lang='lat' dir='ltr'>conﬁrmata</span> <span class='ocrx_word' id='word_1_678' title='bbox 3127 1414 3407 1469; x_wconf 89' lang='lat' dir='ltr'>catholica</span> <span class='ocrx_word' id='word_1_679' title='bbox 3427 1412 3555 1481; x_wconf 80' lang='lat' dir='ltr'>fide,</span> <span class='ocrx_word' id='word_1_680' title='bbox 3579 1419 3629 1467; x_wconf 88' lang='lat' dir='ltr'>et</span> <span class='ocrx_word' id='word_1_681' title='bbox 3649 1414 3881 1484; x_wconf 82' lang='lat' dir='ltr'>gloriﬁcato</span> 
     </span>
    </p>
   </div>
   <div class='ocr_carea' id='block_1_93' title="bbox 2342 1507 3880 1582">
    <p class='ocr_par' dir='ltr' id='par_1_93' title="bbox 2342 1507 3880 1582">
     <span class='ocr_line' id='line_1_95' title="bbox 2342 1507 3880 1582; baseline -0.002 -18"><span class='ocrx_word' id='word_1_682' title='bbox 2342 1510 2666 1582; x_wconf 79' lang='lat' dir='ltr'>apostolicae</span> <span class='ocrx_word' id='word_1_683' title='bbox 2712 1508 3129 1580; x_wconf 60' lang='lat' dir='ltr'>praedicationis</span> <span class='ocrx_word' id='word_1_684' title='bbox 3167 1508 3478 1577; x_wconf 90' lang='lat' dir='ltr'>triumpho.</span> <span class='ocrx_word' id='word_1_685' title='bbox 3516 1507 3661 1571; x_wconf 78' lang='lat' dir='ltr'>Quod</span> <span class='ocrx_word' id='word_1_686' title='bbox 3694 1508 3880 1562; x_wconf 33' lang='lat' dir='ltr'>etiam&#39;hi</span> 
     </span>
    </p>
   </div>
   <div class='ocr_carea' id='block_1_94' title="bbox 2342 1601 3879 1674">
    <p class='ocr_par' dir='ltr' id='par_1_94' title="bbox 2342 1601 3879 1674">
     <span class='ocr_line' id='line_1_96' title="bbox 2342 1601 3879 1674; baseline -0.001 -17"><span class='ocrx_word' id='word_1_687' title='bbox 2342 1603 2440 1674; x_wconf 91' lang='lat' dir='ltr'>qui</span> <span class='ocrx_word' id='word_1_688' title='bbox 2466 1602 2537 1656; x_wconf 89' lang='lat' dir='ltr'>ad</span> <span class='ocrx_word' id='word_1_689' title='bbox 2566 1602 2933 1671; x_wconf 89' lang='lat' dir='ltr'>deviandum,</span> <span class='ocrx_word' id='word_1_690' title='bbox 2961 1602 3047 1657; x_wconf 89' lang='lat' dir='ltr'>vel</span> <span class='ocrx_word' id='word_1_691' title='bbox 3077 1601 3294 1656; x_wconf 86' lang='lat' dir='ltr'>seducti</span> <span class='ocrx_word' id='word_1_692' title='bbox 3314 1601 3557 1667; x_wconf 87' lang='lat' dir='ltr'>fuerant,</span> <span class='ocrx_word' id='word_1_693' title='bbox 3594 1601 3671 1655; x_wconf 86' lang='lat' dir='ltr'>vel</span> <span class='ocrx_word' id='word_1_694' title='bbox 3698 1601 3879 1671; x_wconf 80' lang='lat' dir='ltr'>impulsi,</span> 
     </span>
    </p>
   </div>
   <div class='ocr_carea' id='block_1_95' title="bbox 2343 1694 3882 1767">
    <p class='ocr_par' dir='ltr' id='par_1_95' title="bbox 2343 1694 3882 1767">
     <span class='ocr_line' id='line_1_97' title="bbox 2343 1694 3882 1767; baseline -0.001 -18"><span class='ocrx_word' id='word_1_695' title='bbox 2343 1700 2572 1767; x_wconf 89' lang='lat' dir='ltr'>recepta</span> <span class='ocrx_word' id='word_1_696' title='bbox 2613 1696 2859 1751; x_wconf 86' lang='lat' dir='ltr'>veritatis</span> <span class='ocrx_word' id='word_1_697' title='bbox 2894 1697 3019 1750; x_wconf 90' lang='lat' dir='ltr'>luce</span> <span class='ocrx_word' id='word_1_698' title='bbox 3056 1696 3347 1749; x_wconf 87' lang='lat' dir='ltr'>laetantur.</span> <span class='ocrx_word' id='word_1_699' title='bbox 3409 1694 3701 1766; x_wconf 86' lang='lat' dir='ltr'>Siquidem,</span> <span class='ocrx_word' id='word_1_700' title='bbox 3742 1711 3882 1749; x_wconf 76' lang='lat' dir='ltr'>omnes</span> 
     </span>
    </p>
   </div>
   <div class='ocr_carea' id='block_1_96' title="bbox 2264 1788 3881 1872">
    <p class='ocr_par' dir='ltr' id='par_1_96' title="bbox 2264 1788 3881 1872">
     <span class='ocr_line' id='line_1_98' title="bbox 2264 1788 3881 1872; baseline -0.002 -29"><span class='ocrx_word' id='word_1_701' title='bbox 2264 1802 2320 1872; x_wconf 83' lang='lat' dir='ltr'><strong>B</strong></span> <span class='ocrx_word' id='word_1_702' title='bbox 2344 1790 2566 1844; x_wconf 92' lang='lat' dir='ltr'>Domini</span> <span class='ocrx_word' id='word_1_703' title='bbox 2610 1789 2925 1844; x_wconf 85' lang='lat' dir='ltr'>sacerdotes</span> <span class='ocrx_word' id='word_1_704' title='bbox 2962 1790 3021 1843; x_wconf 91' lang='lat' dir='ltr'>in</span> <span class='ocrx_word' id='word_1_705' title='bbox 3058 1806 3168 1842; x_wconf 91' lang='lat' dir='ltr'>una</span> <span class='ocrx_word' id='word_1_706' title='bbox 3205 1788 3492 1843; x_wconf 90' lang='lat' dir='ltr'>sententia</span> <span class='ocrx_word' id='word_1_707' title='bbox 3526 1793 3701 1869; x_wconf 65' lang='lat' dir='ltr'>sancto</span> <span class='ocrx_word' id='word_1_708' title='bbox 3734 1788 3881 1857; x_wconf 83' lang='lat' dir='ltr'>Spiritu</span> 
     </span>
    </p>
   </div>
   <div class='ocr_carea' id='block_1_97' title="bbox 2344 1880 3883 1953">
    <p class='ocr_par' dir='ltr' id='par_1_97' title="bbox 2344 1880 3883 1953">
     <span class='ocr_line' id='line_1_99' title="bbox 2344 1880 3883 1953; baseline -0.003 -15"><span class='ocrx_word' id='word_1_709' title='bbox 2344 1884 2585 1938; x_wconf 88' lang='lat' dir='ltr'>docente</span> <span class='ocrx_word' id='word_1_710' title='bbox 2612 1899 2972 1953; x_wconf 88' lang='lat' dir='ltr'>consensere,</span> <span class='ocrx_word' id='word_1_711' title='bbox 3003 1887 3067 1936; x_wconf 87' lang='lat' dir='ltr'>et</span> <span class='ocrx_word' id='word_1_712' title='bbox 3083 1883 3152 1938; x_wconf 91' lang='lat' dir='ltr'>de</span> <span class='ocrx_word' id='word_1_713' title='bbox 3174 1886 3531 1938; x_wconf 88' lang='lat' dir='ltr'>sacramento</span> <span class='ocrx_word' id='word_1_714' title='bbox 3558 1881 3814 1936; x_wconf 66' lang='lat' dir='ltr'>Dominice</span> <span class='ocrx_word' id='word_1_715' title='bbox 3831 1880 3883 1933; x_wconf 89' lang='lat' dir='ltr'>in-</span> 
     </span>
    </p>
   </div>
   <div class='ocr_carea' id='block_1_98' title="bbox 2344 1973 3879 2046">
    <p class='ocr_par' dir='ltr' id='par_1_98' title="bbox 2344 1973 3879 2046">
     <span class='ocr_line' id='line_1_100' title="bbox 2344 1973 3879 2046; baseline -0.001 -16"><span class='ocrx_word' id='word_1_716' title='bbox 2344 1976 2681 2031; x_wconf 87' lang='lat' dir='ltr'>carnationis</span> <span class='ocrx_word' id='word_1_717' title='bbox 2705 1976 2763 2030; x_wconf 91' lang='lat' dir='ltr'>in</span> <span class='ocrx_word' id='word_1_718' title='bbox 2792 1992 2906 2046; x_wconf 89' lang='lat' dir='ltr'>qua</span> <span class='ocrx_word' id='word_1_719' title='bbox 2931 1976 3241 2030; x_wconf 89' lang='lat' dir='ltr'>multorum</span> <span class='ocrx_word' id='word_1_720' title='bbox 3268 1974 3641 2046; x_wconf 88' lang='lat' dir='ltr'>intelligentia</span> <span class='ocrx_word' id='word_1_721' title='bbox 3660 1973 3879 2043; x_wconf 81' lang='lat' dir='ltr'>caligabat.</span> 
     </span>
    </p>
   </div>
   <div class='ocr_carea' id='block_1_99' title="bbox 2344 2066 3884 2137">
    <p class='ocr_par' dir='ltr' id='par_1_99' title="bbox 2344 2066 3884 2137">
     <span class='ocr_line' id='line_1_101' title="bbox 2344 2066 3884 2137; baseline -0.003 -13"><span class='ocrx_word' id='word_1_722' title='bbox 2344 2070 2424 2124; x_wconf 89' lang='lat' dir='ltr'>ita</span> <span class='ocrx_word' id='word_1_723' title='bbox 2458 2069 2708 2125; x_wconf 80' lang='lat' dir='ltr'>tenebrae</span> <span class='ocrx_word' id='word_1_724' title='bbox 2748 2069 2955 2123; x_wconf 90' lang='lat' dir='ltr'>erroris</span> <span class='ocrx_word' id='word_1_725' title='bbox 2991 2068 3197 2123; x_wconf 64' lang='lat' dir='ltr'>ablatae</span> <span class='ocrx_word' id='word_1_726' title='bbox 3227 2074 3379 2137; x_wconf 90' lang='lat' dir='ltr'>sunt,</span> <span class='ocrx_word' id='word_1_727' title='bbox 3426 2074 3488 2123; x_wconf 91' lang='lat' dir='ltr'>ut</span> <span class='ocrx_word' id='word_1_728' title='bbox 3515 2068 3572 2122; x_wconf 87' lang='lat' dir='ltr'>in</span> <span class='ocrx_word' id='word_1_729' title='bbox 3596 2083 3696 2121; x_wconf 90' lang='lat' dir='ltr'>uno</span> <span class='ocrx_word' id='word_1_730' title='bbox 3717 2066 3884 2121; x_wconf 85' lang='lat' dir='ltr'>Domino</span> 
     </span>
    </p>
   </div>
   <div class='ocr_carea' id='block_1_100' title="bbox 2343 2158 3886 2231">
    <p class='ocr_par' dir='ltr' id='par_1_100' title="bbox 2343 2158 3886 2231">
     <span class='ocr_line' id='line_1_102' title="bbox 2343 2158 3886 2231; baseline -0.005 -14"><span class='ocrx_word' id='word_1_731' title='bbox 2343 2166 2563 2231; x_wconf 91' lang='lat' dir='ltr'>nostro,</span> <span class='ocrx_word' id='word_1_732' title='bbox 2596 2179 2726 2217; x_wconf 88' lang='lat' dir='ltr'>vero</span> <span class='ocrx_word' id='word_1_733' title='bbox 2752 2162 2850 2217; x_wconf 91' lang='lat' dir='ltr'>Dei</span> <span class='ocrx_word' id='word_1_734' title='bbox 2870 2169 2926 2217; x_wconf 92' lang='lat' dir='ltr'>et</span> <span class='ocrx_word' id='word_1_735' title='bbox 2944 2161 3189 2216; x_wconf 89' lang='lat' dir='ltr'>hominis</span> <span class='ocrx_word' id='word_1_736' title='bbox 3212 2161 3373 2229; x_wconf 87' lang='lat' dir='ltr'>Filio,</span> <span class='ocrx_word' id='word_1_737' title='bbox 3395 2177 3504 2216; x_wconf 90' lang='lat' dir='ltr'>nec</span> <span class='ocrx_word' id='word_1_738' title='bbox 3522 2161 3588 2215; x_wconf 91' lang='lat' dir='ltr'>de</span> <span class='ocrx_word' id='word_1_739' title='bbox 3607 2158 3886 2214; x_wconf 76' lang='lat' dir='ltr'>humanitatis</span> 
     </span>
    </p>
   </div>
   <div class='ocr_carea' id='block_1_101' title="bbox 2346 2251 3885 2327">
    <p class='ocr_par' dir='ltr' id='par_1_101' title="bbox 2346 2251 3885 2327">
     <span class='ocr_line' id='line_1_103' title="bbox 2346 2251 3885 2327; baseline -0.003 -17"><span class='ocrx_word' id='word_1_740' title='bbox 2346 2255 2670 2327; x_wconf 90' lang='lat' dir='ltr'>ambigatur</span> <span class='ocrx_word' id='word_1_741' title='bbox 2708 2259 2931 2324; x_wconf 90' lang='lat' dir='ltr'>natura,</span> <span class='ocrx_word' id='word_1_742' title='bbox 2961 2271 3065 2310; x_wconf 89' lang='lat' dir='ltr'>nec</span> <span class='ocrx_word' id='word_1_743' title='bbox 3096 2255 3166 2310; x_wconf 90' lang='lat' dir='ltr'>de</span> <span class='ocrx_word' id='word_1_744' title='bbox 3193 2254 3423 2310; x_wconf 86' lang='lat' dir='ltr'>deitatis</span> <span class='ocrx_word' id='word_1_745' title='bbox 3458 2254 3704 2309; x_wconf 89' lang='lat' dir='ltr'>essentia.</span> <span class='ocrx_word' id='word_1_746' title='bbox 3746 2254 3793 2308; x_wconf 87' lang='lat' dir='ltr'>ln</span> <span class='ocrx_word' id='word_1_747' title='bbox 3813 2251 3885 2305; x_wconf 86' lang='lat' dir='ltr'>im-</span> 
     </span>
    </p>
   </div>
   <div class='ocr_carea' id='block_1_102' title="bbox 2345 2346 3885 2420">
    <p class='ocr_par' dir='ltr' id='par_1_102' title="bbox 2345 2346 3885 2420">
     <span class='ocr_line' id='line_1_104' title="bbox 2345 2346 3885 2420; baseline -0.004 -17"><span class='ocrx_word' id='word_1_748' title='bbox 2345 2350 2472 2420; x_wconf 88' lang='lat' dir='ltr'>pios</span> <span class='ocrx_word' id='word_1_749' title='bbox 2503 2354 2693 2404; x_wconf 90' lang='lat' dir='ltr'>autem</span> <span class='ocrx_word' id='word_1_750' title='bbox 2720 2349 2951 2404; x_wconf 87' lang='lat' dir='ltr'>nefandi</span> <span class='ocrx_word' id='word_1_751' title='bbox 2979 2349 3188 2404; x_wconf 90' lang='lat' dir='ltr'>erroris</span> <span class='ocrx_word' id='word_1_752' title='bbox 3213 2355 3482 2404; x_wconf 88' lang='lat' dir='ltr'>auctores</span> <span class='ocrx_word' id='word_1_753' title='bbox 3507 2348 3599 2420; x_wconf 92' lang='lat' dir='ltr'>qui</span> <span class='ocrx_word' id='word_1_754' title='bbox 3620 2346 3832 2417; x_wconf 82' lang='lat' dir='ltr'>indignos</span> <span class='ocrx_word' id='word_1_755' title='bbox 3848 2360 3885 2397; x_wconf 82' lang='lat' dir='ltr'>se</span> 
     </span>
    </p>
   </div>
   <div class='ocr_carea' id='block_1_103' title="bbox 2347 2439 3888 2513">
    <p class='ocr_par' dir='ltr' id='par_1_103' title="bbox 2347 2439 3888 2513">
     <span class='ocr_line' id='line_1_105' title="bbox 2347 2439 3888 2513; baseline -0.004 -16"><span class='ocrx_word' id='word_1_756' title='bbox 2347 2444 2445 2497; x_wconf 90' lang='lat' dir='ltr'>Dei</span> <span class='ocrx_word' id='word_1_757' title='bbox 2486 2443 2665 2513; x_wconf 87' lang='lat' dir='ltr'>gratia</span> <span class='ocrx_word' id='word_1_758' title='bbox 2697 2442 3021 2513; x_wconf 87' lang='lat' dir='ltr'>judicantes</span> <span class='ocrx_word' id='word_1_759' title='bbox 3052 2442 3424 2496; x_wconf 86' lang='lat' dir='ltr'>correctionis</span> <span class='ocrx_word' id='word_1_760' title='bbox 3464 2442 3543 2497; x_wconf 86' lang='lat' dir='ltr'>uti</span> <span class='ocrx_word' id='word_1_761' title='bbox 3580 2439 3803 2496; x_wconf 86' lang='lat' dir='ltr'>remediis</span> <span class='ocrx_word' id='word_1_762' title='bbox 3819 2453 3888 2492; x_wconf 87' lang='lat' dir='ltr'>no-</span> 
     </span>
    </p>
   </div>
   <div class='ocr_carea' id='block_1_104' title="bbox 2346 2531 3985 2607">
    <p class='ocr_par' dir='ltr' id='par_1_104' title="bbox 2346 2531 3985 2607">
     <span class='ocr_line' id='line_1_106' title="bbox 2346 2531 3985 2607; baseline -0.002 -18"><span class='ocrx_word' id='word_1_763' title='bbox 2346 2537 2524 2605; x_wconf 90' lang='lat' dir='ltr'>luere,</span> <span class='ocrx_word' id='word_1_764' title='bbox 2547 2536 2729 2607; x_wconf 91' lang='lat' dir='ltr'>qualis</span> <span class='ocrx_word' id='word_1_765' title='bbox 2750 2536 2821 2591; x_wconf 90' lang='lat' dir='ltr'>sit</span> <span class='ocrx_word' id='word_1_766' title='bbox 2846 2537 2960 2590; x_wconf 90' lang='lat' dir='ltr'>lata</span> <span class='ocrx_word' id='word_1_767' title='bbox 2985 2536 3270 2591; x_wconf 87' lang='lat' dir='ltr'>sententia</span> <span class='ocrx_word' id='word_1_768' title='bbox 3299 2535 3641 2606; x_wconf 86' lang='lat' dir='ltr'>exemplaria</span> <span class='ocrx_word' id='word_1_769' title='bbox 3664 2549 3768 2605; x_wconf 71' lang='lat' dir='ltr'>qua:</span> <span class='ocrx_word' id='word_1_770' title='bbox 3787 2531 3889 2585; x_wconf 85' lang='lat' dir='ltr'>misi-</span> <span class='ocrx_word' id='word_1_771' title='bbox 3984 2582 3985 2585; x_wconf 44' lang='grc' dir='ltr'><strong>η</strong></span> 
     </span>
    </p>
   </div>
   <div class='ocr_carea' id='block_1_105' title="bbox 2347 2628 3891 2700">
    <p class='ocr_par' dir='ltr' id='par_1_105' title="bbox 2347 2628 3891 2700">
     <span class='ocr_line' id='line_1_107' title="bbox 2347 2628 3891 2700; baseline -0.003 -18"><span class='ocrx_word' id='word_1_772' title='bbox 2347 2645 2476 2683; x_wconf 90' lang='lat' dir='ltr'>mus</span> <span class='ocrx_word' id='word_1_773' title='bbox 2502 2629 2837 2697; x_wconf 89' lang='lat' dir='ltr'>edocebunt,</span> <span class='ocrx_word' id='word_1_774' title='bbox 2883 2633 2943 2682; x_wconf 91' lang='lat' dir='ltr'>ut</span> <span class='ocrx_word' id='word_1_775' title='bbox 2980 2634 3251 2700; x_wconf 87' lang='lat' dir='ltr'>agnoscat</span> <span class='ocrx_word' id='word_1_776' title='bbox 3279 2635 3469 2683; x_wconf 90' lang='lat' dir='ltr'>vestra</span> <span class='ocrx_word' id='word_1_777' title='bbox 3505 2628 3725 2694; x_wconf 86' lang='lat' dir='ltr'>dilectio,</span> <span class='ocrx_word' id='word_1_778' title='bbox 3749 2628 3891 2680; x_wconf 79' lang='lat' dir='ltr'>fratres</span> 
     </span>
    </p>
   </div>
   <div class='ocr_carea' id='block_1_106' title="bbox 2346 2710 3985 2791">
    <p class='ocr_par' dir='ltr' id='par_1_106' title="bbox 2346 2710 3985 2791">
     <span class='ocr_line' id='line_1_108' title="bbox 2346 2710 3985 2791; baseline -0.005 -14"><span class='ocrx_word' id='word_1_779' title='bbox 2346 2723 2679 2791; x_wconf 88' lang='lat' dir='ltr'>charissimi,</span> <span class='ocrx_word' id='word_1_780' title='bbox 2708 2724 2768 2777; x_wconf 91' lang='lat' dir='ltr'>in</span> <span class='ocrx_word' id='word_1_781' title='bbox 2796 2728 2990 2777; x_wconf 91' lang='lat' dir='ltr'>sancto</span> <span class='ocrx_word' id='word_1_782' title='bbox 3017 2724 3283 2777; x_wconf 85' lang='lat' dir='ltr'>examine</span> <span class='ocrx_word' id='word_1_783' title='bbox 3313 2723 3572 2777; x_wconf 87' lang='lat' dir='ltr'>divinum</span> <span class='ocrx_word' id='word_1_784' title='bbox 3598 2738 3699 2776; x_wconf 91' lang='lat' dir='ltr'>non</span> <span class='ocrx_word' id='word_1_785' title='bbox 3722 2718 3889 2774; x_wconf 71' lang='lat' dir='ltr'>defuise</span> <span class='ocrx_word' id='word_1_786' title='bbox 3984 2710 3985 2791; x_wconf 53' lang='grc' dir='ltr'><strong>ἦ</strong></span> 
     </span>
    </p>
   </div>
   <div class='ocr_carea' id='block_1_107' title="bbox 2338 2812 3891 2887">
    <p class='ocr_par' dir='ltr' id='par_1_107' title="bbox 2338 2812 3891 2887">
     <span class='ocr_line' id='line_1_109' title="bbox 2338 2812 3891 2887; baseline -0.006 -16"><span class='ocrx_word' id='word_1_787' title='bbox 2338 2816 2641 2887; x_wconf 89' lang='lat' dir='ltr'>judicium,</span> <span class='ocrx_word' id='word_1_788' title='bbox 2681 2833 2796 2887; x_wconf 88' lang='lat' dir='ltr'>quo</span> <span class='ocrx_word' id='word_1_789' title='bbox 2836 2821 2893 2870; x_wconf 89' lang='lat' dir='ltr'>et</span> <span class='ocrx_word' id='word_1_790' title='bbox 2927 2816 3178 2871; x_wconf 89' lang='lat' dir='ltr'>vindicta</span> <span class='ocrx_word' id='word_1_791' title='bbox 3215 2816 3434 2870; x_wconf 88' lang='lat' dir='ltr'>tributa</span> <span class='ocrx_word' id='word_1_792' title='bbox 3477 2820 3562 2870; x_wconf 91' lang='lat' dir='ltr'>est</span> <span class='ocrx_word' id='word_1_793' title='bbox 3583 2812 3836 2879; x_wconf 84' lang='lat' dir='ltr'>obduratis,</span> <span class='ocrx_word' id='word_1_794' title='bbox 3858 2816 3891 2863; x_wconf 78' lang='lat' dir='ltr'>et</span> 
     </span>
    </p>
   </div>
   <div class='ocr_carea' id='block_1_108' title="bbox 2348 2908 3893 2980">
    <p class='ocr_par' dir='ltr' id='par_1_108' title="bbox 2348 2908 3893 2980">
     <span class='ocr_line' id='line_1_110' title="bbox 2348 2908 3893 2980; baseline -0.005 -17"><span class='ocrx_word' id='word_1_795' title='bbox 2348 2926 2452 2980; x_wconf 83' lang='lat' dir='ltr'>pax</span> <span class='ocrx_word' id='word_1_796' title='bbox 2470 2909 2731 2980; x_wconf 87' lang='lat' dir='ltr'>impensa</span> <span class='ocrx_word' id='word_1_797' title='bbox 2745 2910 3035 2964; x_wconf 88' lang='lat' dir='ltr'>correctis.</span> <span class='ocrx_word' id='word_1_798' title='bbox 3056 2908 3331 2964; x_wconf 89' lang='lat' dir='ltr'>Dominus</span> <span class='ocrx_word' id='word_1_799' title='bbox 3353 2926 3454 2964; x_wconf 88' lang='lat' dir='ltr'>vos</span> <span class='ocrx_word' id='word_1_800' title='bbox 3475 2910 3756 2963; x_wconf 88' lang='lat' dir='ltr'>incolumes</span> <span class='ocrx_word' id='word_1_801' title='bbox 3768 2909 3893 2960; x_wconf 67' lang='lat' dir='ltr'>caste</span> 
     </span>
    </p>
   </div>
   <div class='ocr_carea' id='block_1_109' title="bbox 2346 3002 3078 3072">
    <p class='ocr_par' dir='ltr' id='par_1_109' title="bbox 2346 3002 3078 3072">
     <span class='ocr_line' id='line_1_111' title="bbox 2346 3002 3078 3072; baseline 0 -16"><span class='ocrx_word' id='word_1_802' title='bbox 2346 3002 2484 3072; x_wconf 92' lang='lat' dir='ltr'>diat,</span> <span class='ocrx_word' id='word_1_803' title='bbox 2514 3004 2716 3058; x_wconf 87' lang='lat' dir='ltr'>fratres</span> <span class='ocrx_word' id='word_1_804' title='bbox 2736 3002 3078 3057; x_wconf 89' lang='lat' dir='ltr'>charissimi.</span> 
     </span>
    </p>
   </div>
   <div class='ocr_carea' id='block_1_110' title="bbox 2598 3118 3709 3191">
    <p class='ocr_par' dir='ltr' id='par_1_110' title="bbox 2598 3118 3709 3191">
     <span class='ocr_line' id='line_1_112' title="bbox 2598 3118 3709 3191; baseline -0.003 -17"><span class='ocrx_word' id='word_1_805' title='bbox 2598 3120 2814 3174; x_wconf 82' lang='lat' dir='ltr'>LXXIII.</span> <span class='ocrx_word' id='word_1_806' title='bbox 2862 3150 2927 3158; x_wconf 81' lang='lat'><strong>-</strong></span> <span class='ocrx_word' id='word_1_807' title='bbox 2969 3118 3062 3173; x_wconf 87' lang='lat' dir='ltr'>Ad</span> <span class='ocrx_word' id='word_1_808' title='bbox 3086 3119 3368 3174; x_wconf 77' lang='lat' dir='ltr'>Iulianum</span> <span class='ocrx_word' id='word_1_809' title='bbox 3400 3123 3709 3191; x_wconf 81' lang='lat' dir='ltr'>episcopum.</span> 
     </span>
    </p>
   </div>
   <div class='ocr_carea' id='block_1_111' title="bbox 2418 3216 3894 3293">
    <p class='ocr_par' dir='ltr' id='par_1_111' title="bbox 2418 3216 3894 3293">
     <span class='ocr_line' id='line_1_113' title="bbox 2418 3216 3894 3293; baseline -0.006 -15"><span class='ocrx_word' id='word_1_810' title='bbox 2418 3225 2644 3279; x_wconf 78' lang='lat' dir='ltr'>Litterae</span> <span class='ocrx_word' id='word_1_811' title='bbox 2672 3222 2986 3277; x_wconf 89' lang='lat' dir='ltr'>dilectionis</span> <span class='ocrx_word' id='word_1_812' title='bbox 3012 3227 3123 3277; x_wconf 71' lang='lat' dir='ltr'>ture</span> <span class='ocrx_word' id='word_1_813' title='bbox 3150 3238 3278 3293; x_wconf 65' lang='lat' dir='ltr'>quae</span> <span class='ocrx_word' id='word_1_814' title='bbox 3307 3222 3458 3278; x_wconf 89' lang='lat' dir='ltr'>mihi</span> <span class='ocrx_word' id='word_1_815' title='bbox 3496 3239 3670 3293; x_wconf 89' lang='lat' dir='ltr'>nuper</span> <span class='ocrx_word' id='word_1_816' title='bbox 3689 3224 3797 3274; x_wconf 84' lang='lat' dir='ltr'>sunt</span> <span class='ocrx_word' id='word_1_817' title='bbox 3816 3216 3894 3270; x_wconf 83' lang='lat' dir='ltr'>red-</span> 
     </span>
    </p>
   </div>
   <div class='ocr_carea' id='block_1_112' title="bbox 2347 3314 3892 3387">
    <p class='ocr_par' dir='ltr' id='par_1_112' title="bbox 2347 3314 3892 3387">
     <span class='ocr_line' id='line_1_114' title="bbox 2347 3314 3892 3387; baseline -0.004 -16"><span class='ocrx_word' id='word_1_818' title='bbox 2347 3317 2498 3383; x_wconf 67' lang='lat' dir='ltr'>ditae,</span> <span class='ocrx_word' id='word_1_819' title='bbox 2542 3332 2713 3387; x_wconf 87' lang='lat' dir='ltr'>quam</span> <span class='ocrx_word' id='word_1_820' title='bbox 2747 3314 3023 3386; x_wconf 89' lang='lat' dir='ltr'>spirituali</span> <span class='ocrx_word' id='word_1_821' title='bbox 3057 3315 3347 3370; x_wconf 68' lang='lat' dir='ltr'>catholicas</span> <span class='ocrx_word' id='word_1_822' title='bbox 3386 3316 3529 3370; x_wconf 81' lang='lat' dir='ltr'>ﬁdei</span> <span class='ocrx_word' id='word_1_823' title='bbox 3569 3315 3738 3385; x_wconf 85' lang='lat' dir='ltr'>vigeas</span> <span class='ocrx_word' id='word_1_824' title='bbox 3760 3323 3892 3365; x_wconf 72' lang='lat' dir='ltr'>amore</span> 
     </span>
    </p>
   </div>
   <div class='ocr_carea' id='block_1_113' title="bbox 2346 3399 3893 3479">
    <p class='ocr_par' dir='ltr' id='par_1_113' title="bbox 2346 3399 3893 3479">
     <span class='ocr_line' id='line_1_115' title="bbox 2346 3399 3893 3479; baseline -0.003 -14"><span class='ocrx_word' id='word_1_825' title='bbox 2346 3411 2758 3475; x_wconf 89' lang='lat' dir='ltr'>demonstrant,</span> <span class='ocrx_word' id='word_1_826' title='bbox 2787 3412 2847 3462; x_wconf 89' lang='lat' dir='ltr'>et</span> <span class='ocrx_word' id='word_1_827' title='bbox 2872 3409 3121 3463; x_wconf 89' lang='lat' dir='ltr'>multum</span> <span class='ocrx_word' id='word_1_828' title='bbox 3149 3408 3409 3479; x_wconf 84' lang='lat' dir='ltr'>gaudere</span> <span class='ocrx_word' id='word_1_829' title='bbox 3443 3426 3537 3463; x_wconf 89' lang='lat' dir='ltr'>me</span> <span class='ocrx_word' id='word_1_830' title='bbox 3569 3409 3771 3472; x_wconf 86' lang='lat' dir='ltr'>faciunt,</span> <span class='ocrx_word' id='word_1_831' title='bbox 3791 3399 3893 3474; x_wconf 78' lang='lat' dir='ltr'>quod</span> 
     </span>
    </p>
   </div>
   <div class='ocr_carea' id='block_1_114' title="bbox 2345 3501 3890 3572">
    <p class='ocr_par' dir='ltr' id='par_1_114' title="bbox 2345 3501 3890 3572">
     <span class='ocr_line' id='line_1_116' title="bbox 2345 3501 3890 3572; baseline -0.006 -15"><span class='ocrx_word' id='word_1_832' title='bbox 2345 3504 2404 3557; x_wconf 92' lang='lat' dir='ltr'>in</span> <span class='ocrx_word' id='word_1_833' title='bbox 2431 3502 2636 3557; x_wconf 89' lang='lat' dir='ltr'>eadem</span> <span class='ocrx_word' id='word_1_834' title='bbox 2662 3502 2942 3557; x_wconf 86' lang='lat' dir='ltr'>sententia</span> <span class='ocrx_word' id='word_1_835' title='bbox 2968 3501 3062 3572; x_wconf 89' lang='lat' dir='ltr'>pia</span> <span class='ocrx_word' id='word_1_836' title='bbox 3097 3502 3269 3556; x_wconf 89' lang='lat' dir='ltr'>corda</span> <span class='ocrx_word' id='word_1_837' title='bbox 3296 3506 3645 3557; x_wconf 85' lang='lat' dir='ltr'>concurrunt</span> <span class='ocrx_word' id='word_1_838' title='bbox 3675 3503 3731 3553; x_wconf 91' lang='lat' dir='ltr'>ut</span> <span class='ocrx_word' id='word_1_839' title='bbox 3753 3510 3890 3552; x_wconf 84' lang='lat' dir='ltr'>secun-</span> 
     </span>
    </p>
   </div>
   <div class='ocr_carea' id='block_1_115' title="bbox 2347 3587 3896 3669">
    <p class='ocr_par' dir='ltr' id='par_1_115' title="bbox 2347 3587 3896 3669">
     <span class='ocr_line' id='line_1_117' title="bbox 2347 3587 3896 3669; baseline -0.006 -18"><span class='ocrx_word' id='word_1_840' title='bbox 2347 3596 2485 3651; x_wconf 89' lang='lat' dir='ltr'>dum</span> <span class='ocrx_word' id='word_1_841' title='bbox 2527 3596 2842 3651; x_wconf 87' lang='lat' dir='ltr'>doctrinam</span> <span class='ocrx_word' id='word_1_842' title='bbox 2882 3595 3120 3665; x_wconf 89' lang='lat' dir='ltr'>Spiritus</span> <span class='ocrx_word' id='word_1_843' title='bbox 3163 3596 3341 3651; x_wconf 86' lang='lat' dir='ltr'>sancti</span> <span class='ocrx_word' id='word_1_844' title='bbox 3379 3595 3685 3669; x_wconf 87' lang='lat' dir='ltr'>impleatur</span> <span class='ocrx_word' id='word_1_845' title='bbox 3716 3595 3764 3648; x_wconf 92' lang='lat' dir='ltr'>in</span> <span class='ocrx_word' id='word_1_846' title='bbox 3785 3587 3896 3645; x_wconf 84' lang='lat' dir='ltr'>nobis</span> 
     </span>
    </p>
   </div>
   <div class='ocr_carea' id='block_1_116' title="bbox 2350 3687 3892 3761">
    <p class='ocr_par' dir='ltr' id='par_1_116' title="bbox 2350 3687 3892 3761">
     <span class='ocr_line' id='line_1_118' title="bbox 2350 3687 3892 3761; baseline -0.001 -17"><span class='ocrx_word' id='word_1_847' title='bbox 2350 3690 2506 3761; x_wconf 89' lang='lat' dir='ltr'>quod</span> <span class='ocrx_word' id='word_1_848' title='bbox 2542 3690 2843 3760; x_wconf 87' lang='lat' dir='ltr'>Apostolus</span> <span class='ocrx_word' id='word_1_849' title='bbox 2883 3688 2962 3743; x_wconf 87' lang='lat' dir='ltr'>ait</span> <span class='ocrx_word' id='word_1_850' title='bbox 2993 3707 3006 3743; x_wconf 92' lang='lat'>:</span> <span class='ocrx_word' id='word_1_851' title='bbox 3040 3710 3068 3739; x_wconf 76' lang='grc' dir='ltr'>(ε</span> <span class='ocrx_word' id='word_1_852' title='bbox 3098 3689 3340 3745; x_wconf 89' lang='lat' dir='ltr'>Obsecro</span> <span class='ocrx_word' id='word_1_853' title='bbox 3369 3697 3569 3745; x_wconf 88' lang='lat' dir='ltr'>autem</span> <span class='ocrx_word' id='word_1_854' title='bbox 3597 3706 3700 3758; x_wconf 88' lang='lat' dir='ltr'>vos,</span> <span class='ocrx_word' id='word_1_855' title='bbox 3734 3687 3892 3743; x_wconf 63' lang='lat' dir='ltr'>frium.</span> 
     </span>
    </p>
   </div>
   <div class='ocr_carea' id='block_1_117' title="bbox 2348 3780 3893 3855">
    <p class='ocr_par' dir='ltr' id='par_1_117' title="bbox 2348 3780 3893 3855">
     <span class='ocr_line' id='line_1_119' title="bbox 2348 3780 3893 3855; baseline -0.005 -17"><span class='ocrx_word' id='word_1_856' title='bbox 2348 3800 2456 3855; x_wconf 87' lang='lat' dir='ltr'>per</span> <span class='ocrx_word' id='word_1_857' title='bbox 2483 3799 2694 3837; x_wconf 89' lang='lat' dir='ltr'>nomen</span> <span class='ocrx_word' id='word_1_858' title='bbox 2723 3782 2949 3837; x_wconf 91' lang='lat' dir='ltr'>Domini</span> <span class='ocrx_word' id='word_1_859' title='bbox 2980 3782 3159 3837; x_wconf 90' lang='lat' dir='ltr'>nostri</span> <span class='ocrx_word' id='word_1_860' title='bbox 3194 3784 3325 3837; x_wconf 83' lang='lat' dir='ltr'>Jesu</span> <span class='ocrx_word' id='word_1_861' title='bbox 3358 3784 3593 3850; x_wconf 86' lang='lat' dir='ltr'>Christi,</span> <span class='ocrx_word' id='word_1_862' title='bbox 3628 3787 3685 3837; x_wconf 86' lang='lat' dir='ltr'>ut</span> <span class='ocrx_word' id='word_1_863' title='bbox 3715 3780 3893 3849; x_wconf 85' lang='lat' dir='ltr'>idipsum</span> 
     </span>
    </p>
   </div>
   <div class='ocr_carea' id='block_1_118' title="bbox 2351 3867 3893 3943">
    <p class='ocr_par' dir='ltr' id='par_1_118' title="bbox 2351 3867 3893 3943">
     <span class='ocr_line' id='line_1_120' title="bbox 2351 3867 3893 3943; baseline -0.006 -14"><span class='ocrx_word' id='word_1_864' title='bbox 2351 3875 2550 3930; x_wconf 88' lang='lat' dir='ltr'>dicatis</span> <span class='ocrx_word' id='word_1_865' title='bbox 2577 3891 2795 3943; x_wconf 90' lang='lat' dir='ltr'>omnes,</span> <span class='ocrx_word' id='word_1_866' title='bbox 2832 3879 2889 3930; x_wconf 89' lang='lat' dir='ltr'>et</span> <span class='ocrx_word' id='word_1_867' title='bbox 2925 3892 3043 3930; x_wconf 91' lang='lat' dir='ltr'>non</span> <span class='ocrx_word' id='word_1_868' title='bbox 3069 3875 3184 3930; x_wconf 90' lang='lat' dir='ltr'>sint</span> <span class='ocrx_word' id='word_1_869' title='bbox 3208 3875 3268 3930; x_wconf 91' lang='lat' dir='ltr'>in</span> <span class='ocrx_word' id='word_1_870' title='bbox 3303 3876 3467 3931; x_wconf 78' lang='lat' dir='ltr'>vobis</span> <span class='ocrx_word' id='word_1_871' title='bbox 3495 3875 3783 3931; x_wconf 82' lang='lat' dir='ltr'>schismata.</span> <span class='ocrx_word' id='word_1_872' title='bbox 3808 3867 3893 3923; x_wconf 64' lang='grc' dir='ltr'><strong>ειυς</strong></span> 
     </span>
    </p>
   </div>
   <div class='ocr_carea' id='block_1_119' title="bbox 2349 3967 3894 4039">
    <p class='ocr_par' dir='ltr' id='par_1_119' title="bbox 2349 3967 3894 4039">
     <span class='ocr_line' id='line_1_121' title="bbox 2349 3967 3894 4039; baseline -0.003 -16"><span class='ocrx_word' id='word_1_873' title='bbox 2349 3972 2540 4024; x_wconf 89' lang='lat' dir='ltr'>autem</span> <span class='ocrx_word' id='word_1_874' title='bbox 2567 3968 2804 4039; x_wconf 88' lang='lat' dir='ltr'>perfecti</span> <span class='ocrx_word' id='word_1_875' title='bbox 2824 3968 2883 4023; x_wconf 91' lang='lat' dir='ltr'>in</span> <span class='ocrx_word' id='word_1_876' title='bbox 2904 3969 3107 4024; x_wconf 89' lang='lat' dir='ltr'>eodem</span> <span class='ocrx_word' id='word_1_877' title='bbox 3139 3985 3331 4039; x_wconf 88' lang='lat' dir='ltr'>sensu,</span> <span class='ocrx_word' id='word_1_878' title='bbox 3359 3973 3419 4024; x_wconf 88' lang='lat' dir='ltr'>et</span> <span class='ocrx_word' id='word_1_879' title='bbox 3444 3970 3506 4025; x_wconf 89' lang='lat' dir='ltr'>in</span> <span class='ocrx_word' id='word_1_880' title='bbox 3525 3970 3708 4025; x_wconf 89' lang='lat' dir='ltr'>eadem</span> <span class='ocrx_word' id='word_1_881' title='bbox 3730 3967 3894 4020; x_wconf 78' lang='lat' dir='ltr'>senten-</span> 
     </span>
    </p>
   </div>
   <div class='ocr_carea' id='block_1_120' title="bbox 2351 4052 3895 4133">
    <p class='ocr_par' dir='ltr' id='par_1_120' title="bbox 2351 4052 3895 4133">
     <span class='ocr_line' id='line_1_122' title="bbox 2351 4052 3895 4133; baseline -0.008 -17"><span class='ocrx_word' id='word_1_882' title='bbox 2351 4062 2430 4117; x_wconf 88' lang='lat' dir='ltr'>tia</span> <span class='ocrx_word' id='word_1_883' title='bbox 2466 4061 2516 4132; x_wconf 90' lang='grc' dir='ltr'>(Ι</span> <span class='ocrx_word' id='word_1_884' title='bbox 2548 4061 2665 4116; x_wconf 78' lang='lat' dir='ltr'>Cor.</span> <span class='ocrx_word' id='word_1_885' title='bbox 2701 4078 2738 4130; x_wconf 89' lang='grc' dir='ltr'><strong>ι,</strong></span> <span class='ocrx_word' id='word_1_886' title='bbox 2782 4062 2887 4130; x_wconf 82' lang='grc'>10),</span> <span class='ocrx_word' id='word_1_887' title='bbox 2927 4084 2954 4111; x_wconf 88' lang='grc'><strong>››</strong></span> <span class='ocrx_word' id='word_1_888' title='bbox 2990 4062 3153 4133; x_wconf 88' lang='lat' dir='ltr'>cujus</span> <span class='ocrx_word' id='word_1_889' title='bbox 3195 4062 3435 4117; x_wconf 86' lang='lat' dir='ltr'>unitatis</span> <span class='ocrx_word' id='word_1_890' title='bbox 3477 4062 3706 4116; x_wconf 88' lang='lat' dir='ltr'>nimium</span> <span class='ocrx_word' id='word_1_891' title='bbox 3729 4052 3895 4111; x_wconf 83' lang='lat' dir='ltr'>seEuti-</span> 
     </span>
    </p>
   </div>
   <div class='ocr_carea' id='block_1_121' title="bbox 2352 4147 3894 4227">
    <p class='ocr_par' dir='ltr' id='par_1_121' title="bbox 2352 4147 3894 4227">
     <span class='ocr_line' id='line_1_123' title="bbox 2352 4147 3894 4227; baseline -0.005 -17"><span class='ocrx_word' id='word_1_892' title='bbox 2352 4156 2487 4210; x_wconf 89' lang='lat' dir='ltr'>ches</span> <span class='ocrx_word' id='word_1_893' title='bbox 2504 4155 3006 4225; x_wconf 84' lang='lat' dir='ltr'>fecitextraneum,</span> <span class='ocrx_word' id='word_1_894' title='bbox 3024 4156 3072 4209; x_wconf 93' lang='lat' dir='ltr'>si</span> <span class='ocrx_word' id='word_1_895' title='bbox 3083 4157 3142 4210; x_wconf 92' lang='lat' dir='ltr'>in</span> <span class='ocrx_word' id='word_1_896' title='bbox 3157 4172 3260 4211; x_wconf 88' lang='lat' dir='ltr'>sua</span> <span class='ocrx_word' id='word_1_897' title='bbox 3272 4156 3640 4227; x_wconf 86' lang='lat' dir='ltr'>perversitate</span> <span class='ocrx_word' id='word_1_898' title='bbox 3655 4147 3894 4206; x_wconf 70' lang='lat' dir='ltr'>veterade</span> 
     </span>
    </p>
   </div>
   <div class='ocr_carea' id='block_1_122' title="bbox 2356 4244 3893 4319">
    <p class='ocr_par' dir='ltr' id='par_1_122' title="bbox 2356 4244 3893 4319">
     <span class='ocr_line' id='line_1_124' title="bbox 2356 4244 3893 4319; baseline -0.003 -18"><span class='ocrx_word' id='word_1_899' title='bbox 2356 4265 2457 4303; x_wconf 91' lang='lat' dir='ltr'>nec</span> <span class='ocrx_word' id='word_1_900' title='bbox 2494 4248 2680 4302; x_wconf 87' lang='lat' dir='ltr'>adhuc</span> <span class='ocrx_word' id='word_1_901' title='bbox 2723 4247 2931 4319; x_wconf 91' lang='lat' dir='ltr'>quibus</span> <span class='ocrx_word' id='word_1_902' title='bbox 2969 4248 3204 4303; x_wconf 87' lang='lat' dir='ltr'>vinculis</span> <span class='ocrx_word' id='word_1_903' title='bbox 3249 4266 3282 4302; x_wconf 88' lang='lat' dir='ltr'>a</span> <span class='ocrx_word' id='word_1_904' title='bbox 3307 4250 3551 4303; x_wconf 88' lang='lat' dir='ltr'>Domino</span> <span class='ocrx_word' id='word_1_905' title='bbox 3583 4248 3649 4302; x_wconf 88' lang='lat' dir='ltr'>sit</span> <span class='ocrx_word' id='word_1_906' title='bbox 3672 4244 3893 4313; x_wconf 61' lang='lat' dir='ltr'>obligatus.</span> 
     </span>
    </p>
   </div>
   <div class='ocr_carea' id='block_1_123' title="bbox 2353 4339 3894 4415">
    <p class='ocr_par' dir='ltr' id='par_1_123' title="bbox 2353 4339 3894 4415">
     <span class='ocr_line' id='line_1_125' title="bbox 2353 4339 3894 4415; baseline 0.003 -18"><span class='ocrx_word' id='word_1_907' title='bbox 2353 4342 2640 4413; x_wconf 88' lang='lat' dir='ltr'>intelligit.</span> <span class='ocrx_word' id='word_1_908' title='bbox 2680 4345 2745 4398; x_wconf 83' lang='lat' dir='ltr'>Et</span> <span class='ocrx_word' id='word_1_909' title='bbox 2784 4359 3116 4415; x_wconf 85' lang='lat' dir='ltr'>quanquam</span> <span class='ocrx_word' id='word_1_910' title='bbox 3160 4343 3520 4397; x_wconf 88' lang='lat' dir='ltr'>sacerdotem</span> <span class='ocrx_word' id='word_1_911' title='bbox 3555 4339 3753 4397; x_wconf 84' lang='lat' dir='ltr'>Domini</span> <span class='ocrx_word' id='word_1_912' title='bbox 3783 4347 3894 4402; x_wconf 51' lang='grc' dir='ltr'>ἤρε’</span> 
     </span>
    </p>
   </div>
   <div class='ocr_carea' id='block_1_124' title="bbox 2354 4429 3895 4507">
    <p class='ocr_par' dir='ltr' id='par_1_124' title="bbox 2354 4429 3895 4507">
     <span class='ocr_line' id='line_1_126' title="bbox 2354 4429 3895 4507; baseline -0.004 -17"><span class='ocrx_word' id='word_1_913' title='bbox 2354 4435 2615 4490; x_wconf 85' lang='lat' dir='ltr'>riendum</span> <span class='ocrx_word' id='word_1_914' title='bbox 2656 4440 2845 4506; x_wconf 87' lang='lat' dir='ltr'>putat,</span> <span class='ocrx_word' id='word_1_915' title='bbox 2890 4437 2985 4507; x_wconf 92' lang='lat' dir='ltr'>qui</span> <span class='ocrx_word' id='word_1_916' title='bbox 3034 4435 3155 4505; x_wconf 90' lang='lat' dir='ltr'>ejus</span> <span class='ocrx_word' id='word_1_917' title='bbox 3206 4436 3545 4507; x_wconf 63' lang='lat' dir='ltr'>imperitiae,</span> <span class='ocrx_word' id='word_1_918' title='bbox 3599 4429 3895 4496; x_wconf 59' lang='lat' dir='ltr'>amentiam?</span> 
     </span>
    </p>
   </div>
   <div class='ocr_carea' id='block_1_125' title="bbox 2355 4518 3895 4600">
    <p class='ocr_par' dir='ltr' id='par_1_125' title="bbox 2355 4518 3895 4600">
     <span class='ocr_line' id='line_1_127' title="bbox 2355 4518 3895 4600; baseline 0 -19"><span class='ocrx_word' id='word_1_919' title='bbox 2355 4529 2685 4595; x_wconf 75' lang='lat' dir='ltr'>consentiat,</span> <span class='ocrx_word' id='word_1_920' title='bbox 2731 4529 2827 4584; x_wconf 91' lang='lat' dir='ltr'>diu</span> <span class='ocrx_word' id='word_1_921' title='bbox 2878 4530 3029 4600; x_wconf 86' lang='lat' dir='ltr'>apud</span> <span class='ocrx_word' id='word_1_922' title='bbox 3068 4546 3170 4585; x_wconf 91' lang='lat' dir='ltr'>nos</span> <span class='ocrx_word' id='word_1_923' title='bbox 3220 4529 3508 4586; x_wconf 88' lang='lat' dir='ltr'>incertum</span> <span class='ocrx_word' id='word_1_924' title='bbox 3566 4530 3684 4594; x_wconf 86' lang='lat' dir='ltr'>fuit,</span> <span class='ocrx_word' id='word_1_925' title='bbox 3730 4521 3831 4595; x_wconf 77' lang='lat' dir='ltr'>quid</span> <span class='ocrx_word' id='word_1_926' title='bbox 3860 4518 3895 4569; x_wconf 71' lang='lat' dir='ltr'>in</span> 
     </span>
    </p>
   </div>
   <div class='ocr_carea' id='block_1_126' title="bbox 2360 4609 3893 4694">
    <p class='ocr_par' dir='ltr' id='par_1_126' title="bbox 2360 4609 3893 4694">
     <span class='ocr_line' id='line_1_128' title="bbox 2360 4609 3893 4694; baseline -0.008 -18"><span class='ocrx_word' id='word_1_927' title='bbox 2360 4622 2478 4693; x_wconf 90' lang='lat' dir='ltr'>ipso</span> <span class='ocrx_word' id='word_1_928' title='bbox 2529 4622 2816 4678; x_wconf 83' lang='lat' dir='ltr'>catholicis</span> <span class='ocrx_word' id='word_1_929' title='bbox 2863 4622 3214 4694; x_wconf 85' lang='lat' dir='ltr'>displiceret,</span> <span class='ocrx_word' id='word_1_930' title='bbox 3274 4629 3331 4679; x_wconf 90' lang='lat' dir='ltr'>et</span> <span class='ocrx_word' id='word_1_931' title='bbox 3382 4640 3518 4678; x_wconf 91' lang='lat' dir='ltr'>cum</span> <span class='ocrx_word' id='word_1_932' title='bbox 3572 4619 3739 4676; x_wconf 84' lang='lat' dir='ltr'>fratris</span> <span class='ocrx_word' id='word_1_933' title='bbox 3776 4609 3893 4669; x_wconf 73' lang='lat' dir='ltr'>nostri</span> 
     </span>
    </p>
   </div>
   <div class='ocr_carea' id='block_1_127' title="bbox 2359 4712 3892 4786">
    <p class='ocr_par' dir='ltr' id='par_1_127' title="bbox 2359 4712 3892 4786">
     <span class='ocr_line' id='line_1_129' title="bbox 2359 4712 3892 4786; baseline -0.007 -17"><span class='ocrx_word' id='word_1_934' title='bbox 2359 4716 2604 4770; x_wconf 82' lang='lat' dir='ltr'>Flaviani</span> <span class='ocrx_word' id='word_1_935' title='bbox 2664 4717 2846 4771; x_wconf 90' lang='lat' dir='ltr'>nullas</span> <span class='ocrx_word' id='word_1_936' title='bbox 2902 4717 3115 4772; x_wconf 84' lang='lat' dir='ltr'>litteras</span> <span class='ocrx_word' id='word_1_937' title='bbox 3167 4733 3557 4783; x_wconf 89' lang='lat' dir='ltr'>sumeremus,</span> <span class='ocrx_word' id='word_1_938' title='bbox 3622 4716 3727 4786; x_wconf 88' lang='lat' dir='ltr'>ipse</span> <span class='ocrx_word' id='word_1_939' title='bbox 3767 4712 3892 4763; x_wconf 81' lang='lat' dir='ltr'>autem</span> 
     </span>
    </p>
   </div>
   <div class='ocr_carea' id='block_1_128' title="bbox 2359 4807 3891 4881">
    <p class='ocr_par' dir='ltr' id='par_1_128' title="bbox 2359 4807 3891 4881">
     <span class='ocr_line' id='line_1_130' title="bbox 2359 4807 3891 4881; baseline 0.005 -19"><span class='ocrx_word' id='word_1_940' title='bbox 2359 4808 2584 4879; x_wconf 85' lang='lat' dir='ltr'>scriptis</span> <span class='ocrx_word' id='word_1_941' title='bbox 2611 4809 2727 4863; x_wconf 90' lang='lat' dir='ltr'>suis</span> <span class='ocrx_word' id='word_1_942' title='bbox 2758 4810 3152 4864; x_wconf 83' lang='lat' dir='ltr'>Nestorianam</span> <span class='ocrx_word' id='word_1_943' title='bbox 3181 4810 3445 4865; x_wconf 71' lang='lat' dir='ltr'>haeresim</span> <span class='ocrx_word' id='word_1_944' title='bbox 3474 4807 3780 4881; x_wconf 86' lang='lat' dir='ltr'>repullulare</span> <span class='ocrx_word' id='word_1_945' title='bbox 3801 4810 3891 4869; x_wconf 69' lang='lat' dir='ltr'>‘I“°&#39;</span> 
     </span>
    </p>
   </div>
   <div class='ocr_carea' id='block_1_129' title="bbox 2359 4899 3891 4974">
    <p class='ocr_par' dir='ltr' id='par_1_129' title="bbox 2359 4899 3891 4974">
     <span class='ocr_line' id='line_1_131' title="bbox 2359 4899 3891 4974; baseline -0.002 -19"><span class='ocrx_word' id='word_1_946' title='bbox 2359 4906 2598 4970; x_wconf 90' lang='lat' dir='ltr'>reretur,</span> <span class='ocrx_word' id='word_1_947' title='bbox 2647 4919 2758 4956; x_wconf 90' lang='lat' dir='ltr'>non</span> <span class='ocrx_word' id='word_1_948' title='bbox 2805 4903 2969 4973; x_wconf 89' lang='lat' dir='ltr'>plene</span> <span class='ocrx_word' id='word_1_949' title='bbox 3016 4902 3316 4974; x_wconf 89' lang='lat' dir='ltr'>potuimus</span> <span class='ocrx_word' id='word_1_950' title='bbox 3342 4904 3579 4969; x_wconf 88' lang='lat' dir='ltr'>discere,</span> <span class='ocrx_word' id='word_1_951' title='bbox 3605 4899 3739 4955; x_wconf 86' lang='lat' dir='ltr'>unde</span> <span class='ocrx_word' id='word_1_952' title='bbox 3760 4903 3891 4965; x_wconf 64' lang='lat' dir='ltr'>pm!“</span> 
     </span>
    </p>
   </div>
   <div class='ocr_carea' id='block_1_130' title="bbox 2360 4978 3894 5068">
    <p class='ocr_par' dir='ltr' id='par_1_130' title="bbox 2360 4978 3894 5068">
     <span class='ocr_line' id='line_1_132' title="bbox 2360 4978 3894 5068; baseline -0.009 -17"><span class='ocrx_word' id='word_1_953' title='bbox 2360 4997 2536 5064; x_wconf 90' lang='lat' dir='ltr'>deret,</span> <span class='ocrx_word' id='word_1_954' title='bbox 2583 4996 2668 5050; x_wconf 88' lang='lat' dir='ltr'>vel</span> <span class='ocrx_word' id='word_1_955' title='bbox 2715 5013 2829 5068; x_wconf 92' lang='lat' dir='ltr'>quo</span> <span class='ocrx_word' id='word_1_956' title='bbox 2869 4996 3129 5052; x_wconf 87' lang='lat' dir='ltr'>tenderet</span> <span class='ocrx_word' id='word_1_957' title='bbox 3182 5001 3299 5053; x_wconf 86' lang='lat' dir='ltr'>tam</span> <span class='ocrx_word' id='word_1_958' title='bbox 3342 4997 3541 5051; x_wconf 87' lang='lat' dir='ltr'>dolosa</span> <span class='ocrx_word' id='word_1_959' title='bbox 3575 4978 3894 5049; x_wconf 74' lang='lat' dir='ltr'>causatio.Sed</span> 
     </span>
    </p>
   </div>
   <div class='ocr_carea' id='block_1_131' title="bbox 2361 5080 3891 5162">
    <p class='ocr_par' dir='ltr' id='par_1_131' title="bbox 2361 5080 3891 5162">
     <span class='ocr_line' id='line_1_133' title="bbox 2361 5080 3891 5162; baseline -0.008 -15"><span class='ocrx_word' id='word_1_960' title='bbox 2361 5094 2719 5160; x_wconf 88' lang='lat' dir='ltr'>posteaquam</span> <span class='ocrx_word' id='word_1_961' title='bbox 2764 5096 3058 5160; x_wconf 90' lang='lat' dir='ltr'>gestorum</span> <span class='ocrx_word' id='word_1_962' title='bbox 3100 5091 3170 5145; x_wconf 88' lang='lat' dir='ltr'>ad</span> <span class='ocrx_word' id='word_1_963' title='bbox 3212 5108 3314 5145; x_wconf 91' lang='lat' dir='ltr'>nos</span> <span class='ocrx_word' id='word_1_964' title='bbox 3357 5089 3742 5162; x_wconf 83' lang='lat' dir='ltr'>episeOpaIium</span> <span class='ocrx_word' id='word_1_965' title='bbox 3776 5080 3891 5134; x_wconf 72' lang='lat' dir='ltr'><strong>docn-</strong></span> 
     </span>
    </p>
   </div>
   <div class='ocr_carea' id='block_1_132' title="bbox 2358 5182 3893 5256">
    <p class='ocr_par' dir='ltr' id='par_1_132' title="bbox 2358 5182 3893 5256">
     <span class='ocr_line' id='line_1_134' title="bbox 2358 5182 3893 5256; baseline -0.003 -19"><span class='ocrx_word' id='word_1_966' title='bbox 2358 5188 2554 5238; x_wconf 89' lang='lat' dir='ltr'>menta</span> <span class='ocrx_word' id='word_1_967' title='bbox 2592 5182 2813 5253; x_wconf 87' lang='lat' dir='ltr'>perlata</span> <span class='ocrx_word' id='word_1_968' title='bbox 2847 5188 3003 5251; x_wconf 89' lang='lat' dir='ltr'>sunt,</span> <span class='ocrx_word' id='word_1_969' title='bbox 3041 5185 3236 5240; x_wconf 89' lang='lat' dir='ltr'>omnia</span> <span class='ocrx_word' id='word_1_970' title='bbox 3262 5185 3355 5240; x_wconf 91' lang='lat' dir='ltr'>illa</span> <span class='ocrx_word' id='word_1_971' title='bbox 3381 5202 3515 5256; x_wconf 74' lang='lat' dir='ltr'>quae</span> <span class='ocrx_word' id='word_1_972' title='bbox 3544 5182 3787 5238; x_wconf 79' lang='lat' dir='ltr'>fallaciam</span> <span class='ocrx_word' id='word_1_973' title='bbox 3805 5182 3893 5242; x_wconf 53' lang='lat' dir='ltr'>qur</span> 
     </span>
    </p>
   </div>
   <div class='ocr_carea' id='block_1_133' title="bbox 2359 5261 3891 5351">
    <p class='ocr_par' dir='ltr' id='par_1_133' title="bbox 2359 5261 3891 5351">
     <span class='ocr_line' id='line_1_135' title="bbox 2359 5261 3891 5351; baseline -0.003 -21"><span class='ocrx_word' id='word_1_974' title='bbox 2359 5277 2603 5331; x_wconf 88' lang='lat' dir='ltr'>relarum</span> <span class='ocrx_word' id='word_1_975' title='bbox 2622 5277 2902 5333; x_wconf 86' lang='lat' dir='ltr'>velamine</span> <span class='ocrx_word' id='word_1_976' title='bbox 2916 5278 3275 5349; x_wconf 88' lang='lat' dir='ltr'>tegebantur,</span> <span class='ocrx_word' id='word_1_977' title='bbox 3296 5295 3426 5351; x_wconf 76' lang='lat' dir='ltr'>quas</span> <span class='ocrx_word' id='word_1_978' title='bbox 3445 5282 3631 5334; x_wconf 85' lang='lat' dir='ltr'>essent</span> <span class='ocrx_word' id='word_1_979' title='bbox 3647 5261 3891 5331; x_wconf 67' lang='grc' dir='ltr'>ἀειοεωιάι</span> 
     </span>
    </p>
   </div>
   <div class='ocr_carea' id='block_1_134' title="bbox 2359 5367 3889 5444">
    <p class='ocr_par' dir='ltr' id='par_1_134' title="bbox 2359 5367 3889 5444">
     <span class='ocr_line' id='line_1_136' title="bbox 2359 5367 3889 5444; baseline 0.002 -19"><span class='ocrx_word' id='word_1_980' title='bbox 2359 5374 2684 5441; x_wconf 88' lang='lat' dir='ltr'>patuerunt.</span> <span class='ocrx_word' id='word_1_981' title='bbox 2719 5372 2779 5426; x_wconf 82' lang='lat' dir='ltr'>Et</span> <span class='ocrx_word' id='word_1_982' title='bbox 2816 5371 2950 5443; x_wconf 88' lang='lat' dir='ltr'>quia</span> <span class='ocrx_word' id='word_1_983' title='bbox 2982 5372 3457 5429; x_wconf 88' lang='lat' dir='ltr'>clementissimus</span> <span class='ocrx_word' id='word_1_984' title='bbox 3496 5371 3788 5444; x_wconf 80' lang='lat' dir='ltr'>imperator,</span> <span class='ocrx_word' id='word_1_985' title='bbox 3822 5367 3889 5428; x_wconf 78' lang='grc' dir='ltr'>Ρ¹¹θ</span> 
     </span>
    </p>
   </div>
   <div class='ocr_carea' id='block_1_135' title="bbox 2358 5452 3889 5536">
    <p class='ocr_par' dir='ltr' id='par_1_135' title="bbox 2358 5452 3889 5536">
     <span class='ocr_line' id='line_1_137' title="bbox 2358 5452 3889 5536; baseline -0.008 -16"><span class='ocrx_word' id='word_1_986' title='bbox 2358 5464 2746 5520; x_wconf 87' lang='lat' dir='ltr'>benevolentia</span> <span class='ocrx_word' id='word_1_987' title='bbox 2777 5481 2841 5520; x_wconf 88' lang='lat' dir='ltr'>ac</span> <span class='ocrx_word' id='word_1_988' title='bbox 2879 5466 3085 5536; x_wconf 82' lang='lat' dir='ltr'>pietate</span> <span class='ocrx_word' id='word_1_989' title='bbox 3112 5467 3292 5522; x_wconf 89' lang='lat' dir='ltr'>animi</span> <span class='ocrx_word' id='word_1_990' title='bbox 3331 5468 3441 5533; x_wconf 86' lang='lat' dir='ltr'>sui,</span> <span class='ocrx_word' id='word_1_991' title='bbox 3490 5467 3558 5521; x_wconf 91' lang='lat' dir='ltr'>de</span> <span class='ocrx_word' id='word_1_992' title='bbox 3608 5466 3738 5518; x_wconf 86' lang='lat' dir='ltr'>statu</span> <span class='ocrx_word' id='word_1_993' title='bbox 3777 5452 3889 5520; x_wconf 57' lang='lat' dir='ltr'>built?</span> 
     </span>
    </p>
   </div>
   <div class='ocr_carea' id='block_1_136' title="bbox 2360 5544 3890 5633">
    <p class='ocr_par' dir='ltr' id='par_1_136' title="bbox 2360 5544 3890 5633">
     <span class='ocr_line' id='line_1_138' title="bbox 2360 5544 3890 5633; baseline -0.02 -4"><span class='ocrx_word' id='word_1_994' title='bbox 2360 5559 2454 5629; x_wconf 65' lang='lat' dir='ltr'>qui</span> <span class='ocrx_word' id='word_1_995' title='bbox 2482 5562 2615 5613; x_wconf 72' lang='lat' dir='ltr'>ante</span> <span class='ocrx_word' id='word_1_996' title='bbox 2645 5559 2990 5615; x_wconf 86' lang='lat' dir='ltr'>honorabilis</span> <span class='ocrx_word' id='word_1_997' title='bbox 3009 5559 3327 5631; x_wconf 85' lang='lat' dir='ltr'>videbatur,</span> <span class='ocrx_word' id='word_1_998' title='bbox 3349 5559 3672 5633; x_wconf 88' lang='lat' dir='ltr'>diligentius</span> <span class='ocrx_word' id='word_1_999' title='bbox 3694 5548 3823 5606; x_wconf 79' lang='lat' dir='ltr'>voluit</span> <span class='ocrx_word' id='word_1_1000' title='bbox 3834 5544 3890 5614; x_wconf 77' lang='lat' dir='ltr'>jn-</span> 
     </span>
    </p>
   </div>
   <div class='ocr_carea' id='block_1_137' title="bbox 2359 5636 3891 5725">
    <p class='ocr_par' dir='ltr' id='par_1_137' title="bbox 2359 5636 3891 5725">
     <span class='ocr_line' id='line_1_139' title="bbox 2359 5636 3891 5725; baseline 0.002 -19"><span class='ocrx_word' id='word_1_1001' title='bbox 2359 5652 2556 5721; x_wconf 85' lang='lat' dir='ltr'>dicari&#39;,</span> <span class='ocrx_word' id='word_1_1002' title='bbox 2587 5657 2759 5725; x_wconf 86' lang='lat' dir='ltr'>atque</span> <span class='ocrx_word' id='word_1_1003' title='bbox 2788 5653 2860 5709; x_wconf 91' lang='lat' dir='ltr'>ob</span> <span class='ocrx_word' id='word_1_1004' title='bbox 2884 5654 2994 5709; x_wconf 91' lang='lat' dir='ltr'>hoc</span> <span class='ocrx_word' id='word_1_1005' title='bbox 3019 5654 3384 5711; x_wconf 87' lang='lat' dir='ltr'>indicendum</span> <span class='ocrx_word' id='word_1_1006' title='bbox 3404 5653 3638 5709; x_wconf 85' lang='lat' dir='ltr'>credidit</span> <span class='ocrx_word' id='word_1_1007' title='bbox 3661 5636 3891 5720; x_wconf 45' lang='lat' dir='ltr'>cpiam!”</span> 
     </span>
    </p>
   </div>
   <div class='ocr_carea' id='block_1_138' title="bbox 2360 5740 3890 5818">
    <p class='ocr_par' dir='ltr' id='par_1_138' title="bbox 2360 5740 3890 5818">
     <span class='ocr_line' id='line_1_140' title="bbox 2360 5740 3890 5818; baseline 0.003 -17"><span class='ocrx_word' id='word_1_1008' title='bbox 2360 5742 2680 5816; x_wconf 79' lang='lat' dir='ltr'>concilium&#39;,</span> <span class='ocrx_word' id='word_1_1009' title='bbox 2722 5764 2829 5818; x_wconf 89' lang='lat' dir='ltr'>per</span> <span class='ocrx_word' id='word_1_1010' title='bbox 2864 5748 3066 5804; x_wconf 88' lang='lat' dir='ltr'>fratres</span> <span class='ocrx_word' id='word_1_1011' title='bbox 3096 5753 3316 5805; x_wconf 85' lang='lat' dir='ltr'>nostros</span> <span class='ocrx_word' id='word_1_1012' title='bbox 3335 5748 3621 5804; x_wconf 72' lang='lat' dir='ltr'>Iulianum</span> <span class='ocrx_word' id='word_1_1013' title='bbox 3645 5740 3890 5814; x_wconf 63' lang='grc' dir='ltr'>θρίεοορυω</span> 
     </span>
    </p>
   </div>
   <div class='ocr_carea' id='block_1_139' title="bbox 2361 5825 3890 5914">
    <p class='ocr_par' dir='ltr' id='par_1_139' title="bbox 2361 5825 3890 5914">
     <span class='ocr_line' id='line_1_141' title="bbox 2361 5825 3890 5914; baseline -0.014 -20"><span class='ocrx_word' id='word_1_1014' title='bbox 2361 5846 2416 5895; x_wconf 90' lang='lat' dir='ltr'>et</span> <span class='ocrx_word' id='word_1_1015' title='bbox 2444 5841 2719 5896; x_wconf 81' lang='lat' dir='ltr'>Renatum</span> <span class='ocrx_word' id='word_1_1016' title='bbox 2755 5842 3170 5914; x_wconf 73' lang='lat' dir='ltr'>presbyterum,</span> <span class='ocrx_word' id='word_1_1017' title='bbox 3204 5844 3300 5898; x_wconf 70' lang='lat' dir='ltr'>sed</span> <span class='ocrx_word' id='word_1_1018' title='bbox 3337 5847 3391 5897; x_wconf 75' lang='lat' dir='ltr'>et</span> <span class='ocrx_word' id='word_1_1019' title='bbox 3416 5842 3590 5897; x_wconf 79' lang='lat' dir='ltr'>ﬁlium</span> <span class='ocrx_word' id='word_1_1020' title='bbox 3620 5848 3776 5893; x_wconf 84' lang='lat' dir='ltr'>meum</span> <span class='ocrx_word' id='word_1_1021' title='bbox 3805 5825 3890 5878; x_wconf 72' lang='lat' dir='ltr'>dia-</span> 
     </span>
    </p>
   </div>
  </div>
