4062 6188
148 332 238 379 nos;
1365 329 1537 384 DECR
1549 329 1834 383 I'ITALIL’M
1874 330 1931 382 Ct
1944 328 2258 384 ILLECTIO.

3388 332 3489 379 906

146 430 361 492 conum,
383 438 675 505 Hilarium,
705 442 760 493 et
789 455 931 509 quos
978 454 1044 492 ex
1087 437 1260 491 latere
1308 454 1439 491 meo
1467 438 1584 493 vice
1630 453 1761 491 mea
1782 448 1841 520 Α
1864 436 2019 506 gotio
2056 435 2377 491 communis
2413 435 2820 490 sollicitudinis
2869 435 3189 502 indidisses,
3222 438 3490 507 quoniam

148 532 265 585 misi
290 532 356 586 ad
386 533 621 586 fratrem
651 537 909 586 nostrum
938 531 1266 585 Flavianum
1298 529 1632 585 sufﬁcientia
1656 546 1760 601 pro

145 625 404 697 qualitate
445 641 625 680 causa
665 625 873 695 scripta
910 624 1109 692 direxi,
1139 624 1343 696 quibus
1369 627 1427 679 et
1453 626 1639 678 vestra
1671 623 1759 677 di-

147 720 305 773 lectio
328 724 381 773 et
406 718 649 775 Ecclesia
688 718 946 772 universa
985 722 1290 787 cognoscat
1329 718 1399 773 de
1438 717 1674 788 antiqua
1706 720 1759 770 et

145 813 409 883 singulari
445 812 576 877 ﬁde,
607 828 780 883 quam
816 811 1081 866 indoctus
1108 811 1479 882 impugnator
1514 810 1759 876 incessit,

142 906 276 976 quid
310 906 572 960 divinitus
606 906 877 960 traditum
920 910 1239 973 teneamus,
1269 909 1328 960 et
1368 905 1505 977 quid
1541 904 1759 958 incom-

143 1000 487 1054 mutabiliter
513 999 908 1070 pradicemus.
941 998 1087 1063 Quia
1121 1002 1313 1054 tamen
1342 1015 1455 1053 non
1484 998 1762 1052 debemus

142 1099 326 1164 partes
370 1092 743 1148 miserationis
782 1092 1065 1158 omittere,
1108 1108 1331 1163 congua
1371 1091 1761 1146 moderatione

141 1186 477 1241 credidimus
492 1186 882 1254 sanciendum,
899 1189 962 1240 ut
977 1186 1023 1239 si
1039 1185 1454 1240 condemnatus
1470 1184 1763 1255 presbyter

143 1280 307 1350 plena
347 1279 718 1334 satisfactione
756 1278 1079 1349 corrigitur,
1108 1277 1385 1332 sententia
1413 1293 1527 1348 qua
1555 1276 1759 1330 obstri-

141 1378 260 1427 ctus
281 1377 379 1441 est,
408 1374 707 1428 relaxetur.
737 1372 789 1428 Si
814 1388 943 1426 vero
965 1372 1023 1426 in
1050 1371 1255 1426 eodem
1282 1370 1622 1441 insipientia
1643 1386 1761 1424 sua

141 1469 258 1522 luto
295 1468 482 1537 jacere
522 1466 819 1537 delegerit,
850 1469 1062 1521 statuta
1103 1468 1500 1536 permaneant,
1534 1468 1592 1518 et
1628 1479 1761 1518 cum

142 1562 224 1615 eis
269 1562 473 1617 habeat
529 1565 739 1615 sortem
790 1576 1035 1632 quorum
1087 1564 1170 1614 est
1219 1563 1445 1613 secutus
1484 1574 1759 1613 errorem.

144 1657 281 1710 Data
312 1656 436 1710 ldus
457 1654 629 1721 Junii,
660 1654 886 1709 Asturio
918 1657 977 1707 et
1001 1655 1322 1723 Protogene
1346 1651 1686 1707 consulibus.

212 1759 397 1833 224
430 1760 644 1815 LXXIV.
673 1790 741 1799 -—
765 1762 905 1833 Item,
921 1761 996 1815 ad
1030 1759 1351 1815 Flavianum
1394 1760 1692 1815 Constanti-

747 1832 1142 1901 nopolitanum.

211 1925 436 1979 Litteras
474 1930 585 1979 tua
630 1924 947 1980 dilectionis
996 1924 1210 1994 accepi,
1241 1938 1371 1977 cum
1420 1922 1591 1993 gestis
1632 1937 1762 1993 qua

140 2018 294 2089 apud
317 2034 412 2073 vos
440 2017 574 2071 ﬁdei
606 2017 919 2089 quastione
947 2017 1205 2072 confecta
1237 2019 1387 2069 sunt.
1412 2016 1479 2070 Et
1502 2014 1635 2086 quia
1658 2015 1763 2068 cle-

140 2112 524 2166 mentissimus
550 2111 881 2182 imperator,
904 2128 1010 2182 pro
1030 2110 1290 2165 Ecclesia
1318 2124 1453 2179 pace
1475 2107 1763 2163 sollicitius

138 2205 416 2276 synodum
442 2205 620 2260 voluit
650 2204 1005 2277 congregari,
1040 2203 1299 2275 quamvis
1337 2202 1629 2257 evidenter
1658 2218 1760 2272 ap-

139 2305 331 2369 pareat
354 2314 497 2365 rem,
529 2299 598 2353 de
622 2315 737 2369 qua
763 2298 953 2369 agitur
981 2313 1340 2368 nequaquam
1386 2295 1643 2367 synodali
1670 2295 1760 2348 in-

137 2394 329 2463 digere
358 2396 614 2458 tractato,
645 2395 860 2457 tamen,
890 2391 1069 2445 frater
1108 2390 1459 2457 charissime,
1493 2388 1759 2443 subsecu-

134 2494 226 2541 tos
253 2502 371 2541 esse
398 2486 674 2556 signiﬁco,
705 2501 849 2556 quos
872 2485 931 2538 in
957 2484 1061 2537 hac
1103 2500 1163 2537 re
1205 2482 1420 2554 placuit
1458 2482 1759 2536 destinare.

137 2582 246 2634 Nec
271 2580 649 2635 necessarium
675 2579 785 2632 fuit
812 2594 963 2632 nunc
992 2576 1237 2647 amplius
1261 2575 1449 2644 scribi,
1472 2591 1602 2628 cum
1626 2590 1762 2645 pro-

137 2674 274 2744 pitio
293 2673 363 2728 de
382 2674 469 2727 his
491 2689 618 2744 qua
645 2687 828 2727 causa
857 2670 1203 2725 credidimus
1232 2668 1554 2735 convenire,
1574 2684 1677 2738 per
1696 2685 1766 2722 ea

135 2784 264 2838 qua
296 2766 401 2838 ipsi
427 2766 737 2837 portabunt
763 2764 988 2836 scripta,
1017 2764 1092 2818 sis
1118 2764 1341 2834 plenius
1377 2762 1761 2817 instruendus.

139 2862 279 2915 Data
309 2876 372 2915 xv
402 2858 682 2914 Kalendas
706 2858 856 2927 Julii,
886 2858 1152 2912 Austurio
1182 2861 1238 2912 et
1275 2858 1588 2927 Protogene
1630 2871 1762 2910 con-

133 2954 367 3009 sulibus.

134 3058 322 3111 LXXV.
363 3087 427 3095 -—
471 3059 601 3111 Item
647 3056 881 3125 ejusdem
924 3056 998 3109 ad
1043 3055 1391 3109 Theodosium
1434 3054 1762 3122 Augustum.

206 3150 459 3220 Acceptis
482 3149 797 3203 clementia
826 3154 1024 3202 vestra
1044 3147 1267 3215 litteris,
1289 3150 1346 3200 et
1372 3145 1621 3200 multum
1641 3144 1767 3198 uni-
1785 3184 1840 3260 Ο

125 3244 332 3298 versali
378 3242 636 3296 Ecclesia
686 3242 1055 3312 gaudendum
1104 3256 1225 3295 esse
1276 3239 1559 3310 prospexi,
1610 3237 1764 3309 quod

124 3336 507 3393 Christianam
536 3336 708 3389 ﬁdem
749 3351 859 3407 qua
886 3334 1150 3389 divinitas
1178 3334 1513 3399 honoratur,
1546 3335 1603 3387 et
1625 3331 1761 3386 coli-

127 3437 244 3496 tur,
264 3430 326 3484 in
344 3429 499 3483 nullo
519 3429 873 3493 dissimilem,
894 3429 951 3482 in
972 3430 1129 3483 nullo
1146 3428 1263 3483 vult
1283 3443 1405 3482 esse
1424 3425 1758 3480 discordem.

123 3524 277 3588 Quid
300 3522 454 3577 enim
479 3523 650 3577 rebus
675 3522 937 3576 humanis
961 3521 1035 3576 ad
1062 3521 1407 3576 exorandam
1437 3519 1760 3574 misericor-

122 3618 285 3672 diam
316 3616 414 3671 Dei
442 3616 724 3671 efﬁcacius
753 3616 1118 3686 suffragetur,
1143 3631 1313 3686 quam
1340 3613 1385 3667 si
1420 3629 1530 3667 una
1558 3613 1763 3684 gratia-

123 3728 257 3765 rum
271 3710 444 3775 actio,
465 3714 522 3764 et
537 3709 704 3764 unius
718 3709 1091 3764 confessionis
1112 3707 1451 3763 sacriﬁcium
1477 3707 1762 3777 majestati

120 3806 250 3875 ejus
278 3803 352 3857 ab
380 3803 645 3857 omnibus
687 3802 1000 3857 offeratur?
1028 3805 1089 3858 In
1125 3817 1239 3873 quo
1276 3806 1335 3855 et
1378 3800 1759 3867 sacerdotum,

1861 534 1916 583 et
1944 534 2105 600 gesta
2129 534 2259 584 ante
2292 530 2476 584 delata
2500 530 2567 584 de
2600 529 2864 584 omnibus
2893 546 2996 583 nos
3026 529 3373 584 sufﬁcienter
3399 530 3490 584 in-

1864 626 2210 693 struxerant,
2246 627 2300 677 et
2325 622 2397 677 ad
2441 622 2787 677 familiarem
2832 622 3335 694 interrogationem
3366 624 3491 682 ido-

1866 733 2006 770 neus
2043 720 2167 770 erat
2204 732 2391 770 sermo
2422 716 2675 787 pradicti
2708 732 2810 787 per
2840 732 3013 786 quem
3051 733 3202 771 nunc
3245 717 3494 789 alloquia

1864 810 2164 865 reddentes
2191 809 2550 864 dilectionem
2579 813 2734 864 tuam
2764 826 2870 881 per
2894 810 2993 865 Dei
3014 810 3275 880 gratiam,
3301 810 3360 865 in
3384 827 3495 881 qua

1864 904 2109 971 ﬁdimus,
2132 904 2496 957 cohortamur
2515 907 2739 957 utentes
2764 903 2951 957 verbis
2977 904 3299 975 apostolicis
3324 909 3493 975 atque

1862 998 2109 1052 dicentes
2139 1014 2152 1051 :
2185 1018 2212 1045 «
2245 998 2303 1051 In
2335 997 2496 1052 nullo
2527 996 2863 1051 terreamini
2890 997 2960 1051 ab
2991 998 3342 1066 adversariis,
3364 1014 3493 1069 qua

1864 1096 1945 1145 est
1958 1090 2065 1144 illis
2085 1106 2253 1145 causa
2274 1090 2624 1161 perditionis,
2646 1090 2803 1144 vobis
2829 1093 3024 1144 autem
3054 1091 3248 1145 salutis
3273 1093 3431 1160 (Phil.
3451 1108 3490 1158 1,

1861 1184 1969 1253 28).
1992 1204 2019 1234 »
2042 1183 2184 1247 Quid
2211 1184 2363 1238 enim
2385 1188 2501 1238 tam
2524 1183 2812 1238 exitiabile
2839 1200 3011 1254 quam
3034 1188 3242 1255 negata
3260 1184 3493 1239 veritate

1862 1276 2265 1331 incarnationis
2293 1276 2517 1341 Christi,
2549 1292 2782 1331 omnem
2814 1293 2972 1347 spem
3004 1277 3201 1330 salutis
3226 1277 3492 1331 humana

1864 1370 2002 1424 velle
2023 1369 2345 1437 dissolvere,
2365 1372 2421 1424 et
2438 1370 2708 1440 Apostolo
2728 1370 3009 1424 contraire
3030 1370 3239 1425 dicenti
3258 1370 3496 1425 manife-

1862 1466 1944 1516 ste
1960 1479 1973 1515 :
1996 1463 2302 1534 «Magnum
2317 1466 2401 1516 est
2412 1462 2637 1533 pietatis
2653 1467 3069 1517 sacramentum
3092 1463 3246 1534 quod
3258 1464 3497 1518 manife-

1863 1558 2075 1611 statum
2100 1561 2183 1610 est
2206 1555 2263 1610 in
2283 1572 2452 1610 carne
2475 1555 2521 1625 (Ι
2541 1558 2675 1611 Tim.
2702 1572 2782 1623 Ill,
2814 1556 2900 1626 l6)
2926 1577 2952 1604 ››
2976 1556 3122 1620 Quid
3142 1562 3260 1612 tam
3284 1557 3494 1627 glorio‘

1862 1667 1987 1704 sum
2039 1666 2215 1721 quam
2273 1654 2472 1703 contra
2523 1649 2783 1704 inimicos
2845 1649 3151 1704 nativitatis
3204 1656 3261 1705 et
3312 1651 3495 1705 crucis

1862 1743 2068 1801 Christi
2100 1760 2201 1814 pro
2230 1742 2341 1797 ﬁde
2372 1743 2703 1813 Evangelica
2743 1742 3058 1798 dimicare?
3088 1744 3166 1798 De
3201 1744 3361 1815 cujus
3387 1761 3491 1815 pu-

1862 1836 2086 1891 rissimo
2113 1836 2330 1890 lumine
2352 1835 2674 1906 invictaque
2703 1835 2904 1890 virtute
2929 1836 3075 1890 datis
3090 1837 3212 1907 jam
3236 1838 3308 1891 ad
3335 1841 3494 1892 tuam

1862 1930 2228 1985 dilectionem
2250 1928 2471 1997 litteris,
2501 1929 2639 2000 quid
2667 1928 2726 1983 in
2754 1932 2946 1983 nostro
2975 1934 3120 1984 esset
3140 1930 3311 1985 corde
3340 1935 3496 2001 pate-

1860 2022 2118 2092 fecimus,
2135 2039 2208 2077 ne
2236 2022 2307 2077 de
2328 2021 2435 2076 illis
2462 2038 2589 2093 qua
2614 2021 2929 2080 secundum
2959 2022 3279 2077 doctrinam
3301 2023 3497 2079 catho-

1862 2117 2029 2171 licam
2054 2116 2373 2183 didicimus,
2398 2119 2457 2170 et
2476 2116 2763 2184 docemus,
2786 2116 2999 2188 aliquid
3024 2116 3174 2172 inter
3190 2133 3297 2171 nos
3315 2117 3494 2172 videri

1864 2210 2037 2280 possit
2083 2210 2437 2281 ambiguum.
2493 2210 2637 2274 Quia
2686 2227 2816 2265 vero
2858 2214 2975 2264 tam
3019 2211 3226 2279 valida,
3276 2214 3331 2266 et
3374 2217 3493 2267 tam

1863 2306 2012 2358 clara
2041 2307 2175 2358 sunt
2216 2303 2544 2358 testimonia
2571 2303 2841 2371 veritatis,
2870 2306 2932 2357 ut
2969 2304 3140 2359 nimis
3183 2322 3364 2360 cacus
3406 2305 3493 2359 ni-

1864 2397 2085 2468 misque
2102 2397 2415 2452 obduratus
2430 2396 2725 2451 habendus
2736 2398 2826 2465 sit,
2842 2398 2938 2469 qui
2957 2398 3027 2452 ad
3047 2398 3496 2454 coruscationem

1864 2491 2006 2545 lucis
2032 2494 2204 2561 atque
2234 2490 2467 2544 rationis
2496 2507 2611 2544 non
2645 2491 2943 2545 confestim
2976 2509 3034 2546 se
3064 2510 3097 2546 a
3125 2493 3373 2547 tenebris
3398 2493 3498 2547 fal-

1864 2584 2042 2637 sitatis
2086 2584 2413 2650 excusserit,
2447 2583 2519 2637 ad
2558 2584 2865 2638 curandam
2909 2585 3308 2655 imperitorum
3339 2586 3494 2640 insa-

1864 2678 2038 2746 niam,
2058 2678 2231 2732 etiam
2254 2677 2543 2748 patientia
2560 2677 2819 2731 volumus
2837 2678 3109 2732 adhibere
3130 2679 3493 2746 medicinam,

1864 2775 1929 2825 ut
1954 2776 2217 2842 paternas
2251 2770 2666 2841 increpationes
2691 2771 2748 2825 hi
2781 2771 2878 2842 qui
2912 2772 2970 2826 in
3002 2778 3288 2828 senectute
3314 2774 3499 2828 carnis

1864 2881 1977 2919 sua
2008 2868 2202 2919 mente
2230 2871 2363 2918 sunt
2389 2864 2627 2935 parvuli,
2653 2864 2875 2919 discant
2899 2866 3130 2921 obedire
3160 2867 3495 2937 majoribus,

1866 2974 1929 3012 ac
1960 2958 2005 3011 si
2045 2959 2303 3029 deposita
2348 2957 2652 3030 imperitia
2692 2975 2808 3012 sua
2847 2960 3095 3014 vanitate
3135 2961 3495 3032 resipiscunt,

1865 3052 2137 3123 omnique
2164 3068 2355 3106 errore
2383 3053 2655 3107 damnato
2684 3050 3099 3121 fidem,‘veram
3128 3054 3500 3125 singularem-

1865 3162 1977 3217 que
2005 3146 2340 3216 suscipiunt,
2375 3146 2761 3202 misericordia
2786 3146 2999 3202 eisdem
3034 3148 3368 3219 episcopalis
3394 3149 3495 3202 be-

1865 3238 2202 3293 nevolentia
2220 3255 2334 3292 non
2362 3243 2624 3309 negetur,
2645 3256 2916 3295 mansuro
2935 3240 3150 3311 judicio
3180 3242 3330 3311 quod
3352 3258 3498 3313 pra-

1826 3392 1840 3403 ,
1864 3333 2047 3399 cessit,
2076 3333 2123 3387 si
2148 3332 2409 3403 impietas
2454 3334 2659 3389 merito
2685 3333 3067 3388 condemnata
3091 3334 3148 3387 in
3177 3350 3278 3388 sua
3303 3336 3493 3406 pravi-

1863 3429 1975 3481 tate
2022 3425 2353 3496 perstiterit.
2394 3427 2527 3480 Data
2576 3444 2608 3479 x
2655 3427 2935 3482 Kalendas
2982 3427 3239 3495 Augusti,
3272 3428 3496 3482 Asturio

1863 3524 1921 3575 et
1943 3522 2257 3591 Protogene
2296 3519 2641 3574 consulibus.

1864 3624 2098 3678 LXXVII.
2127 3654 2196 3663 —
2223 3626 2421 3679 Iterum
2449 3624 2524 3677 ad
2566 3624 2806 3708 eumdem
2846 3624 3495 3693 Constantinopolitanum

2513 3710 2836 3764 episcopum.

1932 3791 2119 3860 Auget
2138 3788 2577 3844 sollicitudinem
2603 3793 2855 3842 nostram
2879 3788 3231 3843 taciturnitas
3252 3793 3371 3858 tua,
3395 3790 3494 3860 qui

120 3903 181 3952 ei
212 3904 560 3952 cunctorum
590 3896 864 3964 ﬁdelium,
900 3896 971 3950 ita
1004 3896 1238 3950 demum
1269 3894 1379 3949 erit
1408 3895 1573 3964 plena
1597 3893 1763 3948 dem-
1855 3882 2077 3953 jamdiu
2125 3882 2283 3936 nulla
2327 3882 2641 3937 dilectionis
2691 3886 2805 3936 tua
2856 3881 3065 3953 scripta
3118 3883 3490 3953 suscepimus,

120 3994 228 4057 tio,
258 3993 305 4045 si
330 3992 388 4044 in
410 3990 500 4044 his
523 4006 651 4061 qua
682 4005 784 4060 per
812 3989 1043 4043 unicum
1071 3989 1170 4043 Dei
1190 3987 1393 4042 Filium
1422 3989 1603 4041 Deum
1629 3989 1760 4042 Ver-
1862 3992 1991 4029 cum
2030 3992 2137 4031 nos
2178 3992 2447 4031 curarum
2484 3979 2711 4030 tuarum
2756 3975 3060 4047 participes
3104 3993 3206 4046 pro
3230 3976 3362 4030 ﬁdei
3391 3976 3490 4030 de-

121 4088 284 4154 bum,
308 4101 416 4155 pro
443 4087 635 4137 nostra
662 4082 1054 4153 redemptione
1081 4086 1214 4136 sunt
1244 4085 1425 4152 gesta,
1445 4081 1587 4135 nihil
1607 4080 1760 4135 aliud
1861 4068 2115 4123 fensione
2146 4068 2364 4123 solliciti
2392 4069 2722 4139 frequenter
2764 4086 2869 4139 per
2905 4069 3224 4123 occasiones
3262 4070 3494 4124 idoneas

120 4180 431 4245 sentiatur,
454 4193 629 4248 quam
652 4176 810 4248 quod
836 4176 954 4247 ipse
980 4174 1276 4246 praedicari
1308 4175 1379 4229 de
1410 4191 1468 4229 se
1487 4175 1677 4245 jussit,
1707 4179 1764 4228 et
1863 4163 1933 4217 ad
1959 4162 2321 4218 dilectionem
2346 4167 2507 4216 tuam
2537 4161 2749 4216 litteras
2780 4162 3123 4233 miserimus,
3150 4168 3210 4217 ut
3233 4162 3493 4217 adhorta-

116 4273 303 4328 πεδί,
351 4272 511 4326 unde
554 4270 809 4341 quamvis
850 4269 922 4323 ad
963 4268 1118 4322 diem
1165 4268 1391 4322 cunciiii
1434 4268 1764 4339 episcopalis
1864 4256 2084 4310 tionum
2109 4261 2435 4311 nostrarum
2461 4256 2942 4310 consolationibus
2978 4260 3033 4310 te
3052 4257 3401 4327 juvaremus,
3432 4261 3496 4311 ut

115 4382 299 4437 quem
349 4366 528 4435 pietas
571 4366 757 4417 vestra
801 4362 1094 4418 constituit
1135 4378 1433 4416 occurrere
1477 4378 1568 4415 me
1616 4362 1761 4416 ratio
1865 4350 2314 4404 adversariorum
2339 4349 2583 4404 stimulis
2610 4367 2713 4420 pro
2738 4349 2869 4404 ﬁdei
2899 4349 3233 4406 defensione
3259 4368 3376 4406 non
3400 4368 3491 4405 ce-

117 4460 281 4513 ,mua
329 4457 641 4529 permittat,
673 4472 803 4510 cum
858 4472 961 4510 nec
1007 4456 1194 4526 aiiqua
1233 4472 1301 4509 ex
1353 4455 1458 4509 hoc
1503 4455 1762 4526 exempla
1865 4442 2050 4511 deres,
2076 4459 2206 4496 cum
2239 4442 2441 4496 laboris
2474 4442 2553 4496 tui
2582 4442 2884 4513 participes
2909 4459 3009 4497 nos
3034 4444 3324 4513 probares.
3346 4444 3492 4499 Olim

114 4550 543 4622 praecesserint,
575 4554 633 4605 et
669 4549 1002 4620 temporalis
1042 4549 1343 4604 necessitas
1380 4565 1473 4602 me
1504 4565 1619 4603 non
1657 4565 1757 4620 pa-
1782 4556 1840 4628 D
1863 4535 1936 4588 ad
1960 4535 2374 4589 fraternitatem
2406 4539 2562 4590 tuam
2594 4539 2816 4589 nostros
2844 4536 3129 4590 credimus
3147 4537 3491 4607 pervenisse,

110 4648 303 4699 tiatur
330 4644 596 4699 deserere
632 4643 941 4709 civitatem,
972 4642 1288 4713 prasertim
1327 4658 1456 4696 cum
1498 4647 1612 4696 tam
1647 4642 1759 4696 evi-
1864 4646 1969 4699 Per
1998 4645 2138 4699 quos
2176 4628 2401 4699 Plenius
2443 4628 2686 4699 Scriptis,
2714 4628 3106 4699 mandatisque
3157 4629 3360 4683 ηοδῑτίδ
3405 4630 3493 4683 ίη·

104 4740 258 4793 dens
292 4738 431 4792 fidei
462 4754 631 4792 causa
670 4737 761 4803 sit,
796 4740 858 4790 ut
888 4735 1249 4790 rationalibus
1293 4735 1471 4790 causis
1507 4737 1576 4789 ab
1614 4736 1759 4791 indi-
1866 4725 2140 4776 δίνηοῐυῐη
2184 4727 2236 4776 te
2277 4738 2398 4775 esse
2440 4722 2673 4790 retines:
2702 4727 2757 4777 εἴ
2799 4722 3065 4776 Βθδῧίυπι
3093 4721 3165 4775 ad
3202 4726 3259 4776 te
3288 4722 3371 4791 (ιιι
3400 4740 3491 4776 νο·

102 4833 309 4888 renda
333 4831 550 4902 synodo
566 4830 1196 4894 fuissetabstinendum,
1211 4832 1406 4884 tamen
1424 4829 1761 4900 inquantum

1865 4818 2067 4886 lueras)
2093 4815 2199 4887 ipsi
2218 4815 2560 4870 remisimus.
2579 4817 2737 4871 Nunc
2753 4833 2824 4869 ne
2840 4815 3023 4887 aliqua
3046 4816 3496 4887 pratermissum

102 4925 611 4993 nominusjuvare
625 4923 1100 4995 dignaturmeum
1117 4922 1366 4977 studium
1383 4923 1760 4990 commodavi,
1867 4910 2161 4963 occasione
2190 4915 2243 4963 te
2270 4908 2548 4975 οῖ’θάθΐεεν
2574 4926 2677 4980 Per
2700 4908 2882 4962 ﬁlium
2910 4912 3172 4963 nostrum
3198 4910 3497 4965 honombi'

98 5024 167 5072 ut
205 5017 544 5072 clementia
566 5022 770 5071 vestra
815 5015 1039 5071 statutis
1077 5016 1439 5086 aliquatenus
1476 5019 1761 5086 pareatur,

94 5111 407 5166 ordinatis
436 5110 569 5165 hinc
594 5110 868 5165 fratribus
893 5109 1036 5163 meis
1065 5126 1192 5180 qua
1224 5109 1592 5180 amputandis
1612 5126 1761 5164 scan-

1866 5096 2147 5165 dedimus,
2182 5101 2245 5150 ut
2295 5099 2409 5149 tota
2452 5096 2739 5150 celeritate
2784 5096 2854 5151 ad
2910 5096 3118 5168 scripta
3164 5101 3361 5152 nostra
3405 5115 3495 5151 re-

91 5206 281 5271 dalis,
316 5220 426 5275 pro
464 5221 645 5258 causa
698 5204 966 5274 aquitate
1013 5202 1315 5271 sufﬁciant,
1356 5202 1567 5274 quique
1613 5220 1761 5273 pra-
1866 5190 2162 5261 spondeas,
2195 5206 2412 5261 nosque
2454 5188 2693 5243 subinde
2732 5189 2801 5245 de
2845 5189 2956 5244 mis
3000 5190 3239 5259 acubus:
3272 5196 3495 5245 Ποδίτο·

89 5300 325 5356 ςειιιίω
356 5315 506 5352 ωερε
537 5298 816 5369 impleant
844 5296 1045 5362 vicem,
1074 5296 1207 5368 quia
1233 5313 1346 5351 non
1376 5297 1500 5351 talis
1528 5297 1763 5368 quaestio
1866 5300 2125 5355 rumque,
2157 5288 2213 5338 et
2244 5283 2314 5338 de
2343 5283 2515 5338 totius
2557 5299 2744 5338 causa
2789 5283 3142 5339 absolutione
3173 5283 3346 5338 facias
3373 5300 3496 5337 cer-

86 5399 231 5448 orta
262 5397 382 5458 est,
415 5391 565 5446 unde
610 5396 708 5445 aut
748 5391 943 5462 possit,
967 5395 1065 5445 aut
1090 5390 1294 5445 debeat
1331 5390 1597 5445 dubitari.
1630 5392 1761 5445 Data

1866 5377 2056 5443 tiores,
2079 5382 2141 5432 ut
2166 5376 2603 5432 sollicitudinem
2635 5394 2810 5448 quam
2840 5394 2992 5432 nunc
3022 5393 3124 5448 pro
3150 5376 3280 5431 ﬁdei
3307 5376 3499 5430 defen-

88 5503 169 5542 ιιι
207 5470 525 5539 Kalendas
549 5483 699 5550 Julii,
730 5485 958 5539 Asturio
993 5490 1049 5539 et
1074 5486 1390 5553 Protogene
1422 5483 1761 5538 consulibus.
1867 5470 2026 5525 είουθ
2039 5469 3499 5541 gerimus:PTOSPBI‘iOI‘ibusnuntiismomamus-Data

164 5579 416 5634 LXXVI.
464 5608 531 5617 —
582 5578 839 5646 Ejusdm
882 5578 958 5632 ad
998 5579 1322 5632 Flavianum
1369 5579 1692 5647 episcopum,
1871 5579 1927 5618 III
1954 5563 2084 5618 Idus
2110 5563 2369 5634 Augusti,
2395 5565 2619 5620 Asturio
2650 5570 2706 5620 et
2730 5567 3051 5634 Protogene
3080 5562 3422 5618 consulibus.

162 5671 474 5727 Profectis
497 5671 617 5741 jam
663 5671 891 5740 nostris,
921 5687 1064 5742 quos
1090 5671 1161 5741 ad
1190 5686 1284 5723 vos
1318 5669 1378 5723 in
1424 5669 1558 5724 ﬁdei
1598 5686 1767 5724 causa
2109 5669 2372 5724 LXXVIII.
2402 5700 2469 5708 —
2500 5669 2593 5724 Ad
2617 5671 2815 5726 clerum
2841 5676 2891 5725 et
2913 5669 3126 5740 plebem
3152 5670 3251 5727 ΟΡ.

70 5766 462 5829 direximus,
488 5780 591 5835 per
610 5764 790 5819 ﬁlium
812 5770 1074 5819 nostrum
1103 5764 1404 5819 diaconum
1425 5762 1635 5834 scripta
1653 5768 1766 5819 tua
1938 5762 2047 5817 1.Εο
2096 5768 2153 5817 et
2207 5765 2399 5817 sancta
2447 5763 2695 5833 synodus
2738 5779 2865 5833 qua
2914 5763 2970 5817 in
3014 5763 3161 5818 Urbe
3210 5764 3497 5831 convenit,

66 5857 450 5915 dilectionis
480 5857 821 5932 accepimus,
850 5858 1054 5933 quibus
1091 5857 1292 5915 merito
1330 5872 1535 5931 parum
1566 5856 1635 5913 de
1664 5873 1763 5911 ne—
1869 5856 2037 5911 cleris
2067 5856 2376 5924 honoratis,
2406 5860 2463 5910 et
2489 5856 2637 5927 plebi
2665 5856 3322 5926 Constantinopolitana.

1868 5004 1977 5056 lem
1995 5007 2051 5057 et
2069 5003 2377 5057 amabilem
2397 5003 2561 5057 nobis
2579 5003 2762 5057 virum
2793 5003 3030 5058 Esitium
3058 5004 3205 5058 hanc
3228 5004 3496 5075 paginam
