4062 6188
632 315 727 365 sm?

1510 303 1792 358 ΑΙΨΕΜ).
1835 304 1921 357 ΑΙ)
1959 304 2120 357 Siti.
2166 300 2247 354 IX.

2392 299 2634 354 ISIDURI
2676 300 3099 355 llEltCA'l‘URlS
3812 312 3891 361 ms

706 418 763 471 ln
778 414 1037 471 notitiam
1059 415 1332 477 nostram,
1349 427 1477 482 qua
1494 409 1697 482 Ephesi
1718 416 1910 465 contra
1923 410 2256 481 opinionem
2277 419 2336 491 Α
2356 425 2389 463 a
2418 413 2570 465 tanto
2599 409 2810 465 scelere
2839 408 3089 479 indignis
3112 407 3337 479 injuriis
3364 410 3676 481 subjaceres,
3695 418 3740 468 et
3758 415 3894 470 furori

628 510 885 566 omnium
932 509 1065 561 sunt
1106 509 1251 572 acta,
1279 504 1549 577 pralatis,
1584 519 1797 575 magno
1843 503 2103 558 animum
2147 520 2254 559 no-

626 609 742 658 stru
753 619 806 656 ιιι
820 602 1068 656 fatemur
1079 614 1319 654 maerore
1336 598 1657 667 confusum,
1674 613 1776 652 nec
1790 600 2014 651 tantum
2033 596 2258 652 licuisse

628 694 914 767 iniquitati
944 693 1104 748 facile
1130 691 1511 763 potuissemus
1553 689 1808 759 credere,
1836 690 1944 744 nisi
1976 690 2125 744 ﬁlius
2157 707 2254 744 no-

629 796 743 846 ster
770 788 1008 844 Hilarius
1051 786 1346 853 diaconus,
1374 785 1475 858 qui
1504 801 1537 839 a
1561 783 1727 840 nobis
1751 783 1869 839 vice
1904 787 2101 840 nostra
2128 800 2258 840 cum

630 883 773 951 aliis,
807 886 871 937 ut
911 882 1212 936 interesset
1255 878 1489 951 synodo,
1541 877 1746 933 missus
1785 878 1990 945 fuerat,
2033 877 2260 950 fugiens

630 976 969 1042 revertisset,
997 972 1288 1029 declinans
1324 971 1532 1043 injuste
1573 971 1855 1043 particeps
1881 987 1998 1027 esse
2029 974 2256 1026 senten-

630 1069 744 1123 tia.
780 1068 1002 1139 Quippe
1033 1081 1165 1121 cum
1204 1081 1307 1120 vox
1337 1063 1450 1119 illic
1478 1081 1512 1118 a
1548 1062 1754 1119 nostris
1799 1063 2260 1120 contradictionis

632 1163 837 1219 emissa
869 1162 960 1231 sit,
990 1175 1167 1232 quam
1197 1157 1616 1214 Alexandrinus
1656 1158 1911 1228 antistes,
1939 1158 2037 1229 qui
2073 1161 2259 1213 totum

632 1258 786 1311 solus
805 1253 1076 1327 potentia
1102 1269 1219 1308 sua
1239 1250 1564 1317 vindicavit,
1591 1250 1787 1306 audire
1813 1251 2178 1323 contempsit,
2202 1250 2259 1307 in

633 1349 979 1406 consortium
1024 1364 1137 1401 sua
1178 1345 1480 1402 voluntatis
1526 1344 1728 1399 invitos
1786 1345 2127 1417 protrahens
2172 1361 2255 1399 sa-

633 1443 911 1512 cerdotes,
940 1445 1005 1496 ut
1048 1457 1151 1512 per
1175 1440 1289 1495 vim
1318 1438 1494 1494 coacti
1536 1438 1969 1506 subscriberent,
2001 1439 2097 1510 qui
2141 1439 2263 1492 nul-

632 1539 747 1593 lam
763 1534 1150 1592 damnationis
1170 1549 1402 1589 causam
1413 1532 1630 1587 idonea
1648 1532 2008 1603 reperissent.
2031 1532 2141 1587 Sed
2161 1533 2262 1587 hos

630 1647 798 1686 ausus
846 1630 939 1701 pio
980 1632 1036 1684 et
1076 1625 1563 1683 Christianissimo
1608 1624 1853 1696 principi
1899 1625 2258 1692 conﬁdimus,

627 1723 863 1780 minime
899 1720 1234 1794 placituros.
1284 1720 1444 1773 Nunc
1488 1717 1622 1790 quia
1661 1718 1963 1772 Ecclesiam
2015 1722 2261 1773 vestram

630 1817 737 1872 hac
786 1815 1005 1870 ratione
1059 1811 1430 1885 cognovimus
1477 1810 1830 1882 dissipatam,
1881 1786 2338 1867 consolandosB

627 1909 1123 1981 adhortandosque
1150 1923 1246 1961 vos
1275 1922 1397 1961 esse
1441 1904 1725 1960 credimus
1758 1904 1964 1959 nostris
1992 1904 2259 1976 epistolis,

628 2007 693 2059 ut
706 2020 811 2075 pro
829 2001 1118 2058 catholica
1132 1999 1268 2054 ﬁdei
1283 1998 1611 2054 defensione
1627 1996 1975 2070 perfidorum
1996 1998 2263 2070 nequitia

632 2096 922 2153 resistatis.
965 2096 1241 2149 Nolumus
1289 2092 1445 2147 enim
1487 2091 1851 2148 dilectionem
1878 2096 2121 2147 vestram
2158 2094 2263 2147 hoc

632 2206 879 2246 maerore
907 2187 1157 2261 percelli,
1183 2202 1313 2241 cum
1352 2184 1541 2255 major
1571 2184 1752 2256 gloria
1785 2190 1967 2240 vestra
1992 2186 2259 2241 subsecu-

634 2290 762 2339 tura
809 2280 1183 2337 constantiam
1228 2279 1273 2334 si
1323 2296 1356 2333 a
1398 2278 1678 2349 probabili
1739 2279 2030 2334 sacerdote
2080 2283 2263 2335 vestro

636 2378 803 2434 nulla
847 2375 1020 2430 mina
1047 2391 1143 2429 vos
1180 2373 1339 2428 nulla
1381 2372 1630 2427 formido
1660 2372 1973 2428 divulserit.
2004 2373 2264 2445 Quisquis

632 2472 787 2528 enim
829 2471 1103 2528 incolumi
1136 2473 1306 2542 atque
1351 2467 1653 2542 superstite
1702 2466 1961 2522 Flaviano
1999 2469 2264 2539 episcopo

630 2571 812 2623 vestro
836 2565 1216 2622 sacerdotium
1246 2565 1369 2636 ejus
1391 2563 1562 2619 fuerit
1592 2578 1762 2618 ausus
1789 2561 2081 2630 invadere,
2112 2578 2260 2616 nun-

631 2677 799 2733 quam
830 2660 889 2715 in
929 2658 1336 2714 communione
1379 2662 1574 2713 nostra
1620 2655 1945 2721 habebitur,
1976 2670 2079 2709 nec
2116 2655 2266 2709 inter

633 2754 926 2826 episcopos
970 2752 1180 2824 poterit
1218 2751 1531 2806 numerari.
1580 2750 1691 2804 Nos
1717 2748 1871 2803 enim
1897 2748 2041 2803 sicut
2066 2748 2261 2803 Nesto-

632 2848 782 2901 rium
833 2846 892 2900 in
944 2862 1047 2900 sua
1102 2844 1469 2916 perversitate
1525 2841 2139 2908 anathematizavimus,
2184 2842 2265 2897 ita

634 2956 732 2993 eos
774 2938 873 3010 qui
917 2938 1221 2992 veritatem
1267 2936 1454 2991 carnis
1497 2939 1704 2990 nostra
1746 2936 1804 2989 in
1851 2935 2091 2990 Domino
2136 2937 2264 2990 Jesu

630 3031 851 3087 Christo
917 3031 1223 3103 denegant,
1274 3031 1396 3101 pari
1459 3028 1839 3084 exsecratione
1901 3028 2264 3086 damnamus.

2358 502 2534 574 impio
2562 502 2832 558 militibus
2871 506 3150 574 quantum
3196 502 3491 557 didicimus
3536 505 3780 576 armisque
3806 509 3892 561 suf-

2360 599 2496 653 fulto
2537 596 2818 652 contraire
2850 612 2961 650 non
3001 612 3213 668 posses.
3260 596 3396 661 Quia
3441 614 3568 668 ergo
3606 601 3823 671 prorupit
3853 604 3894 656 in

2360 697 2555 763 aptum
2602 690 2844 762 perﬁdia
2880 706 3007 761 qua
3049 690 3283 759 latebat,
3312 695 3370 744 et
3410 692 3465 744 in
3508 692 3893 749 nefandissimam

2360 785 2623 840 haresim
2653 784 2819 839 unius
2854 782 3268 855 imperitissimi
3307 783 3453 839 senis
3488 787 3692 840 assecla
3714 791 3891 841 transie-

2358 882 2513 945 runt,
2530 884 2753 950 tempus
2770 876 3116 949 probationis
3133 881 3342 933 nostra
3355 878 3619 934 debemus
3635 895 3893 949 agnoscere,

2360 979 2415 1029 et
2435 977 2632 1028 contra
2660 972 2910 1043 impetus
2935 972 3362 1027 adversantium
3386 972 3766 1028 munitionibus
3783 976 3895 1028 coale-

2360 1067 2535 1122 stibus
2546 1067 2675 1121 freti
2686 1065 3226 1120 incommutabiliter
3237 1065 3444 1121 animis
3453 1067 3783 1122 constantiam
3796 1084 3894 1139 pra-

2360 1176 2578 1233 parare.
2609 1159 2852 1225 Scimus,
2879 1158 3057 1213 frater
3080 1158 3428 1227 cbarissime,
3454 1160 3582 1231 quia
3620 1170 3894 1216 sacramento

2361 1270 2585 1325 magna
2610 1252 2833 1325 pietatis
2864 1269 2981 1307 sua
3006 1252 3191 1307 aderit
3215 1252 3407 1307 divina
3430 1255 3705 1325 protectio.
3733 1254 3778 1309 Si
3799 1256 3893 1326 quid

2362 1348 2537 1419 igitur
2577 1346 2915 1403 fraternitati
2974 1350 3087 1401 tua
3134 1346 3205 1402 de
3259 1346 3450 1419 impiis
3495 1348 3895 1403 constitutionibus

2362 1442 2536 1497 fuerit
2574 1441 2885 1512 ingestum,
2917 1444 3298 1511 protestamur
3325 1441 3539 1513 pariter
3570 1458 3626 1496 ac
3652 1457 3893 1506 monemus,

2364 1553 2435 1592 ne
2464 1536 2550 1592 vel
2589 1535 2646 1590 in
2690 1534 3053 1590 damnatione
3091 1534 3281 1589 fratris
3316 1534 3576 1602 insontis,
3600 1534 3679 1589 vel
3711 1536 3759 1590 in
3791 1551 3893 1589 rece-

2362 1630 2555 1701 ptione
2582 1628 2780 1683 nefarii
2806 1627 3084 1697 dogmatis
3110 1643 3452 1682 consensum
3477 1627 3895 1684 tuicordisimmis-

2362 1740 2504 1778 ceas.
2549 1721 2727 1792 Major
2760 1724 2844 1775 est
2883 1720 3039 1775 enim
3083 1719 3180 1791 qui
3226 1720 3284 1775 in
3332 1720 3498 1775 nobis
3539 1725 3639 1787 est,
3664 1737 3804 1792 quam
3831 1721 3893 1791 qui

2363 1818 2628 1871 adversus
2657 1830 2781 1869 nos.
2811 1814 3081 1869 Annitere
3119 1813 3306 1884 potius
3343 1818 3614 1885 quantum
3642 1819 3689 1868 te
3709 1814 3801 1884 ipse
3830 1830 3893 1867 na-

2361 1915 2505 1965 tura
2532 1912 2741 1963 nostra
2785 1911 3074 1978 susceptor
3119 1911 3176 1961 et
3217 1907 3567 1978 gloriﬁcator
3598 1907 3838 1978 adjuven't,
3857 1912 3894 1959 ut

2361 2003 2619 2059 omnium
2644 2002 2883 2057 fratrum
2903 1983 3238 2056 nostrorum
3266 2001 3443 2056 corda
3478 2001 3763 2056 conﬁrmes.
3785 2000 3894 2054 Nobis

2364 2098 2516 2151 enim
2548 2096 2620 2151 ab
2646 2094 2949 2165 Evangelio
2981 2093 3363 2165 generationis
3391 2100 3452 2149 et
3476 2095 3668 2149 mortis
3691 2111 3745 2148 ac
3768 2109 3896 2148 resur-

2366 2191 2627 2245 rectionis
2657 2188 2883 2244 Domini
2909 2189 3037 2242 Jesu
3063 2187 3270 2243 Christi
3308 2189 3631 2244 nullatenus
3661 2186 3896 2241 recedenti-

2363 2284 2486 2351 bus,
2516 2282 2984 2338 diffinitissimum
3012 2286 3097 2336 est
3122 2282 3180 2336 in
3211 2286 3422 2337 nostra
3450 2282 3816 2338 communionis
3833 2296 3900 2334 nu-

2364 2394 2521 2433 mero
2550 2393 2666 2432 non
2695 2376 2915 2431 futuros
2941 2391 3040 2430 eos
3067 2376 3165 2447 qui
3205 2379 3490 2431 conantur
3518 2376 3743 2446 antiqua
3764 2374 3897 2428 catho-

2364 2472 2483 2525 lica
2509 2470 2640 2525 fidei
2672 2469 3045 2525 fundamenta
3071 2468 3411 2525 convellere.
3444 2471 3575 2524 Data
3599 2485 3654 2525 ιιι
3679 2468 3901 2524 ldusOcto-

2364 2564 2499 2635 bris,
2532 2563 2758 2619 Asturio
2786 2566 2845 2617 et
2873 2564 3182 2633 Protogene
3208 2562 3555 2618 consulibus.

2367 2672 2555 2726 LXXX.
2587 2702 2655 2710 —
2695 2673 2823 2725 Item
2866 2669 3106 2739 ejusdem
3146 2669 3221 2723 ad
3264 2670 3619 2725 Theodosium
3660 2671 3901 2739 Augustum.

2436 2767 2541 2819 Pro
2581 2765 2903 2835 integritate
2948 2761 3078 2817 ﬁdei
3126 2762 3419 2818 catholica
3460 2762 3902 2817 Christianissimum

2367 2859 2683 2930 principem
2705 2856 2965 2912 convenit
2992 2873 3110 2911 esse
3137 2856 3468 2923 sollicitum,
3491 2861 3547 2912 et
3574 2857 3671 2912 hoc
3692 2854 3904 2911 indefessis
3984 2882 3987 2930 ἐ

2366 2952 2628 3023 precibus
2678 2950 2926 3006 divinam
2983 2944 3439 3005 misericordiam
3487 2968 3667 3023 posco,
3712 2952 3761 3003 ut
3799 2945 3903 3001 cordi

2365 3052 2553 3101 vestro
2579 3044 2637 3100 id
2665 3045 2814 3117 quod
2854 3048 2942 3099 est
2966 3044 3220 3099 veritatis
3249 3044 3519 3116 inspiret,
3545 3061 3714 3117 neque
3737 3041 3826 3097 falli
3843 3056 3904 3092 vos

632 3128 784 3181 State
813 3125 990 3196 igitur
1016 3124 1075 3180 in
1100 3123 1301 3195 spiritu
1338 3122 1632 3178 catholica
1660 3122 1927 3191 veritatis,
1960 3125 2018 3177 et
2041 3127 2262 3195 aposto-

2368 3140 2423 3194 in
2449 3139 2637 3211 aliquo
2666 3139 3046 3193 humanarum
3088 3137 3468 3194 calliditatum
3509 3137 3817 3193 amulatione
3841 3149 3901 3205 pa-

630 3221 795 3275 licam
825 3217 1280 3274 cohortationem
1312 3216 1627 3272 ministerio
1660 3216 1828 3271 vestri
1861 3216 1977 3272 oris
2006 3216 2262 3288 accipite,

633 3334 660 3364 ‹‹
684 3313 819 3386 quia
833 3312 989 3368 vobis
1016 3311 1287 3366 donatum
1315 3313 1419 3378 est,
1442 3326 1547 3382 pro
1576 3309 1799 3366 Christo
1828 3326 1946 3365 non
1974 3311 2180 3377 solum,
2203 3314 2267 3365 ut

634 3408 690 3462 in
729 3423 862 3462 eum
902 3404 1164 3472 credatis,
1195 3404 1294 3461 sed
1342 3404 1516 3459 etiam
1566 3409 1627 3459 ut
1672 3420 1779 3475 pro
1828 3403 1923 3458 illo
1967 3404 2265 3474 patiamini

630 3501 790 3556 ‘Phil.
834 3517 871 3566 ι,
909 3499 1020 3570 29).
1070 3517 1096 3550 »
1145 3497 1327 3553 Nolite
1369 3497 1656 3565 arbitrari,
1700 3497 2068 3565 dilectissimi,
2113 3498 2267 3570 quod

634 3597 845 3649 sancta
882 3590 1140 3648 Ecclesia
1180 3608 1297 3646 sua
1337 3590 1498 3660 desit,
1530 3593 1629 3645 aut
1658 3590 1925 3646 defutura
1967 3591 2039 3645 sit
2078 3592 2269 3647 divina

634 3686 932 3759 protectio.
961 3684 1316 3757 Splendescit
1343 3683 1497 3739 enim
1524 3684 1655 3739 ﬁdei
1691 3684 1927 3755 puritas,
1957 3701 2087 3739 cum
2106 3685 2176 3739 ab
2202 3703 2268 3740 ea

632 3780 827 3836 sordes
847 3781 1186 3851 separantur
1211 3794 1495 3833 errorum.
1521 3778 1682 3833 Unde
1703 3778 1913 3833 iterum
1942 3778 2270 3849 iterumque

632 3891 730 3930 vos
756 3876 890 3928 ante
917 3874 1283 3945 conspectum
1323 3870 1553 3927 Domini
1593 3871 1943 3927 obtestamur
1973 3871 2184 3943 pariter
2213 3877 2271 3928 et

632 3983 955 4037 monemus,
986 3971 1053 4021 ut
1078 3984 1112 4022 a
1136 3966 1248 4022 ﬁde
1290 3965 1347 4020 in
1387 3981 1498 4036 qua
1528 3964 1753 4020 fundati
1788 3964 1942 4035 estis,
1974 3969 2032 4020 et
2070 3964 2128 4019 in
2157 3982 2270 4036 qua

632 4060 1178 4117 Christianissimum
1226 4058 1545 4131 principem
1594 4058 1860 4113 novimus
1908 4074 2267 4130 permanere,

636 4171 749 4209 non
776 4154 1019 4220 insidiis,
1052 4150 1169 4209 non
1194 4153 1534 4223 cujusquam
1562 4151 2023 4223 persuasionibus
2049 4169 2270 4208 movea-

638 4247 797 4312 mini,
853 4246 951 4301 sed
998 4246 1055 4301 in
1108 4262 1413 4316 personam
1461 4244 1709 4316 episcopi
1756 4245 1926 4300 vestri
1989 4245 2151 4301 illum
2214 4247 2271 4301 in

637 4339 820 4394 cordis
863 4340 1042 4394 oculis
1090 4338 1368 4405 habeatis,
1402 4354 1507 4408 pro
1562 4354 1678 4408 quo
1720 4338 1876 4393 idem
1924 4340 2119 4395 omnia
2157 4340 2271 4411 pati

636 4449 765 4505 qua
821 4431 1033 4488 fuerint
1070 4431 1247 4500 illata,
1293 4448 1410 4487 non
1457 4431 1701 4499 metuit;
1734 4432 1895 4504 cujus
1938 4449 2041 4504 per
2077 4434 2273 4489 omnia

2367 3234 2558 3287 tiatur.
2602 3237 2646 3287 A
2688 3249 2779 3287 me
2829 3235 3020 3286 autem
3070 3235 3241 3303 atque
3280 3232 3351 3286 ab
3401 3233 3660 3288 omnibus
3695 3228 3904 3285 catholicis
3984 3230 3985 3293 ι

2368 3325 2750 3381 sacerdotibus
2776 3342 2904 3396 qua
2917 3324 3191 3396 angelica
3209 3324 3339 3381 ﬁdei
3358 3326 3546 3397 pietas
3570 3323 3809 3390 defendat,
3819 3318 3904 3373 satis

2367 3420 2535 3491 plene
2559 3436 2623 3474 ac
2652 3418 2840 3474 lucide
2883 3418 3088 3473 litteris
3131 3419 3272 3474 meis
3319 3436 3469 3491 quas
3517 3417 3824 3475 clementiam
3844 3428 3903 3465 νει
3982 3430 3983 3497 ι

2367 3517 2537 3567 stram
2560 3512 2903 3584 jamdudum
2925 3529 3028 3583 per
3046 3513 3325 3566 famulum
3342 3517 3595 3568 vestrum
3615 3507 3902 3584 Epiphaniam

2370 3607 2682 3673 tribunum,
2718 3607 2814 3678 qui
2859 3622 2961 3677 pro
3005 3606 3109 3660 hac
3157 3622 3324 3661 causa
3368 3606 3581 3661 missus
3618 3610 3710 3670 est,
3733 3602 3905 3657 arbitror

2366 3699 2663 3771 accepisse.
2715 3700 2922 3754 flatum
2968 3704 3070 3765 est,
3104 3715 3210 3753 nec
3254 3699 3479 3771 ambigi
3519 3702 3695 3771 potest
3731 3697 3811 3751 hoc
3841 3707 3903 3746 nos

2367 3792 2668 3865 purissime
2720 3793 2969 3858 credere,
3014 3793 3122 3847 hoc
3165 3796 3502 3849 constanter
3545 3807 3765 3848 asserere
3807 3784 3904 3858 quod

2368 3887 2539 3942 etiam
2564 3886 2872 3941 venerandi
2900 3892 3091 3957 patres
3114 3888 3407 3958 quondam
3437 3888 3588 3959 apud
3608 3887 3807 3941 Nicaeam
3820 3894 3904 3933 con-

2370 3980 2588 4051 gregati
2610 3979 2925 4034 secundum
2954 3979 3123 4034 fidem
3154 3981 3401 4051 symboli
3427 3980 3754 4037 credendum
3769 3981 3903 4031 etcen-

2369 4073 2646 4129 titendum
2691 4073 3064 4129 sacratissima
3124 4075 3465 4131 auctoritate
3520 4073 3803 4129 sanxerunt.
3838 4067 3905 4120 {ius

2371 4168 2546 4236 enim,
2574 4166 2908 4222 venerabilis
2950 4168 3281 4238 imperator,
3321 4169 3472 4224 sicut
3514 4166 3730 4223 Nestorii
3765 4164 3904 4231 dogtm

2369 4277 2696 4331 perversum
2768 4260 2968 4315 merito
3035 4262 3647 4325 anathematizavimus,
3704 4261 3766 4313 ita
3806 4255 3901 4323 jlm'f

2372 4355 2543 4409 etiam
2562 4355 2765 4409 horum
2784 4354 3136 4425 impietatem
3157 4355 3253 4424 qui
3269 4355 3573 4410 veritatem
3591 4352 3755 4409 carnis
3766 4350 3904 4403 nostra

2373 4451 2585 4519 negant
2612 4465 2646 4502 a
2670 4448 2908 4503 Domino
2929 4449 3059 4503 Jesu
3083 4448 3302 4503 Christo
3333 4455 3650 4521 susceptam
3679 4460 3774 4501 esse
3793 4441 3901 4493 dam-

638 4527 951 4583 imitatores
979 4543 1076 4581 VOS
1103 4542 1224 4581 8888
1248 4525 1531 4598 cupimus,
1563 4528 1625 4580 ut
1646 4542 1957 4582 commune
1994 4544 2122 4582 cum
2148 4526 2271 4599 ipso
2291 4531 2350 4602 D
2375 4558 2596 4596 namus.
2632 4542 2788 4595 Unde
2818 4541 2861 4595 si
2894 4541 3069 4611 pietas
3100 4545 3284 4595 vestra
3309 4542 3659 4613 suggesﬁoni
3681 4556 3735 4593 ac

637 4621 936 4693 pramium
965 4619 1096 4676 ﬁdei
1132 4620 1343 4675 habere
1382 4620 1627 4691 possitis.
1662 4621 1806 4676 Data
1833 4621 1964 4677 ldus
1993 4620 2268 4690 Octobris,

638 4716 863 4770 Asturio
894 4720 951 4770 et
980 4716 1293 4786 Protogene
1321 4713 1667 4770 consulibus.

640 4886 852 4941 LXXIX.
885 4916 953 4925 -—
978 4887 1108 4941 Item
1149 4889 1247 4942 Leo
1269 4902 1422 4956 papa
1458 4887 1533 4941 ad
1574 4888 1929 4941 Anastasium
1970 4888 2271 4956 episcopum

1190 4958 1717 5013 Thessalonicensem.

707 5092 997 5156 Quantum
1026 5092 1299 5148 relatione
1330 5091 1524 5147 Hilarii
1553 5091 1777 5146 diaconi
1805 5093 1989 5147 nostri
2010 5091 2273 5163 cognovi-

640 5202 785 5251 mus,
814 5202 1091 5257 magnnm
1110 5185 1331 5241 facinus
1352 5185 1737 5242 Alexandrino
1759 5185 2027 5257 episcopo
2042 5189 2271 5240 auctore

640 5279 724 5333 vel
753 5281 1086 5334 cxsecutore
1129 5280 1498 5334 commissum
1531 5283 1635 5346 est,
1665 5282 1727 5333 ut
1758 5279 1893 5334 dum
1936 5280 1993 5334 in
2030 5278 2269 5334 fratrem

638 5377 899 5429 nostrum
941 5373 1290 5443 Flavianum,
1323 5379 1543 5429 veteres
1588 5372 2003 5438 amulationes,
2045 5374 2102 5425 et
2144 5370 2273 5426 odia

638 5466 857 5536 privata
890 5467 1225 5537 desaviunt,
1252 5483 1356 5522 nec
1393 5466 1733 5521 innocentia
1776 5464 2155 5537 probatissimi
2182 5481 2267 5519 sa-

638 5560 900 5629 cerdotis,
957 5578 1061 5615 nec
1124 5560 1463 5618 Christiana
1516 5559 1644 5614 ﬁdei
1707 5561 2054 5630 parceretur.
2110 5558 2269 5613 Unde

640 5653 887 5708 multum
919 5654 1205 5710 dilectioni
1254 5659 1366 5709 tua
1409 5653 1903 5724 congratulamur,
1935 5652 2085 5722 quod
2113 5656 2168 5707 te
2197 5652 2270 5706 ad

638 5744 788 5797 illam
823 5747 1101 5815 synodum
1131 5747 1211 5801 ire
1237 5746 1562 5817 cupientem
1610 5745 1944 5816 opportunis
1971 5744 2269 5801 obstaculis

634 5850 831 5890 manus
855 5837 1043 5892 divina
1074 5839 1338 5895 obtinuit.
1374 5841 1452 5895 Ne
1479 5838 1839 5894 abstenturus
1868 5839 2062 5911 procul
2091 5838 2263 5895 dubio

2372 4635 2579 4690 cationi
2608 4639 2814 4690 nostra
2858 4633 3128 4705 dignetur
3171 4651 3450 4701 annuere,
3484 4640 3548 4689 ut
3588 4636 3722 4689 intra
3759 4626 3899 4683 Italiam

2374 4728 2573 4783 haberi
2590 4728 2838 4799 jnbeatis
2858 4727 3179 4798 episcopale
3198 4728 3530 4793 concilium,
3553 4721 3901 4797 cito(auriliante

2372 4823 2504 4891 Deo)
2516 4825 2792 4894 poterunt
2804 4821 2997 4876 omnia
3013 4821 3281 4876 scandala
3301 4838 3432 4893 qua
3448 4822 3506 4876 in
3521 4815 3899 4894 perturbationem

2376 4916 2544 4970 totius
2581 4915 2840 4971 Ecclesia
2872 4918 3006 4969 sunt
3039 4918 3324 4970 commota
3353 4918 3613 4981 resecari,
3642 4917 3697 4968 ut
3721 4925 3801 4982 per
3820 4904 3899 4958 uni-
3968 4916 3969 4923 ‘

2373 5026 2590 5064 versum
2617 5024 2860 5080 regnum
2886 5012 3136 5063 vestrum
3173 5008 3470 5064 catholica
3513 5009 3640 5064 ﬁdei
3668 4998 3898 5073 integritate

2374 5108 2609 5168 servata,
2644 5106 2699 5157 et
2734 5118 2933 5173 pacem
2961 5101 3341 5159 Christianam
3378 5119 3631 5170 manere,
3661 5105 3707 5154 et
3730 5098 3899 5149 vestram

2374 5196 2522 5267 apud
2542 5196 2729 5250 Deum
2761 5212 3012 5251 crescere
3041 5195 3283 5265 gloriam
3333 5196 3691 5267 gaudeamus.
3715 5190 3820 5244 Data
3841 5194 3884 5226 τῖτ

2373 5289 2651 5345 Kalendas
2691 5290 2904 5357 lunias,
2934 5290 3158 5345 Asturio
3197 5295 3254 5345 et
3290 5292 3608 5362 Protogene
3647 5277 3896 5341 consulitur.

2374 5392 2585 5459 LXXX].
2639 5422 2706 5431 —-
2755 5391 3012 5460 Ejusdem
3059 5391 3135 5445 ad
3182 5392 3505 5447 Flavianum
3552 5382 3895 5446 Constantt'W’”

2895 5464 3125 5518 litanum
3153 5466 3478 5534 episcopum.

2444 5556 2580 5621 Qua:
2614 5562 2671 5609 et
2705 5559 2917 5626 quanta
2964 5556 3191 5611 dilectio
3235 5561 3334 5612 tua
3376 5572 3485 5627 pro
3524 5550 3776 5609 catholica
3811 5535 3895 5590 ﬁli“
3960 5572 3961 5627 ι

2372 5650 2700 5704 defensione
2744 5650 3009 5721 patiatur,
3038 5666 3139 5720 per
3179 5650 3481 5705 diaconum
3521 5649 3614 5719 qui
3652 5643 3712 5698 ab
3746 5633 3898 5705 ΕΡδθδθ

2369 5742 2566 5798 furtim
2611 5748 2696 5798 est
2734 5744 2940 5813 lapsus,
2963 5727 3359 5814 cognovimus.
3394 5744 3461 5797 Et
3500 5741 3621 5795 licet
3659 5724 3897 5799 nngniﬁce

2372 5853 2499 5892 mus
2524 5838 2700 5892 Deum
2728 5836 2824 5908 qui
2853 5840 2905 5892 te
2937 5837 3135 5906 gratia
3171 5853 3288 5892 sua
3318 5837 3521 5892 virtute
3547 5826 3713 5908 225
3737 5818 3895 5879 contor-
