4062 6188
147 293 246 343 ‘JOQ

1370 289 1670 345 lilitlltli'l’A
1683 292 1838 345 [ΛΕΜ
1878 292 2262 346 tIULLl‘lC'l'lt).

3394 288 3495 337 um

148 400 241 459 tat,
291 414 515 451 necesse
562 404 647 450 est
688 404 881 452 tamen
928 415 1031 453 nos
1075 399 1266 453 dolere
1305 415 1502 454 eorum
1550 399 1767 467 ruinas,
1793 403 2139 483 Auniversa
2186 402 2443 473 corporis
2484 399 2688 454 Christi
2735 397 2991 452 membra
3029 396 3348 466 pulsantur.
3383 393 3493 448 Sed

144 507 243 559 per
266 508 407 562 quos
433 492 638 546 veritas
660 492 1053 563 impugnalur,
1084 498 1139 546 et
1167 492 1291 562 ipsa
1306 492 1475 548 totius
1505 493 1764 548 Ecclesiae

141 584 504 640 fundamenta
540 585 891 657 quatiuntur.
938 585 1083 650 Quia
1114 602 1248 640 vcro
1278 586 1640 657 providentia
1666 586 1763 642 Dei

142 696 363 750 semper
409 678 522 733 suis
578 679 957 733 necessarium
1006 684 1231 751 prrestat
1276 680 1567 747 auxilium,
1622 681 1764 735 scire

142 772 308 827 debet
334 771 662 828 fraternitas
688 777 782 827 tua
824 790 925 827 nos
964 790 1065 845 pro
1093 775 1384 829 communi
1429 790 1588 829 causa
1621 774 1765 829 nihil

143 884 337 922 eorum
370 884 497 938 quae
530 867 753 939 agenda
782 857 916 922 sunt
946 867 1255 939 praeterire,
1299 872 1359 922 ut
1402 868 1664 939 primitus
1692 869 1763 922 ad

143 977 211 1014 ea
257 977 384 1031 qua:
441 960 796 1015 universitati
848 961 1104 1015 ﬁdelium
1159 960 1409 1033 prosint,
1470 962 1766 1032 pervenire

141 1068 491 1109 mereamur.
529 1053 625 1109 Sin
663 1058 748 1108 est
788 1057 851 1107 ut
885 1053 1109 1108 fortiter
1148 1053 1379 1108 interim
1411 1054 1638 1109 dilectio
1669 1064 1766 1109 tua

142 1148 366 1216 toleret,
399 1164 525 1219 quas
552 1146 659 1201 sibi
703 1147 773 1202 ad
819 1151 1093 1202 aeternam
1126 1147 1362 1219 gloriam
1396 1164 1514 1202 non
1544 1147 1767 1202 dubitat

141 1242 457 1311 profutura.
492 1242 751 1297 Perlator
777 1257 914 1296 sane
947 1241 1132 1296 brevis
1162 1241 1331 1311 hujus
1358 1242 1612 1312 epistolae
1632 1241 1765 1296 ﬁdei

139 1351 406 1389 sermone
457 1335 667 1406 poterit
712 1351 978 1389 enarrare
1022 1334 1305 1405 quidquid
1345 1334 1481 1389 illud
1532 1339 1636 1401 est,
1695 1335 1766 1390 ad

137 1428 289 1499 quod
326 1428 631 1499 adjuvante
670 1429 933 1495 Domino,
975 1428 1164 1483 studio
1202 1428 1336 1482 ﬁdei
1376 1433 1431 1483 et
1474 1428 1767 1484 charitatis

138 1522 510 1577 intendimus.
543 1524 681 1577 Data
712 1538 770 1577 ιιι
803 1522 1084 1577 Kalendas
1126 1521 1402 1589 Octobris,
1444 1522 1671 1578 Asturio
1711 1528 1768 1578 et

138 1618 456 1686 Protogene
484 1615 828 1670 consulibus.

140 1723 379 1778 LXXXII.
424 1753 491 1761 —-
540 1722 701 1791 Cujus
739 1725 982 1793 superior
1023 1723 1098 1777 ad
1125 1723 1406 1778 Iulianum
1442 1723 1764 1791 episcopum.

209 1815 464 1885 Cognitis
493 1831 620 1886 quas
647 1815 798 1885 apud
824 1816 1108 1886 Ephesum
1137 1814 1306 1869 unius
1329 1814 1581 1868 hominis
1621 1830 1767 1885 pras-

131 1909 455 1980 sumptione
486 1913 616 1963 sunt
646 1912 829 1979 gesta,
861 1925 1074 1981 magno
1096 1908 1329 1979 quidem
1357 1908 1553 1962 dolore
1580 1908 1768 1963 affecti

134 2019 350 2067 sumus,
378 2002 447 2056 de
470 2002 557 2056 his
583 2018 709 2073 qua:
734 2002 908 2073 impie
928 2002 1254 2073 furioseque
1275 2001 1584 2056 commissa
1599 2004 1731 2055 sunt
1754 2019 1766 2066 ;

135 2095 235 2149 sed
266 2096 339 2150 ad
368 2095 671 2150 Dominum
701 2098 954 2150 nostrum
982 2096 1209 2149 animos
1248 2094 1584 2166 dirigentes,
1617 2094 1765 2149 mul-

136 2196 260 2243 tam
300 2190 562 2245 ﬁduciam
590 2190 662 2243 ab
687 2189 807 2261 ipsa
838 2205 1012 2261 quam
1042 2189 1339 2260 sequimur
1366 2188 1601 2243 veritate
1631 2204 1766 2242 con-

134 2284 397 2353 cipimus,
420 2299 534 2337 non
549 2284 877 2337 amittentes
896 2283 1092 2337 omnia
1113 2298 1302 2352 agere,
1326 2298 1452 2352 quae
1469 2282 1770 2336 auxiliante

134 2377 233 2431 Dei
256 2376 461 2447 gratia,
491 2376 773 2431 credimus
800 2376 1117 2447 profutura.
1148 2374 1485 2429 Tenendum
1512 2391 1652 2445 ergo
1677 2392 1769 2429 no-

134 2471 221 2524 bis
262 2474 349 2523 est
387 2469 539 2540 quod
582 2475 864 2537 tenemus,
912 2472 971 2523 et
1025 2468 1294 2523 saeviente
1322 2469 1487 2522 unius
1526 2468 1770 2523 turbinis

134 2564 405 2633 procella,
434 2562 797 2619 serenissima
814 2562 948 2618 fidei
968 2566 1054 2617 est
1072 2561 1477 2633 amplectenda
1493 2562 1767 2633 tranquil-

134 2660 282 2725 litas,
327 2659 509 2713 donec
535 2658 727 2713 radios
756 2674 887 2712 suos
910 2657 1118 2713 veritas
1143 2674 1247 2729 per
1275 2657 1539 2711 universa
1567 2656 1771 2711 diffun-

136 2753 254 2820 dat,
283 2756 341 2807 et
355 2753 661 2823 caliginem
693 2752 1043 2806 inﬁdelitatis
1069 2755 1387 2806 consumat.
1417 2752 1554 2815 Quae
1574 2753 1770 2805 autem

137 2846 414 2916 disposita
436 2850 567 2899 sunt
580 2861 680 2916 per
695 2845 891 2900 latoris
906 2861 1234 2899 sermonem
1247 2860 1538 2915 agnosces.
1556 2844 1696 2898 Data
1710 2859 1770 2897 ιιι

136 2939 266 2993 ldus
280 2937 560 3008 Octobris,
583 2938 806 2994 Asturio
834 2944 890 2994 et
919 2940 1239 3009 Protogene
1269 2937 1613 2991 consulibus.

136 3042 405 3098 LXXXIII.
462 3072 529 3083 —
571 3043 659 3097 Ad
694 3044 948 3098 Faustum
987 3045 1038 3095 et
1061 3046 1272 3096 caeteros
1299 3040 1771 3098 Archimandritas

621 3113 1265 3183 Constantinopolitanos.

208 3209 321 3262 Leo
350 3211 409 3261 et
437 3210 631 3260 sancta
661 3205 913 3276 synodus
942 3222 1070 3276 qua:
1104 3205 1162 3259 in
1197 3204 1335 3259 urbe
1367 3206 1549 3259 Roma
1573 3220 1773 3259 conve-

134 3303 244 3367 nit,
275 3302 509 3369 FAUSTO,
538 3300 807 3367 Maxumo,
856 3300 1056 3365 Pareo,
1095 3299 1312 3368 MAGNO,
1348 3303 1405 3352 et
1438 3299 1581 3352 Eua;
1612 3314 1768 3369 pres-

130 3394 373 3466 byteris,
403 3398 460 3447 et
482 3392 957 3448 Archimandritis
998 3391 1649 3463 Constantinopolitanis,
1685 3392 1768 3447 di-

132 3486 464 3542 lectissimis
492 3485 644 3552 ﬁliis,
674 3486 732 3540 in
765 3484 1008 3540 Domino
1043 3485 1303 3539 salutem.

204 3580 484 3645 Quamvis
512 3596 578 3634 ea
604 3596 731 3651 quae
756 3579 825 3634 ad
852 3577 1540 3648 Constantinopolitanam
1584 3578 1769 3634 Eccle-

130 3676 281 3730 siam
322 3673 676 3745 scripsimus,
723 3672 1163 3727 sollicitudinem
1214 3671 1533 3726 devotionis
1576 3676 1773 3727 vestra:

132 3772 318 3824 latere
355 3783 473 3822 non
517 3772 773 3839 possunt,
822 3771 1015 3821 tamen
1059 3766 1233 3821 etiam
1258 3764 1592 3835 specialibus
1630 3765 1771 3820 dile-

132 3862 391 3917 ctionem
430 3864 674 3915 vestram
704 3860 905 3915 litteris
951 3859 1365 3915 cohortandam
1397 3874 1515 3913 esse
1541 3858 1778 3914 credidi-

133 3973 292 4023 mus,
345 3958 413 4009 ut
453 3971 738 4010 memores
788 3957 997 4008 sancta:
1038 3952 1399 4024 professionis
1421 3958 1619 4007 vestrae
1646 3969 1776 4024 quae

133 4049 376 4122 proprie
405 4049 461 4104 in
494 4048 604 4103 ﬁde
624 4053 680 4104 et
706 4047 979 4102 charitate
1006 4046 1277 4112 consistit,
1307 4045 1499 4101 omnia
1518 4046 1778 4100 scandala

128 4160 267 4215 quae
288 4146 491 4198 contra
516 4158 715 4214 pacem
748 4141 1007 4196 Ecclesia:
1038 4146 1159 4195 orta
1188 4143 1340 4207 sunt,
1372 4157 1406 4194 a
1435 4139 1634 4193 vestris
1661 4156 1777 4193 cor-

128 4237 307 4292 dibus
328 4237 612 4307 repellatis
635 4235 788 4290 beati
815 4234 1065 4305 Apostoli
1091 4233 1436 4289 sententiam
1467 4232 1561 4303 pia
1586 4239 1778 4288 mente

129 4330 462 4387 retinentes
489 4347 503 4384 :
535 4351 562 4378 ‹‹
595 4328 653 4385 Si
674 4329 803 4400 quis
824 4328 984 4383 vobis
1007 4325 1476 4398 evangelizaverit
1498 4329 1701 4396 praeter
1719 4325 1778 4379 id

123 4423 297 4496 quod
346 4423 662 4494 accepistis,
717 4423 1029 4477 anathema
1070 4421 1142 4476 sit
1186 4421 1327 4491 (Gal.
1362 4437 1400 4487 1,
1430 4420 1503 4489 8),
1535 4441 1561 4467 υ
1596 4422 1779 4473 custo-

125 4518 370 4572 dientes
407 4516 686 4571 unitatem
715 4532 848 4570 cum
898 4516 1068 4569 fratre
1105 4518 1303 4569 nostro
1345 4514 1626 4581 Flaviano,
1657 4513 1855 4585 epi-D

121 4626 332 4683 scopo,
365 4627 538 4682 quem
576 4611 646 4664 ad
694 4614 915 4680 tempus
960 4609 1235 4664 Dominus
1274 4608 1539 4680 permisit
1569 4607 1775 4678 impio-

124 4721 273 4760 rum
302 4703 551 4759 factione
584 4702 812 4771 tentari,
853 4707 919 4757 ut
947 4703 1248 4773 probatum
1295 4702 1401 4756 sibi
1429 4700 1778 4756 sacerdotem

124 4815 312 4853 suum
332 4798 765 4869 perseverantiae
783 4798 987 4852 merito
1000 4796 1541 4855 faceretclariorem.
1562 4796 1656 4849 Ha:
1676 4811 1772 4849 au-

126 4898 257 4947 tem
274 4890 754 4962 perturbationes,
768 4906 997 4945 necesse
1012 4895 1115 4958 est,
1129 4889 1443 4943 auxiliante
1461 4889 1555 4943 Dei
1576 4888 1778 4959 gratia,

124 4984 414 5041 celeriter
433 4984 821 5051 destruantur,
838 4987 893 5039 et
911 4999 1085 5038 omne
1108 4982 1263 5053 quod
1282 4982 1594 5053 reprobum
1611 4985 1694 5035 est
1712 4981 1782 5035 ab

124 5078 414 5134 Ecclesite
462 5078 724 5149 puritate,
767 5094 895 5149 qua:
948 5093 1054 5132 nec
1096 5075 1402 5144 maculam,
1446 5092 1549 5129 nec
1580 5091 1785 5146 rugam

124 5171 377 5243 recipit,
409 5176 729 5243 respuatur,
753 5172 1003 5226 maxime
1022 5186 1153 5225 cum
1185 5169 1257 5224 ab
1278 5169 1477 5224 insana
1498 5167 1786 5239 imperitia

120 5268 189 5321 in
228 5265 353 5320 hoc
376 5281 555 5337 usque
572 5270 926 5337 praeruptum
949 5263 1039 5331 sit,
1062 5267 1349 5318 utcontra
1369 5267 1785 5317 sacramentum

120 5359 350 5415 salutis
411 5359 679 5415 humanae
719 5358 1122 5414 incarnationis
1152 5356 1382 5412 Domini
1438 5356 1618 5411 nostri
1657 5356 1788 5411 Jesu

120 5452 359 5509 Christi
399 5451 605 5508 veritas
630 5452 967 5525 denegetur,
995 5457 1165 5523 atque
1196 5452 1449 5522 antiquas
1478 5450 1610 5505 ﬁdei
1638 5465 1784 5521 prae-

123 5548 377 5603 dicator
402 5549 572 5619 atque
595 5546 882 5614 defensor,
916 5546 1052 5618 quia
1080 5561 1197 5600 non
1220 5544 1504 5615 acquievit
1522 5542 1787 5614 blasphe-

126 5640 302 5710 miis,
345 5656 486 5712 quas
515 5640 652 5697 olim
678 5642 855 5697 sancti
884 5642 1077 5696 Patres
1102 5638 1278 5693 nostri
1305 5638 1369 5692 in
1389 5635 1587 5692 multis
1615 5637 1793 5693 hatre-

126 5735 277 5789 ticis
302 5734 671 5803 damnavere,
717 5734 1051 5806 subjiciatur
1090 5732 1338 5804 injuriis.
1372 5733 1432 5786 In
1461 5747 1574 5803 qua
1598 5732 1793 5803 utique

1872 496 2007 568 quia
2038 496 2351 566 gloriosum
2388 494 2547 548 nobis
2588 498 2691 560 est,
2732 489 3004 562 quidquid
3044 504 3147 542 nos
3194 488 3303 558 pati
3354 489 3497 541 Deus

1866 590 2120 656 voluerit,
2170 605 2274 660 pro
2317 588 2550 641 veritate
2587 586 2827 640 tolerare
2856 626 2869 650 ,
2918 584 2975 637 in
3014 581 3364 637 consortium
3403 597 3497 634 vos

1866 683 2149 755 patientia:
2192 682 2448 754 paternis
2490 678 2983 735 exhortationibus
3019 676 3379 744 advocamus,
3433 679 3494 728 ut

1866 796 1967 851 per
1991 778 2351 835 dilectionem
2382 778 2652 841 vestram,
2674 772 2937 828 omnibus
2960 772 3077 826 Deo
3100 768 3492 837 servientibus,

1868 890 1997 945 quae
2041 871 2374 944 scripsimus
2416 870 2791 933 innotescant,
2833 869 2891 921 et
2930 863 3174 920 inimicis
3203 862 3496 931 Evangelii

1868 967 2210 1035 resistentes,
2238 981 2340 1020 nec
2370 963 2619 1036 pastoris
2644 960 2811 1017 vestri
2839 959 3221 1026 dilectionem,
3245 973 3349 1012 nec
3375 956 3496 1011 uni-

1866 1066 2041 1116 tatem
2067 1059 2360 1115 catholicae
2388 1057 2523 1112 ﬁdei
2550 1054 2846 1111 deseratis.
2877 1051 3161 1117 Quoniam
3191 1067 3259 1105 ea
3279 1066 3405 1122 qua:
3436 1049 3492 1104 in

1866 1155 2088 1225 Epheso
2129 1170 2311 1225 nuper
2352 1154 2549 1206 contra
2588 1148 2873 1221 justitiam
2898 1145 2987 1201 vel
3016 1160 3303 1199 canonum
3334 1144 3495 1199 disci-

1868 1247 2081 1319 plinam
2108 1264 2213 1318 per
2237 1246 2410 1300 unius
2438 1243 2687 1299 hominis
2712 1240 3131 1312 impudentiam
3161 1243 3318 1310 gesta
3343 1242 3494 1305 sunt,

1865 1341 2020 1396 nulla
2048 1339 2339 1395 catholicae
2364 1338 2497 1393 ﬁdei
2528 1336 2674 1391 ratio
2707 1340 2829 1390 rata
2860 1350 2981 1388 esse
3010 1331 3310 1404 permittit.
3356 1332 3496 1387 Data

1868 1451 1964 1489 vui
1995 1435 2120 1489 ldus
2148 1432 2425 1495 Octobris,
2462 1430 2689 1485 Asturio
2721 1434 2778 1483 et
2806 1430 3126 1499 Protogene
3153 1425 3495 1481 consulibus.

1902 1578 2153 1632 LXXXIV.
2217 1608 2271 1619 -
2324 1579 2453 1649 Item
2512 1576 2697 1699 chm’s
2765 1573 2839 1627 ad
2900 1574 3197 1628 Martinum
3249 1572 3465 1641 presby-

2612 1660 2779 1699 crum.

2612 1660 2779 1699 crum.

1794 1779 1845 1850 Β
1939 1763 2155 1817 Gratias
2186 1763 2408 1834 agimus
2448 1762 2585 1827 Deo,
2619 1762 2677 1814 et
2704 1759 2944 1813 multam
2970 1756 3237 1812 ﬁduciam
3270 1757 3376 1829 piae
3400 1774 3498 1812 ex-

1870 1856 2186 1911 sultationis
2215 1855 2560 1926 accepimus,
2591 1870 2722 1909 cum
2753 1851 3115 1907 dilectionem
3144 1856 3299 1905 tuam
3324 1854 3382 1905 et
3405 1868 3499 1905 ca-

1868 1951 2137 2005 tholicam
2182 1948 2626 2013 fraternitatem,
2678 1948 2757 2001 ita
2811 1945 3075 2018 spiritum
3124 1943 3254 1999 ﬁdei
3306 1944 3501 2015 vigere

1870 2044 2283 2114 cognoscimus,
2334 2046 2399 2096 ut
2436 2041 2700 2096 cordibus
2748 2039 2947 2094 vestris
2986 2038 3131 2093 nihil
3160 2036 3504 2093 inﬁrmitatis

1870 2137 2136 2192 hazretica
2167 2136 2342 2207 possit
2379 2136 2593 2190 inferre
2633 2134 2892 2201 tentatio,
2927 2133 2999 2187 ad
3030 2148 3204 2203 quam
3236 2131 3505 2186 divinitus

1871 2218 2296 2296 destruendam,
2342 2246 2445 2284 nec
2486 2229 2689 2295 defuit,
2732 2228 2812 2299 (ut
2854 2226 3025 2297 scitis)
3054 2225 3371 2281 sollicitudo
3398 2242 3500 2280 no-

1872 2329 2008 2393 stra,
2052 2341 2158 2379 nec
2191 2324 2390 2389 deerit,
2418 2323 2597 2377 donec
2623 2321 2996 2391 Omnipotens
3026 2319 3260 2375 dextera
3308 2319 3506 2373 omnia

1872 2417 2082 2473 diaboli
2116 2434 2277 2471 arma
2316 2416 2665 2487 confringat.
2696 2414 2795 2471 Cui
2826 2414 2897 2468 ob
2923 2414 3030 2469 hoc
3059 2412 3271 2484 aliquid
3296 2413 3505 2468 audere

1871 2510 2236 2582 permittitur,
2272 2515 2330 2565 ut
2356 2527 2389 2564 a
2419 2509 2684 2563 ﬁdelibus
2712 2507 2918 2563 Christi
2947 2507 3127 2578 gloria
3154 2506 3370 2577 majore
3389 2506 3508 2561 vin-

1871 2609 2049 2658 catur.
2080 2603 2191 2659 Sed
2222 2603 2360 2675 quid
2391 2606 2583 2657 autem
2614 2601 3015 2655 difﬁcultatum
3058 2599 3383 2668 intervenit,
3411 2603 3508 2654 aut

1872 2714 2183 2763 morarum,
2217 2713 2348 2751 cum
2375 2695 2799 2767 aequanimitate
2828 2694 3194 2749 tolerandum
3227 2696 3329 2761 est,
3362 2710 3502 2764 quo-

1873 2791 2025 2845 niam
2054 2790 2147 2844 ubi
2180 2790 2384 2844 veritas
2415 2792 2499 2843 est
2523 2788 2821 2860 magistra,
2852 2803 3151 2859 nunquam
3180 2786 3388 2842 desunt
3415 2786 3502 2840 di-

1870 2883 2001 2937 vina
2020 2882 2236 2951 solatia,
2257 2882 2463 2938 fratres
2484 2880 2818 2936 charissimi.
2848 2879 3112 2945 Quamvis
3132 2896 3273 2951 ergo
3298 2896 3505 2949 magna

1872 2978 2126 3031 locorum
2156 2976 2448 3030 intervalla
2474 2992 2575 3030 nos
2601 2974 2874 3039 dividant,
2904 2973 3124 3027 unitate
3152 2978 3347 3027 tamen
3373 2973 3508 3027 ﬁdei

1872 3070 2159 3125 vobiscum
2202 3086 2420 3138 sumus,
2451 3075 2507 3124 et
2527 3072 2645 3123 toto
2677 3067 2846 3123 corde
2873 3069 3062 3122 Jesum
3090 3066 3373 3121 Christum
3399 3067 3515 3121 Do-'

1792 3144 1846 3219 Ο
1872 3164 2093 3217 minum
2120 3166 2380 3218 nostrum
2424 3178 2621 3216 verum
2665 3163 2863 3228 Deum,
2906 3165 2961 3215 et
2984 3176 3183 3214 verum
3212 3159 3508 3214 hominem

1871 3258 2224 3325 conﬁtentes,
2276 3256 2427 3310 nulla
2466 3256 2526 3310 in
2572 3254 2731 3309 vobis
2759 3254 3099 3308 detrimenta
3130 3253 3504 3323 perpetimur,

1871 3366 2002 3403 cum
2049 3350 2119 3404 de
2167 3352 2366 3403 vestra:
2409 3347 2771 3419 professionis
2816 3345 3122 3400 concordia
3167 3345 3504 3415 gloriamur,

1870 3446 2096 3498 tantum
2122 3448 2184 3496 ut
2201 3442 2289 3507 sit,
2321 3441 2648 3509 (auxiliante
2673 3440 2957 3509 Domino),
2979 3439 3297 3493 constantia
3324 3455 3508 3509 perse-

1871 3552 2094 3602 verans,
2123 3535 2345 3590 dicente
2371 3534 2640 3605 Apostolo
2672 3550 2685 3587 :
2726 3555 2751 3580 ‹‹
2783 3532 2951 3586 Vobis
2985 3531 3141 3585 enim
3182 3530 3381 3585 datum
3425 3534 3509 3585 est

1874 3645 1976 3699 pro
1997 3628 2216 3685 Christo
2249 3644 2360 3681 non
2389 3628 2572 3681 solum
2598 3629 2661 3680 ut
2686 3626 2744 3679 in
2769 3642 2899 3679 eum
2920 3624 3181 3691 credatis,
3212 3623 3310 3678 sed
3331 3623 3505 3678 etiam

1872 3728 1937 3776 ut
1960 3738 2063 3793 pro
2102 3722 2197 3776 illo
2226 3720 2525 3792 patiamini
2552 3720 2771 3790 (Philip.
2805 3737 2844 3787 ι,
2876 3720 2986 3787 29).
3020 3739 3047 3766 ››
3078 3717 3161 3773 Ad
3190 3733 3361 3788 quam
3395 3718 3506 3772 for-

1874 3814 2179 3870 titudinem
2216 3817 2538 3868 sanctarum
2567 3812 2848 3867 mentium
2879 3810 3285 3877 roborandam,
3308 3812 3510 3866 fratres

1876 3911 2101 3964 nostros
2124 3912 2295 3979 atque
2323 3907 2560 3979 legatos,
2593 3922 2734 3978 quos
2769 3922 2875 3978 pro
2918 3904 3241 3976 apostolicae
3277 3904 3409 3959 ﬁdei
3438 3904 3507 3959 li-

1875 4002 2092 4057 bertate
2130 4000 2442 4056 direximus
2469 4043 2482 4069 ,
2524 4004 2581 4055 et
2618 4016 2760 4071 quos
2799 3998 3019 4054 dudum
3066 3998 3217 4069 apud
3260 4014 3359 4053 vos
3388 4014 3509 4053 esse

1875 4095 2236 4163 conﬁdimus,
2278 4094 2591 4166 plurimum
2631 4093 2916 4149 credimus
2959 4091 3319 4164 profuturos,
3377 4086 3509 4147 cum

1874 4188 2049 4243 totius
2073 4188 2310 4243 actionis
2337 4192 2542 4242 nostrae
2559 4186 2884 4242 didiceretis
2909 4185 3203 4250 affectum,
3232 4187 3288 4239 et
3316 4200 3509 4239 curam

1877 4286 2122 4337 vestram
2150 4286 2319 4353 atque
2349 4281 2646 4337 consilium
2676 4280 2831 4352 operi
2852 4278 3181 4349 junxeritis,
3211 4279 3279 4334 de
3313 4295 3425 4351 qua
3450 4296 3512 4333 re

1879 4393 1991 4430 non
2023 4393 2254 4431 necesse
2286 4381 2371 4431 est
2412 4392 2564 4429 nunc
2594 4374 2764 4429 latius
2795 4373 3063 4451 scribere,
3096 4389 3226 4427 cum
3257 4372 3381 4444 jam
3410 4390 3514 4444 per

1879 4469 2225 4540 supradictos
2252 4468 2602 4533 sufﬁcientes
2630 4468 2900 4539 epistolas
2928 4466 3272 4534 miserimus,
3302 4466 3512 4537 quibus

1879 4562 2366 4617 abundantissime
2395 4562 2583 4616 omnis
2612 4561 2881 4615 catholica
2914 4559 3237 4614 fraternitas
3264 4558 3511 4613 instrua-

1879 4662 1991 4722 tur,
2044 4655 2251 4711 divinaz
2306 4654 2416 4709 erit
2460 4654 2685 4708 virtutis
2738 4658 2796 4707 et
2843 4652 3064 4723 gratiae,
3098 4655 3158 4705 ut
3188 4652 3289 4706 Dei
3320 4652 3511 4719 Filius,

1883 4749 1979 4821 qui
2006 4752 2270 4804 naturam
2301 4749 2542 4803 humani
2583 4747 2811 4818 generis
2855 4762 3017 4800 suam
3065 4744 3219 4813 fecit,
3269 4746 3513 4816 amplius

1882 4859 2055 4915 quam
2095 4842 2377 4912 videmus,
2409 4844 2510 4897 aut
2538 4841 2807 4912 sapimus,
2842 4855 3114 4909 magnum
3146 4839 3372 4911 pietatis
3398 4856 3515 4894 sum

1881 4941 2094 4992 asserat
2114 4941 2555 5005 sacramentum,
2585 4934 2738 5005 quod
2761 4933 2938 5005 impia
2959 4934 3247 4988 temeritas
3272 4933 3376 4988 sibi
3398 4935 3518 5005 qui—

1884 5032 2014 5085 dem
2040 5030 2338 5099 fraudavit,
2369 5030 2463 5085 sed
2496 5028 2664 5083 rectis
2695 5027 2960 5083 cordibus
2989 5044 3107 5082 non
3137 5027 3347 5099 potuit.
3384 5028 3516 5082 Data

1886 5123 2014 5177 ldus
2045 5123 2413 5195 Septembris,
2457 5121 2857 5176 Valentiniano
2889 5125 2945 5176 et
2982 5120 3233 5176 Avennio
3273 5120 3516 5175 consuli-

1886 5217 2013 5271 bus.

1979 5337 2213 5393 LXXXV.
2248 5367 2315 5377 —
2343 5337 2599 5406 Ejusdem
2624 5337 2699 5391 ad
2727 5338 3065 5391 Martianum
3101 5336 3428 5405 Augustum.

1963 5448 2196 5505 Litteras
2240 5449 2465 5521 pietatis
2500 5453 2700 5505 vestrae
2740 5448 3017 5519 accepisse
3054 5462 3147 5500 me
3190 5445 3433 5516 gaudeo,
3467 5450 3525 5500 et

1892 5544 1962 5598 ad
1987 5542 2473 5615 signiﬁcationem
2507 5544 2678 5599 totius
2706 5540 3093 5615 prosperitatis
3120 5538 3406 5610 pertinere
3437 5555 3527 5594 co-

1895 5653 2123 5709 gnoseo,
2151 5654 2284 5693 cum
2311 5654 2610 5693 sermones
2641 5637 2811 5692 vestri
2836 5652 2931 5688 vos
2962 5633 3172 5688 faciant
3198 5632 3525 5703 integritate

1896 5747 2141 5787 securos.
2162 5733 2408 5796 Quantas
2428 5732 2623 5803 itaque
2649 5727 2967 5785 clementiae
2985 5730 3185 5781 vestra:
3210 5727 3422 5797 gratias
3444 5742 3525 5781 re-

130 5829 427 5886 omnium
459 5828 687 5885 Domini
720 5828 1079 5886 sacerdotum
1112 5825 1425 5884 reverentia
1469 5824 1707 5896 ceditur,
1740 5829 1798 5882 et
1898 5825 2170 5895 feramus,
2213 5843 2327 5883 non
2372 5843 2439 5882 ex
2490 5824 2671 5882 verbis
2709 5822 2935 5894 nostris,
2984 5821 3079 5877 sed
3128 5838 3190 5877 ex
3239 5819 3526 5877 beneﬁciis
