4062 6188
582 257 675 313 9H

1475 259 1756 314 APPEIVD.
1799 260 1885 313 AD
1923 260 2084 314 SASC.
2130 258 2215 313 IX.

2346 259 2591 314 lSlDOltl
2631 258 3053 314 MERCATUHIS
3760 278 3782 323 υ
3793 275 3836 325 l2

582 364 933 438 vestris,quae
949 366 1204 421 Ecclesiae
1217 365 1879 437 contulistis,agnoscite,
1898 384 2013 422 non
2029 367 2212 422 ambi—
2234 378 2293 450 Α
2313 367 2648 422 clericorum
2679 367 2802 438 ejus
2829 367 3224 440 suggestiones
3256 371 3574 440 patefactum
3597 380 3682 440 est,
3705 380 3839 433 multa

583 462 779 530 gentes
798 460 1022 530 qualem
1043 457 1203 513 illum
1224 458 1624 515 retributorem
1645 459 1706 514 in
1726 460 1992 515 omnibus
2013 460 2215 515 habea-

2310 464 2460 530 sunt,
2498 478 2627 532 qua:
2664 461 3056 532 indulgentius
3101 465 3236 516 sunt
3276 464 3528 530 curanda,
3566 468 3715 523 multa
3746 487 3837 541 qua

586 553 674 619 tis,
705 569 809 623 pro
837 551 996 624 cujus
1013 550 1146 608 estis
1166 556 1285 607 tam
1303 552 1400 623 pia
1420 552 1698 625 religione
1719 553 2011 620 sollicitus,
2040 556 2100 608 et
2115 554 2214 625 qui
2304 555 2513 625 justius
2540 555 2872 621 coercenda,
2900 559 2965 609 ut
2998 554 3057 609 in
3087 571 3253 610 causa
3277 560 3440 611 tanta:
3464 561 3839 633 perturbationis,

582 662 678 700 vos
704 647 787 715 (ut
817 663 906 700 res
932 646 1053 717 ipsa
1083 647 1453 715 demonstrat)
1485 647 1556 701 ad
1582 647 1687 701 hoc
1712 652 1776 702 ut
1804 647 1945 702 ﬁdes
1972 648 2211 703 catholi-

581 756 642 796 ca
671 739 743 795 ab
770 739 985 795 insidiis
1008 739 1370 795 inimicorum
1397 757 1633 796 suorum
1656 741 2075 808 defenderetur,
2097 742 2212 796 ele-

584 833 686 905 git.
708 835 834 889 Haec
859 852 893 888 a
922 850 1014 889 me
1038 850 1190 889 nunc
1214 834 1462 890 breviter
1486 851 1589 905 per
1606 834 1797 890 fratris
1823 835 1938 891 mei
1962 834 2212 890 Anatolii

581 926 812 982 clericos
856 926 1036 998 pietas
1076 931 1263 982 vestra
1305 926 1611 999 dignanter
1640 928 1896 999 accipiat.
1952 927 2215 983 Pleniora

582 1023 774 1076 autem
818 1021 887 1076 de
928 1020 1194 1076 omnibus
1229 1037 1358 1093 quae
1389 1020 1464 1076 ad
1494 1037 1689 1076 curam
1715 1037 1903 1077 meam
1928 1038 2032 1093 pro
2063 1025 2211 1077 statu

578 1114 943 1169 ecclesiarum
970 1118 1027 1170 et
1049 1114 1351 1169 concordia
1377 1114 1668 1186 pertinent
1689 1115 1918 1170 Domini
1956 1114 2214 1170 sacerdo-

582 1211 723 1275 tum,
746 1224 850 1279 per
868 1209 1083 1280 legatos
1105 1213 1329 1264 nostros
1345 1208 1552 1280 scripta
1566 1208 1900 1265 direximus.
1923 1209 2069 1265 Data
2090 1208 2215 1264 ldus

582 1301 801 1373 Aprilis,
828 1301 1108 1373 Adelphio
1140 1302 1392 1358 consule.

651 1396 912 1452 LXXXVI.
935 1427 1004 1437 -—
1030 1395 1199 1466 cuius
1223 1412 1392 1467 supra
1412 1398 1488 1451 ad
1514 1398 1793 1451 Iulianum
1818 1398 2140 1466 episcopum.

654 1490 891 1546 Litteras
912 1489 1282 1545 fraternitatis
1300 1489 1535 1561 tuse'per
1548 1490 1696 1545 ﬁlios
1707 1494 1928 1545 nostros
1949 1492 2215 1546 Constan-

581 1582 990 1655 tinopolitanos
1040 1582 1276 1638 clericos
1322 1582 1552 1638 nuntias
1594 1587 1708 1637 tua:
1758 1581 1953 1637 salutis
1999 1582 2212 1653 accepi,

2312 665 2420 703 nec
2463 648 2735 703 districtio
2764 646 2935 702 nimis
2970 648 3044 702 sit
3072 664 3294 720 aspera,
3322 666 3421 705 nec
3448 653 3670 708 remissio
3692 672 3840 725 parum

2312 744 2495 809 cauta,
2525 758 2653 796 cum
2683 741 2835 796 aliud
2856 741 3351 809 satisfacientibus,
3381 744 3523 799 aliud
3544 747 3842 816 pertinacibus

2314 835 2605 890 debeatur.
2627 834 2877 889 Oﬁ‘ertur
2895 851 3034 906 ergo
3048 835 3245 907 pietati
3265 840 3461 891 vestrae
3481 838 3636 910 digna
3648 843 3839 905 materia,

2312 945 2440 1000 qua:
2469 928 2730 999 placitam
2758 928 2998 983 Domino
3025 945 3223 984 curam
3249 931 3420 985 sancti
3444 932 3611 986 cordis
3635 941 3840 1003 exerceat,

2313 1027 2369 1077 et
2399 1021 2845 1092 praecedentium
2875 1022 3216 1077 meritorum
3238 1040 3466 1078 coronas
3490 1024 3642 1079 etiam
3660 1027 3718 1079 de
3736 1044 3840 1098 prie-

2314 1115 2488 1171 sentis
2518 1114 2725 1169 erroris
2750 1114 3057 1171 abolitione
3083 1115 3439 1188 multiplicat.
3470 1117 3611 1172 Sicut
3631 1096 3842 1175 Nestoria-
3944 1096 3951 1105 ο

2313 1208 2662 1280 naimpietas
2684 1207 2764 1262 ita
2786 1210 2846 1262 et
2865 1209 3202 1264 Eutichiana
3217 1209 3563 1281 blasphemia
3579 1211 3639 1265 ab
3655 1214 3843 1267 omnium

2315 1308 2397 1359 est
2442 1300 2846 1357 catholicorum
2902 1301 3250 1357 eliminanda
3297 1304 3590 1359 consortio.
3637 1306 3748 1369 Quia
3766 1311 3845 1361 tam

2314 1396 2557 1468 impium
2604 1400 2688 1450 est
2737 1395 3279 1452 consubstantialem
3327 1401 3383 1452 et
3426 1399 3846 1468 consempiternam

2314 1490 2469 1546 Patri
2506 1489 2630 1545 Filii
2667 1490 2937 1546 deitatem
2990 1489 3161 1544 etiam
3188 1506 3255 1545 ex
3283 1495 3443 1546 utero
3468 1491 3685 1562 Virginis
3703 1494 3845 1547 matris

2314 1587 2483 1655 partu
2514 1583 2724 1638 editam
2752 1599 2967 1655 negare
3020 1599 3309 1654 corporeo,
3353 1600 3520 1655 quam
3547 1601 3695 1640 unam
3716 1585 3761 1639 in
3783 1587 3847 1640 Dei

583 1677 786 1748 quibus
832 1680 887 1732 te
935 1675 1161 1748 magnis
1208 1675 1673 1733 tribulationibus
1717 1678 2014 1746 gravatum
2040 1676 2214 1731 fuisse
2236 1747 2271 1748 ί
2317 1677 2455 1732 Filio
2483 1681 2610 1748 post
2634 1675 3042 1732 incarnationis
3072 1680 3496 1732 sacramentum
3520 1677 3756 1732 afﬁrmare
3777 1696 3846 1732 na-

582 1747 887 1840 signiﬁcas,
918 1747 1049 1824 eum
1075 1768 1275 1841 utique
1301 1785 1418 1824 non
1458 1768 1707 1824 defuerit
1734 1767 1977 1823 materia
2002 1767 2211 1823 sollici-
2234 1747 2292 1819 Β
2314 1747 2522 1836 turam,
2552 1772 2617 1824 ut
2640 1769 2856 1825 scilicet
2879 1775 2979 1825 aut
3014 1770 3340 1824 humanitas
3377 1770 3495 1841 ejus
3521 1771 3765 1839 refutetur,
3784 1777 3848 1826 aut

581 1862 765 1918 tudini
810 1867 866 1918 et
907 1862 1220 1929 laboribus,
1271 1878 1398 1934 quae
1443 1861 1591 1917 inter
1618 1878 1888 1933 procaces
1923 1860 2215 1917 catholicae
2314 1863 2492 1919 deitas
2517 1879 2650 1918 cum
2678 1862 2890 1918 unione
2916 1862 3211 1934 utriusque
3240 1863 3517 1931 essentia),
3536 1880 3632 1919 nec
3650 1864 3788 1919 altera
3802 1866 3847 1917 sit

580 1957 711 2012 lidei
734 1956 1083 2012 adversarios
1100 1956 1478 2011 inhaerentem
1496 1954 1721 2010 veritati
1741 1955 2001 2010 animum
2019 1954 2217 2025 fatiga-
2313 1956 2373 2011 in
2405 1958 2740 2012 alterutram
2764 1972 2944 2025 versa,
2975 1972 3079 2012 nec
3116 1961 3410 2027 assumpta
3438 1957 3494 2011 in
3526 1954 3789 2011 assumente
3804 1957 3846 2010 ti-

580 2054 727 2118 rent,
757 2050 953 2122 idque,
982 2053 1046 2104 ut
1074 2049 1289 2118 scribis,
1321 2049 1494 2104 fuerit
1522 2049 1718 2104 animo
1746 2052 1810 2103 ut
1834 2064 1939 2120 per
1964 2047 2213 2103 occasio-
2317 2050 2457 2105 nita.
2489 2050 2598 2106 Sed
2620 2054 2676 2105 et
2702 2049 2869 2105 Verbi
2902 2049 3463 2117 incommutabilitas,
3491 2055 3546 2106 et
3561 2051 3720 2105 carnis
3732 2054 3847 2120 atque

576 2161 712 2198 nem
751 2142 1102 2198 necessitatis
1139 2147 1197 2198 et
1233 2142 1395 2197 nobis
1420 2147 1474 2197 te
1501 2146 1557 2197 et
1584 2140 1783 2213 patriae
1809 2143 2209 2213 praesentares.
2314 2143 2521 2198 animae
2550 2143 2755 2198 veritas
2804 2148 3073 2198 maneant
3110 2142 3561 2215 inseparabiliter
3604 2144 3656 2197 in
3695 2144 3851 2197 unitate

584 2237 745 2302 Quod
779 2254 906 2291 vero
938 2237 1195 2291 futurum
1234 2252 1614 2307 speraveram,
1653 2240 1717 2290 ut
1739 2235 1926 2307 aptius
1951 2235 2215 2289 omnium
2315 2253 2591 2309 personas,
2633 2237 2787 2308 quod
2838 2237 2957 2308 qui,
3012 2236 3346 2292 testiﬁcante
3389 2238 3533 2308 lege,
3580 2236 3853 2292 credentibus

585 2330 988 2385 haereticorum
1030 2329 1299 2401 ambages
1341 2333 1441 2384 tuo
1488 2345 1584 2384 ore
1631 2344 2052 2400 cognoscerem.
2105 2328 2217 2383 Sed
2316 2330 2654 2401 patriarchis
2678 2373 2691 2397 ,
2752 2330 3138 2385 annuentibus
3210 2330 3538 2402 prophetis,
3598 2328 3853 2400 praedicante

585 2423 792 2495 gratias
812 2440 923 2495 ago
945 2424 1078 2491 Deo,
1103 2422 1258 2494 quod
1278 2422 1357 2477 ita
1377 2422 1736 2477 incolumitas
1757 2426 1856 2476 tua
1875 2426 1931 2477 et
1958 2421 2216 2476 Ecclesia:
2318 2423 2625 2495 Evangelio
2654 2466 2696 2490 ,.
2742 2423 3078 2479 docentibus
3116 2424 3406 2495 apostolis,
3451 2427 3505 2478 et
3551 2426 3657 2478 toto
3705 2421 3854 2476 mundo

584 2534 756 2573 causa
787 2516 1043 2588 perfecit,
1080 2521 1141 2571 ut
1167 2515 1411 2571 liberum
1438 2515 1539 2571 tibi
1568 2516 1741 2571 fuerit
1764 2515 1915 2587 apud
1946 2531 2042 2571 eos
2069 2515 2213 2570 inte-
2316 2516 2640 2583 conﬁtente,
2666 2533 2785 2571 non
2816 2516 3076 2583 credunt,
3109 2520 3271 2572 extra
3297 2522 3697 2572 sacramentum
3717 2530 3853 2583 corpo-

583 2611 692 2665 rim
720 2611 945 2682 degere,
976 2626 1220 2682 quorum
1239 2609 1401 2664 nobis
1422 2609 1711 2681 parabolis
1731 2625 2038 2663 consensus
2056 2608 2217 2663 inno-
2317 2611 2394 2664 ris
2418 2610 2643 2680 Christi,
2672 2614 2831 2665 extra
2860 2610 3141 2665 unitatem
3174 2614 3309 2665 sunt
3336 2610 3583 2666 nominis
3616 2606 3855 2666 Christiani.

579 2705 708 2772 tuit,
740 2704 888 2759 sicut
913 2707 969 2758 et
1002 2703 1190 2758 fratris
1214 2703 1497 2759 Anatholii
1523 2703 1733 2774 scripta
1763 2702 2128 2773 proﬁtentur,
2159 2707 2217 2757 et
2314 2704 2569 2768 Quorum
2590 2704 2736 2758 sicut
2754 2703 2979 2758 ruinam
2997 2703 3274 2772 dolemus,
3298 2703 3383 2758 ita
3399 2703 3673 2775 perﬁdiam
3689 2700 3857 2755 detesta-

579 2802 737 2869 gesta
775 2814 904 2869 quae
932 2797 1083 2868 apud
1110 2796 1302 2868 ipsum
1329 2812 1526 2851 coram
1558 2796 1771 2850 nostris
1797 2798 1932 2849 sunt
1958 2795 2217 2849 confecta
2317 2812 2464 2850 mur.
2494 2798 2562 2851 Ut
2587 2800 2781 2850 autem
2808 2796 2958 2851 circa
2988 2797 3188 2851 talium
3218 2812 3492 2868 personas
3519 2797 3763 2851 sincerum
3783 2809 3858 2847 ser-

582 2892 987 2946 demonstrant
1016 2889 1288 2944 fratribus
1316 2889 1725 2944 remeantibus.
1754 2889 1904 2960 Ergo
1932 2887 2218 2959 praedictis
2318 2894 2478 2944 vetur
2518 2889 2732 2961 ubique
2768 2890 3075 2961 judicium,
3116 2896 3173 2945 et
3213 2890 3373 2945 aliud
3401 2890 3668 2958 correctis,
3690 2895 3734 2942 et
3752 2884 3857 2940 aliud

589 2982 1026 3038 salutationibus
1046 2981 1494 3037 vicissitudinem
1514 2982 1720 3047 reddo;
1747 2984 1805 3036 et
1826 2986 1891 3036 ut
1907 2983 2101 3035 contra
2118 2980 2219 3035 fal-
2315 2983 2705 3054 pertinacibus
2742 2983 3113 3055 rependatur,
3158 2989 3345 3039 vestra
3371 2985 3547 3056 pietas
3572 2988 3771 3047 nostros,
3793 2980 3859 3050 qui

584 3076 769 3131 sitatis
797 3075 1029 3130 astutias
1054 3079 1513 3147 perseverantem
1542 3074 1902 3146 diligentiam
1932 3079 2129 3129 teneas
2158 3074 2218 3128 ﬁ-
2236 3112 2289 3149 η
2314 3077 2385 3131 ab
2415 3077 2722 3149 apostolica
2753 3077 2884 3132 sede
2930 3083 3064 3132 sunt
3094 3077 3273 3145 missi,
3312 3079 3508 3132 fovere
3538 3077 3780 3147 dignetur,
3799 3086 3857 3124 ea

582 3171 787 3225 denter
811 3169 1099 3239 exhortor,
1129 3185 1260 3223 cum
1291 3168 1394 3224 tibi
1421 3169 1492 3223 ad
1532 3169 1637 3223 hoc
1664 3171 1723 3225 et
1750 3171 1883 3222 tuus
1910 3168 2139 3222 animus
2163 3172 2219 3223 et
2241 3166 2292 3186 υ
2316 3186 2559 3241 rumque
2604 3186 2806 3224 omnes
2848 3187 2985 3241 quas
3028 3170 3387 3241 injunximus
3433 3171 3645 3241 adjuvet
3666 3166 3858 3227 actiones,
3968 3166 3969 3241 ᾗ

581 3267 775 3318 nostra
801 3262 1108 3318 auctoritas
1136 3261 1499 3333 suffragetur.
1528 3261 1806 3327 Quoniam
1829 3261 1962 3317 licet
1981 3260 2051 3316 de
2077 3261 2220 3315 mul—
2318 3279 2446 3334 quae
2474 3263 2640 3318 citius
2672 3279 2737 3317 ac
2780 3262 3018 3332 facilius,
3064 3263 3372 3319 auxiliante
3407 3264 3652 3330 Domino,
3694 3275 3791 3331 qum
3812 3256 3857 3309 ad

578 3358 649 3411 tis
679 3356 915 3411 meliora
940 3355 1187 3411 indicata
1247 3360 1397 3425 sunt,
1442 3355 1592 3427 quod
1623 3355 1838 3410 scilicet
1881 3354 2113 3410 doleant
2157 3372 2217 3409 se
2319 3360 2559 3411 vestram
2591 3356 2851 3428 gloriam,
2881 3362 2938 3412 et
2960 3357 3029 3411 ad
3057 3359 3231 3412 totius
3262 3358 3522 3413 Ecclesiae
3547 3371 3723 3428 pacem
3746 3348 3859 3423 proti-

584 3452 869 3521 deceptos,
912 3453 970 3504 et
1008 3448 1285 3504 damnata
1320 3449 1557 3521 perﬁdia
1594 3465 1727 3502 cum
1753 3447 2077 3503 auctoribus
2105 3448 2219 3502 suis
2317 3450 2488 3517 ciant,
2512 3454 2918 3521 exsequantur.
2945 3451 3023 3505 De
3043 3451 3277 3505 Eutiche
3296 3456 3490 3507 autem
3514 3450 3667 3505 totius
3681 3442 3856 3501 scandali
3968 3442 3969 3479 ξ

583 3544 827 3609 gratiam
854 3546 1060 3598 nostrae
1089 3543 1513 3598 communionis
1558 3546 1887 3613 exposcunt,
1924 3541 2076 3613 quod
2114 3559 2219 3596 nos
2317 3547 2370 3598 et
2398 3544 2685 3614 pravitatis
2704 3548 2956 3611 auctore,
2979 3545 3087 3598 hoc
3103 3545 3411 3600 clementia
3429 3550 3607 3599 vestra
3626 3536 3857 3613 pracipiat.
3968 3596 3969 3623 ξ

585 3637 731 3692 adeo
760 3637 1004 3692 libenter
1033 3635 1376 3707 accepimus,
1418 3635 1696 3690 reddituri
1740 3634 1828 3688 his
1864 3634 2016 3689 hanc
2042 3650 2216 3706 quam
2321 3640 2383 3691 ut
2405 3637 2475 3690 ab
2506 3653 2571 3692 eo
2595 3638 2719 3692 loco
2739 3637 2835 3708 qui
2862 3638 3513 3709 Constantinopolitanae
3534 3636 3645 3690 urbi
3660 3632 3793 3688 nimis
3805 3629 3858 3679 vi-
3968 3642 3969 3683 1

585 3730 909 3786 desiderant
933 3730 1421 3795 communionem,
1445 3745 1576 3783 cum
1599 3727 1881 3801 promissa
1900 3744 2026 3784 com
2032 3727 2220 3800 pleve—

585 3824 719 3893 rint,
749 3824 1026 3896 quosdam
1057 3823 1357 3895 persistere
1382 3823 1439 3877 in
1467 3839 1569 3876 sua
1597 3821 1973 3877 obduratione
1999 3837 2215 3889 cogno-

584 3918 788 3985 vimus,
834 3933 979 3990 quos
1021 3920 1245 3989 oportet
1284 3915 1593 3971 districtius
1643 3916 1967 3987 comprimi,
2014 3915 2057 3969 si
2114 3931 2215 3970 ne-

586 4015 806 4082 queunt
844 4010 1198 4082 benignitate
1241 4010 1449 4065 sanari.
1500 4010 1583 4066 Ad
1624 4025 1799 4082 quam
1842 4026 1965 4064 rem
1994 4013 2219 4064 nostros

583 4110 712 4177 post
736 4104 887 4160 diem
916 4104 1301 4160 venerabilem
1327 4104 1659 4175 dirigemus,
1692 4102 1787 4174 qui
1818 4105 2007 4157 tecum
2036 4103 2217 4174 parti-

581 4199 770 4269 cipato
797 4197 1031 4252 consilio
1057 4214 1124 4253 ea
1154 4214 1283 4267 quae
1303 4214 1336 4250 a
1360 4197 1527 4252 nobis
1554 4197 1858 4251 constituta
1888 4195 2103 4251 fuerint
2127 4213 2219 4250 ex-

586 4296 911 4361 sequantur.
942 4292 1083 4345 Data
1111 4290 1241 4346 ldus
1260 4290 1485 4362 Aprilis,
1519 4289 1811 4360 Adelphio,
1833 4288 1954 4343 viro
1975 4287 2217 4344 clarissi-

586 4400 702 4451 mo,
724 4384 978 4439 consule.

744 4478 1022 4533 LXXXVII.
1057 4508 1123 4517 -—
1151 4480 1254 4533 Leo
1279 4478 1356 4533 ad
1380 4478 1719 4533 Pulcherium
1740 4479 2061 4547 Augustam.

657 4571 999 4644 lteligiosam
1058 4571 1282 4644 pietatis
1338 4575 1538 4626 vestras
1596 4571 2061 4640 sollicitudinem,
2114 4588 2225 4643 qua

588 4667 851 4721 universo
880 4665 1121 4736 mundo,
1155 4666 1263 4721 Deo
1292 4665 1629 4737 inspirante,
1658 4665 1949 4721 consulitis
1976 4664 2219 4720 crebrio-

587 4760 745 4814 ribus
782 4750 1053 4832 alloquiis
1101 4759 1334 4814 incitare
1384 4775 1688 4830 praesumo,
1730 4763 1793 4814 ut
1836 4775 2079 4830 operum
2129 4775 2220 4813 ve-

585 4858 832 4908 strorum
850 4853 1171 4924 profectum
1195 4852 1511 4908 necessaria
1529 4852 1799 4924 perfectio
1823 4852 2220 4924 subsequatur,

585 4964 649 4997 ac
676 4946 820 5001 sicut
847 4946 919 5001 de
957 4949 1106 5001 statu
1132 4945 1772 5018 Constantinopolitanae
1806 4946 2064 5001 Ecclesiae
2089 4962 2219 5016 gra-

586 5040 858 5108 tulamur,
889 5039 1052 5111 cujus
1081 5042 1137 5095 et
1163 5040 1425 5095 sacerdos
1451 5046 1507 5096 et
1536 5040 1779 5113 populus
1805 5040 2095 5096 catholicas
2123 5057 2224 5112 pu-

585 5133 765 5189 ritatis
791 5133 964 5188 ﬁdem
988 5134 1115 5205 jam
1148 5139 1339 5190 tenere
1370 5134 1752 5207 cognoscitur,
1782 5134 1863 5189 ita
1886 5133 2056 5189 etiam
2084 5134 2218 5189 alio-

585 5246 712 5284 rum
768 5244 1008 5283 concors
1055 5228 1351 5283 nobiscum
1394 5229 1465 5283 sit
1505 5229 1575 5284 de
1619 5228 1776 5284 verbi
1828 5227 2221 5284 incarnatione

584 5321 885 5378 confessio.
930 5321 1088 5378 Unde
1127 5322 1277 5394 quod
1318 5322 1605 5377 facturum
1635 5337 1728 5376 me
1758 5321 1882 5376 aliis
1910 5320 2109 5376 litteris
2140 5322 2223 5375 in-

582 5416 904 5472 dicaveram
951 5416 1266 5471 Lucensem
1312 5416 1669 5488 episcopum,
1718 5419 1772 5470 et
1800 5414 2066 5470 Basilium
2091 5430 2215 5486 pre-

580 5510 875 5581 sbyterum
922 5510 1129 5564 fratres
1166 5525 1326 5565 meos
1356 5509 1604 5579 dirigere
1632 5508 1967 5581 praeparavi,
1998 5508 2095 5580 qui
2133 5507 2215 5563 di-

579 5603 915 5669 spositiones
955 5618 1112 5658 meas
1149 5602 1340 5657 fratris
1368 5603 1482 5658 mei
1526 5602 1770 5659 Anatolii
1795 5601 2096 5658 devotione
2122 5618 2214 5656 so-

579 5691 725 5747 ciata
749 5694 1062 5749 secundum
1088 5710 1184 5749 eas
1213 5711 1356 5766 quas
1393 5700 1737 5766 acceperunt
1777 5695 2008 5767 regulas
2048 5711 2212 5750 exsc-

577 5787 845 5855 quantur.
891 5786 1046 5842 Sicut
1081 5787 1235 5843 enim
1282 5788 1534 5859 praedicti
1576 5787 1821 5860 episcopi
1876 5788 2119 5861 scriptis,
2159 5793 2213 5845 ct

2318 3730 2477 3786 cinus
2510 3736 2614 3797 est,
2672 3730 2899 3801 longius
2928 3731 3324 3799 transferatur,
3372 3749 3444 3787 ne
3475 3723 3858 3801 frequentioribus

2317 3823 2528 3878 solatiis
2546 3839 2747 3877 eorum
2771 3840 2912 3895 quos
2939 3824 3009 3879 ad
3040 3823 3397 3894 impietatem
3429 3840 3586 3879 suam
3604 3818 3761 3881 traxit,
3784 3818 3859 3867 ula-

2320 3919 2432 3971 tur.
2450 3916 2786 3971 Monasterio
2796 3933 3024 3988 quoque
3041 3916 3218 3988 ipsius
3238 3918 3328 3972 cui
3352 3916 3648 3989 perniciose
3668 3910 3861 3979 indigne-

2317 4026 2428 4080 que
2452 4009 2737 4080 praesedit,
2770 4010 3111 4065 catholicum
3138 4011 3408 4066 abbatem
3432 4011 3617 4083 jubete
3656 3997 3859 4077 praeponi.
3968 4032 3969 4037 η

2319 4104 2417 4176 qui
2448 4103 2601 4157 illam
2629 4119 2923 4158 servorum
2957 4103 3053 4158 Dei
3082 4104 3602 4175 congregationem,
3630 4106 3679 4156 et
3701 4116 3727 4152 a
3746 4108 3862 4167 pmVU

2320 4197 2584 4267 dogmate
2598 4196 2923 4264 liberare,et
2934 4197 3206 4253 institutis
3215 4197 3472 4253 veritatis
3483 4194 3648 4269 possit
3658 4190 3861 4247 imbuere.
3968 4236 3969 4239 η

2321 4291 2459 4345 Data
2498 4290 2626 4345 Idus
2658 4290 2828 4355 Junii,
2864 4290 3163 4362 Adelphio,
3194 4291 3314 4345 viro
3342 4291 3663 4354 clarissimo,
3685 4278 3861 4339 consule.
3968 4302 3969 4362 Ε

2321 4383 2619 4437 LXXXVIII.
2650 4415 2717 4422 —
2746 4352 2877 4439 Itém
2911 4352 3159 4453 ejusdem.
3182 4386 3257 4439 ad
3286 4384 3598 4439 Anatolium
3620 4352 3860 4450 φίεωρωπ-

2242 4481 2301 4553 Ι)
2336 4535 2341 4541 .
2396 4475 2587 4549 226
2608 4476 2690 4532 Ad
2711 4476 3107 4531 declinandam
3128 4477 3337 4533 erroris
3356 4477 3649 4542 maculam,
3667 4485 3756 4543 qua
3770 4480 3861 4521 nou-

2322 4570 2512 4625 nullos
2524 4572 2624 4624 aut
2639 4571 2680 4624 N
2687 4571 2968 4625 estoriana
2978 4571 3056 4625 im
3064 4570 3267 4641 pietas,
3280 4575 3381 4625 aut
3391 4568 3700 4625 Eutichiana
3713 4556 3859 4616 labefa-

2324 4664 2493 4719 ctavit
2518 4663 2755 4733 insania,
2793 4664 3135 4719 laudabilem
3160 4681 3355 4720 curam
3378 4664 3479 4719 ﬁlii
3504 4660 3663 4718 nostri
3697 4650 3861 4710 Basili“S

2324 4762 2380 4813 et
2400 4758 2648 4813 Joannes
2676 4757 3010 4829 presbyteri,
3044 4774 3163 4813 suae
3194 4758 3582 4814 aestimationis
3599 4746 3857 4809 habuerunt
3968 4788 3969 4825 ι

2323 4856 2387 4905 ut
2410 4851 2561 4905 inter
2580 4851 2896 4922 pugnantia
2919 4851 3191 4923 dogmata
3207 4852 3483 4919 falsitatis,
3507 4865 3628 4904 vera
3645 4837 3859 4900 catholica!

2324 4944 2453 4999 ﬁdei
2480 4960 2618 5015 pace
2640 4944 2973 5017 gauderent.
3006 4945 3064 5000 Si
3090 4945 3325 5016 quidem
3355 4946 3653 5017 longinquo
3682 4926 3859 5009 μηρί’

2322 5037 2569 5093 nationis
2596 5037 2788 5092 labore
2820 5042 3100 5109 suscepto,
3131 5055 3364 5094 sensum
3395 5036 3574 5093 cordis
3598 5034 3671 5088 sui
3694 5030 3739 5083 in
3761 5036 3855 5093 apo-

2322 5130 2520 5188 stolica
2545 5130 2677 5186 sede
2704 5132 3041 5202 patefecere,
3074 5131 3407 5188 damnantes
3436 5136 3710 5196 utramque
3732 5121 3856 5173 hm'

2323 5224 2449 5295 sim,
2473 5240 2716 5297 quarum
2743 5242 2912 5297 supra
2930 5224 3173 5281 fecimus
3197 5226 3569 5291 mentionem,
3595 5225 3645 5276 et
3664 5217 3721 5272 de
3737 5215 3857 5305 intat-

2321 5319 2550 5374 natione
2582 5318 2809 5373 Domini
2851 5319 3027 5374 nostri
3064 5321 3195 5375 Jesu
3234 5319 3437 5376 Christi
3478 5333 3585 5373 non
3609 5306 3735 5367 aliud

2321 5412 2539 5484 pientes
2560 5428 2731 5485 quam
2754 5412 2908 5484 quod
2923 5413 3244 5469 instruente
3266 5415 3460 5469 sancto
3477 5408 3687 5482 Spiritu,
3703 5403 3749 5455 et
3762 5390 3854 5450 did.t

2321 5506 2501 5562 cimus
2526 5510 2584 5561 et
2618 5505 2911 5561 docemus.
2942 5508 3049 5562 Per
3071 5506 3177 5563 hos
3206 5523 3365 5579 ergo,
3393 5506 3564 5562 frater
3586 5490 3850 5579 οὴειιὶεεὶῷθ·

2320 5617 2449 5654 cum
2474 5598 2803 5655 testimonio
2829 5605 3025 5656 nostro
3042 5601 3113 5656 ad
3140 5601 3371 5673 propria
3396 5595 3730 5656 revertentes,
3752 5578 3849 5636 θῦε·

2318 5693 2489 5748 ctioni
2516 5696 2627 5748 tua:
2647 5696 2843 5749 nostra
2869 5693 3075 5767 scripta
3091 5695 3417 5762 direximus,
3446 5691 3671 5748 ﬁdenter
3691 5677 3851 5735 οηιιίεε

2320 5791 2382 5842 ut
2421 5786 2518 5858 qui
2564 5787 2745 5857 gratia
2802 5787 3125 5859 apostolica:
3171 5784 3582 5846 communionis
3625 5770 3847 5834 ornantur:
