4062 6188
229 262 322 311 ειίξι

1447 262 1914 319 DEGRETALIUM
1952 265 2337 320 C(DLLECTIO.

3469 268 3570 321 9H

227 369 388 422 etiam
425 372 520 421 tuo
561 368 749 422 favore
781 385 883 438 per
909 369 1106 422 omnia
1144 386 1202 422 se
1247 370 1533 440 gaudeant
1562 373 1837 442 adjuvari.
1863 387 1920 457 Α
1940 373 2206 426 berrimze
2227 373 2548 427 sanctiones
2570 374 2776 444 quibus
2798 374 3061 427 insanam
3082 373 3428 454 imperitiam
3453 394 3570 430 mo-

226 463 354 515 Data
393 478 484 516 χιιι
527 461 803 515 Kalendas
839 461 990 531 Julii,
1024 463 1322 533 Adelphio,
1353 465 1472 519 viro
1505 465 1838 534 clarissimo,

224 555 464 609 consule.

223 650 467 704 LXXXIX.
499 681 565 689 —-
605 652 772 718 Cujus
801 666 969 720 supra
1015 652 1090 705 ad
1132 653 1468 706 Martia-num
1512 655 1837 722 Augustum.

285 743 667 798 Credebamus
731 744 1095 798 clementiam
1149 749 1393 799 vestram
1449 746 1501 800 id
1558 745 1839 801 desiderio

224 842 406 892 nostro
471 855 631 909 posse
706 842 995 909 priestare,
1057 845 1135 903 ut,
1192 839 1458 910 praesenti
1508 842 1840 895 necessitate

221 935 470 1002 respecta
508 932 722 986 differri
767 933 836 987 ad
889 932 1264 1003 opportunius
1307 938 1535 1004 tempus
1573 936 1836 990 sacerdo-

217 1027 378 1079 talem
437 1026 716 1095 synodum
772 1026 1074 1096 juberetis,
1135 1031 1196 1080 ut
1247 1028 1453 1081 vocatis
1504 1028 1574 1081 de
1625 1029 1840 1082 cunctis

217 1116 514 1186 provinciis
560 1117 944 1171 sacerdotibus
973 1133 1104 1171 vere
1135 1121 1323 1188 posset
1353 1134 1473 1171 esse
1520 1118 1838 1173 universale

217 1209 528 1264 concilium.
561 1210 691 1276 Sed,
718 1211 853 1280 quia
880 1227 978 1265 vos
1005 1227 1200 1265 amore
1226 1211 1515 1265 catholicaa
1545 1211 1671 1266 fidei
1699 1228 1836 1266 con-

215 1304 606 1373 gregationem
639 1320 790 1358 nunc
819 1305 943 1359 fieri
978 1304 1248 1369 voluistis,
1280 1321 1354 1358 ne
1384 1305 1582 1360 devoto
1612 1305 1838 1360 obviare

213 1397 434 1451 viderer
488 1397 741 1465 arbitrio,
785 1397 1020 1452 fratrem
1077 1403 1136 1452 et
1192 1398 1596 1469 coepiscopum
1647 1416 1838 1454 meum

214 1491 569 1545 Paschasium
612 1491 683 1546 de
732 1492 931 1546 eadem
978 1494 1270 1563 provincia
1312 1509 1438 1564 quae
1468 1493 1690 1548 videtur
1715 1510 1838 1547 esse

214 1585 478 1653 securior,
538 1590 858 1652 evocatum,
916 1588 1014 1657 qui
1064 1589 1245 1642 vicem
1308 1587 1626 1659 praesentiae
1697 1603 1838 1641 mea:

213 1678 382 1748 possit
457 1679 691 1750 implere
767 1679 964 1747 direxi,
1032 1681 1345 1746 Bonifacio,
1413 1681 1582 1735 fratre
1613 1679 1838 1734 'nostro

1941 467 2253 520 nachorum
2273 465 2489 536 dignati
2509 466 2641 520 estis
2659 466 2943 537 parcendo
2960 467 3226 538 plectere,
3241 474 3296 522 et
3315 469 3569 523 docendo

1941 559 2164 630 punire,
2197 563 2258 612 ut
2294 559 2336 612 si
2379 576 2474 612 eos
2518 560 2587 613 ad
2629 560 3018 630 pcenitentiam
3065 562 3352 617 miseratio
3381 562 3572 617 divina

1941 653 2298 719 converterit,
2333 652 2528 706 multis
2556 653 2838 724 lacrymis,
2872 660 2928 709 et
2951 671 2985 708 a
3012 655 3278 710 nefandis
3301 657 3570 724 caedibus,

1941 751 1996 800 et
2015 745 2084 799 ab
2107 745 2510 800 haereticorum
2537 746 2900 817 blasphemiis
2928 748 3236 803 diluantur.
3258 749 3418 813 Quod
3441 767 3572 804 vero

1940 839 2226 910 piissimus
2251 839 2563 909 imperator
2589 840 2658 893 ad
2685 856 2880 895 omnes
2907 841 3200 912 episcopos
3227 843 3324 914 qui
3346 844 3573 897 Chalce-

1940 933 2176 987 donensi
2193 933 2406 1003 synodo
2422 932 2942 1000 interfuere,voluit
2957 950 3048 987 me
3073 935 3277 1004 scripta
3301 936 3570 1006 dirigere,

1939 1026 2142 1098 quibus
2156 1043 2281 1096 quia
2297 1026 2408 1080 illic
2423 1025 2494 1079 de
2509 1025 2636 1080 ﬁdei
2656 1030 2788 1080 sunt
2801 1027 2999 1096 regula
3012 1027 3245 1082 deﬁnita
3257 1029 3544 1083 firmarem
3556 1072 3569 1097 ,

1941 1120 2182 1174 libenter
2211 1120 2462 1190 implevi,
2485 1136 2587 1174 nec
2613 1120 2786 1173 fallax
2809 1119 3111 1191 quisquam
3142 1121 3427 1176 simulatio
3448 1139 3572 1176 sen-

1938 1213 2179 1268 tentiam
2247 1229 2437 1266 meam
2493 1213 2687 1266 haberi
2736 1213 2901 1267 vellet
2945 1213 3244 1280 incertam,
3291 1231 3419 1269 cum
3471 1232 3571 1285 per

1939 1306 2629 1377 Constantinopolitanum
2643 1306 2974 1378 episcopum
2985 1349 2998 1376 ,
3011 1306 3100 1360 cui
3112 1307 3366 1362 laetitiam
3381 1324 3571 1363 meam

1939 1401 2173 1470 largiter
2199 1399 2461 1464 indicavi,
2477 1400 2535 1454 in
2556 1401 2815 1454 omnium
2837 1400 3089 1471 potuerit
3101 1400 3364 1455 notitiam
3384 1417 3574 1473 perve-

1941 1494 2063 1546 nire
2079 1493 2233 1564 quod
2261 1493 2618 1564 scripseram,
2636 1493 2743 1547 nisi
2760 1493 3055 1548 maluisset
3081 1510 3276 1549 meum
3298 1494 3572 1566 gaudium

1938 1592 2122 1640 tacere
2153 1603 2328 1656 quam
2365 1587 2650 1655 repulsam
2681 1586 2767 1640 sui
2797 1586 3044 1641 ambitus
3070 1587 3378 1657 publicare,
3409 1588 3572 1643 fratri

1939 1683 1994 1732 et
2020 1679 2351 1750 coepiscopo
2378 1695 2508 1733 meo
2532 1679 2757 1733 Juliano
2787 1679 2876 1733 cui
2911 1680 3354 1736 sollicitudinem
3382 1698 3571 1736 meam

201 1771 668 1842 compresbytero
693 1772 923 1838 sociato,
949 1778 1006 1827 et
1024 1774 1113 1827 his
1139 1791 1283 1845 quos
1309 1779 1477 1828 antea
1505 1756 1996 1828 miseramusBin
2037 1789 2265 1826 causam
2310 1771 2446 1825 ﬁdei
2495 1771 2772 1842 delegavi,
2823 1788 2962 1843 rogo
3012 1777 3074 1826 ut
3125 1789 3257 1827 eam
3305 1773 3572 1828 ﬁduciam

211 1865 508 1934 adjunctis,
528 1870 852 1920 consortem
877 1865 988 1919 illis
1009 1866 1243 1922 fratrem
1274 1883 1498 1938 quoque
1527 1884 1720 1921 meum
1746 1869 1838 1922 Ju-

211 1959 422 2012 lianum
460 1959 732 2013 addentes
777 1961 1125 2030 episcopum.
1157 1961 1309 2024 Quos
1337 1977 1402 2014 ea
1444 1961 1837 2016 moderatione

210 2052 485 2116 universa,
502 2052 744 2107 Domino
768 2053 1101 2119 auxiliante,
1122 2055 1404 2109 credimus
1435 2071 1555 2108 esse
1577 2059 1836 2124 gesturos

210 2150 264 2197 ut
281 2161 641 2216 quaecunque
657 2147 715 2200 in
733 2148 1028 2217 querelam
1046 2148 1654 2218 perturbationemque
1670 2165 1836 2202 vene-

210 2243 336 2291 runt
379 2239 448 2291 ad
492 2239 768 2293 unitatem
824 2240 980 2310 pacis
1022 2247 1078 2294 et
1120 2241 1275 2306 fidei,
1305 2258 1630 2312 compressa
1679 2242 1832 2296 omni

205 2331 550 2386 dissensione
607 2337 959 2396 revocentur,
1013 2351 1117 2388 nec
1169 2334 1342 2388 ullum
1405 2335 1459 2388 in
1511 2335 1833 2406 aliquorum

205 2424 466 2478 cordibus
487 2426 859 2493 sacerdotum,
879 2427 967 2480 vel
991 2427 1351 2494 Nestorianaz,
1371 2429 1456 2481 vel
1483 2428 1833 2482 Eutichianm

208 2518 510 2589 impietatis
537 2519 838 2589 vestigium
862 2520 1238 2591 relinquatur,
1265 2522 1536 2592 quoniam
1565 2521 1837 2574 catholica

204 2611 338 2664 ﬁdes
374 2629 548 2682 quam
589 2613 902 2666 instruente
951 2629 1055 2667 nos
1103 2613 1317 2684 Spiritu
1350 2615 1442 2668 Dei
1475 2631 1577 2684 per
1611 2619 1836 2668 sanctos

203 2705 394 2758 Patres
442 2722 476 2758 a
518 2705 692 2759 beatis
740 2705 1011 2775 apostolis
1075 2706 1394 2772 didicimus,
1443 2712 1499 2762 et
1543 2708 1831 2776 docemus,

205 2802 470 2852 neutrum
502 2799 804 2869 subrepere
834 2799 1130 2869 permittat
1156 2817 1430 2856 errorem.
1457 2801 1514 2855 Si
1541 2801 1674 2871 quid
1699 2817 1835 2872 ergo

201 2891 557 2957 morborum,
580 2892 624 2944 si
641 2892 795 2963 quod
817 2897 902 2946 est
923 2894 1244 2959 vulnerum,
1265 2893 1399 2964 quid
1417 2894 1634 2948 sincera
1661 2893 1837 2965 possit

199 2984 544 3038 correctione
569 2987 774 3050 curari,
800 2991 863 3040 ut
883 2987 954 3042 ad
973 3003 1169 3041 veram
1193 2987 1490 3041 sanitatem
1520 2994 1832 3054 revocetur,

202 3083 484 3147 optamus.
524 3078 661 3142 Qua:
700 3096 850 3133 nunc
887 3081 1082 3151 utique
1131 3097 1245 3135 non
1295 3086 1461 3135 erant
1504 3081 1693 3146 dubia,
1728 3098 1834 3136 nec

196 3171 532 3241 cujusquam
566 3171 913 3242 simplicitati
959 3173 1225 3244 deinceps
1263 3174 1542 3239 nocitura,
1573 3175 1617 3227 si
1661 3174 1834 3228 nullis

198 3280 248 3317 se
277 3264 746 3319 excusationibus
775 3266 1022 3320 voluerit
1051 3266 1418 3334 obumbrare,
1449 3284 1579 3320 cum
1610 3267 1836 3321 absolu-

195 3358 417 3412 tionem
467 3359 687 3428 peccati
735 3375 844 3412 non
901 3359 1168 3426 obtineat,
1215 3361 1318 3414 nisi
1365 3376 1495 3414 vera
1537 3362 1829 3415 confessio.

197 3452 339 3514 Quia
363 3467 496 3505 vero
523 3451 754 3522 quidam
779 3453 849 3506 de
878 3453 1148 3506 fratribus
1171 3455 1338 3525 (quod
1365 3455 1486 3507 sine
1505 3453 1695 3508 dolore
1717 3471 1831 3509 non

196 3545 462 3613 dicimus)
490 3549 689 3600 contra
731 3545 985 3600 turbines
1034 3546 1293 3601 falsitatis
1333 3564 1449 3601 non
1478 3548 1700 3602 valuere
1739 3565 1831 3602 ca-

197 3638 470 3692 tholicam
498 3644 696 3693 tenere
725 3640 1124 3705 constantiam,
1155 3641 1490 3710 praedictum
1521 3641 1756 3696 fratrem
1779 3647 1835 3695 et

193 3732 596 3803 coepiscOpum
627 3749 823 3787 meum
845 3733 962 3788 vice
989 3749 1117 3787 mea
1143 3734 1359 3804 synodo
1399 3735 1667 3790 convenit
1693 3752 1834 3804 pra:-

193 3825 404 3890 sidere,
433 3831 619 3880 certus
647 3827 796 3897 quod
831 3826 1044 3898 absque
1071 3827 1199 3883 odio
1230 3833 1287 3882 et
1315 3828 1496 3899 gratia
1526 3828 1736 3882 ibidem
1761 3829 1833 3882 ab

196 3919 297 3986 his,
347 3919 558 3989 quibus
612 3920 720 3974 hoc
776 3921 1189 3982 commisimus.
1236 3921 1546 3989 laboretur,
1599 3927 1659 3976 ut
1704 3938 1830 3976 cum

193 4011 374 4066 solius
437 4013 715 4068 haeretica:
793 4015 1099 4084 impietatis
1174 4014 1388 4068 excidio
1447 4015 1504 4068 in
1573 4015 1835 4069 omnibus

195 4105 596 4160 Ecclesiis'Dei
646 4106 852 4160 veritas
901 4111 1102 4177 regnet
1157 4111 1215 4161 et
1263 4107 1529 4162 charitas.
1597 4109 1735 4162 Data
1781 4125 1832 4162 γι

195 4198 478 4252 Kalendas
499 4199 653 4264 Julii,
683 4199 961 4270 Adelphio
990 4199 1111 4254 viro
1141 4200 1448 4255 clarissimo
1481 4202 1724 4256 consule.

301 4291 412 4346 XC.
441 4321 508 4331 —-
536 4292 698 4360 Cujus
722 4308 892 4361 supra
919 4293 992 4346 ad
1020 4293 1358 4348 Pulcheriam
1401 4295 1724 4363 Augustam.

263 4385 542 4448 Quamvis
571 4386 751 4438 nullas
783 4402 933 4440 nunc
962 4386 1182 4440 litteras
1207 4391 1318 4441 tua}
1351 4387 1576 4457 pietatis
1601 4403 1829 4458 accepe-

1854 3123 1909 3196 C

1937 1865 2195 1936 praebere
2242 1865 2557 1936 dignemini
2595 1882 2706 1935 qua
2752 1865 2943 1935 pietati
2984 1871 3183 1920 vestrae
3229 1867 3405 1937 possit
3443 1883 3572 1936 quae

1936 1959 2238 2013 universali
2274 1958 2534 2012 Ecclesiae
2579 1958 2691 2012 sint
2739 1959 3032 2028 profutura
3075 1975 3401 2030 suggerere.
3431 1960 3570 2014 Data

1937 2069 2011 2107 xu
2043 2052 2321 2106 Kalendas
2349 2051 2576 2122 Aprilis,
2611 2051 2870 2122 Opilione
2909 2051 3029 2106 viro
3079 2052 3394 2107 clarissimo
3431 2069 3562 2106 cou-

1936 2147 2072 2200 sule.

2044 2240 2168 2294 XCI.
2187 2269 2254 2279 —
2275 2239 2367 2294 Ad
2390 2242 2689 2295 Maximum
2708 2241 3101 2295 Antiochenum
3131 2243 3458 2312 episcopum.

2007 2335 2297 2396 Quantum
2347 2333 2632 2387 dilectioni
2671 2336 2781 2387 tua!
2822 2335 3042 2404 placeat
3077 2335 3398 2388 communis
3440 2333 3571 2389 fidei

1935 2427 2316 2481 sacratissima
2347 2426 2553 2492 unitas,
2587 2431 2644 2480 et
2669 2427 2822 2497 pacis
2847 2428 3237 2482 ecclesiastica:
3271 2428 3575 2498 tranquilla

1935 2519 2260 2585 concordia,
2293 2520 2612 2574 litterarum
2642 2525 2873 2575 tuarum
2911 2524 3097 2575 textus
3137 2521 3401 2590 ostendit,
3429 2538 3571 2592 quas

1935 2614 2003 2668 ad
2032 2630 2136 2667 nos
2162 2613 2264 2667 filii
2292 2614 2470 2667 nostri
2494 2614 2799 2667 Martianus
2844 2614 3160 2684 presbyter,
3192 2620 3247 2668 et
3274 2614 3570 2686 Olympius

1935 2707 2206 2761 diaconus
2235 2706 2513 2773 detulere,
2543 2722 2610 2760 eo
2639 2706 2802 2760 nobis
2832 2707 3106 2777 gratiores
3129 2707 3264 2779 quid
3294 2723 3396 2778 per
3424 2707 3574 2778 ipsas

1935 2799 2186 2871 alloquia
2206 2800 2430 2854 alterna
2460 2799 2784 2867 miscemus,
2807 2804 2864 2855 et
2883 2800 3072 2871 magis
3097 2800 3391 2871 magisque
3413 2800 3574 2854 inno-

1935 2898 2151 2948 tescere
2181 2891 2424 2964 gratiam
2453 2893 2573 2961 Dei,
2601 2909 2715 2963 qua
2741 2892 2804 2947 fit
2832 2898 2898 2947 ut
2935 2909 3038 2963 per
3061 2897 3246 2947 totum
3287 2893 3572 2948 mundum

1936 2987 2005 3040 de
2040 2986 2340 3041 manifesto
2379 2985 2673 3041 catholicze
2698 2985 2949 3040 veritatis
2979 2985 3196 3040 lumine
3233 2986 3568 3056 gaudeatur.

1935 3079 2196 3142 Quamvis
2250 3079 2423 3149 (quod
2471 3079 2717 3132 multum
2771 3079 3052 3148 dolemus)
3098 3077 3331 3149 quidam
3389 3078 3575 3132 adhuc

1935 3172 2078 3226 sicut
2137 3188 2322 3226 sermo
2389 3171 2596 3225 indicat
2678 3172 3044 3234 nuntiorum,
3105 3171 3371 3226 tenebras
3445 3187 3573 3225 suas

1936 3265 2194 3335 diligant,
2229 3268 2287 3318 et
2323 3280 2452 3318 cum
2501 3263 2712 3334 ubique
2744 3264 2857 3318 diei
2898 3264 3172 3334 splendor
3215 3266 3448 3318 exortus
3478 3264 3569 3329 sit,

1935 3358 2105 3412 etiam
2145 3373 2297 3412 nunc
2343 3357 2606 3412 caacitatis
2651 3373 2768 3411 suae
2817 3357 3170 3411 delectentur
3219 3357 3483 3422 obscuro,
3512 3360 3571 3410 et

1932 3451 2154 3523 perdita
2177 3450 2287 3505 ﬁde
2307 3450 2426 3505 solo
2450 3455 2506 3504 et
2526 3467 2699 3504 vacuo
2720 3449 3102 3504 remanserint
3130 3449 3359 3504 nomine
3387 3449 3570 3503 Chris-

1935 3545 2092 3613 tiani,
2134 3561 2252 3600 non
2309 3543 2584 3598 habentes
2638 3542 3103 3614 intelligentiam,
3154 3559 3265 3614 qua
3311 3559 3571 3597 errorem

1933 3638 2002 3692 ab
2047 3655 2239 3693 errore
2289 3638 2631 3702 discernant,
2663 3642 2720 3692 et
2766 3636 3178 3708 blasphemiam
3224 3635 3462 3690 Nestorii
3500 3635 3571 3689 ab

1936 3731 2186 3785 Eutichis
2245 3731 2536 3801 impietate
2603 3730 2974 3800 distinguant.
3035 3730 3146 3783 Nec
3209 3729 3366 3783 enim
3434 3728 3566 3782 ideo

1934 3823 2268 3878 excusabilis
2295 3823 2472 3878 videri
2498 3823 2690 3894 aliqua
2731 3839 2928 3877 eorum
2955 3822 3174 3876 falsitas
3203 3825 3410 3893 potest,
3439 3821 3572 3892 quia

1933 3918 2038 3987 ipsi
2085 3924 2218 3972 sunt
2247 3917 2304 3971 in
2353 3933 2456 3971 sua
2501 3919 2866 3988 perversitate
2911 3915 3200 3970 contrarii.
3249 3916 3393 3970 Nam
3439 3931 3569 3969 cum

1934 4010 2258 4065 Nestorium
2297 4010 2606 4065 Eutichetis
2635 4009 2894 4081 discipuli
2928 4009 3301 4076 detestentur,
3331 4011 3389 4062 et
3417 4007 3567 4064 Euti-

1934 4105 2080 4159 chen
2111 4104 2600 4159 anathematizent
2627 4103 2861 4158 Nestorii
2897 4106 3224 4168 sectatores,
3257 4102 3567 4158 catholico-

1938 4215 2063 4253 rum
2087 4197 2302 4268 judicio
2334 4214 2464 4268 pars
2493 4201 2732 4268 utraque
2759 4198 3086 4265 damnatur,
3111 4201 3166 4250 et
3189 4196 3374 4250 amba:
3403 4195 3573 4250 simul

1935 4294 2177 4348 haereses
2203 4310 2236 4346 a
2259 4307 2497 4362 corpore
2532 4290 2790 4345 Ecclesiae
2816 4295 3166 4356 resecantur,
3194 4290 3330 4362 quia
3358 4293 3564 4344 neutra

1934 4385 2144 4440 falsitas
2188 4386 2487 4440 nobiscum
2531 4389 2715 4456 potest
2763 4384 2974 4440 habere
3031 4383 3409 4438 concordiam.
3459 4384 3567 4436 Nec

196 4479 325 4544 rim,
376 4478 655 4532 scribente
707 4484 897 4533 tamen
949 4479 1356 4550 gloriosissimo
1404 4481 1676 4551 principe,
1719 4479 2169 4562 nonDinterest
2207 4495 2322 4548 quo
2363 4479 2656 4548 sacrilegio
2701 4478 2772 4531 ab
2816 4477 3219 4531 incarnatiouis
3266 4474 3570 4528 Dominicaa

191 4572 363 4624 aliter
390 4571 718 4641 dignatione
744 4573 922 4642 ipsius
949 4590 1074 4626 sum
1104 4574 1345 4643 gavisus,
1374 4591 1545 4646 quam
1589 4575 1634 4628 si
1665 4575 1834 4628 etiam

193 4669 305 4717 tua:
353 4663 674 4718 serenitatis
709 4665 1084 4721 redderentur
1115 4667 1374 4738 alloquia.
1409 4657 1565 4721 Unde
1596 4683 1832 4721 consue-

192 4757 460 4811 tudinem
493 4775 586 4811 me
612 4759 864 4812 debitam
896 4761 1007 4813 mei
1048 4759 1218 4814 ofﬁcii
1249 4761 1502 4830 oportuit
1530 4761 1832 4829 custodire,

191 4867 294 4919 per
337 4867 510 4921 quam
557 4853 939 4921 significarem
991 4854 1307 4908 clementia:
1341 4857 1540 4907 vestrm
1580 4855 1835 4908 absolute

191 4961 283 4999 me
318 4944 588 5015 gaudere,
625 4952 681 5000 et
724 4946 1148 5000 incessabilibus
1180 4965 1213 5000 a
1260 4948 1376 5001 Deo
1425 4947 1687 5017 precibus
1731 4965 1832 5018 po-

189 5040 427 5105 stulare,
459 5042 520 5092 ut
549 5056 643 5093 vos
673 5044 729 5094 et
757 5041 1025 5094 Romana:
1056 5041 1380 5111 reipublicae
1407 5041 1701 5095 catholicae
1733 5042 1832 5094 Ec-

187 5133 380 5186 clesiae
430 5133 487 5186 in
535 5133 690 5187 omni
744 5134 1121 5204 prosperitate
1164 5139 1476 5189 conservet.
1519 5135 1595 5187 De
1641 5135 1834 5205 vigore

185 5231 386 5280 autem
419 5226 548 5281 ﬁdei
576 5232 773 5281 vestrm
805 5227 960 5298 quod
990 5227 1380 5282 indesinenter
1402 5227 1642 5283 Domino
1671 5229 1834 5283 sacri-

185 5320 390 5374 ficium
446 5320 630 5375 laudis
675 5321 906 5386 offertis,
960 5325 1197 5391 quantas
1243 5323 1356 5376 Deo
1405 5323 1613 5392 gratias
1663 5339 1833 5393 agam

187 5429 462 5468 enarrare
495 5431 610 5468 non
639 5415 814 5484 valeo,
847 5421 1123 5486 quantum
1169 5415 1521 5486 principibus
1557 5415 1834 5486 temporis

184 5507 375 5560 nostri
404 5525 514 5561 non
541 5508 726 5562 solum
771 5508 1086 5579 potentiam
1133 5509 1373 5579 regiam,
1404 5508 1500 5562 sed
1541 5508 1712 5562 etiam
1747 5526 1830 5563 sa-

185 5600 542 5655 cerdotalem
564 5603 956 5671 cognoscimus
973 5602 1156 5656 inesse
1183 5601 1516 5656 doctrinam.
1541 5601 1834 5657 Judicante

184 5694 353 5747 enim
383 5694 554 5748 fratre
596 5711 725 5749 meo
752 5696 978 5750 Juliano
1023 5695 1311 5766 episcopo,
1343 5700 1725 5764 pervenerunt
1761 5696 1832 5749 ad

183 5803 295 5840 nos
327 5785 383 5840 in
419 5787 841 5857 exemplaribus
875 5790 1304 5860 perceptionum
1336 5794 1651 5844 vestrarum
1680 5790 1829 5843 salu-

1939 4571 2167 4626 veritate
2182 4570 2527 4635 discordent,
2548 4571 2684 4624 dum
2697 4569 2756 4622 id
2769 4569 2922 4638 quod
2935 4568 3275 4639 pravissime
3296 4567 3566 4628 sentiunt,

1938 4681 2042 4719 nec
2082 4663 2388 4718 auctoritas
2432 4662 2745 4733 Evangelii,
2781 4678 2884 4714 nec
2934 4661 3076 4715 ratio
3107 4661 3342 4732 recipiat
3381 4676 3567 4714 sacra-

1936 4758 2135 4813 menti.
2157 4760 2222 4813 Et
2244 4757 2390 4822 ideo,
2406 4757 2580 4811 frater
2591 4755 2943 4820 charissima,
2959 4760 3183 4824 oportet
3207 4755 3567 4809 dilectionem

1937 4857 2094 4906 tuam
2113 4857 2235 4906 toto
2257 4851 2426 4905 corde
2450 4850 2789 4920 perspicere,
2813 4849 2974 4918 cujus
3002 4847 3263 4902 Ecclesiae
3286 4847 3563 4917 guberna-

1937 4945 2076 5000 culis
2090 4949 2144 4999 te
2161 4945 2430 4999 Dominus
2442 4943 2680 4997 voluerit
2693 4942 3018 5014 praesidere,
3035 4945 3091 4996 et
3103 4941 3224 5012 ejus
3243 4940 3568 4996 meminisse

1938 5038 2228 5103 doctrinae,
2277 5054 2451 5108 quam
2510 5036 2826 5107 praecipuus
2874 5035 3262 5106 apostolorum
3310 5035 3564 5090 omnium

1936 5131 2293 5186 beatissimus
2354 5132 2549 5184 Petrus
2606 5146 2706 5200 per
2751 5132 2935 5183 totum
2993 5129 3277 5184 mundum
3337 5128 3564 5197 quidem

1939 5224 2207 5279 uniformi
2254 5223 2680 5295 prmdicatione,
2724 5223 2822 5277 sed
2866 5223 3093 5292 speciali
3137 5219 3464 5289 magisterio
3511 5219 3567 5271 in

1934 5319 2284 5373 Antiochena
2330 5323 2388 5372 et
2423 5318 2676 5371 Romana
2725 5315 2863 5370 urbe
2906 5314 3184 5382 fundavit,
3216 5317 3275 5365 ut
3317 5311 3476 5364 illum
3510 5310 3568 5364 in

1936 5403 2052 5467 suae
2070 5411 2494 5484 glorificationis
2510 5409 2794 5464 domicilio
2809 5408 3302 5478 prmeminentem,
3321 5419 3383 5457 ea
3407 5403 3567 5456 intel-

1935 5507 2079 5577 ligas
2106 5521 2398 5576 reposcere
2429 5504 2684 5558 instituta
2720 5519 2848 5573 quae
2887 5499 3139 5564 tradidit,
3169 5497 3313 5551 sicut
3344 5495 3415 5549 ab
3443 5496 3567 5566 ipsa

1937 5616 2106 5670 quam
2153 5599 2443 5654 confessus
2489 5600 2573 5651 est
2620 5595 2857 5649 veritate
2903 5591 3164 5660 suscepit.
3216 5590 3408 5659 Neque
3455 5589 3567 5642 ullo

1937 5694 2104 5748 modo
2149 5693 2300 5747 sinas
2328 5692 2384 5745 in
2415 5689 2792 5745 Orientalibus
2829 5684 3089 5740 Ecclesiis
3120 5681 3478 5753 maximeque
3510 5682 3566 5735 in

1937 5786 2023 5842 his
2054 5802 2195 5858 quas
2222 5785 2591 5842 Antiochente
2637 5780 2754 5836 sedi
2792 5776 3298 5834 sacratissimorum
3336 5777 3565 5833 Patrum
