4062 6188
521 261 620 310 {Hii

1421 258 1700 310 ⁵ΗῚἚΝΙ).
1745 257 1830 310 ΑΙ)
1871 258 2032 310 5120.
2080 255 2137 307 IX

2301 254 2539 307 ISIDUIU
2569 254 2994 309 MEltCATUlUS
3716 267 3788 316 9l6

523 363 729 420 Nicaeni
784 381 1033 417 canones
1087 365 1357 434 deputare
1406 363 1474 418 ab
1529 364 1802 435 improbis
1869 363 2148 419 haereticis
2169 374 2227 446 Α
2248 361 2633 416 authenticam
2663 362 2883 416 noveris
2910 361 3208 432 reperisse,
3232 362 3336 416 hoc
3357 366 3529 419 tamen
3552 368 3792 438 proprium

522 457 823 529 Evangelio
850 458 1126 524 resultari,
1157 464 1213 512 et
1237 458 1320 511 vel
1350 458 1611 525 Nestorii,
1646 460 1734 513 vel
1778 459 2090 514 Euticlietis
2114 477 2146 514 a

520 568 804 624 quoquam
848 552 1061 623 dogma
1105 551 1359 606 defendi.
1393 552 1671 616 Quoniam
1707 553 1868 611 (sicut
1891 553 2019 623 dixi)
2053 571 2143 608 ca-

518 646 736 701 tholicas
758 645 893 699 ﬁdei
921 651 1097 716 petra,
1119 646 1280 715 cujus
1301 662 1621 715 cognomen
1646 646 1841 700 beatus
1863 648 2146 717 apostolus

520 742 712 794 Petrus
733 739 993 810 sumpsit,
1017 755 1048 791 a
1077 739 1314 794 Domino
1347 741 1568 793 nullum
1593 740 1798 811 recipit
1815 741 1885 794 ab
1907 743 2147 812 utraque

516 834 811 903 impietate
841 833 1162 906 vestigium,
1192 833 1290 888 sed
1317 833 1613 889 evidenter
1639 839 1806 905 atque
1847 835 2147 906 perspicue

520 931 577 981 et
620 928 940 982 Nestorium
989 927 1449 993 anathematizat,
1501 928 1598 998 qui
1638 929 1796 983 verbi
1851 929 2147 1000 carnisque

517 1025 778 1075 naturam
805 1021 863 1076 in
897 1022 1078 1077 beatae
1106 1021 1349 1092 Virginis
1387 1021 1788 1091 conjunctione
1817 1023 2144 1095 sejungens,

517 1131 809 1186 unumque
837 1115 1123 1170 Christum
1152 1115 1209 1169 in
1237 1115 1374 1170 duos
1403 1115 1682 1185 dividens,
1709 1116 1880 1170 aliam
1901 1117 2144 1186 deitatis,

519 1211 574 1261 et
617 1207 786 1262 aliam
835 1208 1206 1262 humanitatis
1249 1208 1430 1262 voluit
1476 1225 1595 1264 esse
1644 1226 1969 1280 personam,
2018 1226 2147 1264 cum

522 1300 755 1356 omnino
786 1318 927 1355 unus
956 1302 1221 1374 idemque
1259 1302 1350 1372 sit,
1382 1303 1480 1373 qui
1511 1307 1567 1358 et
1593 1303 1902 1358 secundum
1934 1304 2146 1375 sempi-

519 1400 743 1448 ternam
787 1395 1057 1452 deitatem
1089 1397 1156 1451 de
1188 1398 1350 1450 Patre
1383 1401 1468 1451 est
1506 1401 1667 1452 natus
1706 1397 1828 1451 sine
1864 1402 2144 1468 tempore,

523 1493 578 1541 et
604 1487 672 1542 de
698 1494 879 1543 matre
908 1497 1076 1544 natus
1103 1489 1162 1544 in
1190 1493 1473 1562 tempore.
1499 1492 1566 1545 Et
1594 1490 1867 1545 Eutichen
1889 1490 2150 1546 similiter

522 1587 863 1650 exsecratur,
892 1584 989 1654 qui
1029 1583 1086 1638 in
1135 1585 1372 1638 Domino
1416 1588 1543 1640 .lesu
1589 1584 1811 1640 Christo
1855 1585 2149 1640 veritatem

523 1675 788 1730 humana:
813 1677 995 1730 carnis
1023 1693 1304 1732 evacuans
1340 1678 1524 1748 ipsum
1555 1677 1798 1732 Verbum
1829 1678 1888 1731 in
1917 1695 2148 1733 carnem

2248 454 2599 510 difﬁnitionis
2625 472 2770 510 mea:
2797 458 2901 524 est,
2930 458 2995 509 ut
3020 455 3434 526 quantumlibet
3467 473 3702 515 numerus
3725 479 3793 516 sa-

2247 549 2539 603 cerdotum
2585 548 2826 620 amplior
2863 548 3076 620 aliquid
3121 565 3222 619 per
3248 551 3603 620 quorumdam
3641 555 3796 612 subre-

2247 641 2501 713 ptionem
2527 642 2818 711 decernat,
2849 642 3006 712 quod
3031 642 3140 696 illis
3181 647 3550 698 trecentorum
3575 646 3736 702 decem
3758 655 3799 704 et

2249 741 2372 790 octo
2389 735 3225 791 constitutionibusinveniatur
3236 735 3545 805 adversum,
3561 738 3610 794 id
3615 739 3800 808 justitiae

2247 829 2698 884 consideratione
2752 832 3021 898 cassetur,
3069 829 3341 900 quoniam
3395 831 3646 885 universae
3685 836 3801 904 pacis

2248 922 2628 993 tranquillitas
2672 939 2786 977 non
2838 922 3004 978 aliter
3044 923 3254 993 poterit
3297 923 3573 991 custodiri,
3604 925 3696 980 nisi
3729 945 3802 982 sua

2247 1017 2558 1071 canonibus
2599 1017 2915 1072 reverentia
2961 1017 3301 1072 intemerata
3347 1021 3600 1072 servetur.
3627 1019 3675 1072 Si
3699 1021 3802 1090 quid

2250 1126 2379 1165 sane
2393 1110 2462 1164 ab
2487 1109 2572 1164 his
2599 1110 2891 1177 fratribus,
2907 1110 3059 1181 quod
3077 1109 3149 1164 ad
3177 1113 3430 1164 sanctam
3453 1111 3700 1182 synodum
3715 1113 3802 1168 vice

2248 1220 2396 1272 mea,
2421 1203 2526 1257 nisi
2553 1208 2758 1274 praeter
2787 1203 2844 1258 id
2871 1203 3022 1274 quod
3042 1203 3112 1257 ad
3139 1219 3371 1257 causam
3403 1203 3528 1258 ﬁdei
3546 1205 3804 1274 pertinebat

2249 1303 2472 1368 gestum
2516 1297 2689 1352 fuisse
2733 1297 3082 1368 perhibetur,
3117 1296 3326 1351 nullius
3368 1297 3474 1352 erit
3508 1297 3704 1368 penitus
3735 1297 3803 1352 ﬁr-

2250 1391 2485 1458 mitatis,
2518 1390 2651 1462 quia
2680 1389 2752 1444 ad
2779 1390 2886 1445 hoc
2911 1393 3136 1444 tantum
3163 1389 3233 1444 ab
3263 1388 3556 1460 apostolica
3577 1391 3689 1446 sede
3711 1398 3807 1446 sunt

2249 1483 2466 1551 directi,
2501 1487 2563 1538 ut
2591 1484 2835 1539 excussis
2861 1483 3174 1538 haeresibus
3206 1483 3491 1537 catholicae
3520 1488 3685 1539 essent
3707 1484 3806 1539 ﬁdei

2249 1577 2592 1632 defensores.
2622 1576 2910 1648 Quidquid
2955 1575 3114 1630 enim
3155 1579 3367 1647 praeter
3391 1575 3641 1648 speciales
3666 1594 3809 1631 causas

2250 1670 2605 1742 synodalium
2651 1669 3020 1724 conciliorum
3047 1668 3119 1723 ad
3157 1685 3397 1724 examen
3428 1669 3714 1742 episcopale
3736 1670 3808 1724 de-

521 1769 721 1822 asserit
761 1771 1248 1838 transformatum,
1278 1776 1343 1826 ut
1387 1772 1561 1839 nasci,
1596 1772 1820 1838 nutriri,
1849 1772 2144 1842 perﬁcere,

2252 1765 2450 1831 fertur,
2473 1766 2657 1834 potest
2683 1763 2925 1834 aliquam
2953 1761 3305 1832 dijudicandi
3331 1762 3537 1818 habere
3563 1764 3808 1827 rationem,

520 1862 660 1933 pati,
708 1863 874 1931 mori,
917 1868 1087 1934 atque
1133 1865 1376 1935 sepeliri,
1429 1869 1485 1918 et
1528 1865 1618 1919 die
1665 1866 1828 1920 tertio
1871 1866 2145 1936 suscitari,

519 1955 692 2009 solius
719 1956 891 2011 fuerit
916 1958 1162 2026 deitatis,
1188 1975 1316 2029 quae
1339 1959 1554 2013 servilis
1581 1960 1780 2014 formas
1807 1977 1924 2013 non
1949 1959 2150 2014 verita-

520 2051 632 2102 tem
655 2050 986 2120 susceperit,
1001 2051 1099 2105 sed
1114 2050 1382 2122 ﬁguram.
1400 2052 1631 2106 Summa
1647 2052 1839 2123 itaque
1861 2051 2150 2123 vigilantia

523 2146 749 2195 cautum
780 2146 836 2196 te
865 2159 983 2197 esse
1015 2145 1294 2211 convenit,
1322 2161 1393 2199 ne
1425 2145 1559 2215 quid
1589 2145 1692 2199 sibi
1720 2146 1983 2200 haeretica
2012 2162 2148 2216 pra-

518 2235 659 2288 vitas
687 2236 891 2289 audeat
915 2236 1221 2303 vindicare,
1251 2254 1379 2291 cum
1405 2242 1460 2291 te
1489 2237 1682 2293 deceat
1707 2238 1793 2292 his
1821 2239 2148 2293 sacerdotali

519 2328 852 2383 auctoritate
882 2328 1161 2398 resistere,
1190 2346 1404 2401 nosque
1432 2331 1634 2401 saepius
1663 2331 1732 2386 de
1768 2333 2023 2403 profectu
2046 2334 2148 2388 Ec-

520 2420 821 2475 clesiarum
862 2422 970 2477 tuis
1012 2423 1387 2478 relationibus
1431 2424 1568 2494 quid
1611 2429 1817 2495 agatur
1847 2425 2146 2480 instruere.

523 2514 769 2586 Dignum
796 2520 881 2570 est
906 2516 1062 2570 enim
1087 2520 1142 2571 te
1173 2517 1495 2588 apostolicae
1523 2518 1670 2573 sedis
1699 2518 1759 2572 in
1802 2519 1907 2573 hac
1947 2518 2148 2573 sollici-

519 2607 716 2662 tudine
751 2614 1095 2677 consortem,
1130 2614 1186 2664 et
1215 2609 1288 2665 ad
1331 2611 1654 2681 augendam
1684 2611 1950 2665 ﬁduciam
1979 2610 2151 2682 privi-

519 2701 670 2770 legia
698 2703 879 2757 tertiis
902 2703 1047 2758 sedis
1074 2720 1408 2774 agnoscere,
1429 2704 1488 2759 in
1511 2705 1667 2758 nullo
1688 2705 2022 2775 cujusquam
2039 2721 2154 2758 am-

519 2793 731 2849 bitione
744 2795 1103 2865 minuantur,
1118 2797 1254 2866 quia
1266 2800 1420 2851 tanta
1431 2797 1585 2868 apud
1598 2813 1688 2851 me
1701 2797 2152 2852 estNicamorum

521 2903 811 2941 canonum
840 2889 1176 2956 reverentia,
1197 2895 1258 2943 ut
1282 2907 1350 2943 ea
1379 2906 1507 2959 qua:
1536 2895 1667 2944 sunt
1693 2907 1724 2944 a
1750 2891 1960 2945 sanctis
1978 2892 2152 2945 Patri-

523 2981 627 3034 bus
648 2981 972 3050 constituta,
993 2997 1095 3036 nec
1115 2983 1497 3052 permiserim,
1517 2998 1620 3038 nec
1647 2983 1828 3053 patiar
1848 2983 2036 3054 aliqua
2059 3000 2154 3038 no-

2249 1856 2296 1911 si
2334 1857 2475 1911 nihil
2503 1857 2573 1911 de
2605 1873 2672 1912 eo
2705 1859 2790 1911 est
2820 1873 2853 1910 a
2899 1855 3105 1910 sanctis
3144 1854 3404 1911 Patribus
3442 1855 3586 1927 apud
3625 1855 3810 1910 Nicaeam

2249 1949 2567 2004 deﬁnitum.
2582 1951 2724 2004 Nam
2743 1950 2893 2020 quod
2904 1949 2972 2003 ab
2986 1949 3213 2004 illorum
3231 1948 3444 2019 regulis
3458 1949 3813 2004 constitutione-

2250 2060 2359 2115 que
2385 2043 2687 2110 discordat,
2723 2042 3045 2113 apostolicae
3072 2042 3220 2097 sedis
3262 2059 3553 2114 nunquam
3596 2041 3814 2096 obtinebit

2251 2153 2610 2192 consensum.
2641 2137 2863 2200 Quanta
2892 2152 3025 2191 vero
3052 2137 3159 2190 hoc
3203 2135 3500 2208 diligentia
3527 2134 3815 2190 custodiatur

2250 2248 2282 2285 a
2309 2231 2472 2285 nobis
2516 2229 2933 2301 exemplaribus
2973 2229 3093 2299 ejus
3132 2229 3392 2300 epistola!
3432 2245 3594 2301 quam
3620 2228 3682 2282 ad
3707 2229 3813 2283 Con-

2253 2323 2815 2394 stantinopolitanum
2847 2323 3175 2394 episcopum
3200 2323 3549 2378 refrenantes
3574 2322 3724 2393 ipsius
3743 2336 3813 2374 cu-

2250 2418 2549 2489 piditatem
2595 2416 2905 2472 direximus
2955 2416 3271 2482 instrueris,
3311 2432 3489 2487 quam
3525 2416 3581 2471 in
3615 2414 3817 2471 omnium

2250 2511 2489 2566 fratrum
2534 2515 2591 2565 et
2627 2509 2987 2565 sacerdotum
3031 2514 3363 2564 nostrorum
3415 2509 3574 2564 facias
3614 2507 3816 2563 notitiam

2251 2604 2567 2675 pervenire,
2616 2609 2682 2659 ut
2730 2603 2992 2658 noverint
3041 2620 3241 2675 pacem
3293 2603 3709 2659 ecclesiasticam
3748 2615 3821 2671 per

2253 2697 2615 2752 concordiam
2646 2698 2759 2752 Deo
2786 2697 3054 2768 placitam
3085 2697 3296 2752 debere
3329 2698 3556 2752 servari.
3582 2695 3705 2750 lllud
3719 2709 3822 2765 quo-

2255 2808 2365 2862 que
2387 2791 2747 2846 dilectionem
2770 2794 2925 2845 tuam
2949 2791 3216 2845 convenit
3235 2807 3574 2862 prmcavere,
3590 2792 3649 2844 ut
3664 2791 3823 2860 praeter

2255 2902 2352 2939 eos
2381 2885 2479 2956 qui
2509 2887 2641 2939 sunt
2665 2884 2894 2940 Domini
2927 2884 3266 2950 sacerdotes,
3298 2885 3488 2939 nullus
3517 2884 3615 2938 sibi
3640 2883 3720 2953 jus
3747 2881 3821 2935 do-

2254 2978 2438 3047 cendi,
2473 2981 2530 3032 et
2571 2977 2921 3050 praedicandi
2961 2977 3168 3032 audeat
3202 2977 3510 3046 vindicare,
3543 2978 3645 3032 sive
3676 2974 3735 3029 sit
3757 2972 3823 3027 ille

520 3072 688 3128 vitate
700 3073 996 3129 violari.Et
1009 3075 1054 3128 si
1067 3075 1221 3129 enim
1234 3075 1875 3147 diversanonnunquam
1889 3081 2021 3131 sunt
2034 3093 2152 3132 me-
2171 3104 2225 3179 Ο
2252 3072 2590 3139 monachus,
2619 3071 2733 3126 sive
2764 3071 2835 3126 sit
2863 3071 3061 3140 laicus,
3089 3071 3186 3142 qui
3218 3071 3461 3142 alicujus
3503 3069 3726 3125 scientia:
3745 3082 3820 3121 no-

522 3166 623 3220 rita
640 3169 972 3238 praesulum,
993 3169 1184 3224 tamen
1194 3169 1328 3238 jura
1347 3173 1690 3240 permanent
1712 3170 1930 3225 sedium
1948 3170 2151 3241 quibus

523 3265 755 3328 possunt
776 3261 966 3316 amuli
995 3261 1489 3332 perturbationem
1515 3262 1759 3334 aliquam
1787 3263 2036 3318 fortassis
2062 3263 2146 3318 in-

523 3353 691 3420 ferre,
713 3370 826 3407 non
848 3358 1041 3409 tamen
1070 3359 1305 3426 possunt
1328 3355 1585 3411 minuere
1609 3356 1967 3427 dignitatem.
1992 3358 2151 3412 Unde

520 3461 646 3500 cum
706 3447 922 3518 aliquid
967 3465 1071 3519 pro
1121 3449 1485 3504 Antiochense
1535 3448 1791 3504 Ecclesiae
1841 3449 2153 3522 privilegiis

521 3539 743 3595 dilectio
767 3544 866 3595 tua
889 3542 1175 3613 agendum
1199 3558 1317 3596 esse
1347 3543 1652 3598 crediderit
1681 3543 1923 3614 propriis
1949 3543 2153 3598 litteris

522 3633 748 3688 studeat
772 3635 1074 3705 explicare,
1103 3642 1160 3690 et
1201 3640 1266 3690 ut
1297 3653 1396 3690 nos
1421 3637 1827 3691 consultationi
1855 3640 1963 3691 tuas
1989 3637 2149 3691 abso-

521 3727 636 3779 lute
657 3730 713 3781 et
732 3743 982 3798 congrue
1000 3730 1340 3800 respondere
1364 3730 1674 3801 possimus.
1691 3731 1848 3784 Nunc
1864 3735 2056 3785 autem
2081 3731 2151 3786 ad

523 3820 715 3874 omnia
737 3821 1080 3891 generaliter
1097 3823 1471 3894 pronuntiare
1497 3824 1754 3892 sufﬁciat,
1774 3824 1926 3895 quod
1948 3824 1992 3878 si
2014 3825 2149 3896 quid

519 3929 549 3964 a
579 3929 864 3984 quoquam
910 3919 1105 3969 contra
1147 3916 1505 3972 Nicaenorum
1546 3934 1831 3972 canonum
1860 3921 2069 3973 statuta
2095 3918 2151 3971 in

521 4024 860 4079 quacunque
887 4011 1102 4081 synodo
1130 4014 1219 4066 vel
1266 4016 1546 4067 tentatum
1578 4017 1680 4082 est,
1710 4012 1795 4067 vel
1824 4013 1894 4067 ad
1928 4017 2152 4082 tempus

520 4101 740 4156 videtur
757 4105 1194 4172 exortum,nibil
1208 4105 1521 4176 przejudicii
1535 4109 1722 4177 potest
1739 4105 2153 4160 inviolabilibus

519 4194 727 4249 inferre
756 4197 1018 4262 decretis,
1043 4202 1100 4252 et
1129 4198 1350 4252 facilius
1381 4199 1491 4252 erit
1509 4198 1894 4269 quarumlibet
1920 4215 2153 4252 consen-

521 4286 744 4341 sionum
764 4293 987 4358 pactum
1005 4289 1224 4344 dissolvi
1241 4307 1417 4361 quam
1439 4290 1841 4361 praedictorum
1865 4307 2152 4345 canonum

523 4380 746 4449 regulas
787 4397 856 4435 ex
888 4382 1003 4436 ulla
1030 4387 1194 4453 parte
1237 4384 1546 4455 corrumpi.
1595 4384 1949 4454 Subrependi
1974 4385 2151 4439 'enim

2252 3165 2405 3220 mine
2432 3165 2729 3236 glorietur.
2757 3164 2900 3229 Quia
2923 3167 2979 3220 et
3006 3164 3054 3219 si
3089 3165 3408 3235 optandum
3453 3170 3551 3233 est,
3581 3167 3638 3218 ut
3673 3175 3823 3216 omnes

2252 3259 2510 3314 Ecclesiae
2553 3259 2658 3312 ﬁlii
2687 3274 2817 3329 quae
2861 3263 3016 3313 recta
3063 3262 3120 3312 et
3165 3274 3307 3312 sana
3336 3263 3472 3312 sunt
3499 3257 3714 3328 sapiant,
3739 3269 3821 3307 non

2253 3356 2444 3407 tamen
2471 3351 2919 3423 permittendum
2953 3354 3056 3418 est,
3083 3354 3147 3406 ut
3172 3351 3481 3422 quisquam
3516 3353 3657 3405 extra
3682 3361 3822 3403 sacer-

2251 3446 2499 3500 dotalem
2530 3444 2790 3499 ordinem
2823 3443 3167 3499 constitutus
3214 3444 3461 3515 gradum
3502 3437 3824 3515 pradicatoris

2253 3541 2520 3607 assumat,
2549 3555 2681 3593 cum
2709 3538 2768 3592 in
2811 3537 3057 3593 Ecclesia
3102 3536 3200 3592 Dei
3239 3538 3438 3592 omnia
3481 3535 3716 3592 ordinata
3738 3545 3826 3587 esse

2252 3631 2571 3698 conveniat,
2591 3635 2659 3686 ut
2683 3631 2743 3685 in
2769 3647 2882 3685 uno
2904 3631 3111 3686 Christi
3142 3647 3405 3704 corpore,
3423 3636 3480 3687 et
3498 3625 3826 3686 excellentiora

2253 3725 2510 3782 membra
2537 3741 2704 3779 suum
2728 3724 2981 3779 officium
3011 3724 3312 3796 impleant,
3339 3730 3398 3780 et
3418 3723 3674 3781 inferiora
3695 3733 3821 3789 supe-

2253 3818 2498 3873 rioribus
2525 3835 2641 3873 non
2669 3820 2964 3873 resultent.
3007 3818 3149 3873 Data
3176 3835 3235 3874 1n
3266 3818 3397 3873 ldus
3422 3817 3590 3886 Junii,
3617 3812 3823 3886 Opilionc

2253 3913 2370 3967 viro
2401 3912 2713 3967 clarissimo
2744 3911 2996 3967 consule.

2253 4005 2441 4078 227
2473 4006 2624 4062 XCI"
2655 4035 2722 4046 ·-·
2752 4007 2918 4074 Cujus
2961 4021 3132 4075 supra
3175 4006 3248 4060 ad
3291 4008 3508 4062 Leonem
3549 4007 3820 4072 Augustum.

2325 4099 2535 4155 Ofﬁciis
2555 4115 2682 4171 quas
2705 4099 2774 4154 ad
2798 4099 3242 4170 gratulationem
3271 4099 3502 4170 imperii
3526 4095 3680 4154 vestri
3701 4089 3826 4166 perti-

2253 4199 2390 4249 nent
2413 4192 2737 4264 persolutis,
2753 4193 2925 4247 etiam
2942 4193 3092 4247 hanc
3113 4193 3385 4264 paginam
3413 4189 3716 4248 necessarie
3733 4201 3825 4254 sup

2253 4286 2571 4358 plicationis
2598 4286 2798 4357 adjeci,
2828 4302 2943 4356 qua
2967 4286 3260 4340 catholicae
3289 4285 3421 4342 ﬁdei
3451 4285 3700 4342 divinitus
3715 4295 3822 4351 prte-

2251 4385 2513 4452 paratum
2553 4378 2760 4434 favoris
2785 4379 2959 4434 vestri
2991 4395 3158 4450 posco
3203 4379 3557 4450 praesidium.
3588 4379 3706 4432 Nam
3728 4372 3824 4427 talia

521 4474 846 4530 occasiones
874 4491 986 4529 non
1015 4476 1404 4546 prmtermittit
1445 4477 1699 4544 ambitio,
1730 4482 1786 4532 et
1829 4478 2049 4548 quoties
2080 4479 2151 4533 ob
2173 4475 2230 4546 D
2253 4475 2315 4529 in
2340 4472 2721 4528 Alexandrina
2750 4472 2994 4527 Ecclesia
3019 4477 3346 4544 perpetrata
3385 4471 3577 4527 fratris
3607 4475 3658 4526 et
3680 4462 3824 4536 coepi-

523 4568 874 4624 incurrentes
902 4586 1099 4624 causas
1128 4570 1406 4642 generalis
1426 4571 1791 4642 congregatio
1814 4572 1959 4625 facta
1985 4572 2155 4626 fuerit

523 4663 902 4730 sacerdotum,
937 4663 1166 4719 difﬁcile
1212 4669 1295 4719 est
1335 4668 1398 4718 ut
1439 4665 1715 4736 cupiditas
1757 4665 2150 4736 improborum

520 4771 632 4810 non
643 4757 858 4828 aliquid
872 4775 1044 4828 supra
1058 4774 1388 4812 mensuram
1401 4775 1560 4812 suam
1579 4758 1847 4813 moliatur
1863 4763 2150 4829 appetere.

523 4847 679 4903 Sicut
699 4850 873 4904 etiam
897 4851 968 4905 de
991 4852 1271 4922 Ephesina
1297 4852 1530 4922 synodo,
1550 4868 1676 4922 qua:
1696 4852 1937 4922 impium
1959 4853 2150 4906 Nesto-

523 4942 670 4996 rium
699 4959 830 4997 cum
856 4944 1126 5016 dogmate
1147 4961 1250 5000 suo
1271 4945 1528 5016 pertulit,
1553 4945 1834 5000 Juvenalis
1856 4944 2156 5016 episcopus

522 5036 589 5089 ad
636 5035 1008 5092 obtinendum
1059 5037 1372 5093 Palaestinae
1418 5039 1720 5109 provincia:
1767 5038 2152 5109 principatum

519 5129 759 5184 credidit
789 5146 846 5184 se
885 5147 1050 5201 posse
1099 5131 1376 5201 sufﬁcere,
1406 5135 1461 5186 et
1505 5131 1812 5186 insolentes
1857 5147 2024 5185 ausus
2057 5148 2157 5202 per

519 5224 907 5279 commentitia
935 5225 1146 5296 scripta
1172 5226 1422 5294 ﬁrmare,
1447 5225 1594 5296 quod
1625 5230 1832 5280 sanctae
1861 5225 2156 5280 memoriae

520 5317 758 5386 Cyrillus
799 5319 1212 5374 Alexandrinus
1259 5319 1558 5390 episcopus
1604 5318 1807 5372 merito
1851 5319 2153 5388 perhorre-

521 5426 678 5465 scens
703 5411 924 5482 scriptis
954 5412 1069 5466 suis
1101 5412 1399 5482 mihiquid
1427 5412 1701 5484 praedicta
1727 5411 2002 5482 cupiditas
2024 5427 2158 5465 ausa

520 5505 609 5569 sit,
653 5505 944 5571 indicavit,
991 5511 1048 5560 et
1098 5505 1332 5560 sollicita
1385 5522 1523 5577 pace
1578 5505 1827 5559 multum
1882 5506 2154 5576 poposcit,

525 5600 587 5648 ut
606 5598 764 5651 nulla
789 5597 999 5653 illicitis
1025 5599 1327 5654 conatibus
1348 5598 1699 5670 praeberetur
1725 5598 1991 5652 assensio.
2018 5599 2156 5652 Nam

526 5688 686 5755 cujus
715 5690 968 5758 epistola
1011 5691 1082 5746 ad
1116 5709 1217 5745 nos
1256 5691 1606 5764 exemplaria
1646 5691 1905 5746 direxisti
1951 5696 2159 5746 sancta:

534 5779 817 5834 memorias
838 5783 1026 5851 Cyrilli
1046 5799 1173 5839 eam
1193 5785 1248 5840 in
1268 5789 1461 5841 nostro
1482 5783 1686 5840 scrinio
1708 5785 2039 5857 requisitam
2060 5802 2159 5840 nos

2255 4568 2408 4638 scopi
2459 4567 2574 4621 mei
2621 4565 2868 4620 Anatolii
2937 4565 3218 4621 relatione
3282 4566 3542 4638 cognovi,
3588 4568 3646 4618 ut
3685 4556 3825 4615 omnis

2254 4661 2570 4717 Christiana
2612 4659 2813 4730 religio
2858 4659 3063 4715 sentiat
3095 4676 3152 4714 se
3195 4660 3419 4731 impeti,
3453 4666 3616 4732 atque
3653 4650 3823 4716 νὶοῙᾶΙίρ

2257 4755 2365 4809 nisi
2389 4754 2692 4809 universali
2717 4753 2848 4808 ﬁdei
2879 4756 3063 4808 vestra
3089 4753 3390 4809 devotione
3421 4747 3824 4826 prospiciatur,et

2255 4853 2592 4904 memorata:
2620 4847 2877 4902 Ecclesiae
2907 4863 3035 4918 quas
3063 4849 3235 4901 antea
3260 4847 3552 4902 catholicis
3587 4845 3684 4900 fuit
3710 4841 3824 4895 clara

2256 4941 2575 4998 doctoribus
2602 4941 2875 4996 reddatur
2899 4940 3224 4996 Christiana
3251 4940 3502 5006 libertas,
3535 4945 3596 4993 ut
3617 4930 3824 4991 cessanti-

2256 5038 2360 5091 bus
2405 5034 2803 5090 haereticorum
2853 5033 3399 5105 impugnationibus,
3429 5029 3725 5104 evangelica
3752 5025 3824 5078 do-

2257 5129 2438 5185 ctrina
2476 5145 2605 5200 quae
2654 5128 2768 5182 illic
2795 5131 2925 5183 ante
2970 5127 3303 5182 Dioscorum
3339 5127 3541 5199 viguit,
3567 5125 3705 5179 unita
3730 5131 3823 5172 cum

2256 5225 2426 5278 totius
2454 5222 2716 5277 Ecclesiae
2756 5238 2894 5293 pace
2940 5226 3252 5292 reparetur.
3299 5221 3457 5285 Quod
3495 5235 3631 5292 opus
3651 5209 3825 5269 virtuti-

2257 5317 2361 5372 bus
2397 5317 2598 5371 vestris
2637 5315 2953 5386 gloriteque
2997 5314 3358 5380 conveniens,
3387 5314 3630 5369 celerem
3661 5312 3709 5362 et
3741 5305 3824 5358 Deo

2258 5411 2526 5482 placitum
2554 5409 2786 5464 habebit
2813 5409 3099 5476 effectum,
3131 5409 3176 5462 si
3204 5408 3352 5480 apud
3379 5411 3630 5462 sanctam
3655 5399 3825 5458 Cbaloe'

2259 5505 2567 5560 donensem
2599 5503 2881 5575 synodum
2906 5504 2976 5558 de
3007 5502 3239 5557 Domini
3265 5501 3472 5558 Christi
3497 5493 3822 5556 Incarnatione

2259 5599 2482 5652 ﬁrmata
2500 5598 2659 5652 nulla
2685 5596 3057 5668 permiseritis
3073 5595 3476 5651 retractatione
3493 5589 3708 5665 pulsari.
3723 5580 3823 5648 Quia

2260 5692 2317 5746 in
2345 5691 2442 5746 illo
2487 5690 2723 5746 concilio
2766 5707 2868 5762 per
2910 5689 3182 5762 Spiritum
3229 5692 3484 5744 sanctum
3525 5678 3821 5754 congmgalov

2265 5784 2447 5857 plenis
2477 5787 2646 5857 atque
2677 5783 2944 5856 perfectis
2970 5783 3402 5842 difﬁnitionibus
3431 5783 3625 5838 cuncta
3648 5770 3821 5830 firmata
