4062 6188
259 267 350 316 εΜῖ

1462 263 1920 318 ῐ)Ε(ΣΙζΙ·]Ἰ“ᾹΙ,11ῗΜ
1963 267 2347 322 (ἶί.)Ι,ΙλλΙτ11ἒ’1ἰ(,).

3501 267 3599 319 918

256 377 398 436 sunt,
432 375 488 423 ut
519 371 657 425 nihil
689 371 740 425 ei
773 374 982 442 regulae
1020 388 1146 442 quae
1183 389 1246 424 ex
1277 371 1465 426 divina
1495 373 1872 443 inspiratione
1897 394 1953 466 Α
1975 393 2129 448 gere,
2156 382 2326 448 atque
2352 378 2434 432 ita
2461 377 2682 432 nullum
2721 374 3050 447 colligendis
3079 374 3337 429 Ecclesiis
3360 374 3596 429 modum

253 465 461 535 prolata
503 469 608 529 est,
656 469 755 518 aut
797 465 925 518 addi
955 464 1148 535 possit,
1184 468 1279 519 aut
1306 465 1509 520 minui.
1543 467 1655 522 Hoc
1683 472 1872 522 autem

252 557 420 612 etiam
444 557 594 628 apud
620 558 940 613 clementia:
958 562 1156 613 vestra:
1177 559 1474 614 scientiam
1496 575 1611 613 non
1635 561 1876 630 ambigi-

255 669 377 707 mus
405 669 524 706 esse
563 653 944 723 perspicuum,
993 653 1272 747 siquidem
1307 655 1368 707 ut
1400 654 1715 708 multorum
1742 660 1874 710 ante

252 747 583 800 relationem
626 746 1027 817 comperimus,
1085 747 1414 800 molitiones
1473 747 1873 802 hmreticorum

253 857 373 910 quas
386 845 584 894 contra
596 839 883 910 prmdictw
899 839 1096 911 synodi
1112 840 1511 894 auctoritatem
1523 841 1876 895 conabantur

252 949 566 1003 assurgere,
595 933 738 987 nihil
771 950 836 986 ex
882 933 990 988 hoc
1031 934 1407 1004 permiseritis
1448 934 1682 988 audere.
1718 935 1873 989 Unde

250 1027 400 1096 quod
430 1027 759 1096 negandum
793 1027 900 1082 illis
928 1032 1130 1098 sponte
1159 1027 1371 1081 vidistis
1391 1027 1698 1097 gloriosum
1719 1029 1876 1082 vobis

249 1125 328 1173 est
357 1120 662 1173 universali
691 1120 948 1174 Ecclesia:
991 1137 1082 1174 me
1110 1120 1429 1190 suspicante
1455 1121 1784 1188 concedere,
1820 1125 1876 1176 et

252 1212 792 1268 incommutabiliter
846 1219 1230 1284 perpetueque
1285 1217 1578 1284 prmstare,
1629 1219 1688 1268 ut
1747 1231 1876 1286 quae

251 1305 562 1360 secundum
579 1306 946 1377 Evangelium
961 1307 1168 1362 Christi
1189 1313 1246 1361 et
1265 1307 1683 1378 praedicationis
1705 1325 1872 1362 evan-

251 1400 442 1470 gelica:
469 1400 763 1454 veritatem
797 1401 1066 1455 omnibus
1105 1405 1256 1456 retro
1301 1401 1538 1466 seculis,
1579 1418 1694 1454 una
1739 1401 1872 1467 fide,

251 1509 477 1563 unaque
519 1493 902 1564 intelligentia
951 1494 1213 1553 roborata
1260 1500 1410 1561 sunt,
1459 1494 1610 1548 nulla
1640 1494 1877 1548 ulterius

250 1587 464 1658 possint
489 1587 708 1642 actione
736 1587 996 1642 convelli.
1021 1589 1194 1642 I’rout
1215 1605 1351 1658 ergo
1372 1587 1756 1642 misericordia
1777 1587 1876 1641 Dei

248 1680 490 1736 concilio
518 1681 758 1752 Spiritus
793 1682 880 1736 sui
910 1687 1161 1736 mentem
1187 1685 1384 1736 vestrae
1415 1681 1636 1751 pietatis
1664 1681 1873 1735 instru-

1975 487 2206 542 ponere,
2240 471 2340 525 sed
2370 472 2504 526 data
2542 469 2773 525 licentia
2801 467 3125 524 debellandi
3154 468 3388 522 dilatare
3417 468 3600 537 magis

1977 581 2151 637 quam
2185 565 2373 637 30pire
2403 564 2731 619 certamina.
2761 559 2917 618 Unde
2943 561 3077 633 quia
3109 565 3237 632 post
3260 561 3381 616 illas
3411 561 3599 631 Ephe-

1976 659 2114 714 sinaa
2136 659 2329 729 synodi
2355 659 2694 729 impietatcs,
2727 658 2932 729 quibus
2953 655 3200 711 Dioscori
3228 655 3435 710 scelere
3464 653 3605 709 fides

1977 753 2253 807 catholica
2295 752 2538 806 refutata
2583 750 2920 820 perversitas
2964 749 3302 804 Eutichiana
3343 750 3604 817 suscepta

1976 850 2078 915 est,
2107 845 2247 900 nihil
2275 845 2347 898 ad
2376 843 2869 899 confirmationem
2895 842 3030 896 fidei
3057 841 3390 896 Christiane:
3413 839 3603 894 utilius

1977 940 2160 1011 potuit
2201 938 2469 1004 ordinari,
2518 953 2693 1009 quam
2735 942 2795 990 ut
2837 936 3091 1006 praedicti
3149 935 3368 989 facinus
3413 938 3602 987 sancta

1976 1033 2223 1103 synodus
2252 1029 2725 1088 Chalcedonensis
2748 1028 3018 1093 aboleret,
3050 1032 3105 1082 et
3130 1031 3286 1081 tanta
3306 1026 3414 1080 illic
3437 1026 3603 1079 habe-

1978 1131 2133 1182 retur
2171 1125 2409 1180 caelestis
2447 1140 2582 1178 cura
2625 1123 2921 1190 doctrinae,
2969 1124 3035 1174 ut
3081 1120 3224 1174 nihil
3265 1120 3602 1189 cujusquam

1978 1221 2247 1291 Opinione
2272 1219 2548 1274 resideret
2575 1217 2727 1288 quod
2760 1233 2794 1270 a
2817 1213 3317 1286 praedicationibus
3346 1213 3432 1266 vel
3479 1228 3604 1281 pro-

1977 1313 2215 1385 pheticis
2242 1317 2297 1367 et
2326 1310 2644 1383 apostolicis
2673 1310 3004 1373 dissonaret,
3046 1325 3109 1361 ea
3152 1306 3363 1360 scilicet
3402 1305 3601 1360 mode-

1979 1407 2194 1462 ratione
2226 1387 2460 1471 servata,
2483 1410 2547 1460 ut
2567 1403 2867 1459 rebellibus
2891 1405 3118 1457 tantum
3139 1417 3203 1454 ac
3224 1399 3607 1470 pertinacibus

1975 1502 2044 1555 ab
2097 1500 2356 1555 Ecclesiae
2397 1499 2612 1554 unitate
2655 1496 2898 1568 rejectis,
2944 1495 3089 1550 nulli
3145 1496 3397 1549 correcto
3437 1492 3606 1546 venia

1979 1597 2308 1665 negaretur,
2337 1592 2474 1664 quid
2494 1590 2860 1662 probabilius,
2891 1589 3029 1660 quid
3058 1587 3376 1658 religiosius
3401 1585 3610 1658 poterit

1979 1687 2158 1759 pietas
2186 1691 2365 1742 vestra
2392 1687 2696 1741 decernere
2727 1699 2897 1754 quam
2924 1686 2990 1736 ut
3017 1698 3147 1753 qua
3182 1697 3296 1735 non
3343 1683 3458 1734 tam
3496 1679 3603 1732 hu-

249 1777 414 1843 xerit,
464 1781 671 1830 sancta;
712 1775 976 1846 primitus
1005 1763 1398 1831 Aléxandrinaa
1433 1775 1692 1829 Ecclesia:
1723 1773 1952 1845 pacisB
1979 1782 2162 1836 manis
2203 1797 2374 1850 quam
2419 1779 2622 1834 divinis
2659 1783 2791 1832 sunt
2838 1779 3049 1830 statuta
3099 1774 3362 1841 decretis,
3417 1773 3608 1827 nullus

250 1870 590 1939 reparationi
618 1869 919 1935 consulite,
960 1873 1018 1923 et
1062 1885 1162 1939 per
1209 1869 1518 1923 catholicos
1557 1868 1878 1924 sacerdotes

247 1964 416 2016 talem
444 1963 720 2034 provideri
753 1962 954 2032 jubete
985 1962 1337 2032 pontificem,
1380 1963 1437 2014 in
1473 1978 1587 2032 quo
1616 1966 1674 2016 et
1700 1962 1756 2015 in
1784 1977 1876 2015 ac-

246 2061 410 2110 tuum
450 2056 748 2126 probitate,
794 2061 852 2110 et
880 2056 938 2109 in
978 2056 1108 2110 fidei
1159 2055 1507 2126 perfectione
1536 2055 1675 2109 nihil
1705 2055 1882 2125 possit

249 2149 697 2219 reprehensibile
724 2149 983 2221 reperiri,
1018 2155 1075 2202 ut
1103 2149 1369 2202 omnibus
1395 2148 1498 2202 rite
1531 2148 1877 2219 compositis,

246 2243 447 2297 eadem
485 2242 678 2313 utique
721 2249 975 2298 servetur
1029 2242 1360 2313 przedicatio
1417 2242 1688 2296 veritatis.
1745 2243 1882 2296 Data

247 2337 453 2406 quinto
483 2337 610 2391 Idus
634 2336 806 2402 Junii,
829 2337 1135 2391 Constante
1159 2341 1213 2390 et
1232 2337 1375 2390 Rufo
1395 2336 1738 2390 consulibus.

428 2431 603 2486 XCIII.
639 2462 704 2470 —
739 2430 990 2499 Ejusdem
1017 2431 1093 2484 ad
1120 2433 1342 2486 Leonem
1369 2432 1699 2498 Augustum.

318 2524 478 2578 Licet
522 2525 777 2595 proxime
817 2524 886 2577 ad
933 2524 1298 2577 clementiam
1351 2529 1594 2577 vestram
1651 2524 1881 2592 gemina

248 2618 461 2688 scripta
507 2617 832 2683 direxerim,
880 2633 1126 2688 quorum
1176 2633 1355 2670 unum
1383 2616 1641 2671 debitum
1673 2617 1880 2670 saluta-

247 2711 423 2766 tionis
447 2711 730 2782 impleret,
761 2711 912 2765 aliud
937 2727 1037 2781 pro
1059 2714 1211 2765 statu
1232 2711 1495 2765 Ecclesiae
1518 2710 1880 2780 supplicaret,

246 2811 446 2859 tamen
480 2805 768 2860 occasione
798 2820 926 2876 qua:
982 2806 1093 2859 Deo
1137 2804 1467 2874 providente
1528 2820 1586 2857 se
1638 2803 1884 2874 praebuit

247 2898 446 2952 iterari
473 2902 782 2970 utrumque
803 2898 1087 2952 convenit.
1115 2897 1440 2952 Secundum
1463 2913 1600 2968 ergo
1619 2896 1884 2950 fiduciam

246 2993 408 3046 illam
453 3007 626 3062 quam
671 3008 735 3046 ex
768 2991 867 3046 Dei
896 2991 1266 3062 inspiratione
1299 2990 1596 3045 universali
1629 2990 1884 3044 Ecclesia

246 3085 593 3155 praestitistis
605 3088 736 3140 ante
754 3086 1089 3156 cujusquam
1101 3099 1297 3156 preces
1317 3084 1711 3138 constituendo
1729 3083 1884 3153 quod

248 3179 504 3234 maxime
545 3179 614 3232 ab
647 3179 915 3234 omnibus
940 3179 1126 3232 fuerat
1154 3177 1562 3248 expetendum,
1590 3193 1706 3231 non
1739 3176 1881 3231 desi-
1907 3141 1961 3213 Ο

248 3273 447 3326 nimus
494 3273 700 3342 gratias
745 3289 938 3343 agere,
982 3276 1040 3326 et
1078 3270 1495 3342 providentiam
1539 3270 1635 3325 Dei
1668 3271 1724 3324 in
1753 3269 1887 3324 fidei

245 3372 454 3420 vestrae
481 3366 700 3420 fervore
728 3365 1089 3432 benedicere,
1135 3366 1231 3436 qui
1271 3369 1466 3418 sancto
1512 3369 1568 3418 et
1605 3363 1886 3418 catholico

246 3459 481 3531 spiritu,
532 3459 674 3513 sicut
724 3459 910 3513 fratris
975 3463 1032 3512 et
1083 3457 1398 3528 coepiscopi
1458 3457 1572 3510 mei
1642 3455 1888 3510 Anatolii

245 3568 516 3607 sermone
533 3552 794 3623 cognovi.
816 3554 896 3607 Ita
914 3551 1314 3606 haereticorum
1337 3549 1710 3620 impudentiae
1733 3549 1889 3604 resti-

243 3647 421 3710 tistis,
455 3650 514 3699 ut
550 3645 962 3716 profiteremini
998 3645 1172 3699 totius
1207 3643 1409 3698 mundi
1434 3659 1629 3714 pacem
1658 3643 1886 3700 Chalce-

243 3739 525 3793 donensis
555 3739 760 3810 synodi
807 3755 907 3793 vos
954 3753 1074 3792 esse
1117 3738 1429 3792 custodem.
1473 3737 1633 3800 Quod
1663 3753 1793 3791 cum
1822 3754 1887 3791 ex

247 3839 456 3888 vestrae
503 3833 636 3886 fidei
691 3833 976 3888 sententia
1029 3816 1401 3885 saluberrime
1451 3830 1750 3886 definitum
1799 3831 1886 3896 sit,

243 3929 471 3999 quanto
499 3926 800 3980 studiosius
831 3925 1133 3980 universali
1167 3924 1424 3979 Ecclesiae
1475 3929 1559 3979 est
1588 3924 1888 3978 conferen-

242 4022 418 4085 dum,
476 4024 533 4073 ut
570 4020 955 4090 tranquillitas
985 4019 1115 4074 fidei
1145 4018 1479 4075 Christianae
1510 4018 1678 4072 etiam
1707 4020 1891 4071 vestro

242 4117 436 4190 prosit
461 4117 723 4187 imperio,
772 4134 877 4172 nec
927 4118 1258 4189 improbitas
1304 4117 1573 4172 haeretica
1613 4117 1668 4170 in
1698 4117 1890 4186 aliquo

244 4231 358 4268 suo
386 4211 677 4266 molimine
695 4211 994 4281 glorietur.
1012 4213 1184 4281 Cujus
1198 4211 1459 4281 pertinax
1477 4209 1748 4264 insidiosa
1763 4226 1892 4264 con-

247 4304 442 4358 tv'ntio
465 4304 609 4358 illico
637 4306 998 4376 conquiescet
1028 4304 1074 4358 si
1093 4303 1375 4374 imperiali
1407 4306 1678 4373 potestate
1707 4303 1890 4357 frene-

249 4411 375 4455 tur.
415 4403 551 4456 Data
591 4402 873 4456 Kalendas
910 4401 1280 4474 Septembris,
1312 4400 1639 4456 Constantio
1671 4404 1726 4454 et
1747 4400 1892 4455 Rufo

249 4495 610 4549 ('ODSUIIDIIS.

511 4591 680 4644 XCIV.
715 4621 780 4630 -—
833 4594 980 4651 Item,
1011 4590 1247 4658 ejusdem
1277 4591 1352 4642 ad
1381 4588 1639 4643 eumdem.

328 4683 571 4737 Litteras
615 4683 933 4737 clementiae
966 4687 1074 4735 tuae
1106 4682 1302 4751 plenas
1332 4681 1538 4736 virtute
1565 4681 1697 4735 fidei
1722 4686 1778 4734 et
1804 4682 1891 4734 lu-

252 4780 420 4832 mine
457 4777 704 4830 veritatis
742 4780 1078 4830 veneranter
1115 4774 1327 4845 accepi,
1370 4775 1575 4845 quibus
1623 4790 1893 4844 cuperem

250 4872 440 4924 etiam
483 4871 538 4924 in
583 4887 650 4924 eo
682 4871 833 4940 quod
881 4869 1243 4939 praesentiam
1288 4885 1481 4922 meam
1513 4868 1691 4938 pietas
1717 4871 1898 4922 vestra

253 4965 648 5019 necessarium
701 4964 990 5018 existimat
1043 4962 1293 5028 obedire,
1340 4955 1404 5015 ut
1463 4962 1665 5031 majori
1711 4963 1897 5015 fructu

249 5063 635 5126 conspectum
669 5056 833 5110 vestri
863 5055 1179 5126 splendoris
1202 5070 1554 5126 assequerer,
1588 5055 1685 5109 sed
1715 5055 1899 5123 magis

251 5153 313 5205 id
359 5150 512 5204 vobis
552 5150 799 5204 arbitror
828 5149 1167 5220 placiturum
1197 5149 1350 5219 quod
1383 5148 1715 5218 eligendum
1757 5148 1897 5201 ratio

252 5243 698 5298 dernonstravit.
730 5245 870 5297 Nam
899 5260 1030 5296 cum
1060 5249 1251 5296 sancto
1277 5242 1677 5312 spiritualique
1710 5241 1897 5295 studio

253 5336 589 5391 universam
640 5353 838 5408 pacem
891 5337 1148 5391 Ecclesiae
1200 5336 1490 5402 muniatis,
1536 5335 1792 5405 nihilque
1831 5335 1901 5388 sit

253 5431 698 5485 convenientius
734 5431 866 5484 fidei
894 5430 1287 5494 defendendae,
1319 5446 1486 5498 quam
1530 5428 1616 5482 his
1641 5445 1768 5499 quae
1800 5445 1902 5498 per

259 5525 472 5578 omnia
503 5525 821 5578 instruente
855 5524 1067 5594 Spiritu
1099 5527 1296 5577 sancto
1329 5521 1903 5592 irreprehensibiliter

257 5617 506 5671 definita
537 5621 669 5672 sunt
695 5617 999 5684 inhazrere,
1047 5616 1154 5687 ipsi
1173 5617 1317 5670 bene
1345 5614 1664 5669 videbimur
1691 5618 1902 5668 statuta

258 5710 612 5778 convellere,
646 5716 702 5766 et
731 5711 1098 5766 auctoritates
1127 5727 1268 5782 quas
1299 5708 1545 5763 Ecclesia
1575 5707 1903 5762 universalis

263 5805 540 5872 amplexa
563 5805 732 5859 estad
765 5805 1062 5860 arbitrium
1087 5804 1369 5859 haeretica)
1393 5802 1679 5874 petitionis
1700 5802 1897 5856 infrin-

1914 4509 1972 4581 D

1979 1877 2129 1930 ultra
2155 1874 2374 1929 sinatur
2394 1873 2691 1944 impetere,
2718 1888 2786 1926 ne
2809 1886 2938 1924 vere
2959 1868 3118 1939 digni
3142 1868 3253 1922 sint
3276 1866 3373 1919 Dei
3400 1881 3607 1920 munus

1980 1969 2238 2022 amittere
2265 1967 2362 2039 qui
2390 1968 2458 2021 de
2486 1965 2717 2020 veritate
2749 1964 2923 2034 ipsius
2941 1961 3062 2016 ausi
3088 1960 3301 2014 fuerint
3325 1958 3604 2013 dubitare.

1979 2063 2120 2116 Cum
2157 2077 2295 2132 ergo
2328 2059 2659 2114 universalis
2689 2056 2932 2112 Ecclesia
2963 2069 3065 2126 per
3099 2054 3252 2108 illius
3285 2050 3608 2123 principalis

1982 2159 2158 2227 petrae
2186 2154 2618 2210 aedificationem
2649 2153 2794 2207 facta
2825 2151 2896 2204 sit
2928 2153 3108 2220 petra,
3137 2152 3192 2201 et
3227 2147 3442 2217 primus
3467 2161 3606 2215 apo-

1982 2250 2259 2304 stolorum
2287 2247 2648 2302 beatissimus
2679 2248 2876 2301 Petrus
2907 2259 3039 2296 voce
3070 2239 3295 2296 Domini
3321 2237 3562 2292 audierit
3593 2253 3606 2289 :

1985 2367 2012 2392 ‹‹
2066 2345 2147 2397 Tu
2196 2359 2255 2397 es
2299 2344 2492 2396 Petrus
2534 2345 2590 2395 et
2632 2354 2801 2409 super
2847 2337 2991 2392 hanc
3040 2337 3261 2389 Petram
3321 2330 3609 2386 aedificabo

1985 2436 2288 2491 Ecclesiam
2319 2451 2504 2490 meam
2535 2434 2750 2502 (Matth.
2782 2447 2892 2494 xw,
2927 2429 3031 2498 l6).
3065 2450 3091 2476 ››
3122 2427 3258 2492 Quis
3279 2428 3361 2480 est
3379 2423 3486 2478 nisi
3513 2427 3611 2477 aut

1983 2529 2380 2595 Antichristus,
2419 2530 2516 2582 aut
2545 2527 2802 2581 diabolus
2833 2523 2929 2595 qui
2959 2523 3188 2593 pulsare
3216 2520 3422 2574 audeat
3446 2518 3610 2572 inex-

1984 2619 2351 2692 pugnabilem
2390 2617 2713 2680 veritatem,
2747 2614 2845 2685 qui
2874 2613 2930 2667 in
2964 2610 3179 2666 malitia
3197 2625 3296 2664 sua
3321 2609 3611 2662 inconver-

1985 2714 2155 2768 tibilis
2186 2727 2569 2782 perseverans,
2615 2725 2721 2781 per
2764 2723 2896 2761 vasa
2922 2707 3020 2760 irae
3060 2707 3118 2759 et
3156 2719 3273 2758 suae
3300 2706 3430 2772 apta
3460 2700 3614 2754 falla-

1985 2808 2085 2861 cia:
2116 2808 2251 2861 falso
2278 2804 2587 2875 diligentiae
2613 2802 2850 2856 nomine
2882 2801 3019 2855 dum
3044 2797 3335 2852 veritatem
3366 2810 3424 2849 se
3456 2809 3614 2847 men-

1988 2903 2125 2956 titur
2153 2901 2464 2971 inquirere,
2489 2896 2789 2952 mendacia
2808 2894 3097 2949 desiderat
3115 2890 3414 2957 seminare,
3441 2891 3614 2957 atque

1986 2993 2399 3049 contemnenda
2414 2995 2470 3045 et
2489 2989 2718 3046 vitanda
2737 2987 2942 3044 merito
2960 2986 3067 3040 sibi
3083 2984 3445 3039 incontinens
3456 2981 3617 3035 furor

1987 3093 2044 3142 et
2073 3087 2335 3157 impietas
2363 3101 2513 3140 caeca
2543 3082 2909 3154 praescripsit,
2943 3084 3004 3134 ut
3034 3077 3307 3134 diabolico
3338 3076 3614 3130 instructu

1986 3181 2138 3252 quod
2182 3181 2238 3233 in
2287 3182 2540 3233 sanctam
2590 3175 3032 3230 Alexandrinam
3076 3171 3236 3226 saevit
3283 3167 3611 3231 Ecclesiam,

1987 3274 2182 3346 quales
2195 3275 2381 3326 essent
2393 3269 2490 3341 qui
2501 3268 2744 3324 Chalced
2752 3282 3023 3323 onensem
3036 3264 3210 3335 synod
3219 3279 3313 3317 um
3327 3259 3615 3316 retractati

1988 3367 2225 3438 cupiunt
2247 3365 2580 3431 disceretur,
2612 3363 2670 3416 in
2703 3360 2999 3432 quaZnullo
3027 3357 3200 3412 modo
3225 3355 3492 3410 accedere
3522 3369 3616 3423 po-

1992 3460 2114 3527 tuit,
2143 3463 2205 3513 ut
2245 3476 2277 3512 a
2303 3457 2462 3512 vobis
2487 3460 2688 3511 contra
2729 3458 2984 3508 sanctam
3014 3451 3302 3504 Nicrenam
3335 3445 3615 3516 synodum

1990 3553 2314 3621 sentiretur,
2346 3551 2499 3622 quod
2529 3547 2783 3604 haeretici
2813 3544 3188 3609 mentiuntur,
3235 3541 3331 3612 qui
3361 3555 3419 3594 se
3443 3538 3616 3593 fidem

1991 3647 2198 3703 Nicaeni
2239 3644 2458 3701 concilii
2485 3647 2679 3698 tenere
2709 3640 3062 3710 confingunt,
3104 3636 3163 3690 in
3194 3650 3308 3706 quo
3347 3631 3526 3687 sancti
3559 3633 3618 3685 et

1989 3740 2340 3796 venerabiles
2366 3741 2558 3792 Patres
2608 3735 2788 3790 nostri
2827 3736 2997 3788 conta
3039 3729 3236 3784 Arium
3263 3725 3617 3797 congregati,

1994 3853 2106 3890 non
2160 3849 2393 3888 carnem
2449 3829 2690 3896 Domini,
2737 3828 2833 3882 sed
2877 3825 3148 3881 deitatem
3188 3821 3288 3876 filii
3321 3818 3619 3874 omousion

1992 3928 2142 3983 Patri
2157 3944 2276 3982 esse
2291 3926 2593 3980 firmavere
2605 3924 2631 3978 ?
2648 3925 2710 3977 In
2719 3915 3167 3977 Chalcedonensi
3178 3918 3368 3970 autem
3383 3911 3620 3966 concilio

1991 4022 2286 4077 adversum
2304 4017 2713 4090 Eutychianam
2735 4013 3087 4084 impietatem
3103 4008 3399 4064 definitum
3425 4009 3527 4073 est,
3548 4004 3617 4057 de

1993 4114 2303 4170 substantia
2322 4111 2565 4183 Virginis
2588 4108 2786 4164 matris
2808 4104 3146 4160 DominumJ
3153 4117 3315 4155 esum
3332 4097 3620 4156 Christum

1995 4207 2300 4279 sumpsisse
2333 4205 2507 4261 nostri
2532 4202 2782 4274 corporis
2808 4199 3129 4254 veritatem.
3163 4194 3327 4266 Apud
3349 4190 3617 4250 Christia-

1997 4302 2291 4357 nissimum
2321 4299 2636 4371 principem
2657 4295 2834 4366 igitur
2857 4297 2915 4348 et
2943 4293 3094 4346 inter
3118 4286 3324 4345 Christi
3351 4284 3622 4357 praedica-

1996 4402 2144 4451 tores
2164 4395 2338 4466 digno
2357 4394 2571 4448 honore
2591 4386 3020 4446 numerandum
3031 4390 3163 4438 utor
3181 4380 3473 4437 catholicae
3494 4375 3620 4432 ﬁdei

1997 4490 2271 4557 libertate,
2301 4491 2357 4542 et
2382 4487 2454 4541 ad
2480 4484 2832 4540 consortium
2873 4484 2927 4534 te
2967 4477 3357 4548 apostolorum
3399 4489 3463 4526 ac
3491 4486 3620 4541 pro-

1997 4584 2299 4653 phetarum
2335 4591 2565 4634 Securus
2591 4577 2878 4642 exhortor,
2909 4577 2972 4626 ut
2996 4572 3320 4625 constanter
3351 4563 3623 4635 despicias

1999 4693 2062 4730 ac
2089 4675 2328 4745 repellas
2354 4689 2448 4728 eos
2480 4672 2576 4742 qui
2607 4687 2667 4725 se
2694 4666 3012 4723 Christiano
3043 4661 3277 4717 nomine
3310 4659 3620 4731 privavere,

1998 4786 2102 4825 nec
2127 4767 2363 4840 patiaris
2398 4764 2606 4836 impios
2636 4759 2942 4834 parricidas
2967 4757 3245 4826 sacrilega
3266 4751 3622 4809 simulatione

1999 4867 2066 4920 de
2113 4864 2224 4918 fide
2280 4877 2468 4932 agere,
2526 4873 2669 4928 quos
2715 4857 2933 4910 constat
2973 4869 3006 4905 a
3043 4850 3153 4905 fide
3190 4848 3436 4904 deviare.
3479 4847 3622 4901 Cum

1998 4957 2151 5012 enim
2184 4953 2551 5009 clementiam
2591 4954 2749 5004 tuam
2786 4945 3062 5003 Dominus
3091 4946 3250 4999 tanto
3289 4937 3623 4996 sacramenti

2001 5051 2086 5104 sui
2115 5047 2531 5104 illuminatione
2561 5043 2842 5112 ditaverit,
2888 5040 3060 5096 debes
3103 5039 3498 5093 incunctanter
3521 5032 3620 5087 ad-

2000 5147 2218 5199 vertere
2261 5141 2481 5212 regiam
2535 5142 2872 5210 potestatem
2915 5151 3032 5189 non
3074 5134 3257 5188 solum
3304 5131 3373 5184 ad
3423 5124 3624 5181 mundi

2002 5237 2282 5309 regimen,
2329 5235 2426 5289 sed
2469 5233 2714 5288 maxime
2759 5231 2832 5285 ad
2863 5228 3122 5284 Ecclesia:
3155 5222 3478 5298 prmsidium
3507 5235 3624 5273 esse

2001 5331 2284 5398 collatam,
2312 5333 2376 5384 ut
2412 5345 2580 5383 ausus
2613 5325 2863 5382 nefarios
2906 5317 3360 5394 comprimendo,
3400 5317 3458 5368 et
3497 5329 3625 5382 qua:

2002 5426 2146 5480 bene
2167 5429 2298 5479 sunt
2319 5426 2526 5478 statuta
2547 5421 2840 5486 defendas,
2870 5423 2929 5472 et
2951 5431 3140 5471 veram
3164 5425 3366 5483 pacem
3385 5409 3476 5462 his
3497 5422 3626 5478 qua:

2003 5526 2134 5574 sunt
2160 5518 2381 5572 turbata
2420 5517 2699 5583 restituas,
2742 5509 3075 5584 depellendo
3123 5507 3336 5561 scilicet
3372 5519 3629 5574 pervaso-

2003 5629 2092 5667 res
2113 5613 2258 5682 juris
2283 5610 2472 5678 alieni,
2503 5615 2561 5664 et
2585 5609 2832 5678 antiquae
2853 5602 2982 5659 fidei
3011 5601 3204 5657 sedem
3232 5596 3627 5653 Alexandrina:

2005 5706 2266 5761 Ecclesiae.
2297 5703 2680 5767 reformando,
2709 5704 2770 5754 ut
2794 5695 3238 5754 correctionibus
3263 5691 3372 5747 tuis
3398 5691 3497 5747 Dei
3527 5691 3629 5745 ira-

2004 5799 2207 5856 cundia
2235 5798 2514 5868 mitigata,
2560 5795 2732 5864 regiae
2775 5796 2938 5848 antea
2975 5790 3181 5846 civitati
3209 5806 3324 5847 non
3351 5787 3630 5844 retribuat
