4062 6188
507 242 611 304 919

1391 250 1670 305 ᾹΡΡΕΝΙ).
1714 250 1800 305 AD
1839 251 1999 305 SACC.
2044 249 2128 303 lX.

2271 246 2514 301 lSlDORl
2557 245 2980 301 MERCATORIS
3703 252 3780 305 920

502 375 628 429 quae
654 355 900 412 admissa
923 360 1051 410 sunt
1078 357 1177 410 sed
1206 358 1479 411 remittat.
1512 356 1803 414 Constitue
1833 360 1967 411 ante
1995 373 2128 411 ocu-
2152 367 2210 438 Α
2230 354 2580 419 tenderetur,
2636 352 2760 407 aliis
2809 353 3010 408 litteris
3054 368 3182 424 quae
3232 353 3507 407 assertioni
3545 355 3786 411 catholica:

502 453 587 506 los
614 451 801 505 cordis
826 450 926 517 tui,
957 450 1294 505 venerabilis
1317 450 1651 521 imperator,
1683 467 1880 506 omnes
1905 450 2004 522 qui
2030 466 2132 520 per

504 548 686 599 totum
740 543 938 598 orbem
983 547 1116 598 sunt
1156 544 1381 598 Domini
1428 545 1749 599 sacerdotes
1785 561 1890 615 pro
1936 560 2001 598 ea
2027 543 2130 597 tibi

498 637 631 703 ﬁde,
664 637 722 690 in
762 653 875 708 qua
901 637 1071 691 totius
1101 637 1301 692 mundi
1330 642 1415 691 est
1441 638 1763 709 redemptio
1787 638 2128 708 supplicare,

502 732 559 784 in
590 748 702 802 qua
743 747 805 785 re
849 730 1147 802 specialius
1185 731 1467 799 ambiunt,
1500 732 1596 802 qui
1640 731 1965 802 apostolicae
1999 730 2131 785 ﬁdei

500 829 807 880 sectatores
830 824 1227 879 Alexandrinas
1254 825 1515 880 Ecclesiae
1540 824 1867 895 praesidere,
1901 828 2133 895 agentes

501 918 651 988 apud
683 918 956 988 pietatem
977 921 1139 972 tuam
1164 934 1237 972 ne
1256 917 1553 973 haereticos
1571 917 1831 972 homines
1851 920 1907 972 et
1926 918 2132 971 merito

499 1027 604 1081 pro
632 1028 735 1065 sua
754 1016 755 1019 “
772 1010 1144 1082 perversitate
1172 1011 1491 1078 damnatos,
1523 1010 1603 1065 uti
1630 1026 1733 1065 sua
1760 1011 2125 1081 persuasione

502 1103 826 1173 patiamini,
868 1120 998 1158 cum
1034 1104 1148 1159 sive
1181 1102 1533 1175 impietatem
1568 1120 1827 1176 errorum
1870 1103 2129 1174 aspicias,

502 1198 615 1251 sive
653 1214 796 1268 opus
823 1197 1137 1268 perpetrati
1158 1197 1369 1252 furoris
1397 1197 1678 1267 attendas,
1707 1214 1823 1253 non
1852 1197 2039 1252 solum
2059 1197 2133 1251 ad

502 1290 803 1345 sacerdotii
832 1291 1114 1346 honorem
1142 1290 1369 1345 admitti
1412 1295 1719 1363 nequeant,
1762 1291 1861 1346 sed
1900 1290 1970 1344 ab
2010 1290 2131 1360 ipso

501 1383 822 1439 Christiano
850 1385 1084 1439 nomine
1121 1387 1449 1440 mereantur
1490 1384 1764 1439 abscindi.
1808 1386 1950 1438 Nam
1981 1384 2133 1455 quod

501 1481 727 1533 exorata
746 1478 973 1548 pietatis
998 1480 1197 1533 vestrae
1221 1478 1384 1532 venia
1410 1477 1676 1546 dixerim,
1719 1477 1973 1548 quodam
1999 1493 2132 1532 con-

503 1570 658 1641 tagio
696 1571 1059 1642 splendorem
1092 1575 1293 1625 vestras
1321 1571 1643 1626 serenitatis
1669 1570 1969 1638 offuscant,
2000 1587 2133 1626 cum

503 1664 766 1734 sacrilegi
808 1664 1105 1735 parricidae
1134 1664 1192 1719 id
1216 1664 1466 1719 audeant
1502 1668 1713 1735 petere,
1740 1664 1894 1736 quod
1922 1680 2024 1719 nec
2053 1663 2133 1719 in-

504 1731 773 1813 nocentes
804 1731 971 1812 liceat.
998 1757 1275 1813 obtinere.
1309 1731 1523 1812 Oblata:
1555 1760 1687 1813 sunt
1714 1731 1909 1828 pietati
1926 1760 2131 1812 vestrm
2151 1731 2207 1804 B

503 1865 714 1919 preces,
743 1865 985 1921 quarum
1016 1850 1283 1921 exempla
1312 1850 1508 1905 vestris
1553 1850 1752 1904 litteris
1782 1849 2127 1916 subdidistis,

499 1942 594 1997 sed
621 1943 678 1996 in
704 1942 793 1997 his
813 1959 940 2014 quae
967 1943 1383 1998 catholicorum
1405 1948 1537 1998 sunt
1556 1943 1982 2014 deplorantium
2001 1942 2128 1998 sub-

499 2035 732 2106 scriptio
766 2037 1109 2104 continetur,
1142 2042 1199 2091 et
1227 2036 1359 2107 quia
1385 2054 1552 2092 causa
1583 2036 1893 2108 probabilis
1926 2042 2029 2105 est,
2059 2036 2127 2090 ﬁ-

502 2128 803 2184 ducialiter
824 2129 1067 2184 nomina
1094 2130 1472 2201 singulorum,
1502 2134 1558 2184 et
1579 2129 1828 2200 dignitas
1850 2130 1935 2184 sui
1957 2130 2130 2184 hono-

504 2222 581 2275 ris
613 2222 885 2293 aperitur.
924 2224 983 2276 In
1010 2222 1120 2277 illis
1152 2227 1343 2277 autem
1371 2239 1515 2293 quas
1548 2223 1861 2278 orthodoxo
1889 2223 2130 2293 principi

504 2315 769 2369 haeretica
810 2316 1108 2386 porrigere
1157 2332 1276 2370 non
1326 2316 1658 2371 formidavit
1698 2316 1971 2387 obreptio,
2028 2316 2131 2370 sub

498 2408 720 2463 incerto
752 2408 1004 2462 confusae
1035 2409 1271 2464 unitatis
1297 2409 1583 2478 vocabulo,
1619 2408 1749 2464 ideo
1776 2414 1993 2464 certum
2022 2426 2128 2464 no-

502 2517 637 2555 men
665 2502 998 2569 retrahitur,
1021 2518 1093 2557 ne
1116 2519 1235 2557 non
1252 2504 1435 2558 solum
1452 2504 1713 2575 paucitas
1734 2519 2127 2574 personarum,

501 2594 601 2649 sed
632 2594 806 2649 etiam
828 2595 1095 2651 meritum
1125 2596 1446 2667 detegatur.
1466 2597 1662 2651 Latere
1684 2596 1838 2651 enim
1865 2596 1971 2651 sibi
1989 2596 2129 2651 utile

502 2688 745 2743 aestimat
773 2704 974 2743 eorum
1015 2690 1321 2759 quantitas,
1358 2706 1601 2761 quorum
1643 2695 1727 2744 est
1767 2689 2005 2760 qualitas
2029 2690 2128 2760 ju-

501 2780 706 2848 dicata,
742 2798 845 2835 nec
862 2781 1173 2852 incongrue
1201 2783 1361 2852 cujus
1388 2782 1497 2836 loci
1522 2782 1787 2837 homines
1818 2787 1968 2847 sunt,
1995 2798 2128 2852 pro-

502 2874 650 2928 fiteri
678 2877 963 2939 metuunt,
996 2875 1093 2945 qui
1124 2892 1386 2930 meruere
1426 2875 1702 2929 damnari.
1751 2878 1814 2931 In
1851 2893 1964 2930 una
1994 2892 2129 2946 ergo

501 2966 915 3021 catholicorum
942 2966 1356 3038 supplicatione
1385 2968 1728 3036 continetur,
1754 2969 1811 3022 in
1831 2968 1940 3023 alia
1958 2968 2133 3023 haere-

501 3059 741 3113 ticorum
770 3063 1097 3114 commenta
1125 3060 1476 3131 panduntur.
1510 3061 1603 3115 Hic
1633 3061 1996 3116 sacerdotum
2025 3063 2131 3117 Do-
2150 3099 2204 3173 Ο

501 3151 639 3173 ...ξ-Σ
710 3155 757 3173 ,ι
802 3151 970 3173 1-11---
1004 3151 1300 3173 l‘L..1_13-__:
1336 3153 1531 3173 ..Α-.-Αιὲ
1566 3171 1585 3173 _
1608 3170 1622 3173 Α
1656 3170 1704 3173 ηΑ
1728 3154 2117 3173 Αμ-μιΑή2Α,κ-μ,μ

500 3151 663 3217 mini,
705 3155 762 3205 et
802 3151 973 3206 totius
1003 3151 1305 3207 Christiani
1336 3153 1535 3224 populi
1563 3170 1628 3207 ac
1655 3154 2129 3208 monasteriorum

502 3244 743 3299 defletur
764 3244 1003 3308 eversio,
1024 3244 1105 3299 ibi
1126 3244 1462 3300 immanium
1485 3247 1759 3301 scelerum
1778 3246 2129 3302 continuatio

501 3337 947 3408 demonstratur,
970 3342 1036 3393 ut
1063 3338 1219 3410 quod
1248 3356 1360 3394 non
1383 3339 1541 3394 licuit
1567 3340 1771 3408 audiri,
1797 3340 1962 3395 liceat
1986 3340 2126 3394 dila-

504 3431 631 3486 tari.
672 3432 870 3486 Nonne
927 3432 1294 3503 perspicuum
1346 3436 1431 3486 est
1471 3432 1677 3503 quibus
1729 3433 1905 3504 pietas
1947 3436 2129 3488 vestra

501 3540 851 3591 succurrere,
898 3528 957 3578 et
995 3525 1203 3596 quibus
1248 3525 1453 3581 debeat
1495 3527 1746 3596 obviare,
1790 3542 1862 3581 ne
1894 3528 2132 3582 Alexan-

500 3622 667 3677 drina
714 3623 974 3690 Ecclesia,
1017 3640 1145 3694 qum
1183 3640 1412 3694 semper
1454 3624 1562 3678 fuit
1598 3625 1799 3679 domus
1836 3625 2126 3693 orationis,

499 3715 765 3786 spelunca
798 3732 950 3771 nunc
977 3716 1049 3770 sit
1079 3718 1388 3771 latronum.
1422 3717 1776 3772 Manifestum
1805 3718 2016 3789 quippe
2045 3724 2131 3774 est

500 3825 603 3879 per
615 3809 1066 3865 crudelissimam
1084 3810 1625 3882 insanissimamque
1641 3811 1914 3866 smvitiam
1926 3854 1939 3877 ,
1958 3828 2129 3867 omne

500 3903 615 3958 illic
657 3902 967 3958 caelestium
1007 3907 1496 3959 sacramentorum
1541 3906 1736 3959 lumen
1771 3904 2126 3960 exstinctum.

503 3998 815 4068 Intercepta
856 4001 942 4051 est
977 3997 1235 4052 sacriﬁcii
1274 3998 1507 4066 oblatio,
1554 3998 1759 4053 defecit
1813 3993 2130 4054 chrismatis

499 4089 865 4145 sanctiﬁcatio
908 4095 967 4144 et
1018 4090 1453 4161 parricidalibus
1507 4090 1775 4145 manibus
1816 4091 2129 4162 impiorum

500 4182 698 4236 omnia
714 4199 771 4237 se
783 4183 1142 4237 substraxere
1164 4184 1451 4253 mysteria.
1473 4184 1581 4238 Nec
1596 4184 1712 4238 ullo
1728 4184 1898 4238 modo
1913 4183 2129 4255 ambigi

502 4280 704 4343 potest,
734 4274 873 4345 quid
901 4275 971 4329 de
1002 4274 1090 4328 his
1132 4275 1551 4330 decernendum
1596 4276 1685 4342 sit,
1725 4276 1822 4346 qui
1873 4280 2000 4347 post
2026 4292 2126 4331 ne-

499 4366 671 4421 fanda
710 4367 1020 4437 sacrilegia,
1070 4372 1197 4439 post
1240 4368 1581 4438 sanguinem
1624 4368 2005 4440 probatissimi
2033 4386 2124 4424 sa-

497 4460 740 4516 cerdotis
782 4460 1046 4531 effusum,
1093 4465 1150 4516 et
1191 4462 1538 4516 concremati
1584 4462 1837 4533 corporis
1875 4463 2398 4542 cineremDatque
2445 4460 2783 4527 conformis,

497 4554 556 4609 in
582 4554 987 4610 contumeliam
1009 4555 1155 4610 aeris
1185 4555 1422 4626 coelique
1446 4554 1766 4626 dispersum
1790 4556 2001 4611 audent
2020 4556 2126 4611 sibi

489 4648 584 4715 jus
631 4664 879 4719 pervasae
911 4648 1208 4720 dignitatis
1248 4654 1530 4719 expetere,
1569 4652 1628 4703 et
1660 4650 1985 4720 apostolica!
2024 4651 2124 4704 do-

495 4740 691 4795 ctrina:
738 4741 1118 4797 inviolabilem
1164 4741 1334 4797 ﬁdem
1389 4742 1462 4796 ad
1501 4742 1743 4798 concilia
1800 4759 2124 4813 provocare.

494 4834 759 4903 Magnum
799 4851 937 4904 ergo
992 4834 1151 4889 vobis
1199 4839 1303 4901 est,
1358 4838 1423 4890 ut
1471 4835 1787 4891 diademate
1827 4841 2011 4891 vestro
2054 4837 2126 4891 de

496 4940 674 4981 manu
709 4928 927 4982 Domini
957 4928 1129 4982 etiam
1144 4928 1274 4983 ﬁdei
1295 4928 1538 4983 addatur
1576 4945 1807 4997 corona,
1843 4933 1901 4985 et
1938 4929 2008 4983 de
2032 4931 2127 4985 ho-

494 5021 672 5075 stibus
711 5021 970 5076 Ecclesiae
995 5022 1379 5092 triumphetis,
1416 5022 1549 5094 quia
1588 5023 1634 5077 si
1663 5022 1946 5078 laudabile
1974 5023 2127 5078 vobis

495 5120 579 5168 est
606 5114 972 5169 adversarum
1020 5116 1281 5185 gentium
1337 5132 1497 5170 arma
1540 5119 1858 5184 conterere,
1910 5120 2125 5187 quanta

492 5207 599 5262 erit
644 5207 822 5279 gloria
862 5208 932 5262 ab
982 5207 1338 5263 insanissimo
1381 5213 1627 5280 tyranno
1675 5210 2123 5265 Alexandrinam

495 5301 819 5367 Ecclesiam,
849 5301 905 5355 in
937 5301 1099 5373 cujus
1129 5302 1469 5357 contritione
1496 5301 1754 5357 omnium
1772 5302 2122 5357 Christiano-

492 5410 620 5449 rum
672 5399 759 5449 est
800 5394 1010 5465 injuria
1060 5395 1353 5450 liberare?
1400 5397 1469 5451 Ut
1507 5399 1701 5449 autem
1748 5396 1951 5451 litterae
1983 5411 2125 5450 mete

491 5488 689 5555 pietati
726 5493 839 5543 tua:
876 5489 1228 5560 colloquium
1266 5489 1424 5560 quasi
1462 5487 1758 5559 praesentis
1797 5488 2122 5555 exhibeant,

493 5580 770 5650 quidquid
826 5582 896 5636 de
946 5581 1241 5637 communi
1290 5581 1404 5637 fide
1454 5581 1679 5636 fueram
1731 5585 2123 5653 suggesturus,

493 5670 715 5740 scriptis
744 5675 1215 5745 prosequentibus
1244 5674 1656 5729 insinuandum
1689 5691 1811 5730 esse
1836 5675 2120 5746 perspexi,

398 5794 407 5795 κ
492 5777 555 5813 ac
576 5777 648 5814 ne
664 5763 836 5834 hujus
859 5767 1112 5835 epistolae
1130 5768 1341 5839 pagina
1364 5767 1423 5823 in
1443 5766 1682 5823 nimiam
1705 5767 2123 5839 longitudinem

2233 447 2364 502 ﬁdei
2410 451 2753 517 congruunt,
2800 446 3233 517 comprehendi,
3274 449 3338 500 ut
3381 445 3504 500 licet
3539 463 3601 501 ea
3630 464 3732 519 qua:
3760 466 3787 503 a

2230 541 2357 595 sede
2402 540 2714 611 apostolica
2759 544 2893 594 sunt
2920 539 3225 611 praedicata
3248 538 3570 606 sufficerent,
3600 540 3789 596 insidias

2233 638 2428 688 tamen
2474 633 2898 701 haereticorum,
2945 633 3115 687 etiam
3150 633 3272 687 haec
3312 648 3433 703 quae
3464 636 3584 687 sunt
3613 634 3789 704 adjecta

2231 731 2566 781 reserarent.
2617 725 3036 781 Sacerdotalem
3077 741 3331 797 namque
3378 730 3433 779 et
3477 726 3790 797 apostolicum

2233 825 2345 874 tuae
2371 820 2593 890 pietatis
2622 818 2899 887 animum,
2931 819 3100 873 etiam
3117 819 3224 872 hoc
3249 817 3460 873 malum
3480 819 3544 872 ad
3561 818 3787 887 justitiam

2232 913 2459 967 ultionis
2495 913 2667 968 debet
2699 912 2987 979 accedere,
3032 911 3187 983 quod
3223 911 3792 982 Constantinopolitanae

2233 1006 2494 1060 Ecclesiae
2532 1005 2837 1077 puritatem
2867 1004 3198 1077 pestilenter
3229 1003 3503 1070 obscurat,
3537 1004 3590 1057 in
3614 1021 3710 1074 qua
3732 1006 3792 1059 iu-

2232 1100 2540 1154 veniuntur
2567 1100 2797 1169 quidam
2815 1098 3213 1153 haereticorum
3243 1097 3426 1153 clerici
3460 1097 3630 1152 sensui
3649 1114 3793 1152 conso-

2232 1197 2452 1258 nantes,
2485 1198 2542 1247 et
2569 1192 2719 1246 intra
2743 1192 2861 1263 ipsa
2889 1192 3299 1246 catholicorum
3324 1191 3547 1257 viscera,
3576 1191 3787 1245 assertio-

2232 1286 2399 1357 nibus
2442 1285 2556 1339 suis
2599 1284 2999 1339 haereticorum
3027 1284 3379 1356 adjuvantes.
3432 1285 3491 1339 In
3529 1282 3705 1354 quibus
3727 1284 3794 1338 de-

2232 1379 2531 1434 turbandis
2570 1379 2742 1433 frater
2776 1394 2937 1433 meus
2978 1377 3332 1445 Anatholius,
3377 1393 3505 1432 cum
3541 1377 3687 1431 nimis
3718 1376 3791 1430 be-

2234 1472 2406 1544 nigne
2442 1471 2642 1543 parcit,
2674 1471 2909 1543 segnior
2931 1469 3238 1525 invenitur.
3275 1470 3585 1541 Dignamini
3607 1486 3692 1540 pro
3711 1469 3794 1524 fide

2233 1569 2418 1621 vestra
2444 1565 2619 1619 etiam
2647 1564 2907 1619 Ecclesiae
2925 1564 3094 1618 istam
3113 1567 3386 1636 praestare
3405 1562 3733 1629 medicinam,
3748 1567 3796 1616 ut

2232 1659 2375 1714 tales
2399 1676 2516 1714 non
2541 1659 2727 1713 solum
2755 1658 2826 1711 ab
2852 1657 3054 1712 ordine
3081 1657 3399 1722 clericatus,
3441 1657 3539 1711 sed
3572 1657 3718 1711 etiam
3744 1656 3795 1709 ab

2232 1753 2389 1808 urbis
2414 1752 2760 1808 habitatione
2796 1751 3104 1823 pellantur,
3140 1768 3213 1805 ne
3235 1750 3472 1806 ulterius
3504 1753 3701 1804 sanctas
3721 1749 3795 1802 Dei

2232 1847 2472 1918 populus
2492 1861 2889 1917 perversorum
2921 1844 3224 1900 hominum
3256 1843 3517 1914 contagio
3543 1842 3795 1914 polluatur.

2231 1941 2484 1995 Cultores
2515 1943 2708 1993 autem
2738 1938 2959 2009 pietatis
2984 1943 3099 1993 tuas
3125 1937 3414 1992 Julianum
3449 1936 3737 2007 episcopum
3757 1937 3798 1988 et

2234 2032 2553 2089 Eutichium
2572 2031 2969 2103 presbyterum
2983 2047 3112 2086 mea
3126 2030 3403 2102 petitione
3419 2028 3742 2093 commendo,
3752 2031 3799 2082 ut

2232 2126 2623 2198 suggestiones
2659 2141 2859 2179 eorum
2898 2140 3004 2197 pro
3034 2123 3328 2179 catholica:
3361 2123 3673 2178 defensione
3701 2120 3798 2175 ﬁdei

2230 2219 2453 2291 placide
2476 2218 2726 2290 digneris
2754 2217 2975 2287 audire,
2998 2217 3131 2289 quia
3152 2233 3283 2271 vere
3312 2221 3447 2272 sunt
3471 2214 3738 2287 ejusmodi,
3754 2216 3799 2267 ut

2230 2312 2362 2367 fidei
2384 2316 2584 2367 vestras
2613 2312 2829 2382 possint
2856 2327 2959 2381 per
2982 2310 3181 2365 omnia
3210 2309 3381 2365 utiles
3425 2308 3665 2365 inveniri.
3699 2308 3800 2361 Data

2232 2405 2516 2460 Kalendas
2546 2403 2892 2471 Novembris,
2919 2404 3290 2460 Constantino
3332 2406 3394 2457 et
3416 2401 3556 2458 Rufo
3582 2400 3695 2456 viris
3714 2398 3798 2453 cla-

2233 2499 2465 2554 rissimis
2493 2498 2841 2553 consulibus.

2331 2596 2335 2599 “
2501 2592 2648 2647 XCV.
2684 2623 2751 2631 —
2778 2592 2871 2647 Ad
2896 2593 3235 2646 Pulchen’am
3259 2593 3580 2661 Augustam.

2304 2685 2498 2759 228
2512 2687 2799 2750 Quantum
2819 2685 2925 2740 sibi
2938 2684 3161 2740 ﬁduciae
3178 2684 3250 2739 de
3267 2684 3382 2740 ﬁde
3402 2687 3594 2739 vestra:
3609 2683 3802 2736 clemen-

2230 2781 2322 2834 tiae
2349 2778 2590 2835 Ecclesia
2617 2778 2715 2834 Dei
2745 2778 2950 2833 debeat
2972 2778 3250 2850 polliceri,
3281 2779 3478 2834 multis
3503 2774 3803 2848 probavimus

2230 2889 2376 2944 saepe
2402 2872 2781 2938 documentis,
2812 2872 2949 2927 dum
2976 2872 3123 2926 sicut
3153 2871 3373 2941 Spiritu
3398 2874 3585 2926 sancto
3613 2870 3803 2924 docente

2228 2965 2520 3032 didicistis,
2547 2965 2629 3019 illi
2659 2981 2762 3036 per
2787 2965 2981 3019 omnia
3021 2967 3367 3035 potestatem
3405 2968 3638 3019 vestram
3663 2959 3802 3029 subji-

2229 3060 2372 3126 citis,
2401 3058 2559 3129 cujus
2604 3065 2841 3113 munere
2884 3061 2942 3112 et
2986 3058 3344 3129 protectione
3386 3058 3637 3129 regnetis.
3681 3052 3804 3108 Unde

2231 3152 2363 3223 quia
2390 3156 2586 3207 contra
2613 3150 3005 3222 integritatem
3032 3150 3166 3206 ﬁdei
3189 3151 3525 3207 Christianae
3556 3146 3803 3205 dissensio-

2230 3262 2361 3301 nem
2414 3244 2725 3316 quamdam
2785 3244 3421 3316 Constantinopolitana
3473 3242 3693 3298 Ecclesia
3731 3240 3806 3293 Eu-

2230 3340 2379 3394 tiche
2429 3344 2660 3393 auctore
2711 3342 3044 3409 generatam
3085 3338 3278 3393 fratris
3314 3342 3375 3392 et
3404 3335 3693 3409 coepiscopi
3720 3332 3802 3386 mei

2230 3436 2504 3491 relatione
2531 3435 2791 3507 cognovi,
2831 3439 2896 3490 ut
2932 3435 3105 3489 totius
3129 3452 3314 3491 causas
3345 3434 3590 3507 speciem
3613 3429 3804 3502 synoda-

2228 3530 2367 3584 lium
2421 3533 2715 3599 gestornm
2762 3533 2945 3584 textus
2989 3528 3335 3595 ostenderet,
3388 3528 3619 3600 dignum
3648 3523 3803 3597 gloria

2229 3626 2429 3677 vestrae
2472 3626 2576 3688 est,
2617 3624 2680 3675 ut
2704 3638 2867 3677 error
2896 3621 2995 3693 qui
3025 3621 3096 3677 de
3127 3621 3419 3693 imperitia
3463 3620 3637 3693 magis
3671 3631 3804 3688 quam

2232 3717 2302 3770 de
2352 3714 2599 3770 versutia
2638 3719 2804 3770 natus
2852 3719 2937 3769 est
2972 3715 3286 3779 auferatur,
3334 3716 3654 3787 priusquam
3698 3710 3806 3764 ullas

2229 3809 2376 3863 vires
2414 3809 2484 3863 de
2515 3824 2788 3863 consensu
2832 3808 3289 3879 imprudentium
3318 3808 3625 3880 pertinacia
3660 3801 3803 3875 pravi-

2230 3903 2361 3957 tatis
2403 3902 2678 3973 acquirat.
2722 3902 2862 3955 Nam
2892 3904 3171 3972 quantum
3214 3902 3513 3957 Nestorius
3550 3918 3583 3956 a
3618 3897 3806 3953 veritate

2230 3995 2452 4062 excidit,
2494 3994 2635 4049 dum
2666 3994 2972 4049 Dominum
3007 3996 3199 4050 Iesum
3245 3995 3535 4051 Christum
3562 3993 3627 4048 de
3667 3993 3805 4045 matre

2232 4089 2460 4160 Virgine
2472 4088 2776 4143 hominem
2791 4088 2972 4143 solum
2992 4088 3193 4144 asserit
3213 4092 3437 4157 natum,
3451 4093 3661 4144 tantum
3674 4082 3804 4139 etiam

2231 4183 2321 4237 hic
2372 4199 2406 4235 a
2451 4180 2724 4236 catholico
2780 4182 3013 4236 tramite
3071 4181 3347 4247 deviavit,
3401 4182 3502 4253 qui
3547 4181 3611 4235 de
3649 4176 3803 4233 eadem

2230 4274 2448 4346 virgine
2473 4274 2686 4329 editum
2732 4291 2847 4329 non
2873 4278 3084 4329 nostrae
3109 4274 3351 4330 credidit
3379 4291 3499 4330 esse
3524 4278 3737 4337 natura,
3761 4268 3805 4320 Ill

2233 4368 2386 4440 quod
2427 4368 2670 4423 formam
2711 4368 2856 4423 servi
2897 4367 3090 4439 gessit,
3129 4368 3280 4439 quod
3312 4368 3491 4423 nostri
3520 4365 3699 4421 similis
3726 4359 3805 4415 fuit

2866 4461 3129 4531 quadam
3186 4465 3398 4515 nostrae
3450 4460 3630 4516 carnis
3672 4452 3805 4511 fuerit

2225 4555 2415 4626 imago
2465 4571 2579 4609 non
2617 4553 2843 4609 veritas.
2887 4552 3034 4608 Nihil
3064 4556 3256 4609 autem
3296 4555 3527 4624 prodest
3556 4551 3801 4607 Dominum

2226 4655 2483 4703 nostrum
2518 4649 2701 4702 beatas
2729 4647 2921 4703 Mariae
2949 4647 3187 4719 virginis
3219 4648 3399 4703 ﬁlium
3435 4647 3707 4703 hominem
3737 4640 3801 4695 di-

2227 4759 2376 4809 cere,
2425 4742 2472 4795 si
2525 4757 2640 4795 non
2693 4741 2845 4795 illius
2900 4742 3127 4812 generis
3176 4746 3346 4814 atque
3400 4741 3625 4797 seminis
3669 4739 3802 4791 homo

2227 4835 2497 4901 creditur,
2520 4834 2681 4905 cujus
2697 4834 2755 4889 in
2775 4834 2897 4906 ipso
2926 4834 3215 4905 Evangelii
3239 4835 3470 4890 exordio
3496 4833 3799 4906 praedicatur.

2228 4929 2384 4984 Unde
2428 4928 2675 4983 multum
2715 4927 2903 4997 doleo,
2949 4928 3308 4999 multumque
3352 4927 3660 4992 contristor,
3684 4918 3799 4993 quod

2226 5023 2319 5077 hic
2349 5022 2448 5093 qui
2489 5025 2621 5076 ante
2650 5021 2720 5076 de
2760 5021 3101 5075 humilitatis
3132 5022 3419 5093 proposito
3449 5017 3717 5075 laudabilis
3738 5012 3797 5065 vi-

2226 5116 2486 5183 debatur,
2517 5119 2712 5168 contra
2735 5113 2963 5167 unicam
3009 5129 3167 5184 spem
3204 5118 3478 5183 nostram,
3511 5118 3797 5185 patrumque

2225 5212 2570 5272 nostrorum,
2608 5223 2752 5260 vana
2791 5211 2849 5260 et
2883 5205 3053 5260 nimis
3084 5222 3347 5276 perversa
3375 5207 3543 5262 audet
3572 5208 3795 5260 astruere.

2225 5301 2322 5372 qui
2363 5317 2493 5355 cum
2530 5300 2745 5354 videret
2778 5298 3122 5370 insipientia;
3159 5316 3277 5355 sua:
3309 5317 3531 5356 sensum
3560 5290 3797 5353 catholicis

2226 5394 2456 5448 auribus
2498 5393 2818 5464 displicere,
2861 5408 3128 5448 revocare
3159 5410 3222 5448 se
3259 5411 3292 5449 a
3332 5410 3432 5448 sua
3455 5392 3700 5465 opinione
3726 5385 3798 5439 de

2224 5488 2444 5554 bueral,
2490 5502 2561 5541 ne
2607 5486 2683 5541 ita
2731 5485 2987 5541 Ecclesiae
3029 5488 3302 5557 praesules
3339 5487 3716 5542 commoveret.
3752 5479 3796 5529 ιιι

2223 5580 2563 5636 sententiam
2602 5579 2990 5635 damnationis
3024 5580 3329 5651 exciperet.
3365 5583 3543 5646 Quam
3571 5577 3733 5647 utique
3758 5570 3791 5623 Si

2223 5675 2281 5728 in
2304 5689 2403 5727 suo
2435 5689 2604 5727 sensu
2640 5672 2884 5727 voluerit
2907 5689 3271 5745 permanere,
3312 5674 3499 5731 nullus
3521 5669 3704 5744 poterit
3724 5678 3787 5717 re-

2223 5769 2432 5823 laxare.
2464 5765 2624 5822 Sedis
2653 5765 2808 5821 enim
2838 5767 3159 5840 apostolicae
3188 5767 3501 5825 moderatio
3523 5766 3652 5823 hanc
3675 5765 3787 5814 tem-
