4062 6188
239 300 329 357 921
1466 295 1930 357 DECRETALIUM
1971 296 2355 357 COLLECTIO.

3488 308 3591 360 922

236 408 553 479 perantiam
583 411 789 477 servat,
812 412 876 462 ut
896 413 953 463 et
982 408 1232 463 severius
1259 414 1396 480 agat
1420 425 1551 463 cum
1572 409 1865 464 obduratis
1885 422 1944 494 Α
1965 409 2177 464 habent
2230 410 2398 480 hujus
2450 412 2873 482 supputationis
2931 410 3218 482 peritiam,
3268 412 3607 497 diligentius

235 507 289 555 et
310 500 536 555 veniam
555 500 749 570 cupiat
771 504 1041 571 praestare
1072 502 1356 556 correctis.
1391 501 1536 566 Quia
1556 518 1695 573 ergo
1724 501 1864 556 mihi

234 595 412 648 multa
467 592 676 648 ﬁducia
720 597 804 648 est
851 594 920 648 de
964 594 1193 666 pietatis
1237 598 1439 649 vestra:
1488 595 1868 650 sincerissima

233 687 358 754 ﬁde,
390 687 625 741 obsecro
670 686 1041 743 clementiam
1082 692 1356 756 vestram,
1390 693 1454 742 ut
1491 689 1636 743 sicut
1676 691 1867 742 sancto

231 780 415 835 studio
455 785 554 834 tuo
592 780 872 835 catholica
911 781 1243 851 praedicatio
1277 798 1505 852 semper
1534 782 1728 851 adjuta
1759 786 1864 846 est,

231 874 303 927 ita
333 889 488 927 nunc
515 889 744 943 quoque
767 873 1024 943 ejusdem
1048 874 1301 930 libertati
1329 875 1540 930 faveas.
1570 876 1689 928 Non
1712 874 1865 929 enim

230 965 590 1037 portiuncula
619 966 814 1037 aliqua
854 966 987 1021 ﬁdei
1031 972 1242 1022 nostra;
1282 984 1410 1038 quae
1448 968 1637 1022 minus
1678 967 1864 1022 lucide

231 1059 300 1112 sit
330 1059 486 1113 clara
512 1059 786 1130 pulsatur.
824 1058 931 1115 Sed
962 1060 1068 1114 hoc
1093 1061 1346 1131 imperta
1374 1061 1667 1115 resultatio
1693 1061 1867 1115 audet

231 1153 530 1218 incessere,
562 1152 713 1223 quod
758 1153 1033 1207 Dominus
1073 1154 1135 1207 in
1161 1154 1406 1209 Ecclesia
1433 1170 1533 1208 sua
1570 1153 1863 1208 neminem

228 1246 402 1300 voluit
426 1246 713 1316 ignorare.
742 1247 810 1299 Et
846 1245 978 1300 ideo
1004 1262 1108 1317 pro
1139 1250 1343 1301 vestrae
1375 1247 1596 1317 pietatis
1625 1262 1859 1301 consue-

226 1338 422 1393 tudine
451 1338 749 1393 elaborare
779 1339 1120 1409 dignemini,
1147 1343 1210 1393 ut
1234 1343 1434 1395 contra
1464 1340 1752 1410 singulare
1780 1357 1864 1393 sa-

226 1436 584 1486 cramentum
650 1432 846 1486 salutis
928 1432 1194 1487 humana:
1220 1475 1233 1502 ,
1301 1433 1455 1505 quod
1532 1434 1863 1504 blasphema

225 1526 557 1596 insipientia
584 1525 843 1596 protulit,
874 1526 945 1580 ab
983 1526 1243 1581 omnium
1285 1526 1492 1581 animis
1529 1526 1860 1598 repellatur,

222 1635 282 1673 ac
309 1620 359 1672 si
395 1619 515 1689 ipse
555 1618 653 1689 qui
690 1618 751 1673 in
789 1619 894 1673 hac
940 1620 1253 1674 tentatione
1298 1619 1517 1685 incidit,
1549 1620 1859 1690 resipiscat,

225 1711 299 1765 ita
325 1715 393 1765 ut
419 1711 576 1782 quod
614 1712 770 1766 male
813 1718 1071 1767 senserat
1111 1712 1344 1784 propria
1373 1729 1505 1767 voce
1535 1718 1592 1768 et
1618 1712 1857 1767 subscri-

1968 502 2049 557 illi
2096 503 2344 557 discussa
2395 503 2635 571 ratione,
2691 508 3051 575 quaereretur
3110 521 3226 576 quo
3276 504 3368 560 die
3415 510 3608 576 posset

1966 596 2296 651 veneranda
2320 597 2652 652 solemnitas
2681 598 2891 653 rectius
2917 598 3218 653 celebrari.
3248 599 3369 662 Quo
3400 599 3601 655 rescri-

1966 689 2162 751 bente,
2189 694 2387 743 octavo
2415 690 2695 744 Kalendas
2721 691 2846 745 Maii
2876 690 3143 746 deﬁnitus
3172 695 3260 746 est
3288 690 3427 746 dies.
3457 691 3603 756 Quia

1965 797 2105 851 ergo
2155 781 2342 836 studio
2402 783 2638 836 unitatis
2679 787 2736 837 et
2778 783 2929 854 pacis
2992 783 3166 837 malui
3229 784 3600 839 Orientalium

1965 874 2283 928 deﬁnitioni
2328 874 2712 946 acquiescere,
2741 892 2913 946 quam
2958 876 3019 930 in
3066 880 3238 931 tantae
3281 876 3601 931 festivitatis

1966 967 2323 1022 observantia
2348 967 2646 1035 dissidere,
2675 969 2900 1024 noverit
2928 970 3258 1024 fraternitas
3291 976 3474 1025 vestra
3504 970 3598 1024 die

1963 1066 2161 1115 octavo
2200 1061 2585 1116 Kalendarum
2629 1062 2901 1116 Maiarum
2940 1062 3011 1117 ab
3044 1062 3310 1117 omnibus
3339 1079 3595 1119 resurre-

1963 1154 2207 1209 ctionem
2239 1154 2591 1209 Dominicam
2619 1155 3041 1222 celebrandam,
3073 1161 3129 1210 et
3152 1157 3259 1210 hoc
3290 1156 3477 1227 ipsum
3498 1173 3599 1228 per

1964 1263 2061 1302 vos
2088 1248 2212 1302 aliis
2236 1264 2357 1302 esse
2386 1248 2655 1303 fratribus
2684 1248 3092 1315 intimandum,
3125 1253 3187 1302 ut
3214 1249 3419 1303 divinae
3444 1250 3599 1320 pacis

1964 1342 2263 1407 consortio,
2296 1341 2441 1397 sicut
2468 1359 2583 1396 una
2609 1342 2720 1396 ﬁde
2741 1342 3066 1413 jungimur,
3094 1343 3171 1396 ita
3196 1358 3312 1397 una
3340 1344 3600 1397 solemni-

1965 1439 2077 1490 tate
2106 1435 2398 1490 feriemur.

2066 1530 2258 1585 XCVII.
2289 1560 2356 1568 —-—
2394 1530 2484 1585 Ad
2520 1529 2941 1591 Samartionem,
2974 1530 3351 1591 Carathonem,
3380 1534 3490 1585 etc.

2034 1622 2291 1677 Dominis
2336 1622 2608 1678 fratribus
2648 1622 2856 1677 merito
2898 1623 3242 1678 beatissimis
3272 1624 3332 1677 in
3374 1624 3596 1679 Christo

1963 1715 2398 1781 venerabilibus,
2468 1716 2831 1783 Samartioni,
2895 1717 3221 1783 Carathoni,
3281 1717 3595 1784 Desiderio,

224 1804 418 1875 ptione
464 1805 831 1874 condemnet,
866 1806 1263 1860 communioni
1288 1806 1370 1860 illi
1412 1807 1497 1860 sui
1527 1805 1744 1861 ordinis
1768 1822 1857 1861 re-
1882 1789 1938 1861 Β
1961 1810 2237 1881 episcopis
2268 1816 2325 1865 et
2368 1809 2712 1881 presbyteris
2756 1809 3018 1864 omnium
3062 1810 3428 1865 ecclesiarum
3465 1827 3595 1882 qua:

221 1899 523 1953 formetur.
580 1898 743 1962 Quod
808 1898 983 1953 etiam
1035 1899 1201 1955 fratri
1250 1903 1306 1954 et
1351 1900 1686 1971 coepiscopo
1728 1915 1857 1955 meo

224 1992 466 2046 Faviano
493 2008 587 2046 me
617 1992 920 2046 clementia
946 1995 1132 2047 vestra
1167 1997 1488 2065 cognoscat,
1518 1996 1576 2048 et
1600 1993 1690 2047 his
1718 2009 1859 2064 quos

219 2085 482 2139 misimus
536 2084 845 2155 delegasse,
888 2089 953 2139 ut
998 2086 1164 2140 venia
1213 2086 1578 2153 concedatur,
1611 2086 1657 2139 si
1702 2103 1860 2141 error

221 2178 502 2233 aboletur.
546 2179 627 2232 Ne
668 2182 863 2232 autem
904 2178 1150 2250 piissimi
1192 2180 1466 2251 principis
1501 2179 1856 2251 dispositioni

221 2287 347 2341 quae
379 2271 697 2342 episcopale
728 2270 1035 2326 concilium
1065 2271 1240 2326 voluit
1274 2273 1634 2344 congregari,
1664 2276 1858 2327 nostra

218 2364 508 2418 videretur
530 2364 836 2434 praesentia
863 2364 1129 2432 defuisse,
1162 2366 1363 2420 fratres
1387 2382 1545 2420 meos
1570 2366 1855 2420 lulianum

216 2459 574 2529 episcopum,
610 2457 893 2512 Renatum
924 2458 1346 2529 presbyterum,
1375 2463 1431 2514 et
1456 2459 1635 2513 ﬁlium
1662 2474 1855 2513 meum

215 2551 492 2605 Hilarium
520 2550 829 2605 diaconum
859 2552 1009 2621 misi,
1037 2552 1338 2623 quivicem
1366 2552 1685 2624 praesentire
1713 2568 1855 2606 mea:

216 2645 460 2715 implere
491 2644 836 2699 sufﬁcerent.
868 2645 976 2699 Sed
1013 2645 1064 2699 ei
1092 2646 1191 2717 qui
1222 2646 1281 2699 in
1317 2662 1511 2700 errore
1542 2651 1629 2700 est
1654 2645 1855 2699 melius

216 2739 565 2805 consuletur,
594 2738 640 2791 si
668 2738 746 2792 ibi
772 2738 870 2792 ubi
899 2738 1169 2809 desipuit,
1204 2738 1420 2794 ibidem
1454 2738 1768 2810 resipiscat,
1801 2743 1857 2793 et

214 2832 308 2885 ubi
337 2833 772 2886 damnationem
799 2831 1030 2900 meruit,
1065 2832 1179 2886 illic
1208 2832 1627 2903 indulgentiam
1654 2848 1853 2886 conse-

215 2931 449 2995 quatur.
494 2926 628 2979 Data
656 2925 785 2981 ldus
813 2925 984 2993 Junii,
1013 2925 1241 2980 Asturio
1274 2930 1333 2980 et
1375 2928 1693 2996 Protogene
1720 2925 1855 2980 viris

212 3019 407 3073 claris.
445 3034 603 3073 cons.

280 3135 460 3191 XCVI.
492 3165 561 3174 -—
706 3138 984 3219 uniuersos
1027 3138 1299 3235 epis-cepas
1323 3152 1425 3206 per
1456 3137 1691 3193 Galliam
1733 3139 1783 3188 et
1873 3162 1928 3235 Ο

594 3208 920 3277 Hispaniam
946 3208 1276 3262 constitutos.

280 3300 321 3354 L
329 3316 398 3354 ao
408 3298 788 3354 dilectissimis
800 3299 1070 3354 fratribus
1085 3299 1365 3355 universis
1376 3299 1652 3371 episcopis
1663 3300 1854 3354 catho.

208 3392 330 3446 licis
356 3408 467 3463 per
486 3392 727 3448 Galliam
750 3397 807 3447 et
826 3393 1153 3463 Hispaniam
1181 3392 1503 3447 constitutis
1528 3393 1598 3448 de
1619 3393 1848 3447 Pascha.

277 3486 429 3540 Cum
454 3486 514 3539 in
541 3486 808 3540 omnibus
843 3486 1164 3540 divinorum
1191 3490 1613 3558 praeceptorum
1642 3486 1853 3556 regulis

208 3579 617 3650 exsequendis,
662 3579 1071 3635 sacerdotalem
1124 3579 1539 3634 observantiam
1589 3582 1853 3651 oporteat

211 3689 335 3727 esse
395 3673 760 3742 concordem,
812 3672 1061 3728 maxime
1122 3672 1284 3727 nobis
1344 3679 1401 3729 et
1464 3672 1853 3744 principaliter

204 3766 633 3838 providendum
666 3771 769 3836 est,
794 3783 864 3822 ne
891 3765 952 3820 in
985 3766 1267 3838 paschalis
1296 3766 1427 3821 festi
1456 3766 1548 3821 die
1577 3766 1665 3822 vel
1689 3766 1851 3837 igno-

207 3860 405 3916 rantia
432 3860 520 3914 vel
540 3860 909 3931 praesumptio
952 3863 1256 3932 peccatum
1292 3860 1630 3915 diversitatis
1658 3860 1848 3915 incur-

206 3961 313 4010 rat.
372 3954 529 4009 Unde
578 3954 713 4025 quia
762 3959 991 4025 tempus
1044 3954 1429 4010 sacratissime
1470 3954 1853 4010 solemnitatis

206 4049 281 4102 ita
312 4046 625 4118 dispositos
662 4048 833 4103 habet
861 4048 1071 4104 limites
1100 4064 1253 4117 suos,
1282 4052 1348 4103 ut
1386 4048 1633 4103 salutare
1662 4064 1847 4103 sacra-

206 4145 481 4196 mentum
520 4157 674 4196 nunc
710 4142 898 4209 citius,
939 4158 1094 4197 nunc
1137 4142 1355 4197 tardius
1397 4147 1657 4214 oporteat
1701 4144 1850 4197 cele-

204 4235 390 4301 brari,
417 4251 530 4290 non
566 4235 773 4291 desinit
808 4236 1133 4307 apostolicae
1173 4236 1326 4291 sedis
1356 4236 1677 4291 sollicitudo
1712 4252 1850 4307 pro-

204 4330 453 4401 spicere,
506 4346 579 4384 ne
629 4329 849 4385 devotio
894 4330 1270 4385 ecclesiastica
1336 4329 1528 4401 aliquo
1590 4328 1853 4384 turbetur

204 4423 458 4478 incerto.
504 4424 647 4479 Cum
688 4424 868 4495 igitur
924 4424 984 4477 in
1029 4423 1377 4495 quibusdam
1420 4422 1854 4495 ascriptionibus

1959 1907 2092 1957 sunt
2133 1903 2281 1957 intra
2325 1903 2673 1974 provinciam
2715 1903 3018 1958 Thraciam
3077 1903 3418 1970 constitutae,
3464 1905 3595 1971 Leo,

1958 1996 2259 2063 Victorius,
2291 1996 2572 2059 Eustatius
2607 1996 2877 2068 episcopi.

2027 2091 2203 2145 Tanta
2250 2090 2441 2144 saeculi
2466 2092 2775 2161 potestates
2819 2090 2971 2144 circa
2997 2090 3410 2146 sacerdotalem
3444 2090 3596 2145 ordi-

1956 2199 2092 2239 nem
2154 2183 2475 2239 reverentia
2535 2183 2889 2255 pervaluere,
2942 2183 3115 2238 etiam
3173 2183 3231 2237 hi
3281 2200 3422 2255 quos
3488 2184 3591 2237 sub

1957 2276 2241 2348 imperiali
2293 2278 2530 2332 nomine
2576 2278 2747 2332 terris
2800 2276 2991 2331 divina
3047 2277 3298 2348 potentia
3352 2292 3597 2349 praeesse

1955 2371 2246 2441 praecepit,
2280 2374 2346 2425 ut
2374 2371 2471 2441 jus
2499 2370 3034 2441 distringendorum
3075 2371 3434 2442 negotiorum
3474 2371 3594 2441 epi-

1955 2465 2138 2533 scopis
2177 2465 2403 2533 sanctis,
2426 2464 2588 2535 juxta
2614 2464 2817 2518 divalia
2842 2464 3153 2518 constituta
3198 2464 3592 2535 permiserint.

1957 2556 2117 2621 Quod
2137 2574 2265 2612 cum
2293 2563 2349 2613 et
2360 2557 2506 2627 juris
2534 2557 2755 2629 antiqui
2772 2557 3039 2612 formulis
3063 2560 3121 2611 et
3138 2556 3308 2612 illatis
3333 2558 3599 2629 frequen-

1956 2651 2068 2703 tius
2093 2651 2164 2705 sit
2194 2655 2252 2705 et
2281 2651 2501 2722 legibus
2530 2652 2955 2720 conﬁrmatum,
2984 2650 3303 2722 praesertim
3336 2654 3595 2722 tempore

1957 2762 1989 2798 a
2018 2744 2302 2815 plerisque
2324 2744 2643 2798 invenimus
2668 2744 2840 2799 fuisse
2872 2744 3168 2800 calcatum.
3199 2744 3336 2798 Nam
3365 2748 3597 2815 praeter-

1954 2838 2126 2892 misso
2147 2837 2481 2892 sacerdotali
2499 2837 2716 2908 judicio
2742 2838 2950 2909 passim
2969 2838 3039 2893 ad
3060 2853 3296 2892 examen
3324 2837 3593 2892 saecularc

1956 2931 2214 2985 transire.
2268 2931 2545 2995 Quocirca
2606 2931 2771 2985 nobis
2834 2931 3015 2986 visum
3082 2934 3183 3000 est,
3228 2935 3293 2986 ut
3335 2931 3481 2985 hanc
3539 2935 3597 2985 et

1954 3040 2127 3079 sacrae
2188 3024 2328 3095 legis
2375 3028 2433 3078 et
2478 3024 2654 3079 nostri
2704 3024 2918 3079 ordinis
2968 3024 3376 3080 contumeliam
3425 3030 3482 3078 et
3524 3026 3595 3078 ad

1954 3134 2202 3188 praesens
2243 3118 2607 3173 ulcisceretur
2636 3118 2809 3188 plena
2853 3118 3152 3186 districtio,
3185 3123 3243 3172 et
3286 3118 3593 3173 observan-

1953 3212 2081 3266 dam
2122 3211 2437 3266 famulam
2468 3211 2838 3266 constitueret
2876 3211 2935 3265 in
2979 3211 3257 3267 futurum.
3288 3214 3596 3268 Censemus

1952 3305 2144 3376 itaque
2177 3310 2241 3359 ut
2260 3304 2587 3376 quicunque
2618 3306 2998 3376 prtetermisso
3027 3305 3315 3360 sacerdote
3341 3305 3591 3360 ecclesiae

1953 3415 2069 3452 suae
2108 3399 2179 3452 ad
2227 3398 2699 3470 disceptationem
2738 3398 2954 3454 venerit
3001 3398 3382 3466 saecularium,
3416 3398 3591 3452 sacris

1953 3491 2243 3546 liminibus
2288 3493 2555 3562 expulsus
2584 3510 2617 3545 a
2662 3491 2873 3546 caelesti
2919 3497 3181 3546 arceatur
3226 3490 3446 3546 altario.
3480 3492 3586 3547 Ne-

1953 3602 2064 3657 que
2124 3585 2272 3640 ullus
2326 3589 2453 3656 post
2497 3585 2640 3639 hanc
2701 3583 3093 3640 deﬁnitionem
3142 3584 3241 3656 qui
3297 3584 3589 3639 communi

1952 3678 2097 3734 sedit
2153 3678 2388 3733 arbitrio
2438 3677 2754 3749 quidquam
2815 3678 2921 3733 sibi
2973 3680 3120 3733 ultra
3189 3678 3583 3750 praescriptum

1951 3770 2241 3826 vindicare
2284 3772 2522 3826 nitatur.
2561 3774 2638 3825 Ita
2666 3771 2812 3840 ﬁeri,
2840 3775 2903 3826 ut
2934 3771 2994 3826 hi
3023 3773 3119 3843 qui
3157 3777 3288 3826 ante
3330 3788 3588 3827 erravere

1952 3882 2207 3935 congrua
2231 3864 2637 3920 emendatione
2657 3881 2717 3919 se
2743 3864 3050 3936 corrigant,
3076 3869 3134 3919 et
3157 3866 3255 3936 qui
3277 3866 3380 3919 sub
3403 3865 3591 3921 obser-

1952 3959 2179 4013 vatione
2211 3958 2454 4013 clericali
2496 3959 2705 4014 coelesti
2734 3958 3009 4031 probatur
3039 3959 3249 4014 servire
3278 3959 3489 4026 ofﬁcio,
3519 3975 3585 4014 ex

1952 4054 2102 4107 clero
2129 4052 2533 4123 abjiciendum,
2563 4053 2610 4106 si
2634 4053 3019 4123 praetermisso
3049 4053 3406 4108 sacerdotum
3427 4052 3585 4123 judi-

1953 4147 2041 4201 cio
2072 4147 2403 4201 saecularem
2432 4145 2638 4201 adierit
2668 4149 3031 4217 potestatem.
3056 4147 3218 4211 Quod
3246 4146 3372 4201 ideo
3400 4146 3587 4218 singu-

1952 4240 2037 4294 los
2102 4239 2510 4311 universosque
2570 4241 2830 4294 volumus
2903 4255 3235 4311 agnoscere,
3303 4245 3368 4294 ut
3431 4236 3587 4310 quod

1953 4333 2121 4403 pleno
2179 4333 2418 4403 justitiae
2470 4337 2527 4387 et
2570 4333 2717 4404 juris
2779 4322 2981 4388 ordine
3053 4333 3427 4388 constitutum
3481 4338 3585 4401 est,

1952 4426 2215 4481 eﬁ‘ectum
2264 4426 2436 4481 totius
2487 4426 2769 4482 ﬁrmitatis
2828 4426 2884 4481 in
2914 4427 3205 4481 omnibus
3252 4425 3589 4482 clericorum

205 4518 450 4571 Patrum
476 4516 734 4572 futurum
764 4519 1023 4590 proxime
1052 4517 1264 4573 Pascha
1292 4517 1513 4571 Domini
1536 4517 1607 4572 ab
1639 4517 1763 4571 aliis
1792 4517 1851 4570 in
1870 4532 1931 4605 D
1952 4519 2195 4590 negotiis
2238 4520 2530 4575 sortiatur.
2566 4520 2712 4575 Sane
2756 4520 2803 4573 si
2844 4520 3080 4575 clericus
3121 4521 3331 4574 laicum
3380 4520 3584 4592 pulset,

205 4611 373 4665 diem
419 4611 975 4681 quintumdecimum
1023 4612 1304 4667 Kalendas
1346 4611 1497 4677 Maii,
1528 4610 1601 4665 ab
1637 4610 1762 4665 aliis
1790 4611 1850 4665 in
1951 4613 2109 4683 prius
2136 4630 2196 4666 se
2221 4612 2405 4667 audiri
2435 4613 2506 4666 ab
2533 4612 2813 4684 episcopis
2846 4618 3067 4683 poscat,
3096 4618 3217 4667 tum
3251 4614 3295 4667 si
3325 4614 3588 4685 petitioni

206 4702 373 4759 diem
410 4708 671 4759 octavum
712 4707 1093 4762 Kalendarum
1135 4706 1468 4761 earumdem
1501 4705 1855 4761 inveniretur
1952 4722 2067 4761 suae
2110 4705 2320 4761 laicum
2366 4706 2573 4760 viderit
2618 4705 2844 4761 obviare
2895 4722 2964 4760 ex
3006 4707 3290 4777 permissu
3337 4709 3588 4784 episcopi

206 4796 549 4868 ascriptum,
581 4804 802 4855 tantum
840 4817 933 4856 me
978 4799 1267 4856 diversitas
1309 4799 1418 4854 ista
1458 4800 1763 4871 permovit,
1795 4803 1855 4853 ut
1951 4800 2036 4854 sui
2073 4798 2132 4853 in
2174 4799 2366 4854 saeculi
2407 4799 2802 4854 moderatores
2843 4798 3250 4870 disceptatione
3294 4804 3585 4876 conﬂigat.

202 4891 665 4947 clementissimo
702 4894 948 4965 principi
988 4882 1267 4950 Marciano
1310 4910 1505 4949 curam
1549 4894 1618 4949 de
1656 4894 1761 4947 hac
1791 4909 1851 4948 re
1950 4894 2059 4948 Leo
2101 4894 2396 4965 episcopus
2436 4892 2661 4962 scribit;
2694 4893 2971 4948 Victorius
3013 4895 3308 4965 episcopus
3354 4899 3579 4966 scribit;

201 4984 392 5039 animi
420 4987 529 5039 mei
556 4986 888 5057 panderem,
909 4992 973 5042 ut
999 4987 1369 5059 praecipiente
1394 4988 1517 5059 ipso
1545 4987 1615 5042 ab
1646 4986 1735 5041 his
1755 4986 1855 5058 qui
1953 4987 2236 5042 Eustatius
2265 4987 2564 5058 episcopus
2594 4986 2806 5042 scribit.

816 5167 1389 5260 INCIPIUNT
1480 5168 2004 5259 DECRETA
2094 5166 2525 5259 HILARII
2614 5168 2974 5262 PAPfE.

1462 5301 1857 5367 INCIPIUNT
1920 5301 2330 5367 CAPITULA.

210 5086 545 5101 —

284 5470 340 5519 1.
370 5467 441 5521 Ut
467 5483 715 5523 canones
745 5467 950 5526 Nicaani
976 5471 1064 5527 vel
1094 5472 1415 5545 apostolicae
1444 5473 1592 5529 sedis
1619 5470 1847 5528 decreta
1951 5456 2100 5528 fectu
2159 5469 2572 5542 membrorum,
2618 5476 2716 5530 aut
2772 5473 3058 5530 decisione
3120 5473 3330 5546 aliquid
3393 5471 3583 5530 minus

201 5561 628 5617 custodiantur.
1949 5568 2225 5623 habentes
2252 5568 2320 5623 ad
2344 5568 2699 5639 superiorem
2731 5569 2988 5623 ordinem
3018 5584 3135 5623 non
3165 5568 3411 5623 veniant.

276 5656 340 5707 2.
371 5654 443 5709 Ut
471 5655 705 5727 bigami,
735 5663 835 5714 aut
857 5659 1059 5727 viduae,
1088 5665 1187 5715 aut
1221 5665 1505 5732 corruptm
1548 5660 1736 5715 mariti
1777 5661 1845 5714 ad

199 5746 622 5804 ecclesiasticos
653 5752 865 5821 gradus
896 5770 1009 5808 non
1037 5754 1329 5809 accedant.

281 5844 340 5895 3.
370 5841 439 5895 Ut
484 5844 822 5916 poenitentes
867 5852 961 5901 aut
1010 5848 1167 5902 inscii
1220 5848 1537 5904 litterarum
1586 5848 1699 5903 sive
1744 5848 1843 5902 de-

2018 5661 2071 5714 4.
2127 5662 2195 5716 Ut
2249 5678 2314 5715 ea
2377 5678 2507 5733 quae
2568 5660 2759 5716 illicite
2820 5661 3116 5732 episcopus
3174 5662 3259 5716 vel
3321 5661 3586 5718 decessor

1942 5755 2074 5826 ejus
2102 5754 2405 5822 ordinavit,
2432 5755 2503 5810 ab
2530 5771 2597 5809 eo
2620 5755 2717 5825 qui
2745 5758 3004 5825 superest
3038 5755 3435 5812 emendentur.

2022 5853 2071 5903 5.
2112 5847 2181 5902 Ut
2226 5849 2415 5902 nullus
2459 5849 2775 5920 episcopus,
2814 5847 2919 5902 sibi
2961 5848 3135 5920 eligat
3175 5867 3580 5916 successorem,
