4062 6188
521 294 621 345 9‘23
1411 286 1691 344 APPEND.
1734 288 1820 343 AD
1860 288 2018 343 SrEC.
2064 288 2148 342 IX.
2174 319 2239 327 -—
2282 282 2521 345 lSlDORl
2562 290 2982 347 MERCATORIS
3730 298 3805 351 9'23

591 398 722 451 Car.
756 398 796 450 Ι.
828 396 1013 448 Flavio
1062 396 1317 463 Basilico,
1356 403 1413 452 et
1459 397 1810 451 llerinineico
1860 397 1989 449 viris
2034 396 2147 449 cla-
2172 408 2232 480 Α
2254 414 2354 452 nos
2386 399 2571 453 missis
2598 400 2665 453 de
2708 398 2982 470 Hispaniis
3010 398 3261 469 epistolis
3287 398 3389 452 sub
3413 405 3558 453 certa
3587 401 3811 456 relatione

520 488 752 542 rissimis
779 487 1131 555 consulibus,
1162 490 1264 544 sub
1295 490 1387 544 die
1427 490 1646 545 decimo
1690 493 1846 542 sexto
1877 489 2151 543 Kalenda-
2256 492 2534 563 pervenit,
2566 493 2624 546 in
2649 492 2986 563 quibusdam
3023 491 3161 547 locis
3202 491 3609 563 perversitatum
3637 495 3813 548 semina

522 598 648 636 rum
666 580 1086 635 Decembrium.
1105 583 1164 636 In
1182 583 1417 638 basilica
1436 587 1643 638 sanctae
1663 583 1847 637 Mariae
1872 583 2152 638 residente
2253 586 2496 641 subinde
2530 591 2857 641 nascuntur.
2887 584 3139 656 Denique
3176 585 3435 640 nonnulli
3468 585 3815 656 episcopatum,

519 673 832 728 venerabili
865 690 1011 745 papa
1040 675 1253 731 Hilario
1282 693 1397 732 una
1422 694 1552 731 cum
1576 676 1875 748 episcopis,
1909 693 2150 732 numero
2254 681 2353 751 qui
2409 697 2524 734 non
2577 680 2686 734 nisi
2749 678 2965 733 meritis
3016 678 3462 750 praecedentibus
3507 678 3676 746 datur,
3726 696 3817 734 non

521 767 960 839 quinquaginta,
993 769 1371 826 residentibus
1415 771 1583 826 etiam
1617 770 1892 824 universis
1916 771 2149 841 presby-
2255 772 2513 827 divinum
2574 789 2803 840 munus,
2864 772 2965 827 sed
3028 771 3455 828 haereditarium
3507 777 3687 842 putant
3725 789 3818 827 esse

521 860 676 930 teris,
719 861 1037 916 astantibus
1082 879 1311 935 quoque
1356 864 1705 933 diaconibus,
1744 863 1984 918 Hilarius
2029 863 2150 935 epi-
2253 866 2680 938 compendium.
2724 868 2789 920 Et
2836 866 3072 921 credunt
3116 865 3263 920 sicut
3304 881 3391 920 res
3428 864 3653 919 caducas
3685 868 3818 937 atque

518 971 721 1025 scopus
785 955 1048 1010 Ecclesiae
1111 957 1400 1012 catholicae
1454 957 1611 1011 urbis
1682 958 1875 1011 Romae
1941 957 2154 1028 synodo
2254 959 2545 1029 mortales,
2575 960 2656 1014 ita
2690 959 3065 1014 sacerdotium
3095 959 3252 1013 velut
3275 957 3548 1029 legatorio
3578 964 3667 1012 aut
3690 962 3819 1013 testa-

522 1048 850 1119 praesidens,
872 1048 1046 1103 dixit:
1079 1048 1361 1113 Quoniam
1385 1050 1689 1120 religiosus
1721 1053 1915 1104 sancto
1944 1050 2155 1121 Spiritu
2254 1053 2535 1108 mentario
2560 1053 2691 1123 jure
2720 1068 2881 1123 posse
2912 1052 3144 1107 dimitti.
3173 1054 3310 1106 Nam
3339 1052 3589 1123 plerique
3613 1053 3822 1106 sacerde

520 1143 904 1215 congregante
945 1145 1259 1197 conventus
1304 1144 1584 1209 hortatur,
1612 1146 1674 1196 ut
1713 1143 1978 1214 qumdam
2029 1159 2155 1214 quas
2255 1151 2358 1211 tes,
2387 1147 2525 1201 etin
2562 1147 2761 1200 mortis
2788 1145 3034 1200 conﬁnio
3073 1145 3381 1213 constituti,
3407 1145 3466 1198 in
3500 1145 3671 1200 locum
3691 1162 3820 1199 suum

520 1250 625 1306 pro
676 1233 972 1303 disciplina
1029 1235 1396 1290 ecclesiastica
1458 1236 1775 1291 necessaria
1821 1242 1971 1303 sunt,
2020 1253 2155 1291 cura
2257 1242 2522 1295 feruntur
2547 1240 2686 1293 alios
2716 1239 3028 1311 designatis
3075 1239 3403 1293 nominibus
3438 1238 3736 1309 subrogare,
3758 1244 3819 1303 ut,

518 1327 881 1396 diligentiore
927 1331 1252 1395 tractemus,
1297 1329 1341 1383 si
1390 1328 1597 1400 placet,
1645 1328 1870 1397 fratres,
1919 1346 1984 1383 ea
2024 1346 2156 1401 quas
2257 1334 2469 1388 scilicet
2488 1350 2603 1389 non
2621 1333 2875 1405 legitima
2895 1336 3255 1404 exspectatur
3273 1330 3491 1401 electio,
3512 1332 3604 1386 sed
3627 1331 3823 1386 defuncti

524 1420 597 1474 ad
655 1420 1023 1475 ordinationis
1076 1427 1332 1478 tenorem
1396 1422 1703 1493 pertinent,
1742 1424 1906 1493 juxta
1951 1423 2155 1478 divinm
2258 1426 2615 1499 gratiﬁcatio,
2668 1443 2771 1497 pro
2822 1426 3015 1497 populi
3078 1425 3355 1480 habeatur
3424 1440 3658 1479 assensu.
3704 1425 3824 1488 Quod

519 1513 657 1584 legis
686 1518 993 1586 praecepta,
1029 1517 1087 1568 et
1114 1515 1475 1570 Nicaenorum
1502 1532 1790 1570 canonum
1822 1515 2153 1577 constituta,
2258 1536 2431 1591 quam
2480 1536 2650 1591 grave
2694 1520 2766 1575 sit
2815 1519 3155 1574 existimate.
3188 1522 3367 1589 Atque
3413 1518 3556 1584 ideo,
3583 1518 3626 1571 si
3664 1518 3825 1588 placet.

514 1608 750 1676 juvante
775 1607 1013 1662 Domino
1035 1608 1096 1662 in
1122 1625 1295 1663 omne
1321 1625 1503 1663 aevum
1528 1623 1799 1663 mansura
1824 1609 2153 1675 solidemus,
2256 1613 2427 1667 etiam
2454 1613 2599 1667 hanc
2629 1613 2920 1668 licentiam
2961 1613 3310 1685 generaliter
3339 1612 3411 1667 de
3448 1611 3684 1666 Ecclesiis
3705 1611 3825 1664 aufe-

520 1707 583 1755 ut
623 1701 761 1754 nulli
790 1701 875 1755 fas
919 1700 990 1754 sit
1032 1701 1152 1756 sine
1184 1704 1363 1756 status
1389 1701 1476 1757 sui
1506 1702 1778 1772 periculo,
1808 1703 1892 1756 vel
1938 1702 2156 1757 divinas
2176 1774 2218 1778 _
2258 1722 2472 1776 ramus,
2508 1724 2579 1761 ne
2614 1707 2785 1778 (quod
2814 1710 2984 1777 turpe
3013 1706 3164 1760 dictu
3195 1710 3297 1769 est)
3326 1705 3546 1760 homini
3584 1705 3827 1775 quisquam

523 1738 583 1755 ιιι
623 1738 761 1754 ιιιιιιι
790 1738 875 1755 Lua
919 1738 990 1754 alla
1032 1738 1152 1756 ῡιυν
1184 1738 1363 1756 cultu.)
1389 1738 1476 1757 ῦιιι
1507 1738 1778 1772 γυιιυυιυ,
1815 1738 1892 1756 IUL
1938 1738 2156 1757 υινιιιαο
2258 1738 2472 1776 ιαιιιυδ,
2508 1738 2579 1761 uc
2822 1738 2984 1777 ιυιμῠ
3013 1738 3164 1760 ωυιυ
3195 1738 3297 1769 εδιι
3327 1738 3546 1760 ιιυωιυι
3584 1738 3827 1775 Ὶιιωιιιιαιιι

521 1794 969 1861 constitutiones,
1013 1795 1097 1848 vel
1137 1794 1458 1866 apostolicae
1513 1794 1659 1850 sedis
1704 1795 1931 1850 decreta
1971 1774 2232 1849 teme-B
2257 1803 2422 1871 putet
2471 1800 2686 1870 deberi,
2739 1800 2893 1872 quod
2943 1799 3044 1855 Dei
3089 1804 3193 1854 est.
3249 1800 3319 1853 Ut
3364 1805 3559 1853 autem
3604 1797 3737 1868 quod
3777 1796 3826 1849 ad

521 1904 666 1956 rare,
698 1886 835 1958 quia
860 1903 962 1942 nos
988 1888 1086 1959 qui
1129 1887 1513 1959 potentissimi
1557 1887 1863 1943 sacerdotis
1906 1888 2154 1943 admini-
2259 1909 2360 1948 nos
2384 1893 2662 1964 perlatum
2687 1897 2790 1962 est,
2812 1893 2883 1948 ad
2912 1897 3157 1948 vestram
3192 1892 3367 1947 etiam
3398 1891 3570 1963 possit
3591 1889 3828 1962 pervenire

521 1984 764 2034 stramus
835 1980 1040 2049 officia,
1116 1981 1319 2035 talium
1396 1981 1917 2052 transgressionum
1989 1981 2157 2052 culpa
2256 1986 2539 2056 notitiam,
2599 1987 2978 2058 Hispanorum
3040 1987 3281 2041 fratrum
3331 1991 3391 2040 et
3432 1985 3828 2057 coepiscOpornm

528 2074 814 2145 respiciet,
843 2074 890 2128 si
916 2074 975 2128 in
1006 2073 1191 2128 causis
1221 2074 1323 2128 Dei
1362 2074 1582 2129 desides
1610 2070 1885 2130 fuerimus
1919 2074 2154 2144 inventi,
2261 2085 2587 2135 nostrorum
2618 2080 2831 2153 scripta
2858 2080 3143 2152 legantur.
3173 2080 3380 2134 Paulus
3409 2078 3656 2134 notarius
3680 2078 3830 2131 recita-

521 2165 654 2237 quia
703 2166 1076 2221 meminimus
1120 2167 1273 2236 quod
1329 2167 1533 2221 timere
1588 2166 1860 2221 debemus
1914 2167 2159 2238 qualiter
2257 2173 2355 2228 vit.
2400 2175 2466 2228 Et
2515 2177 2786 2228 statutum
2833 2178 2936 2239 est,
2980 2189 3053 2228 ne
3102 2173 3235 2244 quid
3283 2172 3439 2227 ultra
3485 2170 3776 2243 hujusmodi
3809 2186 3829 2219 ει

520 2259 905 2314 comminetur
944 2259 1217 2314 Dominus
1254 2260 1620 2331 negligentia:
1651 2259 2028 2315 sacerdotum.
2073 2260 2153 2315 Si-
2257 2267 2642 2322 sacerdotibus
2671 2270 3068 2337 praesumatur.

520 2352 751 2423 quidem
780 2358 941 2407 reatu
985 2353 1200 2423 majore
1238 2352 1522 2424 delinquit
1561 2353 1662 2424 qui
1703 2353 1913 2424 potiori
1940 2353 2156 2409 honore

519 2445 746 2512 fruitur,
774 2451 834 2501 et
860 2446 1120 2518 graviora
1142 2447 1283 2502 facit
1301 2445 1435 2501 vitia
1456 2450 1818 2518 peccatorum
1841 2446 2155 2502 sublimitas

2259 2433 2455 2508 229
2469 2437 2716 2505 Epistola
2729 2436 2962 2505 ejusdem
2978 2437 3185 2520 Hilarii
3201 2451 3363 2507 papae
3386 2436 3463 2491 ad
3479 2437 3833 2491 Tarraconenses

516 2540 889 2612 dignitatum.
2926 2523 3214 2577 epwcopos‘

590 2664 658 2718 Π,
714 2661 1048 2718 Cavendum
1103 2678 1240 2734 ergo
1289 2662 1350 2717 in
1404 2660 1607 2733 primis
1659 2679 1730 2716 ne
1781 2661 1854 2716 ad
1910 2666 2158 2717 sacratos
2412 2640 2482 2694 Ut
2513 2638 2702 2693 nullus
2728 2639 2850 2694 sine
2879 2656 3152 2696 consensu
3186 2641 3444 2714 episcopi
3472 2636 3833 2710 metropolitani

523 2756 749 2827 gradus,
798 2755 941 2810 sicut
990 2755 1160 2827 gestis
1208 2754 1492 2827 prioribus
1538 2758 1671 2810 ante
1730 2755 2004 2826 scriptum
2050 2759 2153 2821 est,
2260 2732 2555 2804 episcopus
2573 2733 2888 2789 ordinetur-

520 2825 821 2921 quisquam
849 2848 949 2919 qui
983 2825 1227 2902 uxorem
1250 2847 1534 2919 virginem
1565 2864 1679 2903 non
1715 2825 1894 2917 duxit,
1925 2848 2152 2918 aspiret.
2316 2830 2382 2921 72-
2407 2828 2478 2921 Ut
2503 2827 2693 2882 “unus
2717 2826 3119 2900 episcoporum
3144 2829 3339 2885 Γθιίοίθ
3364 2828 3596 2900 Propria
3624 2825 3834 2889 ΕεθΙθείτίν

524 2941 855 3012 Repellendi
929 2944 1062 2995 sunt
1111 2941 1286 2995 etiam
1365 2940 1691 3011 quicunque
1773 2941 1833 2993 in
1896 2940 2156 2995 secundae
2260 2920 2333 2975 ad
2362 2920 2532 2975 aliam
2564 2925 2828 2977 transeat-

524 3034 715 3090 uxoris
746 3033 976 3108 nuptias
1009 3036 1209 3089 contra
1237 3033 1547 3105 apostolica
1571 3037 1855 3106 praecepta
1884 3050 2158 3088 convene-
2330 3016 2381 3069 3-
2413 3015 2482 3069 Ut
2513 3014 2784 3069 Ηίτθηθυδ
2822 3021 3074 3072 remotus
3115 3016 3184 3071 ab
3213 3015 3621 3072 APtimODiBDSi
3652 3012 3711 3067 ad
3739 3025 3838 3081 ῐπο·

523 3111 678 3184 runt.
828 3107 841 3108 Π
2179 3142 2233 3215 C
2259 3107 2380 3215 pris
2410 3111 2748 3215 revertatur.

2329 3203 2379 3256 4.
2421 3203 2495 3256 De
2538 3202 2896 3257 removendis
2942 3202 3221 3274 episcopis
3263 3203 3361 3274 qui
3412 3202 3599 3258 illicite
3643 3194 3838 3255 ordinati

2259 3299 2390 3349 sunt
2420 3300 2570 3349 etne
2606 3296 2663 3349 in
2694 3312 2805 3349 una
2847 3296 3091 3351 Ecclesia
3125 3296 3239 3351 duo
3276 3296 3534 3368 episcopi
3559 3294 3835 3349 habeantur.

2331 3391 2381 3441 ὅ.
2413 3389 2490 3441 De
2519 3387 2886 3442 damnatione
2929 3389 3177 3455 llirenei,
3207 3389 3251 3443 si
3282 3389 3351 3444 ad
3397 3405 3554 3444 suam
3590 3384 3837 3442 Ecclesiam

2260 3498 2372 3535 non
2405 3480 2726 3535 revertitur.

2328 3574 2709 3629 Dilectissimis
2737 3574 3007 3629 fratribus
3034 3579 3269 3632 ASCANIO
3298 3571 3356 3630 et
3381 3575 3655 3631 universis
3673 3571 3839 3644 episco-

2258 3667 2342 3738 pis
2371 3668 2800 3723 Tarraconensis
2827 3669 3157 3739 provinciae,
3188 3671 3453 3725 HILARIL'S
3483 3669 3770 3741 episcopus.

2331 3763 2628 3833 Postquam
2645 3762 2864 3817 litteras
2875 3767 3075 3817 vestra:
3093 3762 3413 3818 dilectionis
3425 3763 3743 3834 accepimus,
3754 3756 3842 3828 qni-

2256 3856 2360 3909 bus
2393 3856 2870 3926 praesumptiones
2895 3855 3109 3911 Silvani
3135 3856 3389 3928 episcopi
3423 3851 3839 3927 Calagurensium

2257 3948 2515 4003 Ecclesia!
2542 3948 2769 4004 retundi
2799 3949 3034 4019 petistis,
3053 3953 3111 4003 et
3131 3966 3359 4004 rursum
3388 3944 3840 4005 Barcinonensium

2258 4041 2511 4113 quaeritis
2542 4041 2711 4097 nimis
2755 4042 2953 4097 illicita
2982 4048 3112 4098 vota
3154 4043 3369 4098 ﬁrmari
3396 4044 3778 4098 honoratorum
3799 4039 3841 4087 et

2255 4151 2666 4205 possessorum,
2690 4135 3204 4205 Tyriasonensium,
3250 4135 3693 4201 Castanensium,
3715 4129 3839 4186 Cala-

2257 4244 2330 4300 gu
2338 4232 2633 4283 rtanorum
2645 4271 2658 4296 ,
2676 4228 2788 4282 Viri
2796 4244 2903 4299 gen
2911 4229 3056 4283 sium
3068 4271 3081 4295 ,
3099 4228 3471 4284 Triciensium
3498 4226 3724 4284 civitatis
3737 4235 3839 4277 cum

2257 4322 2653 4393 scriptionibus
2700 4322 3051 4377 diversorum
3093 4323 3312 4378 litteras
3351 4323 3520 4378 nobis
3557 4322 3755 4377 constat
3772 4316 3840 4369 in-

2257 4420 2464 4487 gestas,
2498 4433 2601 4487 per
2631 4432 2773 4486 quas
2803 4415 2861 4469 id
2901 4416 3054 4486 quod
3087 4416 3157 4471 de
3182 4417 3406 4472 Silvano
3442 4414 3672 4488 querela
3699 4410 3840 4465 vestri

2174 4513 2233 4587 D
2259 4508 2708 4581 deprompserat,
2733 4510 3088 4564 excusabant.
3109 4509 3222 4565 Sed
3241 4510 3683 4581 reprehensione
3695 4500 3841 4576 justis

2258 4603 2405 4657 sima
2425 4619 2624 4658 eorum
2653 4603 2869 4674 pariter
2886 4602 3155 4675 allegatio
3182 4620 3299 4659 non
3324 4603 3579 4672 carebat,
3598 4599 3718 4672 quia
3732 4609 3842 4668 prte-

2258 4701 2347 4751 ter
2372 4696 2776 4752 conscientiam
2802 4696 3229 4768 metropolitani
3258 4696 3453 4751 fratris
3482 4702 3538 4752 et
3574 4685 3839 4764 coepisset)i

2259 4789 2437 4845 nostri
2461 4789 2684 4845 Ascanii
2715 4790 3007 4846 nonnullis
3033 4790 3353 4845 civitatibus
3379 4790 3668 4845 ordinatos
3683 4779 3837 4839 clamil

2257 4883 2592 4939 sacerdotes.
2648 4883 2808 4939 Unde
2854 4869 3122 4956 quoniam
3170 4883 3446 4956 quidquid
3497 4883 3568 4937 ab
3619 4878 3840 4935 alterum

2256 4982 2415 5048 parte
2443 4980 2530 5032 est
2554 4976 2870 5032 indicatum
2902 4977 3058 5032 omni
3090 4977 3345 5032 videmus
3374 4975 3726 5047 perversitate
3741 4980 3840 5022 con-

2255 5071 2467 5141 fusum,
2492 5075 2823 5143 temporum
2846 5071 3179 5127 necessitate
3199 5072 3519 5142 perspecta,
3548 5069 3647 5123 hac
3667 5063 3836 5119 ratione

2257 5163 2620 5220 decernimus
2657 5165 2725 5219 ad
2753 5165 2975 5220 veniam
3020 5163 3305 5236 pertinere
3344 5163 3500 5235 quod
3534 5165 3734 5233 gestum
3757 5156 3834 5213 est,

2257 5261 2320 5312 ut
2335 5258 2477 5313 nihil
2493 5257 2759 5329 deinceps
2778 5260 2977 5315 contra
2997 5261 3280 5331 praecepta
3297 5257 3448 5313 beati
3466 5253 3715 5330 apostoli,
3728 5242 3835 5303 nihil

2254 5356 2453 5407 contra
2483 5352 2838 5407 Nicaenorum
2869 5369 3156 5408 canonum
3185 5350 3490 5407 constituta
3520 5351 3760 5405 tentetur.

2326 5445 2451 5501 CAP.
2484 5447 2524 5500 Ι.
2554 5447 2669 5501 Hoc
2708 5449 2903 5502 autem
2942 5445 3191 5518 primum
3219 5446 3375 5517 juxta
3405 5441 3723 5499 eorumdem
3755 5436 3830 5488 Ρι-

2254 5541 2407 5593 trum
2446 5538 2672 5610 regulas
2714 5539 2976 5594 volumus
3021 5538 3307 5608 custodiri,
3340 5541 3399 5592 ut
3437 5536 3626 5592 nullus
3668 5530 3832 5604 prem

2253 5631 2517 5687 notitiam
2543 5635 2713 5706 atque
2746 5648 3082 5690 consensum
3106 5632 3296 5689 fratris
3319 5632 3541 5687 Ascanii
3562 5616 3831 5692 metropoli-

2255 5724 2374 5780 tani
2415 5725 2774 5798 aliquatenus
2812 5732 3174 5783 consecretur
3200 5726 3452 5790 antistes,
3484 5723 3616 5797 quia
3641 5720 3735 5775 hoc
3759 5725 3828 5763 νε·

595 5815 656 5868 ν.
699 5817 994 5885 Praeterea,
1043 5816 1266 5881 fratres,
1303 5830 1449 5869 nova
1488 5817 1543 5867 et
1590 5812 1865 5885 inaudita,
1899 5814 2042 5870 sicut
2086 5804 2167 5870 ad.
2257 5821 2345 5873 tus
2370 5818 2507 5874 ordo
2536 5821 2741 5876 tenuit.
2763 5822 2872 5875 Hoc
2899 5826 3286 5877 trecentorum
3309 5820 3507 5877 decem
3535 5822 3585 5872 et
3614 5817 3832 5870 octonm

592 3242 682 3296 III.
740 3240 811 3295 Ut
875 3240 1214 3311 poenitentes
1273 3238 1361 3295 vel
1427 3238 1591 3294 inscii
1661 3239 2011 3307 litterarum,
2061 3245 2159 3294 aut

521 3333 713 3406 aliqua
750 3333 1139 3389 membrorum
1170 3332 1399 3388 defectu
1427 3333 1639 3388 damna
1675 3333 1949 3404 perpessi,
1981 3333 2068 3388 vel
2097 3333 2155 3387 hi

522 3428 620 3500 qui
643 3444 712 3483 ex
741 3427 1150 3499 paenitentibus
1173 3429 1324 3493 sunt,
1347 3427 1419 3481 ad
1439 3443 1627 3481 sacros
1652 3426 1881 3482 ordines
1907 3427 2156 3498 aspirare

520 3538 639 3576 non
667 3521 935 3576 audeant.
964 3520 1212 3592 Quisque
1244 3518 1447 3575 talium
1482 3525 1842 3576 consecratur
1879 3520 2158 3576 exstiterit

522 3616 736 3671 factum
766 3631 935 3670 suum
963 3614 1083 3685 ipse
1115 3614 1402 3669 dissolvet.

592 3732 678 3787 IV.
720 3730 831 3786 Sed
857 3730 1236 3803 quodcunque
1281 3729 1408 3802 quis
1447 3729 1731 3785 commisit
1757 3729 1974 3797 illicite,
2005 3732 2103 3784 aut
2125 3746 2158 3782 a

523 3823 914 3881 decessoribus
960 3824 1077 3878 suis
1126 3822 1344 3878 invenit
1389 3822 1726 3892 admissum,
1772 3823 1818 3876 si
1858 3822 2156 3895 proprium

522 3919 838 3991 periculum
869 3917 987 3971 vult
1010 3917 1209 3986 vitare,
1241 3915 1567 3986 damnabit;
1597 3931 1701 3970 nos
1727 3916 1882 3970 enim
1908 3916 1969 3970 in
1998 3915 2156 3971 nullo

520 4014 787 4069 volumus
826 4010 1185 4067 severitatem
1230 4009 1462 4064 ultionis
1504 4026 1790 4064 exercere.
1829 4009 1935 4064 Sed
1965 4010 2064 4080 qui
2095 4008 2156 4063 in

521 4107 704 4162 causis
762 4105 860 4161 Dei
901 4105 990 4159 vel
1038 4102 1395 4158 contumacia
1435 4102 1525 4157 vel
1574 4102 1634 4157 in
1674 4102 1863 4174 aliquo
1922 4094 2157 4157 decessu

522 4199 842 4271 deliquerit,
895 4199 996 4251 aut
1063 4197 1181 4267 ipse
1245 4196 1398 4267 quod
1458 4195 1723 4266 proprius
1774 4194 2157 4266 praedecessor

522 4294 644 4362 ejus
683 4290 836 4358 fecit,
868 4288 1092 4344 abolere
1136 4288 1382 4343 noluerit
1423 4288 1484 4342 in
1516 4305 1573 4342 se
1620 4287 1893 4359 quidquid
1940 4287 2000 4341 in
2043 4289 2153 4343 alio

524 4400 638 4440 non
667 4382 1030 4450 resecaverit,
1061 4381 1333 4436 inveniet.
1365 4381 1529 4446 Quod
1566 4386 1632 4436 ut
1671 4380 1934 4453 deinceps
1978 4382 2157 4452 possit

521 4477 775 4535 tenacius
822 4474 1093 4532 custodiri
1138 4475 1204 4546 (si
1245 4475 1436 4547 placet
1478 4473 1789 4529 sententias
1832 4490 2054 4544 omnes,
2099 4479 2158 4530 et

521 4571 966 4645 subscriptiones
1014 4569 1274 4642 proprias
1333 4568 1728 4640 commodatae)
1779 4572 1845 4624 ut
1904 4569 2156 4641 synodali

512 4666 730 4738 judicio
779 4665 968 4721 aditus
1012 4663 1311 4719 claudatur
1352 4662 1580 4719 illicitis.
1612 4662 1691 4717 Ab
1728 4662 2007 4719 universis
2035 4663 2153 4735 epi-

523 4760 728 4831 scopis,
784 4765 841 4814 et
900 4757 1247 4831 presbyteris
1321 4757 1697 4812 acclamatum
1773 4760 1879 4811 est.
1924 4756 2153 4825 Exaudi,

520 4852 760 4920 Christe,
794 4851 999 4906 Hilario
1036 4851 1167 4919 vita,
1197 4850 1413 4906 dictum
1444 4854 1529 4906 est
1568 4849 1774 4905 sexies.
1803 4851 1918 4905 Hoc
1946 4850 2152 4904 conﬁr-

522 4962 750 5001 mamus
777 4950 832 5000 et
857 4945 1147 5014 docemus,
1177 4944 1392 4999 dictum
1422 4948 1505 4998 est
1532 4942 1720 4999 octies.
1754 4943 1882 4998 Haec
1905 4943 2157 4999 tenenda

521 5043 674 5110 sunt,
723 5039 847 5095 haec
907 5038 1181 5093 servanda
1224 5040 1376 5104 sunt,
1427 5036 1641 5091 dictum
1693 5042 1778 5092 est
1830 5037 2152 5110 quinquies.

522 5134 799 5189 Doctrina:
826 5136 1025 5188 vestrae
1051 5131 1263 5204 gratias
1291 5130 1536 5203 agimus,
1569 5130 1783 5186 dictum
1812 5134 1898 5186 est
1922 5131 2156 5204 quinde-

520 5229 651 5285 cies.
684 5230 793 5284 lsta
820 5228 881 5282 in
910 5230 1255 5298 perpetuum
1298 5229 1593 5280 serventur
1620 5240 1909 5296 rogamus,
1939 5225 2153 5281 dictum

522 5328 609 5379 est
638 5321 986 5396 quindecies.
1024 5321 1131 5376 Ista
1172 5336 1275 5392 per
1299 5322 1560 5375 sanctum
1587 5320 1815 5374 Petrum
1840 5322 1905 5373 ut
1930 5318 1992 5373 in
2022 5335 2153 5390 per-

520 5424 759 5492 petuum
807 5418 1104 5473 serventur
1130 5419 1411 5487 aptemus,
1441 5413 1657 5468 dictum
1697 5408 1995 5468 est'octies.
2028 5413 2156 5467 Hazc

519 5511 888 5586 praesumptio
936 5525 1229 5582 nunquam
1272 5509 1392 5575 fiat,
1423 5505 1640 5564 dictum
1681 5510 1767 5563 est
1808 5505 2015 5562 decies.
2047 5504 2155 5570 Qui

521 5608 645 5661 haec
690 5603 1006 5674 violaverit,
1054 5603 1113 5658 in
1159 5618 1219 5656 se
1267 5600 1538 5656 inveniet.
1592 5602 1657 5655 Et
1711 5601 1855 5655 facto
1903 5599 2152 5666 silentio,

524 5698 767 5753 Hilarius
790 5696 1088 5769 episcopus
1117 5694 1258 5751 dixit
1283 5712 1295 5749 :
