4062 6188
248 308 344 359 9‘25

1501 305 1968 362 DECRETALIUM
2007 305 2387 359 COLLECTIO.

3498 311 3597 360 D26

246 420 460 464 ctorum
519 414 744 466 Patrum
804 414 1056 468 definivit
1107 416 1430 483 auctoritas,
1482 416 1569 468 cui
1617 414 1868 485 quisquis
1891 413 2085 496 Apuli
2129 413 2408 466 consortio
2438 429 2554 466 esse
2590 419 2911 480 cognoscat.
2953 413 3102 465 Deus
3149 412 3456 466 incolumes
3506 431 3596 464 ms

245 505 429 559 obvias
454 505 758 560 tetenderit
786 523 1006 574 manus,
1041 524 1239 562 eorum
1269 525 1326 562 se
1347 509 1628 563 consortio
1663 509 1871 563 fatetur

245 598 571 668 indignum,
600 616 848 670 quorum
878 602 1357 673 prazceptionibus
1388 604 1643 658 resultat.

315 735 377 786 ll.
409 734 468 787 In
497 750 743 805 quorum
765 737 1179 790 contumeliam
1208 738 1452 807 superbo
1484 734 1683 808 spiritu
1698 738 1870 792 etiam

246 842 373 896 pars
420 827 517 881 illa
561 829 944 882 contemnitur
986 846 1111 900 quae
1137 835 1386 896 veretur,
1415 847 1486 885 ne
1525 831 1650 902 quis
1676 832 1867 886 relicta

245 921 486 975 Ecclesia
525 937 644 988 sua,
683 921 754 975 ad
788 923 1025 977 alteram
1067 924 1310 978 transire
1348 929 1672 994 praesumat.
1707 926 1870 988 Quod

242 1013 410 1067 nimis
441 1015 698 1085 improbe
721 1015 1169 1085 conniventibus,
1199 1023 1255 1072 et
1285 1022 1345 1072 ut
1365 1018 1621 1071 doleatur
1649 1019 1870 1089 gravius

246 1107 400 1160 vobis
442 1108 840 1175 asserentibus,
883 1109 1156 1164 Hireneus
1181 1111 1472 1181 episcopus
1503 1120 1742 1166 conatur
1766 1112 1865 1165 ad-

243 1201 492 1254 mittere.
524 1201 689 1264 Quod
726 1206 923 1256 nostra
965 1205 1300 1260 auctoritate
1335 1205 1600 1259 roborare
1645 1205 1864 1276 cupitis.

239 1310 382 1363 quos
409 1295 650 1348 maxime
684 1295 754 1348 de
783 1295 953 1349 rebus
991 1297 1195 1353 illicitis
1231 1314 1436 1368 magna
1460 1298 1867 1368 indignatione

243 1387 495 1457 probatis
524 1388 774 1456 accendi,
813 1389 969 1443 lectis
998 1406 1135 1462 ergo
1175 1391 1233 1444 in
1279 1396 1562 1446 conventu
1603 1393 1865 1460 fratrum,

238 1497 379 1551 quos
396 1482 600 1535 natalis
618 1483 729 1535 mei
750 1483 1023 1538 festivitas
1042 1491 1419 1557 congregarat
1441 1486 1641 1540 litteris
1668 1487 1867 1540 vestris

241 1590 368 1642 qua:
397 1573 465 1628 de
487 1574 814 1629 ordinandis
838 1576 1117 1647 episcopis
1136 1579 1448 1633 secundum
1468 1583 1680 1633 statuta
1702 1596 1869 1633 cano-

239 1683 379 1720 num
401 1668 482 1722 vel
508 1667 992 1738 praedecessorum
1021 1687 1285 1725 meorum
1305 1671 1526 1726 decreta
1555 1672 1721 1727 fuerit
1740 1690 1867 1743 pro-

234 1759 369 1813 bata
397 1761 674 1816 sententia
706 1768 995 1833 gestorum
1025 1780 1151 1834 quae
1184 1765 1395 1834 pariter
1425 1765 1737 1820 direximus
1785 1771 1866 1820 te-

240 1869 376 1907 nore
397 1854 638 1909 discetis.

309 1975 399 2029 lIl.
430 1975 590 2030 Unde
617 1981 840 2031 remoto
868 1977 938 2031 ab
969 1978 1208 2032 Ecclesia
1240 1979 1664 2047 Barcinonensi,
1700 1983 1868 2051 atque

237 2067 307 2121 ad
345 2085 506 2122 suam
543 2069 779 2124 remisso
827 2070 1068 2125 Hireneo
1097 2071 1381 2143 episcopo,
1418 2073 1626 2128 sedatis
1654 2091 1754 2144 per
1779 2091 1866 2128 sa-

236 2160 582 2215 cerdotalem
613 2163 954 2218 modestiam
981 2164 1384 2232 voluntatibus,
1413 2181 1540 2236 quae
1567 2183 1669 2236 per
1696 2166 1866 2238 igno-

234 2254 488 2308 rantiam
535 2255 1040 2312 ecclesiasticarum
1087 2259 1280 2329 legum
1327 2259 1680 2314 desiderant.
1712 2261 1869 2324 Quod

235 2363 355 2400 non
387 2346 520 2400 licet
557 2347 814 2403 obtinere
851 2349 1027 2404 talem
1066 2351 1326 2421 protinus
1357 2351 1426 2405 de
1457 2352 1607 2406 clero
1638 2354 1869 2423 proprio

236 2440 749 2495 Barcinonensibus
805 2443 1100 2514 episcopus
1148 2444 1472 2511 ordinetur,
1533 2447 1756 2517 qualem
1815 2453 1868 2501 te

233 2533 544 2603 praecipue,
587 2535 762 2604 frater
787 2537 1010 2605 Ascani,
1047 2541 1305 2609 oporteat
1330 2538 1559 2607 eligere,
1588 2544 1646 2593 et
1673 2540 1869 2596 deceat

231 2643 592 2694 consecrare,
627 2644 697 2682 ne
727 2629 772 2682 si
801 2629 966 2683 aliter
992 2631 1137 2685 forte
1155 2631 1365 2685 factum
1399 2631 1587 2700 fuerit,
1611 2649 1724 2686 non
1747 2634 1867 2688 sine

233 2720 652 2791 objurgatione,
697 2723 938 2777 maxime
979 2724 1059 2777 tui
1096 2725 1342 2778 nominis
1384 2725 1651 2779 retundat
1680 2732 1870 2782 nostra

232 2814 566 2884 przeceptio,
597 2816 746 2886 quod
780 2817 836 2869 in
865 2817 1131 2885 injuriam
1174 2817 1288 2886 Dei,
1334 2836 1364 2872 a
1410 2836 1521 2890 quo
1551 2820 1870 2889 specialiter

231 2907 675 2961 sacerdotalium
735 2913 818 2962 est
861 2911 1046 2980 gratia
1097 2911 1444 2982 dignitatum
1501 2913 1869 2970 didicerimus

229 3000 573 3054 admissum.
605 3003 712 3056 Nec
740 3002 1076 3074 episcopalis
1107 3004 1292 3060 honor
1331 3006 1754 3061 haereditarium
1775 3009 1870 3079 jus

229 3099 488 3164 putetur,
543 3095 694 3166 quod
749 3097 910 3151 nobis
958 3098 1078 3153 sola
1125 3099 1220 3154 Dei
1283 3100 1463 3154 nostri
1518 3100 1870 3173 benignitate

233 3189 554 3242 confertur.

304 3309 402 3362 IV.
435 3309 736 3365 Ordinatos
761 3328 912 3366 nunc
937 3328 1074 3384 ergo
1115 3314 1430 3385 episcopos,
1453 3315 1550 3386 qui
1571 3316 1701 3370 licet
1732 3316 1870 3371 dum

231 3407 285 3456 te
319 3402 630 3472 ignorante
661 3405 910 3475 provecti
944 3411 1079 3460 sunt
1106 3424 1236 3461 cum
1264 3409 1376 3462 suis
1403 3409 1728 3463 auctoribus
1755 3426 1870 3464 me-

227 3497 462 3549 ruerint
497 3497 813 3552 submoveri
845 3499 948 3553 hac
979 3501 1198 3555 ratione
1227 3501 1542 3569 firmamus,
1577 3503 1619 3556 si
1655 3519 1759 3557 nec
1786 3504 1865 3557 vi-

226 3589 365 3643 dua:
394 3590 629 3644 maritus
644 3591 818 3646 fuerit
837 3593 1160 3664 quisquam,
1187 3611 1286 3649 nec
1315 3594 1370 3649 in
1393 3596 1653 3650 secundae
1673 3597 1867 3667 conju-

229 3683 329 3753 gio
361 3683 591 3752 nuptias
620 3701 684 3739 ac
712 3689 837 3738 vota
866 3688 1212 3754 convenerit,
1246 3688 1388 3743 sicut
1416 3693 1472 3742 et
1503 3689 1704 3760 legalia
1733 3707 1868 3745 con-

227 3776 435 3830 stituta
467 3778 823 3848 prmcipiunt,
847 3779 1086 3834 dicendo
1117 3798 1128 3834 :
1165 3782 1433 3836 Sacerdos
1451 3799 1685 3838 uxorem
1704 3784 1872 3855 virgi-

230 3885 376 3924 nem
407 3869 661 3940 accipiat,
692 3888 806 3926 non
838 3873 1088 3941 viduam,
1123 3891 1240 3929 non
1267 3875 1641 3945 repudiatam,
1669 3894 1871 3932 secun-

231 3963 382 4016 dum
407 3964 557 4033 quod
580 3964 752 4018 etiam
771 3965 970 4022 beatus
993 3969 1289 4039 Apostolus
1317 3970 1591 4040 magister
1613 3971 1870 4042 gentium

229 4055 303 4110 de
323 4055 418 4109 liis
442 4057 540 4126 qui
558 4058 680 4122 ﬁeri
699 4058 1022 4115 desiderant
1045 4062 1362 4117 sacerdotes
1389 4065 1621 4135 pr0pria
1649 4064 1870 4120 institu-

231 4150 399 4203 tione
431 4165 545 4204 non
578 4152 752 4205 tacuit
791 4153 1002 4222 dicens,
1045 4155 1212 4208 unius
1261 4157 1448 4211 uxoris
1490 4157 1677 4212 virum
1711 4159 1872 4228 cujus

232 4246 444 4297 tenore
474 4260 611 4298 sane
638 4244 717 4299 ita
736 4245 1028 4301 informati
1049 4264 1168 4303 esse
1188 4249 1424 4317 debetis,
1448 4252 1651 4305 fratres
1672 4252 1875 4306 charis-

232 4336 397 4403 simi,
435 4340 494 4389 ut
515 4337 665 4392 inter
695 4343 898 4394 cratera
929 4357 1056 4410 qum
1088 4343 1340 4397 cavenda
1363 4344 1635 4398 sunthaec
1657 4345 1873 4400 studea-

232 4431 311 4485 tis
347 4431 632 4502 praecipue
674 4433 962 4500 custodiri,
1004 4451 1131 4506 qua:
1172 4437 1405 4491 noscitis
1442 4442 1574 4492 ante
1616 4439 1876 4493 universa

1892 3163 1946 3236 C

1971 505 2274 560 custodiat.

2006 624 2134 675 Item
2171 622 2395 690 epistola
2419 622 2625 678 Hilarii
2646 622 2722 676 ad
2750 623 3061 683 Ascanium,
3093 623 3158 676 de
3185 623 3267 676 his
3291 637 3412 690 qua?
3437 629 3560 676 sunt

2535 695 2737 762 scripta
2758 696 3024 762 superius.

2042 784 2419 840 Dilectissimo
2447 785 2612 839 fratri
2639 789 2896 853 ASCANIO,
2925 788 3180 842 HILARJUS
3209 786 3524 858 episcopus.

2043 879 2252 933 Divina:
2284 879 2433 934 circa
2462 896 2561 932 nos
2592 879 2790 950 gratiae
2821 896 3112 934 memores
3150 897 3271 934 esse
3304 880 3594 947 debemus,

1970 972 2066 1044 qui
2096 988 2199 1026 nos
2219 989 2322 1043 per
2341 972 2687 1042 dignationis
2712 989 2826 1026 suae
2847 973 3293 1028 misericordiam
3315 974 3386 1028 ob
3403 974 3509 1029 hoc
3524 975 3594 1028 ad

1970 1065 2262 1136 fastigium
2318 1066 2664 1120 sacerdotale
2704 1067 2978 1136 provexit,
3019 1070 3081 1120 ut
3109 1067 3390 1121 mandatis
3419 1067 3595 1139 ipsius

1969 1159 2336 1227 inhmrentes,
2380 1163 2437 1212 et
2474 1159 2531 1212 in
2575 1159 2818 1228 quadam
2869 1159 3167 1214 sacerdotii
3206 1161 3329 1230 ejus
3369 1162 3595 1231 specula

1969 1253 2259 1307 constituti
2288 1252 2690 1323 prohibeamus
2727 1253 2944 1320 illicita,
2978 1257 3034 1306 et
3063 1253 3360 1323 sequenda
3395 1254 3591 1308 docea-

1969 1363 2115 1400 mus.
2151 1346 2312 1401 Unde
2339 1346 2564 1400 directis
2594 1363 2698 1416 per
2724 1347 3032 1416 Trajanum
3059 1347 3463 1400 subdiaconum
3491 1364 3590 1400 no-

1970 1446 2150 1494 strum
2178 1439 2379 1494 litteris
2420 1439 2817 1505 admonemus,
2863 1444 2922 1493 ut
2961 1440 3056 1510 qui
3094 1441 3243 1493 male
3275 1440 3421 1494 facta
3447 1447 3595 1506 sunt,

1969 1533 2344 1602 corrigantur.
2366 1535 2429 1587 Et
2442 1532 2722 1586 miramur
2741 1532 3049 1586 admodum
3067 1532 3428 1588 dilectionem
3444 1539 3596 1588 tuam

1970 1626 2464 1682 Barcinonensium
2495 1625 2792 1695 petitiones
2825 1641 2942 1680 non
2969 1626 3151 1680 solum
3179 1627 3333 1681 nulla
3359 1629 3600 1682 auctori-

1972 1723 2083 1774 tate
2122 1720 2397 1788 retulisse,
2431 1735 2625 1774 verum
2657 1719 2829 1774 etiam
2863 1719 3086 1774 directis
3128 1719 3200 1773 ad
3239 1736 3344 1774 nos
3373 1720 3596 1788 litteris,

1891 1793 2525 1867 Bconsummationem
2563 1812 2718 1883 pravi
2766 1812 3029 1866 desiderii
3081 1814 3392 1882 postulasse
3443 1814 3599 1868 adhi-

1972 1906 2162 1961 bendo
2197 1906 2639 1977 iuepistolarum
2661 1905 2936 1976 procemio
2967 1905 3190 1959 concilii
3214 1905 3590 1974 mentionem,

1969 2005 2242 2071 tanquam
2267 2000 2446 2070 culpa;
2475 1999 2872 2053 minuerentur
2897 2014 3174 2065 excessus,
3208 2015 3309 2069 per
3335 1999 3594 2055 multitu-

1971 2092 2167 2146 dinem
2192 2092 2608 2163 imperitorum,
2651 2109 2783 2146 cum
2825 2092 2996 2147 etiam
3038 2091 3142 2146 sub
3185 2092 3596 2162 signiﬁcatione

1970 2185 2358 2256 unusquisque
2381 2186 2466 2239 sui
2497 2185 2746 2240 nominis
2769 2191 2959 2240 tecum
2985 2185 3194 2255 pariter
3219 2186 3520 2255 retulisset,
3543 2194 3599 2242 et

1970 2279 2410 2350 subscriptiones
2436 2279 2694 2350 proprias
2704 2279 2881 2334 factas
2892 2279 3101 2349 singuli
3114 2279 3592 2348 commodassent,

1971 2373 2334 2427 dilectionem
2363 2376 2552 2427 tamen
2585 2377 2745 2427 tuam
2775 2373 2854 2427 rei
2882 2372 2948 2428 de
2974 2389 3084 2444 qua
3109 2372 3363 2444 displicet
3375 2390 3594 2429 summa

1971 2466 2256 2537 tangebat,
2287 2466 2425 2538 quia
2451 2482 2554 2536 pro
2585 2465 2710 2520 loco
2733 2471 2788 2520 et
2815 2466 3032 2520 honore
3060 2465 3163 2520 tibi
3191 2466 3381 2521 debito
3407 2470 3595 2523 caeteri

1970 2560 2288 2614 sacerdotes
2311 2559 2550 2614 docendi
2565 2559 2814 2629 fuerant,
2830 2576 2947 2614 non
2962 2559 3258 2630 sequendi.
3280 2560 3438 2615 Unde
3453 2562 3598 2616 sicut

1970 2653 2028 2707 in
2060 2653 2416 2723 generalibus
2429 2653 2631 2708 litteris
2661 2653 3290 2722 indicavi,Hireneusad
3305 2655 3596 2725 pr0priam

1975 2750 2290 2801 revertatur
2334 2747 2660 2814 Ecclesiam,
2723 2752 2778 2800 et
2833 2746 3337 2802 Barcinonensibus
3372 2748 3442 2802 de
3499 2767 3598 2803 suo

1973 2841 2124 2895 clero
2166 2841 2425 2910 protinus
2458 2845 2820 2895 consecretur
2853 2839 3109 2906 antistes,
3138 2840 3228 2894 cui
3261 2845 3454 2896 tamen
3485 2847 3595 2896 sta-

1971 2939 2090 2988 tuta
2122 2951 2424 3001 canonum,
2469 2939 2526 2989 et
2563 2933 2866 3005 apostolica
2913 2937 3192 3004 praecepta
3233 2935 3596 2991 concordent.

1972 3029 2037 3082 Et
2081 3027 2211 3083 licet
2243 3027 2298 3081 hi
2344 3028 2442 3098 qui
2485 3031 2719 3099 propter
2767 3027 3028 3081 notitiam
3068 3030 3237 3098 atque
3265 3045 3598 3084 consensum

1971 3126 2086 3175 tuae
2115 3120 2429 3174 dilectionis
2474 3121 2721 3174 ordinati
2768 3124 2900 3174 sunt
2937 3121 3276 3188 sacerdotes,
3323 3139 3453 3176 cum
3487 3123 3600 3177 suis

1973 3213 2272 3269 debuerint
2297 3214 2622 3268 auctoribus
2649 3213 2996 3281 submoveri,
3046 3230 3118 3267 ne
3157 3214 3294 3284 quid
3322 3220 3508 3270 tamen
3540 3218 3599 3272 in

1972 3311 2124 3362 tanta
2152 3308 2489 3362 necessitate
2519 3307 2894 3361 decernamus
2913 3310 3225 3376 austerum,
3251 3325 3349 3362 eos
3369 3310 3466 3380 qui
3488 3311 3601 3381 epi-

1970 3401 2120 3471 sc0pi
2158 3400 2290 3454 facti
2323 3403 2449 3454 suat
2475 3401 2556 3453 ita
2579 3401 2842 3454 volumus
2877 3416 3236 3470 permanere,
3265 3401 3306 3453 si
3339 3404 3601 3471 apostoli-

1969 3494 2048 3549 cis
2069 3493 2541 3564 praeceptionibus
2565 3496 2620 3548 et
2642 3493 2861 3547 statutis
2882 3496 3208 3547 sanctorum
3232 3495 3460 3548 Patrum
3486 3513 3597 3551 non

1971 3586 2333 3658 reperiantur
2368 3586 2615 3653 obnoxii,
2659 3604 2724 3640 ac
2761 3585 3024 3656 deinceps
3055 3585 3196 3640 nihil
3221 3588 3371 3657 quod
3401 3595 3598 3644 contra

1974 3681 2330 3752 disciplinam
2378 3680 2808 3735 ecclesiasticam
2851 3680 3066 3745 veniat,
3133 3680 3275 3734 sicut
3329 3681 3597 3738 hactenus

1970 3776 2181 3830 factum
2211 3777 2294 3829 est
2318 3778 2695 3845 perpetretur,
2728 3778 2838 3828 tuae
2867 3773 3257 3828 sollicitudinis
3290 3779 3391 3846 est,
3427 3777 3600 3832 frater

1973 3868 2318 3934 charissime,
2361 3868 2614 3922 debitam
2645 3866 2748 3923 tibi
2779 3867 3171 3921 auctoritatem
3198 3868 3366 3937 tueri,
3409 3876 3463 3923 et
3489 3870 3598 3923 illi-

1974 3963 2096 4017 citis
2122 3980 2239 4017 non
2266 3963 2436 4016 modo
2464 3979 2578 4016 non
2630 3961 2882 4032 praibere
2922 3977 3233 4027 assensum,
3295 3962 3391 4017 sed
3425 3963 3598 4018 etiam

1973 4059 2176 4111 cuncta
2203 4072 2327 4126 quae
2359 4058 2558 4109 contra
2595 4054 2860 4125 regulam
2891 4054 3040 4108 facta
3065 4055 3345 4124 repereris
3376 4073 3596 4112 coerce-

1975 4167 2057 4218 re,
2088 4154 2258 4220 atque
2285 4153 2414 4203 ante
2437 4148 2634 4203 omnia
2667 4164 2795 4218 quae
2824 4148 2938 4202 sola
2962 4147 3177 4202 unitate
3219 4149 3598 4218 decernimus,

1976 4244 2283 4298 llireneum
2327 4242 2397 4296 ad
2440 4241 2746 4298 Ecclesiam
2791 4257 2949 4294 suam
2981 4240 3166 4296 redire
3194 4245 3488 4314 compelle.
3518 4247 3600 4300 ΑΛ

1977 4315 2378 4408 ᾳιιεηθδροῃῂξ
2418 4334 2608 4407 potius
2637 4333 2821 4388 redire
2853 4333 3101 4400 debebit,
3131 4335 3173 4388 si
3204 4353 3234 4388 a
3266 4338 3603 4393 sacerdotali

1975 4431 2254 4485 consortio
2295 4429 2508 4483 meruit
2545 4427 2812 4498 separari,
2858 4443 2960 4481 nec
3004 4443 3152 4481 unus
3195 4429 3450 4483 Ecclesize
3487 4431 3601 4487 duo

235 4524 528 4578 mandari.
582 4527 640 4578 In
684 4526 889 4596 quibus
933 4528 1108 4582 etiam
1151 4531 1606 4601 perspiciendum
1657 4537 1760 4599 est,
1801 4549 1872 4587 ne

1979 4540 2096 4578 esse
2123 4523 2527 4594 permittantur
2564 4520 2862 4585 antistites,
2905 4520 3057 4590 quod
3103 4523 3476 4590 opportunius
3509 4543 3599 4578 su-

233 4619 358 4673 dno
380 4617 551 4672 simul
577 4619 690 4673 sint
719 4620 888 4674 unius
919 4621 1160 4678 Eccesiaa
1189 4625 1532 4695 sacerdotes,
1556 4626 1877 4681 autlittera-

237 4728 376 4766 rum
413 4712 665 4782 ignarus,
696 4716 796 4768 aut
821 4731 1022 4769 carens
1049 4715 1238 4788 aliqua
1264 4722 1425 4788 parte
1456 4719 1874 4788 membrorum,

234 4811 344 4858 aut
372 4806 546 4859 etiam
577 4823 647 4860 ex
675 4807 1086 4876 paenitentibus
1119 4811 1322 4882 aliquis
1353 4811 1424 4865 ad
1462 4828 1686 4867 sacrum
1717 4813 1880 4868 mini-

236 4899 488 4952 sterium
518 4916 750 4970 prorsus
776 4901 997 4956 sinatur
1019 4903 1305 4958 accedere.
1337 4905 1450 4958 Nec
1481 4910 1702 4961 tantum
1725 4911 1880 4978 pute-

236 4993 317 5048 tis
349 4992 648 5061 petitiones
675 4995 865 5048 valere
895 4998 1260 5066 populorum,
1303 5003 1365 5053 ut
1391 5015 1521 5052 cum
1559 4999 1644 5052 his
1682 5017 1879 5071 parere

239 5085 456 5156 cupitis
479 5087 824 5142 voluntatem
855 5090 954 5143 Dei
981 5090 1183 5157 nostri,
1212 5108 1340 5162 qua:
1361 5109 1462 5146 nos
1484 5109 1718 5164 peccare
1747 5111 1876 5165 pro-

239 5178 409 5234 hibet
465 5179 758 5236 deseratis.
816 5184 988 5254 Cujus
1036 5184 1352 5254 indignatio
1395 5203 1461 5240 ex
1506 5186 1609 5240 hoc
1656 5187 1881 5257 gravius

240 5279 657 5340 commovetur,
687 5275 823 5346 quia
842 5276 1164 5348 benignitas
1185 5279 1326 5348 ejus,
1351 5280 1487 5333 dum
1505 5281 1665 5346 fiunt,
1689 5281 1882 5335 illicita

239 5383 356 5438 per
389 5384 482 5420 eos
521 5367 615 5437 qui
647 5373 778 5423 sunt
808 5369 1149 5442 interpretes
1185 5372 1517 5442 placationis
1556 5373 1878 5428 offenditur.

326 5461 388 5514 V.
433 5462 502 5516 Ut
523 5464 712 5516 autem
748 5465 938 5518 omnia
968 5465 1282 5520 secundum
1323 5467 1443 5521 haec
1484 5484 1612 5538 qua?
1659 5468 1878 5538 scripsi-

245 5571 383 5608 mus
410 5555 768 5624 corrigantur
802 5564 1112 5628 prwsentes
1135 5559 1349 5615 litteras
1374 5561 1612 5631 Trajano
1659 5561 1880 5616 subdia-

243 5664 394 5703 cono
423 5652 617 5703 nostro
660 5650 927 5706 veniente
955 5651 1283 5707 direximus.
1327 5654 1486 5718 Quod
1524 5654 1568 5708 si
1616 5656 1886 5710 Hireneus

247 5741 522 5814 episcopo
551 5743 622 5797 ad
653 5744 956 5800 Ecclesiam
998 5763 1160 5801 suam
1189 5747 1466 5818 deposito,
1507 5748 1888 5820 improbitatis

250 5833 472 5889 ambitu
515 5835 702 5891 redire
721 5839 1058 5909 neglexerit,
1088 5841 1241 5911 quod
1283 5841 1334 5894 ei
1366 5858 1479 5896 non
1513 5841 1752 5912 judicio,
1789 5841 1886 5896 sed

255 5929 621 5984 humanitate
653 5931 1015 6002 praestabitur
1044 5935 1450 5990 removendum
1486 5952 1541 5988 se
1581 5935 1648 5989 ab
1677 5937 1886 6006 episco-

1978 4602 2218 4688 pradicti
2247 4615 2580 4670 subdiaconi
2602 4613 2722 4668 ficri
2748 4613 3101 4683 delegamus,
3135 4613 3402 4669 instantia
3431 4634 3603 4688 quam

1978 4711 2151 4765 etiam
2203 4727 2303 4780 pro
2353 4706 2734 4762 conservanda
2794 4705 3054 4760 Ecclesia
3105 4705 3403 4776 disciplina
3442 4728 3601 4766 com-

1979 4820 2169 4859 meare
2195 4803 2267 4857 ad
2289 4801 2588 4873 Hispanias
2616 4798 2998 4870 dispositionis
3024 4801 3232 4854 nostrae
3259 4801 3386 4856 fecit
3409 4810 3604 4859 aucto-

1981 4899 2134 4953 ritas.
2183 4898 2327 4952 Deus
2373 4899 2566 4950 autem
2614 4893 2896 4948 incolume
2925 4895 3041 4946 tem
3089 4895 3391 4962 custodiat,
3438 4899 3608 4954 frater

1979 4991 2326 5047 charissime.

2053 5108 2294 5179 Epistola
2331 5107 2535 5162 Hilarii
2567 5119 2743 5179 papae,
2785 5102 2860 5158 ad
2895 5105 3190 5179 Leontium,
3244 5106 3531 5169 Veronam,

2483 5178 2804 5244 Victurium,
2827 5177 3111 5246 episcopos.

2053 5269 2427 5328 Dilectissimis
2458 5269 2725 5324 fratribus
2761 5270 3000 5336 VERANO,
3033 5270 3282 5338 LEONTIO,
3325 5273 3602 5341 VICTURIO,

1983 5366 2281 5440 episcopis,
2311 5367 2564 5421 HILARIUS
2590 5380 2755 5435 papa.

2053 5463 2338 5516 Movemur
2379 5459 2599 5514 ratione
2650 5457 2906 5528 justitiaa,
2966 5473 3093 5528 quas
3135 5456 3264 5511 licet
3305 5458 3376 5512 ab
3421 5461 3605 5515 omni-

1983 5557 2091 5610 bus
2147 5555 2246 5627 qui
2308 5556 2464 5608 recta
2525 5551 2786 5624 sapiunt,
2855 5550 3054 5604 debeat
3116 5550 3415 5618 custodiri,
3478 5571 3608 5610 cum

1985 5649 2256 5721 precipue
2320 5646 2542 5702 Domini
2615 5643 2996 5699 sacerdotibus
3069 5660 3181 5697 non
3239 5649 3322 5699 est
3392 5651 3608 5703 temere

1989 5742 2373 5815 negligenda,
2423 5755 2666 5811 quorum
2715 5739 2948 5791 caeteros
3001 5735 3301 5792 informari
3348 5744 3613 5798 convenit

1988 5837 2278 5891 institutis.
2332 5835 2524 5890 Frater
2560 5832 2738 5903 igitur
2779 5834 2835 5884 et
2885 5829 3251 5903 coepiscopus
3300 5838 3490 5890 noster
3519 5839 3610 5892 ln-

1991 5946 2211 5992 genuus
2267 5923 2682 5982 Elwedunensis
2734 5923 2958 5991 Alpium
3014 5925 3428 5982 maritimarum
3487 5947 3614 6001 pro-
