4062 6188
544 278 684 343 927'

1431 284 1712 346 APPEND.
1755 283 1842 346 AD
1881 288 2039 346 S/EC.
2083 287 2167 346 IX.
2204 321 2270 331 ——
2310 286 2550 348 lSlDORl
2594 285 3018 349 MERCATORIS
3728 306 3804 360 9‘28

545 397 738 450 vincia
781 394 1205 463 metropolitani
1261 411 1485 466 semper
1532 399 1753 452 honore
1798 400 2074 453 subnixus
2111 400 2168 453 in
2192 414 2249 486 Α
2272 401 2468 455 vincia
2490 418 2664 472 quam
2685 402 2948 473 exemplo
2976 401 3267 456 vetustatis
3287 402 3343 456 in
3360 404 3593 460 notitiam
3610 415 3811 467 nostram

542 488 937 559 prajudicium
958 504 1146 557 suum,
1176 489 1320 542 sicut
1341 506 1411 544 an
1421 506 1559 544 nexa
1580 490 1888 547 declaravit
1908 492 2168 563 quadam

542 597 646 635 nos
699 584 928 651 petente
974 582 1149 636 fratre
1197 585 1252 636 et
1290 582 1624 655 coepiscopo
1669 589 1864 639 nostro
1895 586 2168 640 Auxamio

543 674 800 729 statuisse
820 678 1261 745 commemorat,
1283 693 1413 748 quae
1443 678 1716 733 universis
1741 677 1799 732 in
1830 680 1937 733 hac
1969 680 2169 734 eadem

542 783 712 822 causa
740 767 1162 822 defensionibus
1189 770 1555 825 contrairent.
1593 770 1650 825 Si
1681 771 1912 843 quidem
1940 772 2167 827 relatio—

541 861 708 915 nibus
734 860 791 914 in
824 867 1014 916 nostro
1035 862 1250 932 judicio
1279 863 1594 934 recensitis,
1619 881 1759 936 quas
1783 865 1964 920 frater
1990 869 2048 920 et
2073 882 2166 920 co-

542 955 835 1025 episcopus
876 960 1067 1011 noster
1106 958 1360 1012 Veranus
1404 957 1477 1011 ad
1507 963 1717 1012 sancta
1746 959 2037 1014 memoriae
2068 959 2167 1014 de-

540 1064 821 1104 cessorem
840 1065 1036 1103 meum
1059 1066 1190 1104 cum
1212 1050 1430 1105 caeteris
1451 1051 1756 1122 provincia
1782 1052 2170 1108 sacerdotibus

541 1142 714 1209 misit,
748 1146 805 1197 et
833 1142 1159 1212 apostolica
1187 1143 1355 1211 sedis,
1383 1160 1512 1215 qua
1548 1148 1683 1200 tunc
1727 1145 1945 1200 directa
1982 1146 2171 1201 fuerat

540 1236 841 1307 patefacta,
862 1236 1235 1307 responsione
1246 1236 1675 1293 manifestatum
1688 1241 1791 1307 est,
1811 1239 1955 1293 nihil
1974 1245 2168 1310 postea

542 1328 803 1383 debuisse
831 1329 1057 1396 tentari,
1090 1346 1198 1385 nec
1218 1330 1291 1385 ad
1316 1329 1592 1401 injuriam
1617 1332 1979 1403 synodalium
2007 1340 2193 1404 regu-'

536 1422 723 1476 larum
743 1422 1050 1493 quidquam
1062 1439 1165 1493 per
1175 1423 1588 1496 obreptionem,
1606 1441 1734 1496 qua
1747 1424 2010 1496 proxime
2020 1426 2165 1481 facta

538 1522 640 1582 est,
668 1520 927 1586 oportere
959 1515 1245 1571 constitui.
1277 1518 1418 1571 Nam
1444 1517 1575 1573 licet
1594 1534 1661 1572 ex
1681 1519 1787 1572 hoc
1816 1518 1988 1573 etiam
2015 1520 2167 1591 quod

541 1627 573 1664 a
604 1608 768 1663 nobis
809 1612 894 1664 est
931 1608 1202 1679 elicitum,
1249 1613 1552 1666 censeatur
1588 1610 1903 1679 infirmum,
1940 1612 2075 1683 quia
2102 1629 2167 1665 ex

539 1703 659 1773 ipso
690 1702 1043 1757 insinuatum
1081 1709 1184 1769 est,
1234 1704 1464 1776 exsequi
1512 1704 1750 1760 voluisse
1799 1704 1893 1776 qui
1937 1707 2164 1775 meruit,

2269 494 2528 549 defertur
2552 495 2849 566 propensis
2873 494 3283 551 assertionibus
3303 498 3494 551 nostris
3509 498 3735 557 roborare
3751 505 3811 559 di-

2272 588 2549 657 gnemini.
2578 590 2645 643 Et
2671 605 2803 643 cum
2832 585 3095 660 legerent
3131 589 3201 643 ab
3236 589 3500 645 universis
3523 594 3752 665 episcopis
3772 604 3813 651 et

2272 680 2616 752 presbyteris
2643 682 3025 737 exclamatum
3053 681 3246 755 230
3268 686 3367 738 est.
3388 684 3600 753 Exaudi,
3624 687 3810 757 Christe,

2272 762 2479 828 Hilario
2500 774 2636 844 vita,
2655 774 2868 829 dictum
2890 778 2976 830 est
2994 774 3201 831 decies.
3221 776 3345 830 Haec
3365 779 3693 849 prasumptio
3710 797 3813 837 nun-

2270 883 2445 938 quam
2460 867 2577 933 ﬁat,
2600 867 2817 921 dictum
2831 870 2915 922 est
2932 867 3136 923 sexies.
3158 869 3293 932 Qua
3309 869 3406 923 Dei
3422 870 3615 925 suntab
3632 872 3813 929 homine

2271 958 2396 1013 dari
2428 976 2545 1014 non
2573 963 2831 1031 possunt,
2866 960 3084 1016 dictum
3114 966 3199 1015 est
3228 962 3426 1017 sexies.
3461 963 3559 1018 Per
3583 963 3812 1020 dominum

2268 1054 2499 1108 Petrum
2530 1069 2797 1125 rogamus
2816 1058 2878 1109 ut
2896 1054 2955 1108 in
2976 1057 3322 1125 perpetuum
3341 1060 3631 1125 serventur,
3651 1059 3812 1113 dictum

2271 1149 2357 1200 est
2386 1147 2584 1201 sexies.
2615 1148 2742 1201 Hac
2769 1152 2834 1201 ut
2859 1153 3224 1203 reserventur
3251 1164 3531 1219 rogamus.

2340 1239 2581 1294 Hilarius
2612 1240 2911 1311 episcopus
2935 1240 3078 1295 dixit
3117 1258 3129 1295 :
3176 1242 3345 1312 Lege.
3390 1243 3582 1296 Paulus
3623 1245 3814 1298 notarius

2270 1331 2541 1387 recitavit.
2575 1333 2881 1405 Episcopus
2910 1334 3343 1389 Varohiensium
3377 1334 3617 1404 civitatis,
3649 1343 3817 1390 sanctus

2270 1425 2649 1481 Nundinarius
2681 1433 2894 1482 sortem
2934 1427 3178 1500 explevit
3212 1428 3545 1483 conditionis
3585 1429 3814 1484 humana.

2268 1519 2365 1573 Hic
2390 1520 2655 1591 episcopo
2684 1520 2996 1575 venerabili
3023 1520 3186 1576 fratri
3216 1525 3407 1575 nostro
3437 1522 3657 1577 Hireneo
3692 1539 3817 1592 quem

2268 1612 2388 1683 ipse
2404 1618 2571 1668 antea
2600 1613 2657 1667 in
2687 1613 2914 1668 dioecesi
2935 1631 3034 1669 sua
3053 1614 3221 1669 nobis
3248 1615 3559 1669 volentibus
3577 1614 3815 1669 constitue-

2269 1710 2374 1775 rat,
2423 1706 2749 1777 relinquens
2798 1708 2851 1761 ei
2902 1708 3058 1779 quod
3105 1708 3289 1778 potuit
3337 1708 3539 1763 habere
3584 1712 3820 1779 paupertas

538 1802 729 1850 tamen
754 1812 827 1849 ne
859 1794 990 1850 odio
1017 1796 1106 1850 vel
1136 1795 1324 1867 gratia
1349 1813 1700 1867 moveamur,
1722 1814 1851 1870 qua
1882 1799 1940 1852 in
1969 1815 2164 1854 causa-
2187 1780 2245 1854 B
2268 1815 2550 1870 suprema
2602 1800 2906 1855 voluntatis
2946 1801 3180 1856 arbitrio
3230 1802 3288 1855 in
3341 1803 3523 1856 locum
3573 1817 3740 1866 suum,
3779 1805 3819 1853 ut

538 1905 666 1944 rum
687 1888 1192 1961 disceptationibus
1215 1905 1336 1944 esse
1361 1907 1480 1945 non
1509 1890 1695 1960 debet,
1718 1891 1795 1946 ita
1820 1895 2022 1946 vestra
2041 1893 2166 1947 cha-

536 1982 687 2037 ritati
722 1982 1108 2053 cognitionem
1146 1999 1385 2038 annexa
1412 1983 1789 2055 querimonia
1813 1985 2162 2056 delegamus,

535 2079 601 2131 ut
627 2076 767 2130 nihil
796 2076 1095 2131 adversum
1126 2077 1481 2132 venerandos
1507 2093 1770 2144 canones,
1801 2078 1943 2133 nihil
1970 2084 2168 2134 contra

538 2173 745 2224 sancta
804 2170 1095 2224 memoria
1153 2170 1460 2225 decessoris
1497 2171 1612 2225 mei
1655 2171 1936 2243 judicium
1984 2173 2168 2227 valeat

540 2263 815 2334 quidquid
839 2262 1139 2333 obreptum
1167 2262 1328 2318 nobis
1357 2279 1477 2318 esse
1502 2263 1835 2319 constiterit.
1892 2265 2168 2320 Nolumus

541 2371 812 2427 namque,
852 2355 1056 2410 fratres
1101 2356 1440 2426 charissimi,
1470 2356 1847 2412 Ecclesiarum
1872 2358 2167 2429 privilegia

538 2465 665 2520 qua
690 2464 921 2521 semper
948 2453 1081 2503 sunt
1101 2450 1383 2504 servanda
1399 2449 1689 2518 confundi,
1717 2467 1823 2505 nec
1852 2450 1910 2506 in
1937 2451 2167 2506 alterius

538 2542 828 2615 provincia
865 2543 1166 2599 sacerdotis
1206 2544 1448 2598 alterum
1484 2544 1581 2615 jus
1629 2543 1841 2599 habere
1882 2544 2163 2616 permitti-

483 2651 489 2657 '
539 2654 685 2707 mus,
715 2637 851 2708 quia
903 2652 1006 2709 per
1050 2637 1157 2691 hoc
1200 2654 1317 2692 non
1342 2638 1531 2692 minus
1556 2638 1615 2692 in
1642 2642 1969 2692 sanctarum
1995 2638 2168 2693 tradi-

538 2731 758 2785 tionum
787 2730 1140 2802 delinquitur
1190 2731 1527 2799 sanctiones,
1568 2747 1742 2802 quam
1778 2731 1848 2785 .in
1900 2731 2164 2802 injuriam

536 2823 709 2894 ipsius
747 2822 972 2877 Domini
1006 2822 1320 2893 prosilitur,
1369 2823 1529 2893 cujus
1572 2824 1909 2895 exspectatio
1951 2824 2167 2879 fructus

2264 1892 2705 1948 substitueretur
2779 1894 3012 1965 optavit.
3099 1895 3202 1950 Sed
3294 1894 3543 1950 defuncti
3601 1893 3820 1965 judicium

2266 1985 2323 2039 in
2367 1985 2487 2056 ejus
2538 1986 2812 2042 meritum
2854 2003 2968 2042 non
2998 1987 3239 2043 vacillat.
3273 1989 3343 2042 Et
3367 2005 3495 2042 cum
3519 1988 3706 2058 legeret
3725 1988 3820 2040 Pro-

2266 2078 2372 2132 bus
2400 2078 2719 2150 'episcopus
2758 2097 2788 2134 e
2837 2081 3097 2136 confessa
3144 2098 3384 2153 surgens
3428 2080 3598 2136 dixit:
3627 2079 3743 2135 Illud
3775 2079 3822 2133 li-

2268 2171 2401 2227 cuit.
2433 2173 2543 2227 Hoc
2572 2189 2684 2228 non
2712 2173 2870 2229 licuit
2901 2192 2914 2228 :
2947 2174 3309 2230 Successores
3353 2176 3497 2229 Deus
3527 2173 3631 2228 dat.
3672 2175 3821 2228 Aucto-

2267 2265 2435 2320 ritate
2490 2271 2673 2321 vestra
2726 2267 2971 2322 resistite
3033 2268 3163 2323 huic
3216 2269 3297 2324 rei
3366 2284 3468 2338 per
3515 2267 3823 2338 apostolatum

2266 2361 2540 2414 vestrum.

2338 2450 2574 2507 Hilarius
2592 2452 2893 2525 episcopus
2913 2454 3053 2509 dixit
3089 2471 3101 2509 :
3138 2456 3414 2510 Percurre
3440 2453 3589 2527 quod
3612 2468 3824 2524 caperes.

2268 2546 2471 2600 Paulus
2512 2546 2768 2601 notarius
2812 2547 3082 2602 recitavit.
3129 2548 3183 2604 Si
3228 2548 3463 2620 quidem
3492 2548 3664 2602 omnis
3694 2546 3827 2600 clerus

2270 2642 2327 2692 et
2350 2638 2509 2709 plebs
2535 2640 2792 2710 ejusdem
2821 2640 3062 2695 civitatis
3091 2644 3148 2696 et
3175 2642 3382 2713 optimi
3392 2654 3399 2703 ξ
3422 2646 3479 2698 et
3502 2640 3709 2713 plurimi
3733 2655 3827 2709 pro-

2268 2732 2551 2802 vinciales,
2601 2737 2668 2786 ut
2704 2732 2855 2788 idem
2905 2734 3027 2805 ejus
3069 2735 3258 2789 locum
3302 2735 3622 2790 observaret
3656 2750 3684 2787 a
3709 2730 3829 2785 nobis

2268 2831 2641 2896 speraverunt
2665 2827 2796 2882 dato
2821 2844 3121 2884 consensu.
3153 2830 3263 2884 Nos
3289 2829 3599 2901 cogitantes
3638 2824 3831 2881 defuncti

536 2915 710 2970 nostri
738 2915 1035 2970 ministerii
1083 2932 1201 2969 non
1245 2916 1304 2969 in
1335 2916 1631 2971 latitudine
1680 2917 2042 2987 regionuum,
2071 2918 2167 2971 sed
2261 2918 2541 2988 judicium
2561 2924 2618 2975 et
2635 2920 2945 2991 probantes
2968 2921 3090 2992 ejus
3111 2921 3304 2991 vitam,
3330 2926 3389 2976 et
3407 2937 3597 2977 eorum
3616 2918 3828 2975 nobilita-

533 3009 592 3063 in
641 3007 1011 3078 acquisitione
1055 3008 1286 3078 ponitur
1328 3009 1676 3063 animarum.
1721 3009 1931 3065 Habeat
1968 3010 2161 3081 itaque

2268 3015 2385 3065 tem
2414 3017 2584 3084 atque
2604 3014 3037 3069 multitudinem
3056 3014 3153 3087 qui
3173 3016 3451 3086 petebant
3474 3014 3633 3070 simul
3651 3016 3699 3067 et
3716 3011 3829 3065 utili.

538 3101 890 3173 pontificium
936 3101 1109 3157 frater
1154 3105 1211 3156 et
1249 3101 1615 3173 coepiscopns
1652 3106 1842 3158 noster
1882 3104 2167 3174 Ingenuus
2187 3147 2238 3181 η
2268 3108 2443 3160 tatem
2484 3106 2741 3162 Ecclesia
2798 3112 3128 3163 memorata
3170 3108 3459 3181 optimum
3496 3108 3756 3173 duximus,
3786 3107 3829 3156 ut

540 3147 890 3173 ramum..-
937 3147 1100 3157 --υ-ν-
1156 3147 1210 3156 ν-
1252 3147 1614 3173 “mmor..-
1652 3147 1833 3158 ..νυν
1882 3147 2166 3174 ...σω-...ν
2272 3147 2443 3160 ..μ-ν...
2484 3147 2741 3162 nemo...»
2798 3147 3128 3163 memmmm
3171 3147 3459 3181 eruum...
3496 3147 3756 3173 mmmam,
3789 3147 3829 3156 --

536 3194 842 3267 provinciae
871 3211 1005 3264 sua,
1045 3195 1115 3249 de
1152 3196 1313 3265 cujus
1351 3195 1571 3250 dudum
1603 3197 1673 3251 ab
1702 3196 2013 3267 apostolica
2033 3197 2165 3252 sede
2186 3147 2240 3221 Ο
2266 3203 2424 3252 tanto
2451 3199 2725 3255 sacerdoti
2745 3199 2843 3271 qui
2864 3200 2937 3255 ad
2959 3200 3149 3255 divina
3167 3201 3538 3272 migraverat,
3566 3216 3673 3256 non
3695 3198 3831 3253 mino-

536 3294 620 3344 est
649 3288 842 3343 illicita
874 3288 1124 3343 cessione
1150 3289 1427 3360 culpatus,
1471 3292 1529 3344 et
1556 3289 1851 3345 custoditis
1876 3290 2162 3359 omnibus,

535 3399 665 3455 quae
692 3398 864 3453 super
899 3381 1155 3436 Ecclesiis
1181 3382 1608 3439 Ceruelenensis
1646 3384 1904 3454 civitatis,
1943 3385 2029 3438 vel
2073 3401 2162 3438 ca-

534 3476 681 3531 stelli
712 3476 982 3545 Nicensis,
998 3475 1144 3530 sicut
1162 3475 1411 3530 diximus
1432 3481 1638 3531 sancta
1658 3478 1957 3532 memoriae
1973 3478 2160 3533 deces-

534 3571 674 3624 soris
702 3569 817 3624 mei
848 3568 1103 3624 deﬁnivit
1125 3569 1446 3640 auctoritas,
1474 3570 1616 3624 nihil
1644 3571 2021 3625 Ecclesiarum
2046 3571 2165 3641 juri

534 3668 751 3732 noceat,
784 3662 937 3735 quod
964 3662 1022 3716 in
1058 3663 1301 3717 alterum
1337 3666 1784 3718 memoratorum
1833 3680 1867 3718 a
1894 3663 2165 3735 pradicto

533 3758 707 3812 fratre
730 3756 800 3811 ad
821 3756 1236 3811 excludendam
1260 3756 1648 3827 cupiditatem,
1681 3757 2165 3829 quemadmodum

535 3850 825 3922 prohibuit
854 3849 1182 3904 ambitionis
1209 3849 1409 3905 aliena
1436 3850 1695 3922 proxime
1744 3855 1829 3905 est
1870 3851 2165 3922 episcopus

532 3948 914 4015 consecratus,
942 3943 1039 3999 sed
1065 3948 1292 3999 statuta
1324 3943 1686 3999 correctionis
1710 3945 1888 3998 forma
1934 3960 2160 4015 perma-

533 4042 689 4107 neat,
728 4042 795 4093 ut
837 4036 909 4092 ad
946 4036 1116 4092 unius
1148 4036 1414 4092 antistitis
1445 4037 1719 4108 pradicta
1754 4037 1877 4091 loca
1900 4038 2163 4108 regimen

528 4136 903 4201 revertantur,
934 4147 1063 4202 qua
1089 4130 1148 4185 in
1175 4129 1316 4185 duos
1342 4130 1513 4185 dividi
1538 4146 1654 4184 non
1679 4130 1871 4185 decuit
1898 4130 2160 4185 sacerdo-

530 4232 638 4282 tes.
669 4224 947 4280 Dominus
999 4240 1096 4278 vos
1136 4223 1454 4280 incolumes
1484 4224 1782 4294 custodiat,
1814 4223 2165 4329 dilec.tissimi

532 4319 760 4377 fratres.

533 4417 789 4508 Epistold
826 4434 1314 4490 Tarraconensium
1355 4434 1717 4505 episcoporum
1767 4434 1843 4486 ad
1893 4434 2164 4489 Hilarium

1358 4522 1467 4561 am.

1358 4522 1467 4561 am.

602 4602 932 4661 Beatissimo
965 4604 1022 4656 et
1066 4603 1123 4655 et
1158 4521 1463 4672 apcfszpolica
1508 4599 1822 4655 reverentia
1856 4616 1888 4653 a
1913 4598 2080 4654 nobis
2104 4599 2164 4653 in

532 4699 756 4756 Christo
786 4695 1023 4754 colendo
1054 4712 1219 4768 papa
1249 4696 1499 4762 HILARIO,
1533 4698 1800 4749 ASCANIUS
1832 4698 1890 4748 et
1920 4692 2163 4748 universi

534 4793 785 4865 episcOpi
812 4789 1254 4846 Tarraconensis
1278 4788 1604 4860 provinciae.
1646 4786 1927 4852 Quoniam
1965 4802 2165 4840 curam

533 4886 879 4959 apostolatus
917 4887 1102 4938 vester
1136 4882 1561 4954 provinciarum
1589 4897 1821 4935 suarum
1850 4880 2162 4934 sacerdoti-

534 4978 641 5036 bus
668 4982 830 5052 gerat
854 4978 971 5032 filio
1003 4980 1191 5031 nostro
1215 4975 1417 5030 illustri
1446 4974 1739 5030 Vincentio
1768 4975 1910 5029 duce
1937 4973 2167 5045 provin-

534 5075 635 5130 cia
655 5075 866 5128 nostra
887 5071 1166 5126 referente
1191 5068 1575 5141 cognovimus.
1608 5069 1779 5139 Cujus
1794 5067 2048 5139 impulsu
2067 5085 2162 5122 vo-

534 5173 657 5223 tum
687 5170 949 5222 nostrum
975 5164 1033 5218 in
1056 5180 1195 5217 ausu
1221 5162 1503 5217 scribendi
1524 5178 1705 5233 prona
1724 5161 2020 5217 devotione
2039 5178 2160 5216 sur-

534 5262 692 5318 rexit.
743 5261 890 5332 Ergo
939 5256 1313 5329 provinciales
1351 5256 1624 5312 litterario
1662 5272 1929 5311 sermone
1975 5254 2164 5310 debita

532 5371 754 5412 corona
808 5357 1009 5408 vestra
1052 5350 1319 5423 obsequia
1349 5349 1691 5419 deferentes,
1724 5349 1813 5404 his
1839 5364 2165 5421 quasumus

534 5455 596 5507 ut
615 5448 944 5521 dignatione
963 5462 1073 5518 qua
1084 5448 1323 5500 cateros
1339 5443 1510 5498 etiam
1523 5442 1902 5497 humilitatem
1916 5446 2163 5497 vestram

532 5544 593 5599 in
623 5541 973 5598 orationibus
998 5539 1214 5606 vestris,
1244 5538 1302 5593 in
1345 5538 1538 5591 mente
1573 5535 1782 5591 habere
1821 5534 2160 5607 dignemini,

534 5636 877 5705 beatissime,
901 5638 958 5690 et
985 5631 1293 5704 apostolica
1317 5629 1634 5686 reverentia
1658 5630 1719 5684 in
1743 5629 1966 5685 Christo
1992 5646 2027 5685 a
2057 5647 2160 5685 no-

532 5728 640 5795 bis,
668 5728 901 5783 colende
927 5729 1113 5782 Pater.
1142 5724 1287 5780 Illud
1324 5722 1621 5794 specialius
1663 5723 2057 5795 deprecantes,
2102 5727 2165 5779 ut

535 5822 748 5878 factum
778 5826 1032 5876 nostrum
1064 5819 1212 5894 quod
1240 5822 1430 5873 tamen
1460 5822 1584 5872 voto
1615 5834 1761 5891 pene
1790 5835 1990 5874 omnes
2028 5835 2159 5892 pro-

2265 3292 2341 3346 ris
2388 3292 2580 3348 meriti
2632 3293 3075 3349 substitueretur
3112 3294 3370 3364 antistes,
3413 3293 3709 3367 prasertim
3734 3304 3830 3345 cum

2267 3385 2503 3440 ecclesia
2527 3385 2676 3440 illius
2701 3386 3000 3458 municipii
3018 3388 3078 3443 in
3104 3404 3219 3459 qua
3235 3394 3373 3444 ante
3392 3389 3581 3444 fuerat
3600 3386 3832 3442 ordinatus

2265 3496 2494 3551 semper
2518 3480 2687 3550 hujus
2718 3480 2959 3535 civitatis
2984 3482 3246 3537 Ecclesia
3273 3483 3450 3538 fuisse
3477 3480 3709 3537 diacesis
3728 3494 3830 3532 con-

2264 3576 2392 3628 stet.
2450 3574 2596 3644 Ergo
2645 3574 2976 3645 suppliciter
3023 3592 3330 3647 precamur
3374 3578 3729 3649 apostolatum
3762 3586 3830 3625 ve.

2265 3669 2468 3736 strum,
2509 3671 2573 3720 ut
2611 3666 2948 3723 humilitatis
2971 3674 3180 3725 nostra
3205 3672 3360 3742 quod
3393 3672 3547 3742 juste
3571 3686 3602 3725 a
3628 3666 3762 3722 nobis
3778 3663 3832 3715 vi-

2266 3758 2435 3814 detur
2457 3759 2668 3816 factum
2688 3765 2876 3816 vestra
2901 3764 3233 3820 auctoritate
3263 3763 3523 3820 ﬁrmatis.
3550 3758 3833 3819 Iamdudum

2264 3868 2398 3907 sane
2449 3854 2635 3924 questi
2689 3854 2977 3911 fueramus
3029 3856 3233 3912 litteris
3273 3858 3477 3913 vestris
3519 3857 3586 3912 de
3613 3866 3829 3927 praesum-

2264 3946 2463 4016 ptione
2483 3947 2692 4002 Salvini
2726 3948 2998 4020 episcopi,
3027 3953 3085 4003 et
3108 3950 3389 4006 miramur
3407 3951 3555 4023 quod
3584 3948 3719 4004 nulla
3742 3943 3831 4015 epi-

2264 4040 2499 4095 stolatus
2554 4041 2723 4096 vestri
2779 4058 3054 4113 responsa
3108 4045 3478 4116 suscepimus.
3549 4044 3688 4097 Nunc
3744 4039 3831 4092 haec

2265 4134 2463 4188 eadem
2490 4136 2860 4206 suggerentes
2884 4136 3147 4207 petimus,
3178 4141 3241 4192 ut
3265 4135 3409 4210 quid
3428 4154 3599 4210 super
3616 4136 3692 4191 his
3708 4132 3833 4187 rebus

2263 4227 2678 4284 observandum
2707 4228 2781 4283 sit
2800 4231 3120 4300 apostolicis
3147 4232 3525 4301 sermonibus,
3556 4246 3651 4284 nos
3676 4227 3830 4296 digne-

2264 4321 2411 4375 mini
2462 4321 2790 4378 informare.
2832 4324 2898 4378 Et
2944 4340 3017 4379 ne
3059 4324 3294 4380 forsitan
3337 4341 3443 4396 per
3482 4318 3832 4395 negligentiam

2264 4414 2553 4485 portitoris
2583 4457 2597 4483 ,
2676 4421 2775 4471 aut
2850 4416 3146 4489 longinqui
3214 4417 3441 4472 itineris
3504 4413 3832 4472 difﬁcultatem

2181 4518 2241 4591 D
2262 4507 2600 4563 humilitatis
2648 4512 2856 4565 nostra
2894 4510 2965 4565 ad
3006 4528 3102 4565 vos
3148 4511 3358 4583 scripta
3398 4529 3517 4567 non
3541 4506 3763 4583 potuerit
3785 4517 3833 4557 ex

2264 4602 2374 4657 hoc
2421 4602 2649 4674 negotio
2698 4604 3014 4675 pervenire,
3073 4604 3249 4660 etiam
3307 4604 3715 4678 suggestionem
3756 4611 3831 4650 n0-

2263 4699 2436 4752 stram
2502 4696 2810 4751 maluimus
2872 4698 3097 4754 iterare.
3177 4700 3245 4755 Et
3300 4699 3634 4771 subscriptio
3691 4713 3701 4750 :
3754 4692 3835 4746 Ora

2263 4806 2365 4861 pro
2426 4790 2608 4846 nobis.
2674 4791 2940 4847 Sanctum
3004 4794 3381 4864 apostolatum
3458 4797 3692 4848 vestrum
3738 4780 3833 4856 ,Ῑῑιεί

2264 4900 2383 4940 avo
2428 4884 2619 4939 divina
2667 4890 2965 4941 conservet
3004 4887 3289 4943 aeternitas
3329 4887 3496 4943 nobis
3526 4884 3759 4942 omnibus
3793 4881 3833 4929 et

2264 4977 2519 5035 Ecclesia
2588 4995 2701 5033 sua
2725 5021 2738 5045 ,
2808 4980 3035 5035 domine
3113 4997 3241 5036 vere
3309 4987 3507 5036 noster
3578 4970 3830 5050 apostolico

2264 5088 2429 5143 papa.

2263 5189 2508 5259 Epistola
2565 5191 2927 5261 episcoporum
2978 5194 3455 5248 Tanaconensium
3502 5190 3577 5246 ad
3613 5184 3830 5245 Hilarum

3001 5280 3181 5319 anum.

3001 5280 3036 5318 α
3110 5280 3181 5319 m.

2335 5352 2572 5408 Domino
2592 5353 2917 5411 beatissimo
2940 5279 3000 5412 ἐξ
3015 5280 3323 5429 aiistolica
3342 5355 3654 5412 reverentia
3666 5367 3696 5406 ι
3710 5346 3830 5404 nobis

2264 5445 2322 5500 in
2338 5446 2559 5502 Christo
2576 5450 2809 5505 colendo
2825 5466 2988 5522 papa
3008 5452 3253 5522 HILARIO,
3276 5456 3548 5508 Ascsmos
3567 5455 3617 5504 et
3632 5438 3828 5501 universi

2263 5539 2509 5611 episcopi
2534 5542 2962 5599 Tarraconensis
2996 5546 3322 5617 provincia.

2334 5634 2563 5689 Etiamsi
2596 5636 2750 5691 nulla
2783 5636 3025 5694 dictaret
3055 5640 3353 5695 necessitas
3386 5634 3749 5695 ecclesiastica
3769 5625 3828 5680 di-

2264 5728 2336 5782 sci
2342 5727 2918 5801 plina,expetendum
2931 5747 3129 5788 revera
3140 5733 3301 5788 nobis
3315 5734 3499 5788 fuerat
3514 5728 3641 5787 illud
3655 5719 3827 5800 privile-

2267 5820 2421 5892 gium
2453 5822 2599 5877 sedis
2620 5828 2834 5894 vestra,
2862 5842 2974 5898 quo
3001 5826 3269 5897 susceptis
3300 5827 3459 5897 regni
3488 5823 3715 5881 clavibus
3733 5815 3828 5889 ρωί
