4062 6188
174 325 258 385 929
1399 306 1868 378 DECRETALIUM
1907 310 2296 377 COLLECTIO.
3424 329 3527 381 930

170 430 945 492 resurrectionemSalvatoris
958 436 1253 502 pertotum
1270 432 1466 485 orbem
1479 431 1789 486 beatissimi
1811 428 2304 515 Acustodiantur,
2337 445 2628 500 rogamus,
2661 429 2875 485 dictum
2904 432 3132 503 septies.
3184 434 3252 486 Ut
3286 433 3347 487 in
3376 450 3520 504 pra-

174 530 304 586 Petri
345 527 648 599 singularis
690 525 1013 597 praedicatio
1059 525 1454 579 universorum
1499 525 1787 579 illumina-
1891 522 2310 593 sumptionibus
2345 523 2680 592 vindicetur,
2714 540 3005 595 rogamus,
3032 526 3245 580 dictum
3292 526 3523 597 septies.

172 625 310 679 tione
338 620 649 693 prospexit.
682 620 853 690 Cujus
882 618 1073 673 vicarii
1103 618 1452 689 principatus
1482 618 1627 673 sicut
1656 617 1794 672 emi—
1892 615 2183 671 Ordinatio
2255 615 2563 686 apostolica
2644 616 2856 673 illibata
2944 622 3230 687 servetur,
3308 619 3523 675 dictum

171 721 272 781 net,
320 716 403 769 ita
447 714 792 768 metuendus
839 716 923 767 est
960 712 1031 766 ab
1078 711 1341 766 omnibus
1387 714 1444 766 et
1490 711 1786 766 amandus.
1891 710 2118 777 septies.
2153 710 2382 777 Exaudi,
2412 709 2649 780 Christe,
2681 710 2886 766 Hilario
2922 712 3056 781 vita,
3095 712 3309 768 dictum
3353 713 3524 786 quin-

172 808 396 865 Proinde
422 825 526 862 nos
554 809 732 862 Deum
772 807 831 860 in
862 806 1025 860 nobis
1051 805 1320 876 primitus
1347 805 1669 871 adorantes,
1702 804 1793 858 cui
1891 803 2070 875 quies.
2103 802 2313 874 Dignus
2344 819 2510 874 papa,
2544 803 2751 874 dignus
2778 804 2994 875 doctor,
3025 806 3241 861 dictum
3270 812 3353 861 est
3378 810 3528 862 octa-

172 905 276 958 siue
305 902 541 973 querela
566 900 806 967 servitis,
826 899 895 954 ad
918 898 1094 953 ﬁdem
1118 898 1466 953 recurrimus
1486 898 1793 969 apostolico
1893 897 2029 952 vies.
2098 898 2166 951 Ut
2223 896 2535 967 antiquitas
2614 901 2890 967 servetur,
2954 915 3241 971 rogamus,
3311 900 3529 956 dictum

171 1013 255 1053 ore
293 996 601 1062 laudatam,
632 993 769 1047 inde
808 1009 1080 1064 responsa
1113 997 1436 1063 quarentes
1469 991 1619 1047 unde
1646 991 1792 1046 nihil
1893 989 2117 1061 septies.
2168 991 2237 1045 Ut
2296 989 2593 1060 disciplina
2651 995 2904 1045 servetur
2953 1009 3235 1065 rogamus.
3284 993 3527 1049 Hilarius

174 1106 372 1156 errore,
400 1087 545 1142 nihil
589 1086 1057 1158 prasumptione,
1103 1086 1198 1140 sed
1242 1085 1559 1157 pontificali
1606 1088 1793 1140 totum
1895 1084 2195 1155 episcOpus
2242 1083 2388 1138 dixit
2431 1102 2445 1139 :
2492 1084 2749 1155 Acceptis
2805 1101 2932 1156 qua
2990 1087 3227 1142 recitata
3281 1092 3412 1142 sunt
3457 1089 3526 1143 de

172 1182 568 1239 deliberatione
614 1180 963 1251 praecipitur.
991 1180 1134 1234 Cum
1162 1180 1285 1233 hac
1314 1178 1390 1233 ita
1429 1194 1487 1234 se
1516 1178 1791 1248 habeant,
1895 1177 2176 1244 omnibus,
2226 1194 2399 1246 nunc,
2448 1177 2673 1247 fratres,
2721 1179 2997 1250 speciales
3041 1180 3368 1250 sententias,
3414 1182 3528 1237 Deo

174 1281 456 1331 esttamen
480 1275 631 1329 inter
658 1289 765 1328 nos
789 1272 967 1327 falsus
991 1273 1184 1340 frater,
1214 1272 1375 1344 cujus
1398 1271 1793 1344 prasumptio—
1896 1270 2050 1324 vobis
2103 1269 2437 1341 inspirante,
2496 1269 2834 1342 depromite.
2889 1272 3182 1327 Maximius
3229 1275 3531 1345 episcopus

172 1385 291 1424 nem
325 1369 471 1423 sicut
506 1366 716 1422 diutius
746 1369 931 1421 tacere
968 1381 1079 1420 non
1122 1364 1299 1434 licuit,
1328 1365 1407 1419 ita
1436 1369 1493 1420 et
1518 1364 1673 1436 loqui
1701 1364 1792 1420 fu-
1896 1363 2154 1419 Ecclesia
2180 1364 2495 1419 Tauritanis
2521 1363 2666 1419 dixit
2696 1382 2710 1419 :
2742 1366 2803 1419 In
2842 1366 3228 1422 custodiendis
3264 1367 3531 1423 omnibus

173 1463 274 1517 turi
311 1460 515 1533 judicii
555 1459 857 1515 necessitas
904 1458 1224 1529 imperavit.
1258 1458 1521 1513 Silvanus
1559 1456 1795 1529 quidam
1895 1473 2022 1529 qua
2069 1456 2143 1511 ad
2187 1473 2372 1512 sacras
2413 1457 2799 1513 ordinationes
2850 1459 3142 1531 pertinent
3198 1460 3529 1533 disciplinis,

172 1556 454 1628 episcopus
482 1555 809 1623 Calagurre,
828 1551 887 1606 in
920 1551 1123 1606 ultima
1156 1556 1314 1623 parte
1333 1554 1535 1606 vestra
1565 1551 1793 1622 provin-
1896 1551 2099 1605 melius
2138 1550 2435 1606 sententia
2468 1568 2636 1620 mea,
2663 1552 3018 1623 professione
3057 1553 3358 1623 denuntio,
3386 1555 3529 1610 nihil

175 1649 264 1702 cia
317 1648 679 1714 constitutus,
725 1645 1099 1700 divinationes
1142 1644 1247 1699 sibi
1292 1644 1575 1699 indebitas
1628 1661 1793 1699 usur-
1898 1660 1932 1698 a
1959 1660 2054 1699 me
2081 1660 2335 1716 unquam
2373 1661 2573 1700 eorum
2611 1661 2738 1716 qua
2779 1646 3068 1717 prohibita
3111 1654 3243 1703 sunt
3286 1666 3409 1703 esse
3444 1649 3527 1704 fa-

174 1741 380 1813 pando,
403 1740 785 1795 humilitatem
806 1741 1062 1793 nostram
1090 1738 1163 1793 ad
1183 1739 1292 1793 hoc
1313 1755 1489 1810 usque
1510 1738 1792 1810 perduxit,
1814 1810 1853 1813 _
1899 1736 2119 1792 cienda.
2148 1739 2224 1793 De
2250 1738 2482 1810 reliquis
2509 1755 2735 1808 censeo,
2762 1742 2823 1793 ut
2855 1740 3114 1811 quisquis
3144 1742 3278 1796 talia
3308 1742 3527 1811 fecerit,

174 1841 230 1890 ut
273 1839 473 1890 contra
528 1834 649 1905 ejus
701 1832 1068 1887 vanissimam
1129 1832 1598 1903 superstitionem
1646 1810 1873 1886 sedisB
1898 1836 1996 1886 aut
2024 1831 2241 1887 detecta
2268 1831 2329 1886 in
2357 1831 2605 1887 ecclesiis
2636 1849 2890 1889 resecare
2932 1834 3197 1904 noluerit,
3225 1836 3445 1890 noverit
3471 1853 3529 1889 se

171 1933 369 1983 vestra
394 1927 631 1982 unicum
668 1926 991 1981 remedium
1036 1925 1386 1997 ﬂagitemus.
1421 1925 1517 1979 Hic
1545 1941 1795 1997 namque
1900 1941 2098 1995 graves
2140 1941 2340 1980 causas
2385 1926 2708 1997 apostolica
2736 1925 2795 1980 in
2837 1926 2987 1981 sedis
3024 1925 3243 1997 judicio
3275 1929 3527 1984 redditu-

166 2023 278 2093 jam
298 2026 436 2076 ante
458 2026 585 2075 octo
612 2023 712 2075 aut
736 2022 951 2091 septem
982 2019 1228 2090 amplius
1247 2035 1431 2074 annos
1453 2023 1798 2090 postponens
1898 2034 2045 2073 rum.
2066 2019 2137 2072 —ln
2162 2035 2275 2091 quo
2300 2019 2382 2073 illi
2410 2036 2640 2075 necesse
2682 2019 2792 2075 erit
2826 2019 3014 2076 subire
3040 2021 3403 2077 sententiam.
3440 2024 3526 2078 ln-

170 2116 398 2171 Patrum
423 2114 669 2185 regulas,
696 2116 753 2168 et
771 2118 959 2167 vestra
986 2112 1244 2167 instituta
1271 2111 1609 2184 despiciens,
1628 2111 1798 2167 nullis
1898 2127 2120 2183 genuus
2149 2112 2447 2184 episcopus
2473 2113 2891 2169 Ebredunensis
2921 2114 3099 2170 dixit:
3130 2114 3266 2171 Mihi
3298 2133 3527 2188 quoque

171 2208 491 2280 petentibus
523 2206 747 2278 populis
773 2206 1101 2277 episcopum
1127 2205 1427 2261 ordinavit.
1458 2206 1631 2276 Cujus
1659 2221 1800 2277 pra-
1899 2205 2099 2261 eadem
2129 2205 2198 2262 de
2228 2207 2493 2262 omnibus
2534 2207 2791 2279 partibus
2833 2208 3118 2264 sententia
3152 2212 3256 2286 est,
3292 2227 3407 2282 qua
3435 2227 3529 2266 me

168 2317 481 2374 praperum
513 2302 729 2356 factum
776 2300 1164 2356 existimantes
1195 2300 1445 2355 fraterna
1472 2304 1528 2354 et
1568 2298 1799 2370 paciﬁca
1902 2299 2020 2371 ipse
2049 2301 2394 2371 constringo,
2422 2317 2495 2356 ne
2529 2301 2667 2373 quid
2695 2318 2728 2356 a
2758 2318 2850 2357 me
2888 2318 3144 2374 unquam
3179 2303 3250 2358 de
3288 2304 3378 2359 his
3403 2321 3531 2378 qua

170 2412 331 2466 posse
359 2394 750 2450 admonitione
782 2394 968 2449 sanari
995 2393 1236 2465 perfecit
1254 2393 1315 2447 in
1336 2393 1521 2464 pejus.
1545 2392 1800 2463 Denique
1900 2395 2033 2447 sunt
2073 2393 2376 2448 interdicta
2417 2396 2689 2464 tentetur,
2722 2395 2855 2465 quia
2898 2395 3032 2450 novi
3071 2400 3282 2452 statum
3311 2399 3368 2452 et
3395 2414 3528 2469 pro-

170 2506 295 2544 cum
320 2492 525 2544 contra
542 2492 883 2543 vetustatem
910 2503 1216 2556 canonum,
1235 2490 1433 2541 contra
1449 2485 1654 2557 synodi
1670 2492 1802 2541 'con-
1900 2485 2204 2541 fessionem
2227 2502 2449 2555 meam;
2483 2487 2552 2542 de
2577 2486 2799 2542 caeteris
2824 2488 2994 2543 etiam
3024 2505 3248 2557 censeo,
3282 2494 3347 2545 ut
3372 2491 3528 2562 quis-

169 2583 359 2638 stituta
422 2581 652 2637 alterius
712 2581 900 2636 fratris
966 2580 1147 2635 nostri
1216 2580 1534 2651 presbyteri
1598 2578 1800 2651 spiritu
1903 2578 2029 2650 quis
2070 2582 2454 2651 transgressor
2504 2580 2801 2651 exstiterit,
2850 2582 2991 2636 sciat
3037 2598 3097 2636 se
3143 2583 3532 2640 ecclesiastica

165 2682 393 2732 tantum
418 2674 883 2748 praesumptionis
912 2690 1200 2741 accensus,
1230 2673 1289 2727 in
1318 2673 1525 2728 eodem
1558 2673 1683 2728 loco
1704 2673 1801 2744 qui
1904 2673 2113 2743 regula
2140 2673 2353 2745 laqueis
2381 2673 2669 2741 innodari,
2694 2680 2751 2729 et
2776 2678 3001 2730 reatum
3027 2676 3349 2747 apostolica
3384 2678 3532 2733 sedis

167 2769 243 2824 illi
268 2770 467 2825 fuerat
492 2768 803 2823 destinatus
829 2768 920 2822 cui
948 2767 1123 2822 invito
1155 2770 1213 2821 et
1241 2767 1591 2839 repugnanti
1616 2766 1799 2837 impo-
1902 2766 2215 2821 incurrere.
2245 2767 2452 2822 Paulus
2487 2767 2783 2839 episcopus
2807 2770 2988 2840 Aqua
3016 2769 3168 2824 Viva
3197 2770 3336 2825 dixit
3370 2788 3383 2825 :
3415 2772 3532 2843 Ego

167 2866 361 2918 suerat
388 2878 609 2930 manus,
639 2865 697 2917 et
725 2862 823 2934 qui
846 2866 1041 2916 nostro
1059 2861 1184 2932 jam
1209 2860 1375 2916 catui
1398 2860 1581 2915 fuerat
1605 2876 1803 2932 aggre-
1903 2876 2129 2931 quoque
2147 2860 2315 2914 simili
2338 2877 2426 2916 me
2447 2861 2574 2932 lege
2604 2862 2958 2934 constringo.
2983 2864 3050 2918 Et
3075 2862 3145 2918 de
3164 2864 3384 2919 cateris
3403 2880 3532 2936 qua

168 2962 355 3027 gatus,
392 2957 721 3027 episcopum
752 2955 908 3011 fecit.
942 2954 1080 3009 Hinc
1112 2954 1326 3009 factum
1355 2957 1458 3023 est,
1485 2957 1551 3008 ut
1578 2953 1648 3009 de
1681 2954 1803 3025 ejus
1903 2954 2343 3022 transgressores
2388 2951 2604 3007 fuerint
2642 2952 2855 3024 pariter
2896 2970 3123 3024 censeo,
3154 2971 3259 3009 nec
3301 2954 3383 3010 eis
3412 2957 3534 3011 sine

164 3048 494 3105 miserrima
582 3048 902 3103 temeritate
974 3048 1044 3103 ad
1116 3064 1219 3102 nos
1288 3048 1805 3118 Casaraugustana
1905 3044 2156 3115 periculo
2184 3044 2273 3099 sui
2300 3045 2615 3117 quidquam
2642 3047 2755 3101 tale
2785 3050 3003 3103 tentare
3031 3048 3216 3116 liceat,
3243 3048 3396 3121 quod
3423 3065 3540 3105 me-

168 3143 321 3198 urbis
356 3143 536 3198 frater
560 3147 755 3197 noster
782 3141 1044 3196 universa
1081 3141 1340 3211 referret,
1372 3140 1530 3212 cujus
1559 3139 1801 3212 diligen-
1825 3178 1880 3255 Ο
1904 3138 2015 3192 rito
2065 3138 2269 3193 debeat
2314 3138 2603 3193 vindicari.
2649 3139 2873 3194 Primus
2924 3140 3221 3213 episcopus
3276 3143 3538 3198 Ecclesia

168 3236 227 3255 If,
282 3242 324 3255 ,n
366 3235 677 3255 --1IS-!A__J_
722 3234 1020 3255 -.ἱ..--.1--..-
1053 3239 1415 3255 _._-_..-_-..-L
1466 3232 1505 3255 -2
1532 3233 1585 3255 :_
1615 3233 1798 3255 ,ιε-η,
1917 3231 2171 3255 Αι-ιι......
2223 3232 2355 3255 ,ιῖ-ἷι
2393 3249 2405 3255 -
2436 3233 2543 3255 11,.Δ
2579 3237 2629 3255 -1.
2677 3249 2775 3255 --λ
2829 3250 3021 3255 -‘__-_
3066 3250 3175 3255 A_x-
3234 3235 3317 3255 _I_,
3344 3253 3449 3255 ,d“,

161 3236 239 3291 tia
270 3242 333 3291 et
360 3235 685 3290 sollicitudo
717 3234 1025 3289 admodum
1052 3239 1437 3307 prospexerat,
1464 3232 1509 3287 si
1530 3233 1592 3287 in
1612 3233 1804 3305 aliquo
1829 3231 1880 3255 ν
1905 3231 2175 3286 Atellana
2219 3232 2359 3286 dixit
2393 3249 2405 3287 :
2436 3233 2546 3287 Hoc
2574 3237 2632 3287 et
2672 3249 2781 3304 ego
2824 3250 3028 3289 censeo
3061 3250 3181 3290 esse
3226 3235 3538 3293 observan-

160 3330 497 3401 profuisset.
522 3328 816 3400 Siquidem
838 3328 1054 3383 cunctis
1079 3328 1139 3383 in
1160 3326 1366 3382 vicinia
1382 3326 1576 3399 positis
1596 3327 1806 3399 episco-
1907 3325 2063 3380 dum.
2108 3324 2380 3380 Pallidius
2426 3326 2720 3398 episcopus
2768 3327 3027 3383 Ecclesia
3068 3327 3311 3400 Salpina
3350 3329 3494 3386 dixit
3522 3348 3535 3385 :

156 3424 244 3494 pis
282 3440 365 3478 ne
407 3440 466 3478 se
515 3421 875 3477 schismatico
922 3402 1310 3494 adjungerent
1351 3421 1806 3493 frequentissime
1906 3418 2056 3474 Nihil
2083 3434 2177 3472 me
2211 3423 2411 3473 contra
2448 3418 2808 3490 disciplinam
2849 3420 3279 3477 ecclesiasticam
3308 3424 3392 3477 vel
3424 3426 3536 3478 sta-

159 3516 549 3586 contradixit;
576 3515 677 3572 sed
705 3516 1082 3571 obstinatione
1111 3514 1423 3571 damnabili
1449 3519 1637 3571 totum
1658 3516 1806 3587 quod
1907 3516 2029 3567 tuta
2058 3514 2385 3566 sanctorum
2423 3528 2709 3567 canonum
2756 3513 3041 3568 facturum
3081 3531 3201 3569 esse
3246 3516 3537 3586 polliceor.

156 3616 282 3665 erat
315 3608 606 3677 illicitum,
641 3612 698 3663 et
739 3609 889 3680 quod
916 3608 1083 3664 nobis
1122 3609 1308 3681 pudor
1336 3611 1419 3663 est
1449 3607 1660 3676 dicere,
1690 3624 1809 3663 non
1908 3606 2177 3677 Tyberius
2200 3606 2497 3678 episcopus
2527 3606 2785 3661 Ecclesia
2824 3606 3151 3663 Sabinensis
3190 3608 3331 3665 dixit
3358 3627 3370 3664 :
3400 3611 3538 3666 Pro-

159 3704 411 3759 erubuit
435 3703 530 3757 ille
551 3704 700 3758 solus
728 3703 1109 3758 committere.
1137 3702 1381 3758 Proinde
1406 3703 1539 3774 quia
1565 3702 1653 3757 his
1672 3719 1809 3774 pra-

155 3797 602 3871 sumptionibus
632 3813 760 3868 qua
790 3796 1070 3851 unitatem
1098 3795 1375 3864 dividunt,
1409 3813 1537 3869 qua
1564 3796 1809 3852 schisma

156 3891 411 3958 faciunt,
440 3890 709 3946 velociter
755 3890 927 3945 debet
968 3889 1207 3960 occurri,
1251 3907 1577 3962 quasumus
1617 3891 1807 3946 sedem

154 3989 449 4051 vestram,
477 3986 542 4039 ut
586 3983 722 4056 quid
751 4000 924 4057 super
947 3984 1093 4039 hanc
1126 3988 1345 4055 partem
1383 3984 1678 4040 observare
1714 4000 1807 4038 ve-

154 4079 278 4134 litis
315 4077 650 4151 apostolicis
684 4077 947 4134 aﬁ‘atibus
982 4078 1353 4147 instruamur,
1382 4082 1663 4150 quatenus
1695 4077 1810 4133 fra-

1911 3700 2073 3755 titeor
2098 3714 2188 3754 me
2219 3701 2429 3754 statuta
2457 3699 2602 3755 sedis
2627 3700 2950 3772 apostolica
2979 3700 3038 3755 in
3064 3702 3327 3757 omnibus
3353 3708 3541 3759 custo-

1911 3793 2051 3848 dire.
2100 3795 2167 3849 Et
2220 3792 2265 3846 si
2312 3792 2371 3847 in
2423 3792 2668 3848 Ecclesia
2717 3810 2843 3849 mea
2890 3794 3227 3851 clericorum
3290 3797 3541 3869 aliquem

1912 3890 2107 3942 contra
2127 3889 2407 3958 pracepta
2422 3892 2747 3942 sanctorum
2773 3904 3060 3943 canonum
3086 3888 3540 3961 deprehendero,

1913 3985 2011 4037 aut
2035 3981 2336 4037 mulierem
2379 3980 2626 4049 duxisse,
2652 3987 2749 4037 aut
2790 3981 2932 4037 duas
2970 3982 3178 4038 habere
3214 3999 3440 4054 uxores,
3474 3984 3544 4040 ab

1915 4076 2284 4132 ecclesiastico
2332 4075 2515 4131 officio
2560 4091 2844 4148 separare.
2886 4077 2971 4131 Ab
3009 4076 3287 4134 universis
3330 4078 3545 4134 dictum

155 4174 451 4227 ternitate
505 4171 759 4240 collecta,
799 4171 1033 4243 prolatis
1076 4172 1135 4226 in
1178 4172 1436 4228 medium
1478 4172 1813 4228 venerandis

156 4265 385 4338 synodi
416 4264 757 4333 constitutis,
775 4268 972 4320 contra
990 4264 1315 4320 rebellionis
1340 4265 1602 4337 spiritum
1628 4271 1813 4321 vestra

152 4352 520 4416 auctoritate
545 4357 790 4425 subnixi,
814 4358 972 4431 quod
998 4362 1257 4430 oporteat
1280 4361 1336 4414 et
1360 4359 1431 4413 de
1458 4360 1812 4415 ordinatione

157 4458 217 4509 et
244 4455 324 4510 de
363 4452 630 4508 ordinato
669 4452 788 4507 ﬁeri
830 4450 1150 4524 intelligere
1183 4453 1315 4523 (Deo
1352 4452 1609 4525 juvante)
1636 4452 1810 4525 possi-

1914 4175 1997 4225 est
2022 4169 2301 4242 episc0pis
2330 4186 2343 4224 :
2372 4169 2693 4225 Sententias
2731 4169 2972 4225 fratrum
3001 4186 3201 4226 omnes
3228 4172 3542 4244 sequimur,

1916 4280 2116 4319 omnes
2155 4263 2579 4331 confirmamus,
2611 4267 2668 4318 et
2712 4264 3090 4320 observandas
3128 4282 3251 4320 esse
3291 4266 3544 4321 decerni-

1915 4374 2062 4413 mus.
2104 4357 2339 4426 Exaudi,
2374 4357 2614 4424 Christe,
2648 4357 2858 4412 Hilario
2903 4359 3034 4427 vita,
3073 4359 3285 4414 dictum
3341 4359 3544 4415 sexies.

153 4565 323 4604 mus.
392 4546 513 4601 Erit
562 4546 818 4617 profecto
865 4550 1050 4602 vester
1094 4546 1417 4618 triumphus
1472 4547 1895 4622 apostolatusD
1919 4544 2134 4600 dictum
2178 4544 2443 4599 octavies.
2475 4542 2639 4607 Quod
2690 4561 2805 4598 non
2853 4542 3002 4611 licet,
3035 4560 3149 4598 non
3180 4543 3295 4613 ﬁat,
3329 4545 3547 4600 dictum

149 4642 343 4697 vestri
415 4640 771 4710 temporibus
826 4640 873 4694 si
925 4640 1081 4711 quod
1128 4641 1303 4696 sancti
1354 4628 1505 4696 Petri
1548 4642 1815 4698 cathedra
1917 4637 2181 4695 octavies.
2224 4636 2467 4692 Hilarius
2512 4637 2810 4708 episcopus
2853 4635 3112 4691 Ecclesia
3151 4637 3309 4692 urbis
3346 4638 3545 4693 Romae

146 4735 410 4792 obtinet
446 4733 728 4788 catholica
776 4733 971 4788 audiat
1018 4733 1284 4802 Ecclesia,
1317 4733 1363 4787 si
1406 4736 1626 4791 novella
1673 4737 1813 4791 ziza-
1915 4733 2131 4805 synodo
2158 4730 2468 4804 praesidens
2493 4729 2638 4784 dixit
2666 4747 2678 4785 :
2706 4729 2989 4793 Quoniam
3023 4730 3319 4802 prasentis
3344 4731 3546 4787 defini-

141 4830 411 4885 niorum
453 4826 678 4881 semina
712 4826 927 4882 fuerint
966 4828 1295 4898 exstirpata.
1350 4829 1416 4883 Et
1457 4828 1811 4902 subscriptio.
1916 4827 2107 4895 tionis,
2150 4826 2391 4881 formam
2436 4841 2564 4897 qua
2608 4823 2925 4879 secundum
2968 4830 3299 4881 sanctorum
3339 4828 3548 4882 statuta

136 4922 455 4978 Orantem
496 4936 599 4991 pro
644 4920 807 4975 nobis
852 4925 1111 4975 sanctum
1160 4921 1537 4992 apostolatum
1569 4928 1813 4978 vestrum
1916 4926 2000 4976 est
2047 4919 2416 4988 sententiam,
2454 4918 2515 4972 in
2561 4917 2822 4973 omnium
2866 4918 3234 4974 Ecclesiarum
3281 4920 3547 4975 notitiam

130 5016 279 5087 jugi
315 5030 450 5069 avo
486 5011 675 5068 divina
704 5018 1001 5068 conservet
1030 5015 1338 5070 aternitas.
1368 5017 1433 5071 Ut
1467 5015 1589 5071 hac
1620 5032 1810 5071 emen-
1917 5013 2213 5087 pervenire
2259 5011 2630 5079 decrevimus,
2661 5027 2733 5067 ne
2773 5011 3044 5084 cuiquam
3087 5028 3193 5085 pro
3242 5014 3328 5069 sui
3370 5014 3549 5086 possit

139 5108 396 5166 dentur
455 5121 767 5178 rogamus,
823 5106 1039 5161 dictum
1108 5106 1308 5163 sexies.
1362 5110 1433 5164 Ut
1487 5110 1609 5165 hac
1678 5109 1816 5165 reci-
1918 5107 2274 5181 ignoratione
2300 5106 2471 5162 licere
2502 5106 2652 5178 quod
2682 5123 2797 5161 non
2828 5105 2962 5162 licet
2988 5106 3179 5176 edere,
3203 5112 3360 5179 gesta
3392 5112 3546 5163 nota-

139 5203 395 5257 dantur
461 5215 752 5271 rogamus,
820 5199 1033 5255 dictum
1098 5201 1326 5273 septies.
1390 5203 1459 5258 Ut
1523 5202 1817 5275 disciplina
1918 5202 2133 5257 riorum
2164 5200 2483 5257 sollicitudo
2509 5199 2747 5256 curabit.

138 5297 446 5351 servetur
489 5308 773 5365 rogamus,
823 5293 1038 5350 dictum
1085 5295 1405 5367 quinquies.
1456 5297 1529 5351 Ut
1572 5313 1818 5353 canones
2180 5301 2188 5310 ’

736 5526 1307 5622 INCIPIUNT
1393 5531 1917 5625 DECRETA
2003 5530 2532 5626 SIMPLICII
2628 5527 2989 5622 PAPZE.

136 5687 245 5745 Ad
293 5682 573 5741 Zenonem
616 5681 929 5753 Spalensem
975 5686 1279 5757 episcopum
1304 5687 1369 5741 de
1410 5691 1688 5745 commissa
1714 5692 1823 5744 vice
1924 5702 2051 5745 rum
2080 5688 2261 5744 relatu
2300 5686 2688 5759 comperimus
2732 5682 3093 5738 dilectionem
3133 5684 3293 5736 tuam
3331 5681 3549 5741 fervore

760 5778 1066 5847 apostolica
1090 5780 1254 5835 sedis.
1924 5787 1981 5837 et
2054 5784 2282 5855 spiritus
2367 5780 2663 5836 sanctitate
2759 5775 3020 5830 Ecclesia
3104 5773 3549 5845 gubernatorem

222 5868 636 5928 Dilectissimo
682 5865 841 5924 fratri
881 5871 1113 5941 Zenoni,
1154 5864 1490 5945 Simplicius.
1540 5872 1821 5932 Plurimo-
1924 5874 2187 5943 existere,
2223 5883 2283 5930 ut
2313 5874 2590 5941 naufragii
2636 5870 2975 5924 detrimenta
3021 5868 3136 5921 Deo
3181 5876 3407 5926 auctore
3435 5886 3549 5929 non

598 5967 866 6035 PATROL.
917 5969 1143 6035 CXXX.

3197 5973 3275 6029 130

1917 4450 2055 4516 Quae
2119 4451 2262 4505 male
2339 4449 2587 4505 admissa
2658 4454 2809 4519 sunt,
2864 4468 2968 4523 per
3038 4456 3091 4505 te
3166 4452 3545 4523 corrigantur,
3634 4477 3647 4483 -
