4062 6188
549 302 641 356 931

1437 294 1719 356 ΑΡΡΕΝΙ).
1760 295 1848 356 AD
1886 301 2042 357 SA-IC.
2087 303 2171 357 IX.
2203 331 2268 339 -ο
2310 298 2548 358 lSlDORl
2589 300 3009 358 MERCATORIS

3794 308 3890 359 932

545 408 771 463 sentiat.
798 407 1023 462 Talibus
1050 406 1257 463 idcirco
1283 407 1595 479 gloriantes
1608 408 1838 480 judiciis
1855 425 2171 482 congruum
2194 423 2252 495 Α
2274 425 2406 466 vero
2437 410 2734 481 episcopis.
2758 409 2978 465 Relatio
3002 425 3104 465 nos
3122 413 3324 465 vestra
3350 409 3669 467 dilectionis
3687 412 3891 467 instru-

546 502 812 557 duximus
840 500 1043 561 vicaria
1071 500 1218 555 sedis
1249 506 1454 556 nostra
1490 508 1545 556 te
1585 502 1923 558 auctoritate
1961 503 2169 571 fulciri,

543 596 703 666 cujus
749 595 946 666 vigore
992 595 1265 663 munitus,
1296 596 1616 666 apostolica
1656 595 2028 652 institutionis
2071 597 2170 651 de-

542 693 699 744 creta
724 689 810 742 vel
841 691 1165 742 sanctorum
1208 689 1484 743 terminos
1529 691 1763 744 Patrum
1806 691 1960 744 nullo
2002 690 2172 744 modo

539 782 863 837 transcendi
892 781 1209 853 permittas,
1232 782 1506 854 quoniam
1542 782 1716 853 digna
1741 783 1969 839 honoris
1987 801 2173 839 remu-

540 875 837 931 neratione
904 875 1288 930 cumulandus
1346 892 1423 943 es,
1480 892 1583 947 per
1633 893 1806 949 quem
1865 882 1921 933 et
1972 878 2030 932 in
2083 878 2171 931 his

540 970 867 1041 regionibus
911 969 1178 1024 divinitus
1223 985 1473 1024 crescere
1508 970 1758 1025 innotuit
1789 972 1990 1026 cultus.
2024 972 2171 1026 Deus

539 1069 596 1118 te
625 1064 957 1118 incolumen
1001 1062 1300 1130 custodiat,
1330 1063 1506 1118 frater
1534 1063 1883 1120 charissime.

612 1180 856 1250 Epistota
874 1178 1143 1249 Simplicii
1165 1193 1325 1262 papa
1352 1179 1426 1232 ad
1450 1181 1710 1235 Joannem
1736 1182 2099 1235 Ravennatem

1196 1265 1517 1320 episcopum.

613 1344 670 1399 Si
696 1344 823 1415 quis
849 1345 996 1398 esset
1026 1342 1259 1397 intuitus
1294 1342 1685 1397 ecclesiastica
1724 1343 2054 1414 disciplina,
2083 1346 2169 1400 vel

542 1439 587 1493 si
635 1437 775 1508 quid
818 1437 969 1507 apud
1010 1441 1063 1490 te
1109 1435 1469 1490 sacerdotalis
1518 1436 1811 1490 modestia
1856 1439 2166 1505 teneretur,

538 1546 835 1602 nunquam
863 1529 1176 1600 plectibiles
1201 1532 1674 1600 perpetrarentur
1700 1546 1975 1597 excessus,
1996 1548 2029 1584 a
2050 1531 2171 1602 qui-

537 1625 642 1680 bus
672 1624 721 1678 si
753 1624 910 1678 nullo
940 1626 992 1676 te
1022 1627 1391 1693 paternarum
1416 1622 1746 1692 regularum
1774 1629 2003 1693 poteras
2032 1640 2165 1678 con-

536 1718 718 1774 tinere
749 1721 1057 1788 pracepto,
1081 1715 1281 1771 saltem
1305 1719 1511 1770 sancta
1534 1716 1834 1770 memoria
1854 1716 2167 1787 praedeces-

538 1811 681 1867 soris
736 1810 820 1865 tui
881 1810 1070 1863 fueras
1134 1809 1489 1863 revocandus
1555 1811 1832 1879 exemplo.
1886 1809 1989 1874 Qui
2037 1790 2244 1865 cumB

536 1904 797 1961 faciendo
808 1902 1205 1975 presbyterum
1222 1902 1411 1956 minus
1425 1902 1757 1973 deliquisset
1769 1901 2030 1969 invitum,
2046 1921 2168 1958 sen-

537 2001 687 2054 serat
710 2003 905 2053 tamen
932 1996 1173 2066 dignum
1199 2012 1304 2067 pro
1332 1996 1433 2073 tali
1460 1997 1829 2067 usurpatione
1859 1996 2163 2067 judicium.

536 2092 642 2148 Ubi
679 2093 788 2146 ista
827 2089 1087 2156 didicisti,
1117 2105 1246 2160 qua
1285 2088 1342 2142 in
1381 2088 1618 2144 fratrem
1666 2093 1723 2143 et
1770 2090 2165 2162 coepisc0pum

534 2187 796 2241 nostrum
860 2182 1217 2253 Gregorium,
1268 2198 1381 2235 non
1447 2182 1725 2236 electione
1799 2183 1894 2237 sed
1956 2182 2168 2238 invidia

533 2276 893 2351 perpetrasti,
926 2291 1099 2346 quem
1127 2274 1499 2329 inexcusabili
1525 2274 1794 2329 violentia
1819 2276 2076 2346 pertrahi
2096 2275 2165 2331 ad

535 2375 593 2426 te
617 2387 816 2443 passus
834 2386 893 2424 es
913 2377 1083 2440 atque
1107 2368 1320 2437 vexari,
1346 2374 1408 2423 ut
1427 2368 1476 2423 ei
1497 2368 1778 2423 honorem
1804 2372 2027 2423 tantum
2050 2386 2164 2423 non

532 2481 638 2537 per
666 2463 843 2520 animi
882 2462 1371 2533 tranquillitatem,
1401 2461 1498 2516 sed
1528 2478 1633 2533 per
1662 2462 1977 2517 amentiam
2022 2462 2167 2517 sicut

533 2558 837 2615 dicendum
878 2561 964 2612 est
990 2555 1320 2627 irrogares?
1346 2557 1538 2627 Neque
1583 2556 1738 2610 enim
1775 2556 1913 2610 talia
1942 2555 2162 2628 potuis-

531 2655 658 2708 sent
676 2650 800 2706 ﬁeri
817 2649 1061 2705 sanitate
1086 2648 1327 2703 consilii.
1358 2649 1630 2703 Nolumus
1647 2664 1992 2719 exaggerare
2012 2649 2164 2719 quod

532 2752 759 2818 gestum
788 2748 893 2810 est,
923 2759 995 2798 ne
1019 2758 1296 2811 cogamur
1319 2741 1576 2812 judicare
1602 2742 1755 2813 quod
1791 2741 2032 2812 dignum
2060 2747 2160 2796 est.

532 2840 677 2894 Nam
724 2835 1083 2908 privilegium
1128 2839 1384 2889 meretur
1422 2834 1710 2901 amittere,
1743 2834 1841 2905 qui
1886 2834 2164 2904 permissa

531 2931 638 2987 sibi
665 2929 920 2984 abutitur
953 2931 1246 2999 potestate.
1278 2927 1391 2982 Sed
1422 2944 1535 2981 una
1560 2944 1665 2982 nos
1704 2927 1851 2982 ratio
1885 2927 2017 2982 facit
2041 2944 2162 2983 esse

533 3022 825 3080 sententia
872 3020 1169 3089 mollioris,
1211 3036 1382 3092 quam
1431 3020 1742 3075 maluimus
1780 3024 1837 3075 te
1884 3021 2060 3076 fratre
2107 3025 2164 3076 et

530 3117 860 3189 coepiscopo
917 3121 1106 3170 nostro
1155 3115 1410 3185 Projecto
1460 3114 1743 3169 referente
1794 3131 2157 3186 cognoscere,
2182 3154 2237 3229 Ο

688 3228 709 3229 η
738 3228 745 3229 κ
770 3209 887 3229 κινγέ-
928 3209 1127 3229 12ιι-.,2-
1168 3213 1399 3229 ῌῌΑΔΙ.-,Α
1432 3208 1796 3229 ...-...ι,μ1....Δ
1848 3208 2129 3229 -Α,ιιξ,----

528 3228 644 3268 non
685 3209 891 3266 nostris
928 3209 1130 3264 litteris
1168 3213 1400 3279 propter
1427 3208 1802 3279 opprobrium
1848 3208 2155 3279 publicare.
2186 3208 2237 3248 ν

530 3307 672 3362 Nam
704 3303 986 3369 scandala,
1012 3302 1172 3373 cujus
1197 3306 1392 3355 auctor
1421 3302 1768 3371 agnosceris,
1801 3302 1878 3355 ita
1904 3302 2157 3357 modera-

528 3400 609 3456 tio
636 3404 829 3454 nostra
852 3394 1226 3468 compescuit,
1247 3399 1312 3449 ut
1336 3395 1510 3449 frater
1531 3400 1586 3449 et
1612 3394 1979 3467 coepiscopus
1998 3412 2160 3450 meus

529 3494 699 3565 Greg.
730 3508 903 3564 quem
931 3506 1048 3545 non
1097 3493 1426 3560 provectum
1474 3491 1695 3543 constat
1724 3504 1863 3555 esse,
1896 3489 1996 3543 sed
2030 3488 2157 3559 pul-

530 3604 678 3653 sum,
706 3585 924 3640 nullam
950 3600 1198 3651 causam,
1227 3583 1373 3637 sicut
1412 3581 1591 3653 petiit,
1619 3587 1807 3636 tecum
1841 3582 2157 3649 habiturus,

526 3680 901 3737 Mucirensem
940 3677 1221 3749 gubernet
1258 3675 1584 3741 Ecclesiam,
1622 3679 1678 3730 et
1720 3675 2160 3730 contubernium

528 3773 779 3846 spiritale
818 3771 969 3844 quod
1007 3770 1197 3825 sortiri
1247 3786 1358 3823 non
1401 3768 1701 3839 oportebat
1745 3769 2011 3838 invitum,
2043 3786 2160 3824 non

527 3871 752 3924 recuset
777 3865 1059 3938 amplecti.
1089 3862 1187 3918 Cui
1216 3862 1261 3917 si
1289 3862 1424 3934 quid
1465 3862 1682 3933 negotii
1714 3862 1947 3917 forsitan
1974 3878 2157 3917 emer-

529 3961 685 4029 serit,
702 3966 961 4016 nostrum
989 3975 1057 4013 ex
1080 3974 1149 4012 eo
1162 3958 1249 4011 vel
1268 3961 1467 4012 contra
1494 3972 1623 4009 cum
1647 3959 1874 4027 petatur
1896 3972 2156 4011 examen.

529 4054 965 4113 Necessitatibus
1004 4051 1199 4119 etiam,
1234 4067 1372 4121 quas
1420 4049 1659 4104 faciente
1704 4053 1758 4103 te
1801 4049 2162 4121 compellitur

528 4149 830 4214 sustinere,
884 4147 988 4200 hac
1037 4144 1371 4199 definitione
1434 4143 1802 4209 consulimus,
1853 4146 1919 4197 ut
1969 4144 2159 4199 refuso

529 4241 746 4313 pradio
780 4239 930 4312 quod
958 4241 1091 4292 ante
1124 4252 1341 4291 annum
1374 4236 1481 4290 sibi
1513 4236 1711 4290 datum
1751 4252 1870 4289 esse
1906 4252 2156 4292 comme-

530 4340 732 4402 morat,
750 4338 920 4404 atque
942 4332 1010 4385 ad
1038 4329 1343 4385 Ecclesiam
1373 4330 1753 4384 Ravennatem
1784 4346 2005 4385 reverso
2026 4346 2157 4401 pos-

531 4428 700 4485 sessio
728 4427 789 4482 in
822 4423 1160 4480 Bononiensi
1193 4423 1423 4494 triginta
1468 4423 1781 4478 solidorum
1814 4424 2065 4479 redditus
2091 4425 2156 4479 1i-

2272 504 2369 571 xit,
2404 506 2462 558 et
2505 507 2795 575 gestorum
2839 504 2984 558 serie
3026 503 3331 571 intimavit,
3358 505 3746 560 Gaudentium
3789 508 3892 560 Au-

2269 597 2546 652 funiensis
2576 597 2838 652 Ecclesia
2865 598 3215 652 sacerdotem
3239 601 3441 653 contra
3479 603 3699 653 statuta
3737 615 3893 653 cano~

2270 708 2411 746 num
2464 708 2529 745 ac
2594 686 2816 746 nostra
2859 697 3146 762 praecepta
3215 690 3606 746 ordinationes
3683 692 3896 747 illicitas

2270 788 2641 856 perpetrasse,
2673 800 2918 855 quarum
2948 784 3032 839 illi
3057 789 3236 839 totam
3265 785 3493 856 penitus
3519 784 3739 839 auferri
3763 802 3892 856 pra-

2270 878 2509 949 cipimus
2548 881 2905 950 potestatem.
2954 877 3294 949 Scripsimus
3338 879 3490 932 enim
3517 877 3590 932 ad
3638 878 3893 933 Severum

2270 971 2505 1026 fratrem
2533 974 2589 1026 et
2610 970 3011 1042 coepiscopum
3043 975 3329 1040 nostrum,
3356 975 3415 1025 ut
3445 972 3492 1025 si
3518 988 3759 1026 necesse
3788 972 3895 1027 fue-

2270 1064 2361 1133 rit,
2392 1066 2509 1135 ipse
2536 1065 2596 1119 in
2623 1064 2946 1136 supradicta
2970 1065 3237 1134 Ecclesia,
3265 1065 3638 1119 consideratis
3671 1066 3895 1119 Patrum

2238 1159 2501 1229 regulis,
2540 1158 2651 1212 hoc
2688 1159 2965 1228 fungatur
3003 1157 3210 1224 officio,
3238 1174 3352 1229 quo
3386 1158 3483 1212 ille
3527 1157 3748 1212 abusus
3789 1175 3898 1212 esse

2269 1251 2557 1306 convictus
2584 1254 2689 1318 est,
2720 1252 2800 1306 ita
2826 1256 2890 1305 ut
2928 1251 2988 1305 hi
3017 1251 3113 1322 qui
3158 1251 3351 1305 illicite
3392 1250 3464 1305 ab
3493 1268 3561 1306 eo
3598 1257 3741 1305 sunt
3778 1268 3896 1323 pro-

2268 1346 2435 1413 vecti,
2464 1345 2533 1399 ab
2561 1344 2950 1399 ecclesiasticis
2976 1344 3307 1399 ministeriis
3336 1344 3453 1399 sint
3476 1344 3715 1400 remoti.
3737 1344 3900 1400 Simul

2269 1439 2442 1493 etiam
2473 1439 2543 1493 de
2573 1438 2890 1492 redditibus
2934 1438 3190 1492 Ecclesia
3214 1438 3302 1491 vel
3339 1438 3625 1493 oblatione
3655 1438 3900 1493 ﬁdelium

2270 1531 2405 1602 quid
2438 1531 2637 1585 deceat
2658 1530 2940 1585 nescienti
2967 1530 3109 1584 nihil
3136 1530 3307 1585 licere
3329 1531 3651 1601 permittat,
3674 1532 3776 1585 sed
3797 1532 3901 1586 sola

2269 1625 2325 1678 ei
2353 1640 2419 1679 ex
2445 1624 2532 1678 his
2560 1629 2765 1695 quarta
2800 1623 2989 1695 portio
3025 1624 3380 1692 remittatur;
3406 1623 3537 1677 dua
3563 1624 3900 1679 ecclesiasti-

2268 1718 2345 1771 cis
2387 1717 2638 1787 fabricis,
2667 1720 2725 1772 et
2751 1717 3065 1787 erogationi
3104 1717 3546 1789 peregrinorum
3587 1721 3651 1771 et
3694 1734 3900 1789 paupe-

2267 1828 2396 1866 rum
2439 1812 2757 1882 profutura
2782 1810 2852 1864 ab
2882 1810 3094 1882 Ovagio
3138 1810 3471 1881 presbytero
3510 1810 3620 1864 sub
3652 1811 3898 1881 periculo

2267 1905 2355 1959 sui
2402 1904 2618 1959 ordinis
2672 1904 3095 1973 ministrentur;
3135 1903 3339 1958 ultima
3388 1904 3541 1959 inter
3588 1919 3654 1957 se
3695 1904 3899 1958 clericis

2266 2014 2371 2069 pro
2398 1997 2755 2069 singulorum
2780 1997 2995 2052 meritis
3021 1996 3326 2051 dividatur.
3349 1999 3419 2051 At
3433 2012 3568 2050 vero
3584 1996 3900 2051 ministeria

2266 2091 2527 2145 Ecclesia
2564 2106 2693 2161 qua
2736 2090 2982 2145 alienata
3027 2089 3411 2161 comperimus
3454 2105 3733 2160 reparare
3763 2106 3897 2160 pra-

2266 2187 2529 2255 sumptor
2587 2182 2842 2255 pradicti
2911 2183 3104 2238 fratris
3176 2183 3548 2253 compellatur
3610 2182 3898 2249 instantia,
3950 2168 3953 2169 ν

2264 2277 2356 2332 cui
2407 2276 2579 2332 etiam
2629 2277 2689 2331 in
2747 2276 2854 2331 hoc
2907 2276 3231 2348 specialiter
3281 2275 3654 2347 pracipimus
3710 2276 3897 2330 immi-

2266 2387 2424 2438 nere,
2473 2376 2537 2426 ut
2579 2375 2695 2425 tres
2743 2369 2864 2424 illas
2912 2370 3200 2441 portiones
3256 2385 3400 2440 quas
3440 2385 3544 2440 per
3590 2368 3899 2424 triennium

2265 2464 2472 2519 dicitur
2502 2463 2609 2518 sibi
2654 2463 3049 2518 tantummodo
3086 2462 3420 2528 vindicasse,
3451 2462 3740 2517 restituat.
3772 2463 3901 2517 Data

2263 2574 2362 2613 xm
2402 2556 2681 2611 Kalendas
2726 2556 3068 2624 Decembris,
3118 2560 3248 2628 post
3292 2555 3653 2611 consulatum
3701 2556 3901 2610 Leonis

2263 2650 2523 2722 Augusti.

2687 2726 2870 2801 231
2906 2730 3216 2799 Simplicius
3246 2730 3464 2785 Acacio.

2335 2836 2709 2891 Dilectissimo
2725 2835 2886 2890 fratri
2902 2836 3100 2891 Acacio
3116 2835 3457 2907 Simplicius.
3471 2834 3900 2906 Cogitationum

2262 2931 2426 2985 ferias
2450 2947 2566 2984 non
2597 2929 2896 2997 habemus,
2930 2946 3035 2984 nec
3066 2931 3221 2984 enim
3263 2929 3554 3001 quiescere
3590 2945 3699 2983 nos
3734 2945 3901 2983 causa

2263 3024 2560 3095 permittit,
2583 3040 2758 3095 quam
2784 3023 2832 3077 si
2860 3023 3266 3094 relinquamus,
3287 3022 3509 3077 Christo
3530 3022 3779 3077 Domino
3798 3038 3901 3077 no-

2264 3123 2379 3172 stro
2406 3118 2567 3187 cujus
2594 3116 2845 3181 interest,
2876 3115 3283 3170 inexcusabiles
3324 3132 3541 3169 sumus.
3575 3116 3645 3169 Et
3686 3115 3896 3169 mirum

2262 3216 2346 3266 est
2363 3210 2727 3265 dilectionem
2753 3212 2915 3263 tuam
2946 3214 3029 3264 tot
3053 3209 3301 3263 emensis
3330 3208 3713 3279 temporibus,
3740 3212 3801 3265 et
3820 3212 3895 3262 tot

2259 3303 2778 3376 opportunitatibus
2842 3303 2975 3357 inde
3034 3302 3411 3369 venientibus,
3463 3302 3611 3356 nihil
3676 3318 3786 3357 nos
3828 3302 3896 3355 de

2259 3396 2641 3452 Alexandrina
2658 3397 2921 3465 Ecclesia,
2939 3414 3067 3469 qua
3084 3403 3201 3451 tam
3222 3395 3476 3468 graviter
3493 3395 3776 3467 quatitur,
3791 3396 3899 3449 ins-

2260 3498 2450 3547 truere
2468 3490 2729 3561 voluisse,
2746 3507 2873 3546 cum
2898 3507 3135 3545 monere
3152 3493 3228 3556 te,
3248 3506 3355 3543 nec
3372 3489 3693 3559 increpatio
3709 3494 3899 3545 nostra

2260 3586 2559 3653 destiterit,
2590 3590 2655 3640 ut
2690 3584 3030 3656 participata
3074 3582 3451 3638 sollicitudine
3492 3582 3713 3637 litteras
3744 3598 3899 3637 meas

2261 3682 2410 3751 apud
2438 3677 2984 3736 Christianissimum
3012 3677 3349 3749 principem,
3381 3675 3763 3747 prasentibus
3788 3679 3898 3729 tua

2261 3774 2580 3829 dilectionis
2619 3771 2979 3844 prosequeris
3013 3770 3292 3841 alloquiis,
3321 3772 3379 3824 et
3416 3769 3663 3824 instituti
3692 3769 3898 3824 veteris

2259 3879 2482 3918 memor
2500 3862 2559 3917 in
2575 3861 3023 3916 orthodoxorum
3042 3859 3436 3914 defensionem
3458 3857 3782 3923 nobiscum,
3799 3857 3899 3911 sic-

2259 3960 2326 4011 ut
2353 3972 2577 4027 semper
2601 3954 2983 4021 incumberes,
3006 3969 3079 4007 ne
3111 3952 3417 4023 quisquam
3446 3956 3712 4005 nostrum
3737 3951 3898 4006 Chri-

2260 4050 2440 4105 stiana
2479 4049 2646 4122 plebe
2678 4051 2954 4119 pereunte
2997 4049 3221 4100 reatum
3270 4044 3576 4100 deditionis
3624 4045 3898 4099 incurrat.

2259 4143 2418 4200 Unde
2459 4144 2753 4198 hortamur
2796 4139 3405 4212 dilectionemduam,
3459 4141 3523 4192 ut
3571 4142 3899 4209 opportune

2259 4240 2430 4309 atque
2454 4236 2779 4308 importune
2800 4233 2908 4305 piis
2937 4232 3169 4288 auribus
3195 4231 3488 4287 insinuare
3507 4247 3628 4286 non
3658 4230 3895 4295 desinat,

2260 4336 2540 4402 quatenus
2593 4327 2991 4383 Alexandrina
3044 4325 3305 4381 Ecclesia
3356 4341 3467 4396 pax
3519 4330 3715 4397 optata
3764 4322 3894 4378 red-

2260 4424 2444 4491 datur,
2473 4426 2529 4479 et
2571 4422 2830 4478 celeriter
2863 4420 3173 4492 vigilantia
3214 4422 3325 4474 tua
3368 4422 3688 4489 proventus
3726 4417 3893 4472 indu-

528 4524 800 4580 berorum
829 4520 948 4574 sine
983 4517 1335 4573 dubitatione
1363 4517 1624 4571 tradatur
1661 4518 1721 4571 in
1763 4517 1916 4572 diem
1947 4517 2237 4598 scilicet’D
2259 4523 2439 4573 catur.
2470 4518 2608 4573 Data
2635 4532 2731 4571 VIII
2776 4515 2905 4571 Idus
2946 4513 3241 4583 Novemb.,
3279 4511 3553 4568 Severino
3593 4528 3780 4581 cons.,
3813 4509 3891 4564 di-

530 4618 657 4673 vita
689 4616 830 4688 ejus,
858 4614 1008 4668 salvo
1034 4610 1397 4683 proprietatis
1430 4611 1561 4682 jure
1601 4611 1939 4666 Ravennatis
1968 4612 2156 4666 Eccle-

531 4711 650 4778 sia,
671 4710 743 4764 ad
762 4725 931 4782 quam
960 4710 1089 4778 post
1102 4704 1361 4778 pradicti
1396 4704 1617 4759 obitum
1641 4708 1975 4760 revertetur.
1995 4705 2159 4769 Quod

532 4806 581 4859 si
608 4819 725 4859 non
769 4801 941 4856 fuerit
976 4800 1186 4854 nostris
1227 4799 1477 4871 partium
1524 4799 1841 4853 constitutis
1869 4798 2004 4869 quid
2033 4801 2161 4870 post

530 4895 1040 4968 transgressionem
1066 4896 1314 4961 maneat,
1339 4897 1731 4948 contumacem
1761 4892 1883 4965 ipse
1909 4909 2154 4964 perpen-

530 4992 635 5048 dis.
666 4988 1073 5045 Denuntiamus
1097 4991 1307 5055 autem,
1334 4986 1486 5058 quod
1513 4986 1557 5040 si
1586 4986 1823 5058 posthac
1851 4985 2160 5059 quidquam

528 5087 641 5143 tale
692 5080 1142 5157 prasumpscris,
1198 5086 1255 5136 et
1318 5080 1587 5152 aliquem,
1646 5097 1743 5137 seu
1809 5079 2155 5153 episcopum,

532 5196 629 5236 seu
688 5176 1108 5250 presbyterum,
1162 5191 1260 5229 seu
1315 5174 1613 5230 diaconum
1668 5173 1910 5230 invitum
1975 5174 2159 5230 facere

529 5275 672 5332 forte
759 5269 1095 5338 credideris,
1173 5267 1557 5324 ordinationes
1629 5268 1732 5323 tibi
1818 5267 2159 5324 Ravennatis

529 5368 790 5427 Ecclesia
834 5366 921 5420 vel
966 5362 1283 5418 Emiliensis
1332 5361 1553 5417 noveris
1609 5361 1970 5417 auferendas.
2017 5362 2161 5415 Data

529 5478 588 5519 Ill
635 5458 914 5515 Kalendas
959 5456 1130 5523 Junii,
1160 5456 1457 5511 Severiano
1498 5454 1617 5508 viro
1663 5454 1974 5509 clarissimo
2022 5470 2157 5509 con-

529 5555 670 5610 sulc.

530 5671 776 5741 Eqaistola
820 5668 1086 5741 Simplicii
1106 5681 1270 5735 papa
1294 5665 1369 5718 ad
1394 5665 1741 5741 Florentium,
1774 5665 2075 5736 Equitium,
2109 5672 2160 5719 et

1053 5738 1327 5797 Severum,
1353 5737 1633 5805 episcopis.

605 5830 924 5904 Simplicius
976 5829 1267 5902 episcopus
1316 5827 1623 5896 Florentio,
1668 5828 1912 5903 Equitio,
1955 5834 2011 5884 et
2057 5830 2156 5885 Se-

2256 4617 2410 4666 recta
2435 4627 2540 4682 per
2564 4608 2931 4665 Restitutum.

2258 4729 2591 4797 Rescriptum
2622 4727 2809 4782 Acacii
2838 4725 2913 4780 ad
2946 4723 3287 4809 Simplicium
3313 4723 3465 4778 urbis
3494 4724 3682 4779 Roma
3711 4721 3887 4777 ardui-

2911 4810 3234 4866 episcopum.

2330 4892 2575 4948 Domino
2642 4894 2840 4946 sancto
2900 4889 3048 4961 patri
3110 4885 3543 4958 archiepiscopo
3604 4883 3889 4958 Simplicio

2259 4986 2515 5041 Acacius.
2570 4983 3024 5041 Sollicitudinem
3066 4980 3329 5036 omnium
3370 4979 3758 5035 Ecclesiarum
3804 4992 3888 5032 se-

2260 5079 2514 5135 cundum
2540 5079 2873 5151 Apostolum
2893 5076 3361 5131 circumferentes
3379 5088 3486 5128 nos
3504 5072 3891 5129 indesinenter

2262 5162 2589 5241 hortamini,
2617 5171 2877 5243 quamvis
2898 5173 3098 5242 sponte
3125 5168 3424 5240 vigilantes
3449 5183 3518 5222 ac
3542 5179 3889 5239 praecurren-

2261 5273 2366 5336 tes,
2400 5265 2499 5321 sed
2528 5282 2623 5319 vos
2654 5264 2843 5320 divino
2869 5264 2985 5319 zelo
3010 5261 3276 5316 sollicitos
3320 5260 3748 5328 demonstratis,
3780 5260 3887 5311 sta-

2260 5366 2380 5415 tum
2428 5359 2821 5414 Alexandrina
2866 5357 3122 5412 Ecclesia
3166 5355 3376 5409 certius
3420 5353 3799 5427 requirentes,
3835 5354 3889 5401 ut

2262 5471 2362 5525 pro
2418 5452 2671 5525 paternis
2722 5450 3038 5506 canonibus
3087 5447 3402 5519 suscipiatis
3447 5447 3709 5503 laborem
3756 5444 3885 5517 piis-

2259 5549 2402 5602 simo
2466 5548 2739 5602 stillantes
2787 5542 2994 5599 sudore
3039 5560 3145 5616 pro
3193 5542 3300 5609 his,
3342 5540 3487 5595 sicut
3530 5555 3762 5612 semper
3806 5540 3886 5590 est

2258 5641 2673 5714 approbatum;
2716 5639 2811 5695 sed
2840 5638 3095 5695 Christus
3122 5637 3267 5690 Deus
3304 5637 3503 5690 noster
3526 5633 3626 5706 qui
3653 5632 3882 5702 diligen-

2259 5735 2410 5789 tibus
2427 5751 2486 5788 se
2512 5734 2572 5788 in
2592 5734 2805 5787 bonum
2833 5735 3189 5803 cooperatur,
3213 5727 3426 5784 nostris
3450 5724 3882 5799 cogitationibus

2259 5829 2530 5898 insidens,
2563 5832 2618 5883 et
2642 5843 2814 5883 unam
2840 5825 3003 5882 nobis
3032 5824 3091 5882 in
3119 5823 3207 5881 his
3235 5827 3491 5881 mentem
3529 5826 3698 5899 atque
3723 5830 3879 5874 eam-
