4062 6188
172 305 256 355 933
1186 295 1202 305 '
1379 290 1847 348 DECRETALIUM
1887 288 2278 346 COLLECTIO.
3408 292 3512 346 934

168 411 278 462 dettl
327 405 572 476 gloriam
624 420 745 458 esse
796 417 1158 474 cognoscens,
1207 416 1435 456 omnem
1479 400 1774 455 victoriam
1799 397 2240 486 Anocteadhuc
2257 395 3515 468 jacentecadavereilliusquipaternoscano-

166 503 268 573 ipse
321 497 576 570 perfecit,
635 500 924 552 consortes
974 513 1076 550 nos
1129 511 1259 550 cum
1312 493 1776 566 tranquillissimo
1881 508 1982 547 nes
2015 491 2368 546 subverterat
2395 490 2699 562 insepulta,
2731 490 3013 562 subripuit
3036 490 3094 545 in
3119 491 3332 558 sedem,
3371 491 3516 548 sicut

167 592 403 665 principe
443 591 670 645 faciens.
721 592 788 645 Et
829 589 1194 644 Timotheum
1235 587 1470 659 quidem
1520 587 1778 642 decesso-
1879 586 1998 657 ipse
2046 584 2350 640 arbitratus
2392 591 2479 639 est
2517 600 2633 639 uno
2672 589 2729 640 et
2765 585 2881 640 solo
2910 587 3189 656 praesente
3229 588 3286 639 et
3313 601 3382 640 eo
3414 585 3514 657 qui

168 702 273 741 rem
303 686 611 755 spirantem
643 684 913 754 procellas
952 685 1010 736 et
1038 681 1471 737 ecclesiasticam
1506 680 1782 750 tranquil-
1881 695 2112 734 consors
2151 678 2303 732 illius
2346 677 2646 733 insistebat
2674 677 2935 747 insaniae,
2975 677 3072 749 qui
3103 694 3386 751 nusquam
3415 695 3513 750 pe-

166 779 392 843 litatem,
425 777 571 830 sicut
592 775 856 846 apparuit
881 775 1334 841 conturbantem,
1355 774 1486 827 vitae
1507 773 1785 827 subtraxit
1884 772 2037 826 nitus
2075 771 2309 826 omnino
2336 774 2536 841 postea
2576 770 2915 842 comparuit.
2947 771 3280 826 Timotheus
3325 777 3514 827 autem

169 872 441 937 humanae,
497 870 692 924 dicens
735 869 785 922 ei
833 885 845 922 :
891 870 1034 922 Tace
1065 871 1122 923 et
1150 869 1520 922 obmutesce:
1557 867 1781 920 Petrum
1885 865 1980 936 qui
2025 864 2300 919 Davidicae
2340 864 2792 919 mansuetudinis
2831 864 3094 935 exemplo
3151 864 3415 920 subditur
3461 871 3518 919 et

167 980 383 1036 quoque
435 963 532 1034 qui
577 962 647 1016 ab
689 961 1030 1016 Alexandria
1074 977 1237 1016 more
1281 960 1480 1014 similis
1525 959 1785 1030 procella:
1886 975 2062 1030 usque
2114 958 2172 1012 in
2219 958 2394 1013 ﬁnem
2444 958 2702 1028 patiens,
2755 960 2925 1028 atque
2972 959 3234 1028 potestati
3268 959 3515 1031 propriae

169 1061 500 1122 surrexerat,
572 1054 861 1125 dissipavit
924 1059 1097 1124 atque
1149 1055 1208 1108 in
1263 1059 1538 1107 aeternam
1589 1054 1784 1123 fugam
1885 1052 2177 1108 restitutus
2218 1069 2252 1106 a
2288 1051 2513 1108 Christo
2552 1050 2800 1122 proprias
2829 1050 2980 1106 sedis
3019 1052 3242 1106 honore
3273 1053 3517 1121 laetatur,

170 1154 352 1204 sancto
408 1149 622 1219 Spiritu
665 1148 841 1202 ﬂante
887 1147 1187 1214 convertit,
1237 1163 1416 1200 unum
1454 1163 1524 1201 ex
1564 1146 1651 1199 his
1690 1145 1787 1216 qui
1886 1150 1943 1201 et
2000 1145 2380 1216 spiritualium
2419 1145 2666 1199 filiorum
2712 1159 2879 1199 voces
2923 1145 3226 1216 accipiens,
3278 1146 3517 1216 gratiam

169 1244 289 1297 olim
328 1244 556 1297 fuerant
584 1241 857 1296 damnati.
894 1240 1049 1296 Sicut
1088 1240 1244 1295 enim
1272 1240 1332 1294 in
1357 1239 1568 1294 nostris
1597 1239 1785 1293 archi-
1888 1239 2197 1294 curationis
2241 1243 2545 1311 exspectat,
2601 1238 2982 1310 multiplicato
3036 1238 3094 1293 in
3131 1255 3190 1292 se
3220 1239 3440 1294 honore
3489 1256 3521 1292 a

169 1338 242 1391 vis
260 1336 348 1390 vel
374 1335 625 1390 conciliis
645 1333 938 1388 inventum
971 1337 1072 1400 est,
1106 1337 1164 1388 et
1191 1333 1261 1387 de
1309 1333 1515 1388 nostris
1546 1332 1785 1400 scriniis,
1888 1331 2106 1387 Christo
2134 1331 2392 1403 principe
2417 1331 2802 1400 sacerdotum,
2832 1333 3067 1402 propter
3097 1347 3270 1403 quem
3303 1335 3359 1386 et
3387 1332 3526 1386 tole-

171 1431 212 1483 si
237 1427 554 1499 dignemini
593 1427 908 1498 requirere,
943 1426 1200 1497 poteritis
1228 1442 1535 1497 agnoscere
1565 1441 1693 1496 quae
1718 1426 1788 1480 de
1890 1425 2092 1480 rantiae
2117 1441 2390 1480 coronam
2433 1424 2659 1480 sibimet
2694 1423 2972 1495 religavit.
3020 1425 3306 1479 Attentius
3343 1425 3524 1497 igitur

168 1523 359 1577 eodem
397 1521 698 1576 subsecuta
746 1519 816 1574 ab
860 1519 1244 1574 Alexandrino
1276 1519 1539 1590 episcopo
1577 1518 1648 1572 ad
1679 1519 1787 1572 Ro-
1893 1521 2021 1573 oret
2049 1522 2236 1573 vestra
2259 1518 2548 1573 beatitudo
2575 1534 2682 1590 pro
2706 1517 3184 1573 Christianissimo
3209 1517 3523 1589 imperato-

172 1633 309 1669 mam
366 1616 706 1668 alterutrum
751 1613 862 1667 sint
928 1614 1124 1666 relata.
1197 1612 1305 1676 Qui
1352 1613 1551 1666 Petrus
1611 1611 1791 1666 noctis
1890 1628 1952 1666 re
1976 1615 2035 1666 et
2062 1628 2166 1683 pro
2197 1611 2363 1666 nobis
2393 1611 2547 1682 ipsis.
2579 1611 2913 1665 Universam
2943 1611 3364 1666 fraternitatem
3395 1628 3522 1683 quae

171 1710 408 1762 existens
450 1707 619 1773 filius,
666 1712 722 1761 et
768 1722 1007 1777 operum
1054 1704 1168 1759 diei
1210 1704 1526 1759 lucentium
1576 1704 1792 1759 alienus
1895 1704 2187 1759 vobiscum
2241 1710 2325 1760 est
2364 1705 2424 1758 in
2465 1703 2708 1773 Christo,
2755 1719 2864 1774 ego
2904 1707 2961 1758 et
2989 1703 3087 1775 qui
3114 1720 3342 1759 mecum
3369 1711 3523 1770 sunt,

171 1817 463 1872 apparens,
486 1799 719 1854 omnino
741 1799 1002 1854 tenebras
1030 1798 1101 1852 ad
1125 1798 1488 1852 latrocinium
1515 1814 1798 1870 congruas
1817 1779 1874 1851 B
1897 1799 2223 1853 salutamus.
2250 1800 2321 1853 Et
2344 1798 2461 1853 alia
2483 1813 2654 1860 manu
2680 1816 2695 1851 :
2726 1798 2786 1852 In
2818 1796 3060 1852 Domino
3089 1813 3184 1852 ora
3212 1813 3318 1869 pro
3339 1797 3526 1865 nobis,

173 1893 567 1965 peragendum
613 1908 809 1947 earum
852 1895 1190 1963 cooperator
1230 1891 1558 1957 inveniens,
1613 1891 1800 1946 media
1891 1892 2212 1962 justissime
2244 1894 2427 1963 pater.

771 2138 1346 2270 INCIPIUNT
1437 2179 1958 2271 DECRETA
2051 2177 2477 2270 FELICIS
2566 2175 2933 2268 PAPIE.

669 2361 757 2416 Ad
781 2361 989 2417 Siculos
1009 2364 1299 2430 episcopos.
1901 2360 2138 2415 curandi
2167 2359 2406 2415 facilitas
2448 2359 2744 2415 mortifera
2787 2358 2992 2430 capitis
3028 2361 3188 2430 peste
3229 2357 3371 2414 nihil
3406 2375 3535 2431 pro-

239 2457 286 2507 l.
335 2454 417 2507 De
455 2453 543 2508 his
575 2454 674 2524 qui
710 2453 976 2524 baptizati
1003 2454 1330 2520 doluerunt,
1363 2457 1424 2508 et
1449 2457 1650 2525 postea
1678 2471 1796 2525 poe-
1902 2454 2014 2508 sit:
2049 2454 2144 2508 sed
2187 2453 2420 2524 segnius
2459 2456 2635 2508 tracta
2679 2452 2960 2524 pernicies
3006 2454 3168 2506 reatu
3210 2467 3330 2507 non
3387 2451 3529 2524 legi-

170 2546 354 2600 nitere
386 2546 716 2602 noluerunt.
1903 2547 2056 2601 timze
2110 2546 2418 2602 curationis
2473 2546 2714 2601 involvat
2767 2545 2982 2616 pariter
3030 2544 3250 2600 saucios
3305 2549 3364 2601 et
3406 2560 3530 2601 me-

236 2643 287 2692 2.
323 2639 407 2692 De
437 2638 780 2710 presbyteris
806 2639 892 2693 vel
922 2638 1252 2694 diaconibus
1281 2639 1378 2711 qui
1405 2639 1462 2694 in
1493 2641 1650 2711 lapsu
1685 2641 1798 2695 hae-
1903 2641 2120 2696 dentes.

168 2731 480 2786 reticorum
507 2747 565 2785 se
594 2730 916 2802 baptismati
943 2730 1243 2786 dederunt.
1974 2736 2099 2790 CAP.
2132 2735 2171 2789 Ι.
2201 2736 2264 2788 In
2292 2733 2492 2805 primis
2518 2733 2715 2803 itaque
2741 2731 3022 2788 venientis
3047 2731 3120 2786 ad
3148 2747 3246 2786 vos
3272 2737 3329 2787 et
3354 2747 3534 2788 reme-

233 2828 286 2878 3.
325 2825 406 2878 De
436 2825 525 2878 his
550 2824 647 2896 qui
675 2840 732 2879 se
760 2824 1196 2894 rebaptizaudos
1221 2825 1396 2896 impie
1425 2826 1723 2880 dederunt.
1905 2827 2064 2880 dium
2095 2826 2434 2897 postulantis
2475 2825 2709 2880 sollicite
2739 2823 3098 2879 discutienda
3123 2829 3207 2878 est
3236 2823 3536 2896 professio,

234 2918 286 2972 4.
323 2918 408 2972 De
439 2916 528 2971 bis
556 2918 653 2989 qui
683 2934 784 2989 per
817 2917 1207 2988 ignorantiam
1241 2918 1424 2974 aetatis
1469 2918 1803 2990 rebaptizati
1905 2923 1962 2974 et
1985 2935 2233 2990 persona
2253 2918 2496 2990 decepti,
2521 2926 2585 2973 ut
2606 2918 2832 2972 medela
2851 2918 3028 2990 possit
3045 2933 3368 2989 congruens
3387 2918 3540 2973 exhi-

169 3015 328 3065 sunt.
1905 3012 2047 3067 beri.
2080 3014 2146 3068 Et
2173 3013 2273 3084 qui
2309 3013 2693 3068 satisfacturus
2746 3012 2859 3067 Deo
2890 3027 2997 3084 per
3039 3011 3437 3083 paenitentiam
3479 3027 3539 3068 se

237 3108 291 3157 5.
327 3105 408 3157 De
459 3103 546 3157 his
589 3103 684 3174 qui
731 3104 801 3158 ab
851 3104 1132 3158 haereticis
1173 3103 1462 3174 baptizati,
1508 3108 1604 3159 aut
1647 3105 1807 3162 reba-
1831 3156 1878 3177 η
1906 3106 2321 3177 rebaptizatum
2374 3105 2630 3177 legitime
2677 3105 2944 3175 doluerit,
2984 3107 3182 3159 utrum
3223 3105 3293 3160 ad
3321 3105 3430 3160 hoc
3456 3105 3538 3159 fa-

249 3156 286 3157 η
335 3156 352 3157 ,
529 3156 536 3157 ,
1174 3156 1201 3158 η
1247 3156 1462 3174 τίη-η,
1647 3156 1784 3162 _-,__
1908 3156 2321 3177 ---Ὓηηηη-
2375 3156 2624 3177 "ww"
2685 3156 2944 3175 _-__-__-,
2993 3156 3182 3159 ηπ-
3226 3156 3510 3160 πη,ηῄ

164 3196 368 3266 ptizati
405 3203 556 3265 sunt,
587 3200 648 3250 ut
683 3196 752 3250 ad
780 3197 1213 3251 ecclesiasticam
1242 3196 1506 3252 militiam
1535 3213 1651 3254 non
1675 3214 1804 3269 per-
1827 3156 1882 3230 Ο
1909 3201 2068 3254 ciuus
2120 3199 2433 3254 occurrerit
2479 3215 2552 3252 an
2603 3199 2878 3268 impulsus
2934 3198 3233 3254 accesserit
3281 3198 3540 3270 requira-

167 3290 426 3345 veniant.
1909 3299 2002 3348 tur
2052 3292 2232 3347 sciens
2275 3291 2430 3362 quod
2477 3307 2535 3346 se
2576 3290 2824 3362 decipiat
2867 3291 2989 3362 ipse
3035 3291 3136 3362 qui
3164 3290 3328 3358 fallit,
3367 3291 3537 3347 nihil-

237 3386 291 3438 6.
325 3383 414 3436 De
443 3382 854 3453 paenitentibus
879 3389 942 3438 ut
963 3383 1174 3438 abaliis
1207 3383 1612 3456 episcopisnon
1639 3385 1809 3440 susci-
1908 3401 2020 3456 que
2060 3401 2164 3456 per
2207 3390 2462 3440 nostram
2504 3383 2837 3438 facilitatem
2879 3383 3176 3439 tribunalis
3216 3383 3423 3438 excelsi
3445 3385 3541 3455 juo

162 3475 434 3545 piantur.
1909 3478 2054 3532 dicio
2106 3477 2388 3550 derogari,
2436 3477 2528 3532 cui
2571 3477 2668 3531 illa
2719 3480 2852 3531 sunt
2900 3480 3045 3544 rata,
3088 3492 3216 3548 quae
3262 3477 3371 3547 pia,
3415 3493 3543 3548 qum

236 3568 464 3637 Flavio,
489 3569 700 3637 Boetio,
723 3570 856 3624 viris
875 3570 1200 3625 clarissimis
1225 3570 1571 3638 consulibus,
1592 3570 1696 3626 sub
1717 3571 1809 3627 die
1912 3588 2059 3641 vera,
2106 3588 2234 3643 quae
2266 3571 2424 3642 justa
2473 3574 2626 3638 sunt,
2671 3573 2728 3624 et
2766 3570 2936 3625 aliter
2981 3569 3348 3640 necessitatis,
3379 3570 3546 3626 aliter

160 3679 221 3719 In
254 3663 472 3718 Iduum
500 3663 842 3729 Martiarum,
877 3663 935 3717 in
971 3663 1204 3718 basilica
1231 3663 1701 3734 Constantiniani,
1725 3682 1810 3720 re-
1910 3665 2242 3721 tranctanda
2271 3670 2357 3720 est
2388 3664 2533 3719 ratio
2566 3664 2893 3719 voluntatis.
2941 3663 3198 3718 Deterior
3235 3668 3321 3718 est
3347 3669 3541 3719 autem

159 3756 406 3811 sidente
440 3755 748 3810 venerabili
772 3757 893 3811 viro
927 3773 1080 3828 papa
1116 3757 1317 3826 Felice,
1357 3773 1471 3812 una
1502 3774 1633 3812 cum
1665 3775 1807 3829 qua-
1911 3775 2081 3814 causa
2133 3758 2307 3827 illius,
2362 3758 2461 3829 qui
2509 3758 2658 3813 forte
2708 3757 2893 3828 pretio
2941 3757 3270 3812 sollicitatus
3321 3763 3424 3825 est,
3481 3762 3545 3813 ut

159 3849 449 3920 draginta
468 3848 743 3920 episcopis
763 3849 1190 3906 considentibus
1219 3851 1496 3906 universis
1528 3851 1813 3923 presbyte-
1911 3851 2145 3925 periret.
2199 3851 2348 3906 Nihil
2391 3851 2550 3906 enim
2598 3852 2947 3906 intentatum
2998 3850 3227 3923 reliquit
3253 3850 3541 3922 inimicus,

159 3943 262 4011 ris,
321 3941 644 3997 astantibus
691 3942 865 3997 etiam
916 3943 1270 4011 diacouibus,
1322 3944 1472 3998 Felix
1514 3945 1812 4017 episcopus
1912 3947 2022 4014 cui,
2049 3961 2122 4000 ne
2147 3946 2216 4001 de
2244 3962 2344 4000 sua
2363 3945 2530 4000 liceat
2557 3945 2802 4017 gaudere
2819 3949 3068 4016 captura,
3093 3943 3543 4000 succurrendum

154 4036 447 4091 Ecclesia:
481 4035 775 4091 catholicae
817 4036 968 4091 urbis
1004 4038 1198 4093 Romae
1227 4039 1443 4109 synodo
1473 4039 1808 4110 praesidens,
1913 4042 2000 4094 est
2028 4039 2282 4109 irretitis,
2311 4045 2368 4094 et
2391 4038 2773 4094 couterendus
2798 4041 2886 4093 est
2909 4038 3169 4094 venantis
3198 4038 3457 4111 laqueus,
3482 4043 3544 4094 ut

159 4129 319 4184 dixit
353 4146 368 4183 :
408 4128 735 4183 Communis
779 4129 942 4184 dolor
989 4133 1046 4184 et
1097 4131 1381 4201 generalis
1431 4135 1517 4186 est
1567 4133 1812 4203 gemitus
1911 4133 2226 4188 infucatum
2265 4132 2708 4188 lamentantibus
2745 4133 2969 4203 lapsum
3007 4136 3125 4186 tam
3155 4131 3390 4204 justitiaa
3415 4147 3539 4188 mo-

152 4223 331 4294 quod
377 4223 529 4275 intra
566 4222 816 4277 Africam
851 4223 1247 4294 rebaptizatos,
1291 4224 1464 4280 etiam
1495 4226 1810 4298 episcopos,
1914 4226 2227 4296 deratione,
2280 4242 2452 4299 quam
2497 4225 2942 4298 compunctioue
2985 4225 3211 4296 pietatis
3239 4225 3312 4280 ad
3352 4226 3544 4281 aulam

152 4317 566 4387 presbyteros,
600 4315 980 4387 diaconosque
1005 4317 1397 4388 cognovimus.
1423 4319 1558 4382 Quae
1583 4335 1674 4373 res
1693 4319 1814 4374 sine
1913 4335 2089 4391 quam
2105 4320 2456 4392 reliquerant
2470 4319 2542 4376 sit
2566 4335 2876 4390 regressus,
2905 4334 3012 4373 nec
3042 4318 3261 4390 pudeat
3279 4319 3542 4386 forsitan,

154 4408 361 4463 dubio
394 4407 466 4461 ad
495 4413 697 4462 nostrae
723 4425 954 4480 quoque
979 4411 1238 4480 pervenit
1267 4427 1530 4465 normam
1556 4413 1816 4467 sanctita-
1915 4419 2014 4468 aut
2055 4413 2252 4485 pigeat
2291 4414 2520 4470 indictis
2548 4413 2903 4486 jejuniorum
2931 4411 3365 4484 gemituumque
3397 4418 3542 4467 tem-

152 4502 253 4570 tis,
287 4502 369 4556 de
402 4517 515 4571 quo
544 4502 680 4572 quid
708 4503 994 4556 observari
1021 4503 1247 4570 debeat,
1272 4504 1540 4560 ordinare
1560 4522 1663 4560 nos
1687 4521 1815 4561 con-
1833 4523 1894 4596 D
1917 4506 2148 4577 poribus
2165 4506 2418 4571 obedire,
2437 4512 2536 4563 aut
2559 4507 2682 4560 aliis
2697 4505 3072 4560 observantiae
3089 4504 3413 4559 salubrioris
3441 4504 3542 4560 ob-

145 4595 352 4650 venit.
385 4593 624 4648 Proinde
646 4598 710 4649 ut
729 4595 1031 4650 manifesta
1057 4597 1128 4651 sit
1151 4613 1325 4668 super
1350 4599 1457 4652 hoc
1479 4602 1674 4653 nostra
1694 4616 1816 4654 sen-
1837 4593 1874 4596 _
1919 4603 2241 4670 temperare
2272 4600 2588 4671 praeceptis,
2629 4599 2764 4670 quia
2800 4597 3114 4653 humilibus
3142 4597 3314 4651 datur
3343 4597 3544 4669 gratia,

151 4689 386 4754 tentia,
408 4703 535 4758 quae
553 4687 717 4742 nobis
747 4693 881 4744 sunt
905 4689 1042 4756 visa,
1064 4690 1399 4747 recitantur.
1427 4692 1678 4748 Astasius
1700 4693 1818 4749 dia-
1918 4709 2036 4748 non
2061 4692 2340 4762 superbis.
2377 4692 2461 4748 Sit
2491 4708 2628 4763 ergo
2657 4691 2840 4745 ruinae
2877 4706 2994 4744 suae
3013 4689 3210 4746 dolore
3231 4692 3548 4762 prostratus

148 4798 362 4837 conus
392 4780 669 4836 recitavit.
1920 4785 2174 4857 quisquis
2201 4786 2261 4840 in
2287 4785 2506 4840 Christo
2537 4784 2658 4839 fieri
2696 4782 2902 4855 quaerit
2942 4782 3174 4851 electus,
3208 4785 3266 4838 et
3291 4800 3398 4856 per
3427 4783 3547 4840 dis-

236 4873 654 4929 Dilectissimis
703 4874 760 4928 in
804 4875 1026 4932 Christo
1072 4878 1200 4932 Jesu
1242 4878 1516 4934 fratribus
1543 4881 1820 4936 universis
1919 4879 2216 4950 positionis
2259 4883 2465 4934 uostrre
2493 4877 2844 4951 mysterium,
2894 4876 3050 4949 quod
3089 4881 3335 4932 vestram
3387 4880 3548 4951 sequi

147 4966 470 5041 episcopis
513 4985 611 5038 per
650 4968 898 5024 diversas
917 4969 1235 5040 provincias
1257 4973 1594 5028 constitutis.
1627 4975 1816 5038 Quali-
1920 4972 2185 5027 convenit
2222 4972 2579 5041 charitatem,
2619 4987 2722 5028 nec
2777 4971 2948 5026 alicui
2986 4971 3072 5026 fas
3123 4975 3208 5026 est
3265 4973 3352 5026 vel
3407 4974 3548 5029 velle

148 5069 254 5117 ter
289 5063 368 5116 in
412 5060 684 5116 Africanis
713 5061 1043 5133 regionibus
1081 5063 1291 5118 astutia
1327 5065 1540 5120 diaboli
1577 5066 1822 5123 saevierit
1923 5067 2010 5120 vel
2065 5083 2224 5138 posse
2283 5066 2676 5121 transcendere
2735 5081 2932 5120 causas
2980 5064 3142 5136 ejus,
3201 5065 3298 5137 qui
3349 5071 3549 5122 contra

139 5159 210 5212 in
254 5153 563 5228 populum
590 5154 972 5210 Christianum
1007 5161 1177 5229 atque
1203 5156 1260 5210 id
1293 5158 1593 5230 multiplici
1619 5161 1821 5232 decep-
1923 5160 2288 5231 apostolicam
2314 5159 2628 5215 doctrinam
2659 5159 2728 5214 ad
2764 5158 3127 5214 iterationem
3155 5175 3215 5213 se
3240 5159 3545 5230 baptisma-

141 5251 337 5305 tione
378 5248 728 5319 proruperit,
773 5253 837 5304 ut
870 5265 984 5303 non
1029 5249 1204 5304 modo
1260 5252 1463 5323 vulgus
1499 5253 1816 5323 incautum,
1922 5253 1993 5308 tis
2015 5253 2187 5308 nimis
2216 5253 2523 5307 infaustam
2559 5252 2733 5321 dedit,
2767 5252 2851 5306 vel
2878 5252 3002 5323 ejus
3027 5252 3124 5323 qui
3151 5244 3432 5322 aliquibus
3455 5265 3542 5305 ar-

140 5346 262 5399 sed
291 5343 466 5412 ipsos
494 5341 551 5394 in
580 5341 778 5395 mortis
803 5342 1084 5412 profunda
1117 5343 1454 5400 demerserit
1477 5347 1817 5415 sacerdotes,
1923 5347 2207 5419 gumentis
2249 5346 2636 5402 excusandum
2679 5346 2877 5400 callide
2923 5345 3217 5416 proprium
3264 5344 3548 5414 putaverit

138 5437 384 5493 nullus
414 5433 565 5487 orbis
592 5451 708 5490 non
739 5437 985 5506 gemuit,
1017 5437 1171 5490 nulla
1197 5442 1347 5492 terra
1374 5439 1628 5494 nescivit.
1658 5441 1820 5495 Unde
1922 5458 2042 5497 esse
2069 5456 2422 5496 consensum.
2454 5440 2804 5496 Sacerdotali
2824 5439 3014 5510 vigore
3037 5442 3094 5492 et
3112 5436 3470 5492 humanitate
3487 5437 3547 5492 in

137 5535 208 5586 in
281 5526 512 5600 grandi
565 5545 810 5583 maerore
851 5529 1013 5600 positi
1067 5530 1419 5586 dissimulare
1460 5548 1575 5587 non
1623 5551 1818 5604 possu-
1922 5535 2001 5590 eis
2029 5535 2185 5604 ﬁdes,
2214 5551 2340 5607 qua:
2368 5534 2476 5589 nisi
2506 5537 2594 5589 est
2632 5549 2746 5588 una
2773 5533 2898 5604 jam
2941 5531 3097 5585 nulla
3126 5534 3229 5599 est,
3263 5529 3548 5601 adjutorio

139 5639 304 5681 mus
340 5620 718 5692 pereuntium
750 5626 920 5692 atque
964 5639 998 5677 a
1034 5623 1199 5677 nobis
1241 5623 1661 5694 exigendarum
1704 5628 1818 5683 dis-
1923 5628 2148 5682 Domini
2182 5628 2392 5700 judicis
2416 5627 2487 5682 ad
2522 5627 2787 5692 salutem,
2818 5624 2938 5679 sine
2965 5626 3173 5678 nostrae
3202 5623 3549 5694 operationis

135 5719 418 5775 crimen
467 5713 812 5770 animarum.
859 5715 1214 5788 Quapropter
1264 5723 1587 5788 competens
1648 5721 1818 5776 adhi-
1924 5720 2234 5776 offensione
2278 5726 2595 5792 reparatur,
2645 5717 2779 5791 quia
2811 5733 2943 5772 cum
2985 5715 3292 5789 peccatoris
3321 5734 3357 5772 ιι
3385 5713 3552 5772 nobis

137 5808 388 5870 benda
439 5806 642 5861 talibus
680 5807 959 5862 medicina
999 5810 1346 5880 vulneribus,
1391 5828 1460 5866 ne
1519 5813 1823 5870 immatura
1925 5815 2232 5870 satisfactio
2265 5815 2650 5887 protrahatur,
2681 5827 2796 5866 non
2813 5815 3024 5884 prator
3048 5808 3278 5867 laudem
3300 5815 3557 5867 nostram
