4062 6188
533 302 632 354 935

1409 287 1690 353 APPEND.
1730 299 1818 353 AD
1853 298 2013 355 SEC.
2059 299 2142 353 IX.
2177 326 2246 339 -—
2283 296 2535 355 ISlDORI
2573 297 2998 355 MERCATDRIS

3787 297 3888 355 936

529 411 698 477 atque
722 405 980 459 laetitiam
1004 420 1167 458 mens
1193 405 1314 475 ejus
1343 405 1413 460 ad
1434 406 1661 460 veniam
1689 407 1984 478 purgatior
2003 408 2156 462 inve-
2179 420 2235 491 Α
2257 415 2344 463 ter
2383 425 2479 463 eos
2508 408 2606 480 qui
2637 408 2890 464 oratione
2920 407 3038 462 sola
3084 407 3539 473 communicant,
3571 406 3752 461 donec
3782 407 3888 460 im-

531 498 703 552 nitur.
736 499 801 551 Et
820 497 948 551 ideo
969 498 1348 552 memineritis
1370 499 1514 552 hanc
1533 516 1703 570 super
1720 500 1806 554 his
1827 517 1929 555 nos
1950 501 2160 558 habere

528 591 884 657 sententiam,
913 594 996 658 ut,
1021 597 1240 645 servata
1285 591 1621 646 discretione
1649 594 2024 664 peccantium,
2046 613 2162 652 non

527 683 724 738 eadem
737 684 920 738 cuncti
935 684 1031 754 qui
1049 685 1191 755 lapsi
1205 687 1338 738 sunt
1357 686 1519 739 lance
1542 690 1873 756 pensentur,
1889 690 2158 760 quoniam

528 777 762 847 majoris
783 777 1175 847 castigationis
1196 778 1506 850 exigendus
1524 785 1608 834 est
1631 797 1820 844 usura,
1845 782 1935 835 cui
1956 783 2161 837 domus

531 869 757 923 Domini
785 870 1083 924 commissa
1109 870 1281 925 fuerit
1312 871 1624 942 disciplina.

601 965 665 1019 Il.
708 963 778 1016 Ut
799 979 937 1034 ergo
968 963 1038 1017 ab
1067 964 1328 1018 Ecclesiae
1359 965 1780 1020 summitatibus
1808 966 2158 1036 inchoemus,

531 1073 627 1112 eos
657 1072 797 1128 quos
827 1057 1138 1128 episcopos,
1167 1057 1530 1128 presbyteros
1570 1059 1655 1112 vel
1693 1059 1959 1115 diaconos
1993 1061 2161 1117 fuisse

530 1151 881 1216 constiterit,
935 1154 990 1204 et
1041 1167 1098 1204 se
1152 1156 1410 1221 optantes
1470 1152 1734 1219 forsitan,
1789 1171 1886 1208 seu
1939 1161 2162 1210 coactos

533 1244 737 1298 lavacri
799 1243 946 1297 illius
1005 1244 1156 1298 unici
1229 1244 1601 1316 salutarisque
1654 1247 1919 1302 claruerit
1968 1249 2162 1304 fecisse

525 1338 830 1406 jacturam,
857 1341 914 1390 et
942 1336 1228 1391 Christum
1252 1353 1426 1408 quem
1455 1355 1571 1392 non
1603 1340 1790 1393 solum
1821 1340 1970 1395 dono
1997 1358 2160 1412 rege-

534 1430 862 1496 nerationis,
903 1446 1096 1484 verum
1137 1430 1311 1484 etiam
1353 1431 1595 1502 gratiam
1641 1435 1904 1504 praecepti
1933 1435 2163 1489 honoris

533 1523 840 1579 induerant
865 1523 1086 1577 exuisse
1114 1540 1244 1578 cum
1271 1528 1512 1594 constet,
1543 1526 1832 1580 neminem
1864 1528 1933 1582 ad
1953 1545 2159 1596 secun-

534 1619 666 1672 dam
719 1617 1054 1671 tinctionem
1099 1618 1288 1671 venire
1342 1619 1634 1689 potuisse,
1705 1620 1811 1674 nisi
1863 1638 1922 1674 se
1976 1623 2161 1692 palam

533 1711 916 1768 Christianum
963 1711 1272 1780 negaverit,
1321 1715 1376 1764 et
1422 1713 1707 1781 professus
1752 1714 1930 1768 fuerit
1955 1731 2014 1768 se
2045 1731 2162 1770 esse

2260 503 2484 573 pleatur
2519 503 2771 573 spatium
2798 500 3077 572 temporis
3115 501 3297 555 eidem
3334 499 3741 572 praestitutum.
3787 499 3892 552 Nec

2261 596 2698 650 catechumenos
2728 599 2970 662 nostros,
3009 594 3107 665 qui
3137 594 3240 648 sub
3279 594 3378 648 tali
3409 593 3769 664 professione
3791 591 3889 645 ba-

2262 690 2451 759 ptizati
2477 697 2610 743 sunt
2631 687 3139 759 praetermittimus,
3162 687 3294 758 quia
3311 703 3429 742 non
3442 690 3526 741 est
3545 702 3721 740 causa
3737 685 3893 739 dissi-

2264 777 2414 832 milis
2437 795 2450 831 :
2479 778 2622 832 sicut
2650 777 2825 831 iidem
2848 777 3026 831 sancti
3052 793 3299 830 canones
3325 775 3738 830 ordinaverunt
3777 775 3894 844 ejus

2261 871 2360 942 qui
2392 871 2646 942 quolibet
2681 869 2851 924 modo
2879 869 3167 924 Christum
3191 885 3363 940 quem
3394 869 3565 923 semel
3598 869 3892 922 confessus

2259 965 2348 1036 abj
2359 966 2549 1019 urarit.
2579 964 2777 1018 Tribus
2799 963 2960 1017 annis
2980 963 3128 1018 inter
3146 962 3444 1017 audientes
3463 962 3599 1028 sint,
3619 967 3678 1016 et
3699 965 3890 1032 postea

2262 1075 2391 1112 cum
2425 1055 2884 1112 cathechumenis
2914 1055 3320 1127 permittantur
3351 1071 3531 1121 orare,
3560 1070 3666 1125 per
3692 1070 3892 1108 manus

2263 1151 2684 1222 impositionem
2716 1149 3133 1204 communionis
3160 1147 3450 1204 catholicae
3482 1148 3732 1219 gratiam
3767 1164 3890 1218 per-

2263 1245 2502 1316 cepturi,
2523 1245 2769 1315 exccptis
2786 1260 2920 1298 sane
2934 1241 3334 1298 tantummodo
3347 1241 3650 1314 episcopis,
3667 1241 3895 1312 presby-

2264 1338 2397 1393 teris
2445 1344 2502 1393 et
2543 1337 2874 1393 diaconibus
2917 1353 3062 1409 quos
3103 1336 3220 1390 solo
3258 1335 3460 1390 mortis
3487 1351 3605 1388 sua;
3633 1341 3891 1406 tempore

2262 1431 2706 1486 reconciliandos
2731 1447 2847 1486 esse
2863 1432 2989 1502 jam
3019 1430 3305 1484 duximus.
3328 1431 3594 1494 Crateros,
3612 1428 3673 1482 id
3695 1433 3782 1482 est
3803 1444 3894 1482 seu

2263 1526 2511 1591 clericos,
2549 1527 2663 1580 sive
2701 1525 3034 1592 monachos,
3079 1540 3179 1578 seu
3209 1523 3376 1577 laicos
3403 1522 3704 1592 utriusque
3731 1537 3895 1575 sexus

2263 1635 2552 1690 personas,
2589 1634 2732 1689 quos
2772 1618 3042 1673 violentia
3085 1616 3352 1688 periculis
3380 1621 3600 1670 coactos
3637 1616 3892 1669 iteratio-

2262 1729 2396 1767 nem
2441 1711 2795 1782 baptismatis
2833 1711 3047 1766 subisse
3079 1709 3416 1774 constiterit,
3451 1709 3536 1763 vel
3574 1708 3678 1779 qui
3705 1708 3894 1778 aliquo

533 1820 847 1876 paganum.
903 1803 1062 1867 Quod
1113 1820 1243 1858 cum
1302 1805 1642 1879 generaliter
1691 1806 1762 1861 sit
1803 1807 1860 1860 in
1898 1789 2238 1862 omnibusB
2262 1808 2588 1860 commento
2631 1805 2801 1875 hujus
2848 1821 2907 1859 se
2946 1803 3210 1858 facinoris
3240 1802 3462 1874 piaculo
3490 1802 3748 1856 dixerint
3781 1818 3891 1854 non

535 1897 969 1963 exsecrandum,
993 1897 1172 1950 multo
1197 1897 1382 1968 magis
1398 1897 1455 1951 in
1477 1899 1775 1971 episcopis,
1795 1901 2157 1972 presbyteris,

531 1991 859 2046 diaconibus
888 1990 1145 2044 auditum
1179 1991 1377 2044 saltem
1411 1991 1677 2062 dictoque
1721 1994 1993 2064 probatur
2036 1995 2162 2049 hor-

533 2085 797 2140 rendum.
847 2083 957 2138 Sed
1016 2084 1150 2154 quia
1208 2084 1363 2137 idem
1415 2085 1685 2140 Dominus
1711 2090 1882 2157 atque
1910 2089 2164 2143 Salvator

534 2177 1004 2233 clementissimus
1055 2180 1138 2230 est
1193 2182 1251 2231 et
1281 2177 1572 2232 neminem
1603 2181 1721 2234 vult
1749 2181 1952 2250 perire,
1986 2198 2162 2253 usque

535 2271 606 2326 ad
634 2271 818 2326 exitus
847 2270 933 2324 sui
959 2270 1108 2324 diem
1137 2269 1196 2324 in
1225 2271 1563 2341 poenitentia
1588 2273 1636 2326 si
1664 2273 2000 2344 resipiscunt
2014 2276 2164 2347 jace-

535 2381 594 2420 re
625 2364 939 2432 conveniet,
970 2379 1076 2416 nec
1104 2364 1350 2418 orationi
1385 2381 1502 2419 non
1543 2367 1714 2421 modo
1754 2367 2029 2435 ﬁdelium,
2062 2369 2162 2423 sed

536 2474 640 2514 nec
665 2457 1212 2512 catechumenorum
1256 2457 1601 2513 omnimodis
1631 2460 1921 2516 interesse.
1951 2463 2164 2527 Quibus

534 2551 860 2608 communio
907 2550 1054 2605 laica
1103 2550 1164 2605 in
1216 2557 1403 2606 morte
1454 2551 1807 2608 redhibenda
1850 2560 1951 2610 est.
1984 2557 2162 2620 Quam

533 2662 656 2701 rem
704 2645 1034 2716 diligentius
1072 2645 1364 2716 explorare
1414 2646 1499 2700 vel
1550 2646 1734 2702 facere
1779 2648 2163 2718 probatissimi

536 2739 836 2795 sacerdotis
863 2755 992 2792 cura
1026 2737 1268 2792 debebit.

604 2834 691 2888 ill.
748 2833 823 2885 De
882 2831 1100 2885 clericis
1146 2835 1338 2886 autem
1389 2835 1447 2885 et
1498 2834 1810 2902 monachis,
1862 2839 1962 2888 aut
1998 2835 2159 2905 puel-

529 2928 598 2982 lis
645 2926 764 2994 Dei,
819 2928 918 2978 aut
965 2924 1347 2991 sacularibus,
1400 2925 1784 2996 prmeipimus,
1817 2927 1968 2982 hunc
2011 2931 2164 2982 teno-

535 3035 659 3076 rem
721 3033 892 3089 quem
955 3018 1175 3071 Niczena
1225 3017 1476 3088 synodus
1521 3019 1668 3074 circa
1729 3036 1822 3074 eos
1874 3022 1970 3092 qui
2025 3022 2165 3093 lapsi

537 3119 670 3168 sunt
721 3113 810 3166 vel
836 3111 1054 3165 fuerint
1083 3111 1423 3165 servandum
1457 3128 1579 3167 esse
1620 3114 1930 3182 constituit,
1969 3119 2031 3169 ut
2066 3116 2164 3170 sci-

534 3207 666 3262 licet
707 3205 803 3277 qui
853 3205 1008 3258 nulla
1049 3205 1400 3273 necessitate,
1459 3206 1672 3260 nullius
1716 3207 1799 3261 rei
1831 3208 2039 3263 timore
2067 3214 2167 3264 aut

534 3299 804 3372 periculo,
847 3314 904 3354 se
962 3301 1022 3351 ut
1074 3297 1501 3369 rebaptizentur
1533 3299 1814 3354 haereticis
1857 3302 2034 3373 impie
2075 3303 2166 3358 de-

535 3393 762 3460 derunt,
817 3392 864 3446 si
920 3397 1112 3445 tamen
1167 3407 1261 3445 eos
1311 3409 1375 3444 ex
1429 3393 1598 3446 corde
1647 3396 1937 3464 poeniteat,
1987 3396 2166 3450 tribus

535 3488 700 3544 annis
758 3486 904 3541 inter
957 3484 1256 3539 audientes
1298 3484 1430 3539 sint.
1482 3486 1708 3557 Septem
1763 3492 1953 3542 autem
2002 3489 2166 3543 annis

539 3581 867 3651 subjaceant
903 3578 1054 3632 inter
1096 3578 1436 3648 pcenitentes
1478 3579 1739 3634 manibus
1785 3581 2164 3650 sacerdotum,

537 3674 756 3730 duobus
798 3678 989 3727 autem
1030 3671 1341 3726 oblationes
1377 3673 1559 3727 modis
1611 3673 1876 3728 omnibus
1935 3691 2052 3730 non
2101 3675 2168 3729 si-

542 3773 754 3823 nantur
795 3765 1036 3835 offerre,
1095 3765 1195 3820 sed
1245 3766 1639 3822 tantummodo
1697 3768 2054 3823 saecularibus
2108 3769 2166 3823 in

541 3861 799 3918 oratione
833 3859 1138 3915 socientur.
1171 3860 1279 3914 Nec
1317 3860 1703 3914 confundatur
1731 3864 1843 3917 Deo
1875 3863 2018 3917 colla
2045 3863 2169 3918 sub-

541 3956 788 4024 mittere,
817 3954 916 4024 qui
950 3971 1064 4010 non
1100 3969 1236 4009 eum
1264 3954 1454 4008 timuit
1481 3954 1786 4026 abnegare.
1817 3956 1979 4020 Quod
2006 3956 2050 4011 si
2079 3962 2166 4012 ut-

540 4055 673 4122 pote
704 4048 970 4104 mortales
995 4047 1144 4101 intra
1179 4052 1358 4102 metas
1397 4047 1709 4118 praescripti
1748 4050 2018 4120 temporis
2056 4067 2165 4105 cce-

539 4142 689 4215 perit
730 4141 861 4196 vita:
903 4141 1030 4194 finis
1068 4157 1296 4212 urgere,
1344 4141 1797 4196 subveniendum
1836 4147 1919 4197 est
1959 4143 2166 4215 implo-

540 4235 712 4304 ranti,
743 4241 800 4290 et
825 4250 923 4289 seu
959 4234 1029 4288 ab
1059 4233 1319 4305 episcopo
1367 4235 1465 4306 qui
1496 4235 1892 4306 paenitentiam
1929 4236 2167 4307 dederit,

545 4344 647 4383 seu
678 4327 748 4382 ab
785 4327 898 4381 alio
923 4327 1022 4398 qui
1046 4330 1242 4380 tamen
1287 4327 1474 4382 datam
1519 4344 1638 4382 esse
1682 4328 2023 4400 probaverit,
2074 4336 2173 4386 aut

543 4421 804 4478 similiter
820 4420 1154 4492 presbytero
1175 4419 1445 4475 viaticum
1468 4421 1698 4476 abeunti
1720 4423 1788 4479 de
1811 4424 2016 4479 saeculo
2055 4442 2171 4480 non

545 4521 809 4587 negetur.

543 4681 547 4686 ‘
613 4611 699 4666 ιν.
749 4608 943 4664 Pueris
984 4611 1179 4662 autem
1215 4607 1421 4678 quibus
1469 4610 1620 4679 quod
1675 4611 1860 4666 adhuc
1890 4612 2174 4668 imberbes

547 4709 677 4759 sunt
723 4719 756 4758 a
798 4702 1096 4772 pubertate
1133 4701 1474 4756 vocabulum
1525 4707 1628 4771 est,
1673 4721 1773 4760 seu
1815 4705 2031 4760 clericis
2060 4706 2174 4762 sive

547 4797 701 4852 laicis
749 4796 926 4850 etiam
983 4795 1261 4849 similibus
1312 4796 1538 4866 puellis,
1596 4799 1799 4869 quibus
1853 4800 2177 4870 ignorantia

550 4889 891 4960 suffragatur
911 4888 1112 4954 astatis,
1143 4889 1476 4960 aliquandiu
1506 4891 1608 4945 sub
1637 4908 1840 4948 manus
1865 4893 2171 4966 impositio-

550 5001 622 5040 ne
647 4983 892 5038 detentis
915 4981 1212 5037 reddenda
1242 4983 1568 5038 communio
1595 4989 1698 5051 est,
1731 5002 1834 5042 nec
1865 5004 2064 5043 eorum
2085 5005 2177 5044 ex-

549 5076 854 5149 spectanda
897 5074 1266 5146 poenitentia,
1309 5093 1453 5147 quos
1508 5078 1719 5149 excipit
1758 5096 1790 5132 a
1834 5082 2175 5137 coercitione

551 5186 810 5226 censura.
843 5169 1005 5233 Quod
1035 5171 1121 5222 est
1145 5187 1177 5223 a
1210 5169 1374 5224 nobis
1406 5171 1639 5242 provide
1678 5175 2076 5243 constitutum,
2105 5192 2176 5230 ne

549 5266 609 5320 hi
661 5264 868 5336 quibus
911 5262 972 5317 in
1017 5263 1234 5317 terreni
1282 5263 1409 5318 labe
1452 5266 1702 5336 contagii
1745 5267 1872 5337 plus
1917 5269 2176 5325 minusve

550 5362 726 5415 restat
761 5357 830 5413 ad
883 5357 1083 5424 vitam,
1135 5356 1274 5412 dum
1323 5357 1507 5412 adhuc
1555 5358 1614 5412 in
1659 5359 1994 5430 pauitantia
2022 5367 2174 5431 sunt,

552 5451 883 5525 paenitenda
919 5449 1300 5506 committant.
1347 5450 1505 5514 Quod
1558 5453 1603 5506 si
1656 5457 1787 5508 ante
1832 5455 2176 5525 preﬁnitum

553 5545 901 5618 paenitentiae
956 5547 1184 5615 tempus
1229 5543 1524 5613 despectus
1567 5561 1600 5600 a
1628 5547 1880 5617 medicis,
1930 5553 2030 5604 aut
2062 5551 2174 5604 evi-

550 5639 816 5702 dentibus
856 5637 1050 5692 mortis
1093 5652 1320 5708 pressus
1357 5637 1578 5692 indiciis
1618 5647 1847 5712 recepta
1874 5642 2177 5716 quisquam

545 5729 976 5793 communionis
1021 5729 1204 5807 gratia
1251 5731 1622 5802 convalescat,
1667 5750 1957 5791 servemus
2003 5738 2062 5794 in
2113 5755 2180 5794 eo

555 5824 706 5894 quod
739 5824 1222 5888 Meneni-canones
1249 5823 1678 5899 ordinaverunt,
1702 5834 1767 5883 ut
1796 5829 2070 5887 habeatur
2091 5832 2176 5887 in-

2185 3159 2240 3234 C

2262 1899 2462 1967 teneri,
2483 1899 2568 1952 his
2593 1898 2990 1969 paenitentiam
3014 1913 3118 1968 per
3139 1895 3450 1950 triennium
3475 1896 3686 1950 durare
3709 1893 3893 1948 decre-

2260 1993 2464 2062 vimus,
2509 1995 2566 2046 et
2606 2009 2709 2062 per
2751 2008 2957 2047 manus
3003 1989 3425 2061 impositionem
3461 1989 3532 2043 ad
3560 1988 3890 2042 societatem

2261 2086 2437 2157 recipi
2457 2102 2554 2141 eos
2575 2085 2939 2140 sacramenti.

2332 2181 2396 2234 V.
2425 2180 2524 2235 lllo
2551 2195 2654 2251 per
2681 2179 2880 2234 omnia
2895 2177 3195 2245 custodito,
3228 2193 3300 2231 ne
3319 2193 3386 2232 ex
3407 2176 3488 2230 eis
3508 2191 3781 2246 unquam
3801 2176 3894 2246 qui

2263 2273 2322 2328 in
2351 2273 2602 2345 qualibet
2625 2277 2788 2328 aetate
2818 2272 2954 2327 alibi
2997 2287 3173 2344 quam
3214 2271 3271 2325 in
3309 2270 3559 2325 Ecclesia
3596 2268 3891 2332 catholica,

2261 2371 2360 2422 aut
2387 2365 2579 2440 232
2607 2366 2890 2438 baptizati,
2921 2369 3020 2420 aut
3049 2363 3380 2435 rebaptizati
3408 2367 3563 2430 sunt,
3608 2363 3686 2417 ad
3716 2362 3890 2416 eccle-

2263 2460 2546 2516 siasticam
2593 2460 2856 2514 militiam
2904 2475 3134 2531 prorsus
3167 2457 3576 2528 permittantur
3603 2455 3890 2511 accedere.

2263 2555 2480 2619 Quibus
2511 2553 2644 2608 satis
2676 2569 2795 2608 esse
2825 2553 3012 2619 debet,
3045 2551 3204 2624 quod
3247 2551 3305 2604 in
3348 2550 3763 2605 catholicorum
3801 2565 3894 2602 nu-

2265 2664 2427 2702 mero
2453 2652 2587 2702 sunt
2610 2647 2846 2718 recepti,
2877 2645 3152 2718 quoniam
3193 2645 3262 2699 de
3290 2661 3392 2699 suo
3421 2643 3626 2698 ordine
3654 2646 3714 2697 et
3744 2657 3890 2696 com-

2264 2741 2543 2796 munione
2593 2739 2875 2795 videbitur
2929 2740 3077 2794 ferre
3116 2738 3421 2810 judicium,
3476 2736 3741 2808 quisquis
3795 2736 3894 2788 hoc

2264 2835 2556 2890 violaverit
2596 2834 2939 2903 antistitum,
2989 2833 3079 2887 vel
3117 2833 3214 2904 qui
3260 2848 3376 2886 non
3415 2829 3732 2885 removerit
3767 2844 3895 2883 eum

2264 2945 2436 3001 quem
2485 2945 2553 2984 ex
2603 2928 2682 2983 eis
2727 2927 2796 2981 ad
2851 2926 3233 2982 ministerium
3269 2923 3528 2980 clericale
3578 2922 3895 2993 Obrepsisse

2265 3022 2615 3095 cognoverit.

2337 3117 2424 3172 VI.
2457 3115 2783 3171 Curandum
2811 3130 2944 3169 vero
2977 3113 3227 3168 maxime
3267 3117 3324 3167 et
3367 3110 3526 3166 omni
3570 3110 3793 3163 cautela
3818 3114 3895 3161 est

2265 3209 2707 3281 providendum,
2746 3223 2819 3262 ne
2857 3207 2982 3278 quis
3027 3207 3270 3261 fratrum
3312 3204 3895 3276 coepiscoporumque

2267 3307 2612 3368 nostrorum,
2634 3305 2732 3355 aut
2750 3300 2920 3354 etiam
2947 3299 3403 3370 presbyterorum
3425 3297 3485 3350 in
3505 3295 3746 3350 alterius
3767 3295 3893 3349 ciri-

2265 3400 2381 3451 tate
2408 3396 2495 3450 vel
2524 3394 2747 3450 dicecesi
2771 3394 3163 3465 pauitantem,
3191 3392 3278 3446 vel
3309 3391 3411 3445 sub
3445 3405 3629 3444 manu
3651 3389 3894 3460 positum

2265 3489 2595 3559 sacerdotis,
2622 3493 2721 3543 aut
2752 3504 2885 3542 eum
2915 3486 3016 3558 qui
3042 3484 3466 3541 reconciliatum
3490 3500 3552 3537 se
3592 3498 3721 3537 esse
3753 3483 3896 3536 dixe-

2267 3586 2358 3652 rit,
2387 3584 2507 3638 sine
2535 3581 2788 3654 episcopi
2814 3582 2903 3635 vel
2930 3579 3253 3652 presbyteri
3279 3576 3629 3642 testimonio,
3665 3579 3728 3630 et
3751 3576 3893 3630 litte-

2268 3679 2363 3748 ris,
2389 3681 2488 3732 aut
2512 3677 2570 3730 in
2599 3674 2865 3747 parochia
2893 3674 3208 3746 presbyter,
3239 3675 3339 3727 aut
3365 3671 3666 3742 episcopus
3694 3671 3755 3723 in
3776 3669 3896 3723 civi-

2267 3776 2382 3828 tate
2410 3770 2696 3841 suscipiat.
2726 3768 2884 3834 Quod
2907 3767 2954 3822 si
2979 3767 3170 3838 aliqua
3190 3765 3645 3821 dissimulatione
3667 3763 3899 3834 negligi-

2268 3870 2381 3935 tur,
2405 3865 2572 3936 culpa
2597 3863 2784 3934 tangit
2804 3862 2978 3916 etiam
3001 3861 3218 3916 clerum
3242 3859 3338 3932 qui
3367 3859 3426 3912 in
3455 3858 3592 3912 locis
3613 3857 3675 3910 in
3700 3856 3899 3928 quibus

2269 3961 2375 4014 hoc
2405 3958 2595 4012 minus
2628 3959 2891 4012 curatum
2919 3955 3112 4022 fuerit,
3145 3957 3552 4008 commoratur.
3587 3951 3686 4005 His
3711 3953 3898 4021 itaque

2267 4053 2375 4108 rite
2403 4050 2693 4124 dispositis
2717 4055 2776 4104 et
2802 4049 3178 4104 Ecclesiarum
3202 4050 3517 4102 vestrarum
3539 4044 3610 4099 ad
3639 4043 3898 4099 notitiam

2269 4149 2459 4201 nostra
2492 4144 2898 4201 deliberatione
2943 4142 3191 4214 perlatis,
3237 4155 3440 4212 parere
3487 4154 3585 4192 vos
3637 4136 3898 4193 convenit

2270 4240 2475 4312 quibus
2501 4240 2631 4293 licet
2655 4238 2726 4292 ad
2745 4237 3062 4291 animarum
3094 4233 3516 4305 reparationem
3546 4231 3690 4286 nihil
3712 4232 3897 4285 deesse

2271 4333 2550 4400 videatur,
2580 4336 2774 4387 tamen
2802 4331 2851 4385 si
2878 4329 2968 4384 cui
2992 4329 3124 4384 novi
3155 4327 3370 4399 aliquid
3405 4330 3463 4382 et
3490 4325 3650 4397 quod
3671 4330 3894 4397 pra'ter-

2272 4429 2353 4483 ire
2381 4444 2486 4482 nos
2512 4425 2717 4498 potuit,
2749 4424 2924 4480 fuerit
2949 4423 3279 4488 revelatum,
3311 4419 3633 4475 secundum
3676 4420 3895 4472 beatum

2195 4537 2252 4609 ι)
2275 4521 2591 4593 apostolum
2616 4519 2878 4586 Paulum,
2903 4521 3121 4572 tacente
3149 4515 3340 4609 priore
3360 4513 3616 4568 tideliter
3633 4513 3892 4572 insinuet,

2275 4615 2411 4686 quia
2431 4614 2674 4685 Spiritus
2699 4612 2794 4666 ubi
2815 4612 2934 4666 vult
2958 4610 3156 4682 spirat,
3183 4603 3436 4663 maxime
3455 4623 3587 4661 cum
3607 4622 3714 4660 sua
3737 4618 3896 4659 causa

2274 4712 2566 4775 tractatur,
2618 4722 2723 4761 nec
2771 4723 2872 4760 nos
2918 4705 3137 4776 pigebit
3183 4702 3404 4758 audire.
3447 4703 3512 4756 Et
3537 4701 3582 4754 si
3617 4715 3751 4771 qua:
3780 4703 3894 4752 sunt

2277 4803 2504 4868 omissa,
2533 4818 2646 4854 non
2679 4804 3014 4870 arroganter
3037 4798 3303 4865 abnuere,
3354 4795 3452 4849 sed
3491 4793 3893 4848 rationabiliter

2277 4896 2562 4952 ordinare.
2606 4895 2748 4949 Deus
2793 4892 3072 4948 custodiat
3114 4908 3234 4958 vos,
3283 4889 3642 4944 dilectissimi
3682 4888 3890 4942 fratres.

2276 4991 2413 5044 Data
2463 4989 2589 5044 ldus
2631 4988 2827 5054 Martii,
2873 4986 3104 5041 Divanio
3152 4991 3208 5040 et
3233 4984 3452 5039 Sinidio
3483 4983 3549 5036 ιν
3581 4999 3665 5037 cc.
3702 4995 3894 5035 consu-

2276 5082 2443 5140 libus.

2277 5211 2523 5280 Epistola
2572 5208 2807 5278 ejusdem
2850 5207 2924 5262 ad
2954 5208 3209 5280 Acacium
3253 5202 3901 5280 Constantinppolitanum

2346 5275 2670 5352 episcopum,
2695 5295 2805 5363 qua
2829 5283 2948 5333 eum
2968 5278 3286 5332 condemnat
3305 5279 3528 5344 prapter
3549 5275 3902 5342 Euthyciano.

2345 5369 2467 5408 rum
2493 5365 2931 5408 commumonem.

2351 5461 2510 5515 Fr:le
2551 5459 2848 5530 episcopus
2886 5462 3092 5511 sancta:
3128 5453 3387 5510 Ecclesiae
3423 5451 3720 5507 catholica
3757 5447 3900 5504 urbis

2278 5554 2476 5608 Romae
2505 5556 2726 5609 ACACIO.

2349 5647 2652 5702 Multarum
2685 5644 3225 5718 transgresssionum
3269 5640 3539 5714 reperiris
3599 5638 3897 5696 obnoxius.

2280 5745 2336 5796 et
2378 5741 2437 5796 in
2487 5740 2822 5797 venerabilis
2857 5737 3083 5795 conciiii
3114 5736 3325 5792 Niceni
3369 5733 3716 5790 contumelia
3757 5743 3896 5798 saepe

2280 5839 2564 5904 versatus,
2633 5834 2954 5889 alienarum
3014 5831 3111 5886 tibi
3177 5829 3602 5903 provinciarum
3649 5826 3772 5896 jura
3821 5825 3894 5876 te-
