4062 6188
174 313 272 363 937

1410 310 1876 368 DECRETALIL'M
1920 313 2301 368 COLLECTIU.

3431 318 3531 370 938

174 416 410 471 merarie
454 417 767 485 vindicasti,
805 419 1106 474 haereticos
1141 425 1198 475 et
1241 435 1592 491 pervaseres,
1627 426 1798 492 atque
1821 432 1880 506 Α
1900 419 2311 500 objectionibus
2343 422 2648 492 impetivit,
2678 422 2736 476 in
2761 423 3068 494 apostolica
3098 422 3413 478 secundum
3441 438 3531 479 ca-

171 513 239 564 ab
284 510 566 566 hereticis
609 511 917 579 ordinatos,
953 517 1008 567 et
1049 529 1189 584 quos
1240 514 1359 584 ipse
1405 513 1798 583 damnaveras,

170 613 342 676 atque
373 604 444 658 ab
472 605 778 674 apostolica
809 606 938 662 sede
967 607 1158 677 petisti
1187 607 1468 675 damnari,
1489 624 1608 662 non
1637 608 1805 662 modo

171 697 567 753 communioni
593 703 703 752 tute
733 699 1090 770 recipiendos
1133 701 1364 772 putasti,
1396 717 1594 756 verum
1635 702 1803 756 etiam

168 793 292 846 aliis
321 791 594 859 Ecclesiis,
626 792 782 862 quod
825 809 929 846 nec
966 793 1037 847 de
1079 794 1370 848 catholicis
1407 794 1530 848 ﬁeri
1558 799 1802 865 poterat,

167 885 475 956 praesidere
516 885 716 953 fecisti,
748 891 917 957 atque
961 888 1132 941 etiam
1163 887 1472 942 honoribus
1504 888 1657 959 quod
1687 905 1802 942 non

169 979 562 1047 merebantur,
589 979 816 1033 auxisti.
847 981 1102 1035 Testatur
1132 982 1239 1036 hoc
1276 983 1541 1047 Joannes,
1571 998 1743 1052 quem
1773 998 1804 1034 a

167 1073 458 1126 catholicis
512 1072 762 1143 Apamia:
810 1090 926 1128 non
982 1080 1296 1145 receptum,
1344 1076 1684 1146 pulsumque
1735 1077 1803 1130 de

167 1167 486 1220 Antiochia.
538 1166 714 1238 Tyriis
755 1167 1077 1236 przefecisti,
1107 1173 1164 1222 et
1209 1168 1508 1223 Humerius
1553 1172 1687 1224 tunc
1736 1170 1804 1223 de

168 1260 415 1314 diacono
429 1260 640 1330 ejectus
654 1263 827 1330 atque
845 1261 1150 1316 Christiani
1171 1262 1417 1316 nominis
1429 1263 1803 1333 appellatione

168 1354 440 1424 privatus,
455 1358 558 1408 ate
579 1354 825 1409 etiamin
843 1355 1178 1425 presbyterii
1201 1360 1502 1426 provectus
1523 1356 1800 1425 officium;

170 1453 224 1501 et
252 1447 414 1518 quasi
455 1447 574 1500 haec
604 1447 828 1502 minora
874 1448 973 1502 tibi
1023 1448 1367 1516 viderentur,
1397 1449 1456 1503 in
1495 1449 1673 1521 ipsam
1701 1451 1800 1504 do-

167 1542 363 1596 ctrinae
408 1542 730 1612 apostolica:
776 1542 1076 1596 veritatem
1123 1559 1293 1597 ausus
1344 1547 1470 1598 tuos
1513 1549 1568 1598 et
1608 1561 1801 1616 super-

169 1635 320 1688 biam
349 1634 657 1701 tetendisti,
693 1639 754 1689 ut
788 1637 984 1690 Petrus
1023 1652 1198 1707 quem
1247 1635 1585 1691 damnatum
1613 1654 1646 1691 a
1675 1654 1799 1691 san-

168 1734 273 1782 vta»
319 1729 614 1783 memoria:
652 1728 949 1784 decessore
994 1745 1125 1784 meo
1173 1730 1291 1801 ipse
1335 1731 1633 1796 retuleras,
1663 1731 1805 1786 sicut

168 1826 456 1876 testantur
474 1839 711 1887 annexa,
726 1823 880 1877 beati
898 1823 1265 1894 Evangelistm
1287 1824 1482 1878 sedem
1501 1828 1553 1878 te
1565 1825 1805 1895 jubente
1828 1803 1881 1874 Β

169 1932 367 1970 rursus
397 1915 714 1982 invaderet,
748 1921 802 1970 et
830 1916 1037 1986 fugatis
1068 1917 1398 1972 orthodoxis
1428 1918 1723 1988 episcopis,
1747 1921 1804 1972 et

167 2009 391 2064 clericis
421 2009 535 2063 suis
562 2010 760 2080 procul
817 2009 991 2064 dubio
1027 2009 1244 2064 similes
1273 2011 1582 2080 ordinaret,
1610 2012 1798 2082 pulso-

165 2119 279 2174 que
303 2119 370 2156 eo
400 2103 497 2174 qui
526 2103 640 2156 illic
669 2103 850 2157 fuerat
875 2104 1214 2174 regulariter
1237 2105 1598 2170 constitutus,
1622 2105 1798 2176 capti-

164 2214 292 2250 vam
316 2200 538 2252 teneret
563 2197 889 2252 Ecclesiam.
908 2198 1077 2268 Cujus
1097 2198 1200 2252 tibi
1219 2198 1362 2252 adeo
1381 2202 1542 2270 grata
1561 2215 1803 2270 persona

166 2295 274 2356 est,
333 2295 386 2345 et
451 2290 832 2345 ministerium
894 2292 1013 2362 ejus
1078 2295 1398 2363 acceptum,
1463 2298 1522 2348 ut
1583 2294 1798 2364 episco-

166 2402 271 2457 pos
301 2391 358 2440 et
387 2384 618 2439 clericos
658 2385 936 2456 plurimos
973 2385 1317 2440 orthodoxos
1353 2391 1487 2441 tunc
1525 2388 1798 2441 Constan-

168 2478 471 2550 tinopolim
498 2479 791 2533 venientes
817 2479 1100 2550 detegaris
1131 2480 1408 2551 affligere,
1428 2485 1484 2535 et
1504 2481 1804 2552 apocrisia-

164 2574 278 2626 rios
303 2572 425 2643 ejus
460 2573 784 2638 confovere,
815 2575 987 2644 atque
1023 2573 1590 2628 anathematizantem
1637 2591 1799 2630 eum-

170 2666 303 2720 dem
337 2667 564 2720 Petrum
592 2666 1062 2721 Chalcedonensis
1093 2667 1319 2722 decreta
1347 2668 1593 2734 concilii,
1615 2673 1673 2723 et
1693 2669 1800 2723 vio-

166 2760 384 2815 lantem
403 2763 614 2814 sanctae
641 2760 939 2815 memoriae
963 2761 1240 2816 Timothei
1266 2763 1640 2832 sepulturam,
1661 2763 1802 2816 sicut

166 2853 234 2908 ad
281 2870 388 2908 nos
430 2853 702 2908 certiores
749 2870 904 2908 nunc
944 2869 1175 2925 quoque
1222 2855 1406 2909 nuntii
1451 2856 1798 2920 detulerunt,

167 2963 269 3017 per
313 2947 630 3001 Messenum
680 2952 735 3001 et
778 2947 1017 3000 Vitalem
1070 2947 1334 3002 crederes
1387 2949 1797 3017 excusandum,

166 3056 271 3094 nec
297 3056 428 3094 eum
473 3039 708 3095 laudare
756 3040 1062 3107 desineres,
1091 3044 1148 3095 et
1178 3042 1372 3095 multis
1414 3041 1614 3096 efferre
1655 3058 1798 3112 prae-

1903 530 2077 569 nones
2118 514 2462 586 respondere
2505 514 2792 583 difﬁdens,
2825 516 3049 587 abjecta
3086 515 3355 583 ﬁrmasti;
3387 516 3529 572 Feli-

1904 624 2029 662 cem
2055 624 2280 679 quoque
2305 608 2658 664 defensorem
2679 609 3077 664 ﬁdelissimum
3103 610 3268 665 nobis
3298 611 3536 666 necessi-

1907 705 2018 756 tate
2045 701 2282 756 faciente
2313 701 2488 755 servis
2527 703 2891 757 subsecutum
2925 703 3227 774 indignum
3259 705 3368 758 tuis
3399 721 3527 760 cen-

1905 795 2063 849 suisti
2089 795 2284 849 oculis.
2314 797 2418 849 Eos
2434 811 2662 867 quoque
2682 800 2870 850 tecum
2891 797 3094 852 litteris
3112 798 3532 855 communicare

1903 893 2136 943 testatus
2185 905 2326 960 quos
2369 892 2587 944 constat
2633 890 2949 945 htereticos.
3001 891 3147 954 Quid
3199 891 3352 946 enim
3401 896 3534 946 sunt

1903 983 2059 1036 aliud
2078 983 2176 1054 qui
2201 985 2329 1054 post
2355 982 2572 1038 obitum
2603 989 2812 1038 sanctae
2841 984 3132 1039 memorie
3163 985 3440 1041 Timothei
3461 986 3530 1040 ad

1906 1076 2210 1130 Ecclesiam
2248 1077 2350 1130 sub
2383 1078 2546 1131 Petro
2589 1077 2853 1145 redeunt,
2885 1077 2971 1131 vel
2999 1078 3096 1148 qui
3125 1095 3184 1132 se
3225 1095 3290 1133 ex
3332 1079 3530 1134 catho-

1905 1170 2011 1224 lica
2042 1168 2228 1224 eidem
2255 1169 2635 1238 tradiderunt,
2663 1170 2766 1224 nisi
2798 1170 2948 1241 quod
2973 1172 3172 1225 Petrus
3201 1172 3300 1243 qui
3321 1173 3390 1226 ab
3410 1172 3535 1227 uni-

1905 1279 2064 1318 versa
2106 1263 2366 1330 Ecclesia,
2397 1268 2567 1334 atque
2610 1280 2642 1316 a
2678 1269 2732 1318 te
2779 1264 2968 1319 fuerat
3003 1264 3337 1335 judicatus?
3381 1265 3532 1320 Habe

1905 1373 2044 1428 ergo
2071 1373 2199 1411 cum
2228 1356 2316 1410 his
2343 1373 2487 1428 quos
2524 1357 2769 1412 libenter
2793 1358 3154 1428 amplecteris
3181 1358 3530 1429 portionem,

1905 1456 1961 1505 et
1984 1450 2268 1505 sententia
2295 1451 2559 1521 praesenti
2599 1467 2770 1521 quam
2814 1467 2915 1522 per
2946 1455 3059 1505 tua:
3091 1451 3190 1505 tibi
3227 1451 3536 1507 direximus

1906 1543 2160 1598 Ecclesiae
2191 1543 2566 1610 defensorem,
2591 1544 2923 1598 sacerdotali
2949 1545 3170 1599 honore
3202 1549 3259 1599 et
3280 1561 3535 1600 commu-

1908 1636 2077 1691 nione
2121 1637 2420 1705 catholica,
2453 1653 2675 1691 necnon
2707 1637 2880 1692 etiam
2917 1654 2949 1691 a
2988 1637 3244 1692 fidelium
3293 1653 3532 1694 numero

1905 1736 2250 1801 segregatus,
2280 1730 2564 1785 sublatum
2597 1730 2700 1784 tibi
2727 1746 2936 1785 nomen
2967 1734 3024 1785 et
3050 1747 3259 1786 munus
3285 1731 3536 1788 ministe-

1907 1824 1973 1877 rii
2018 1823 2382 1878 sacerdotalis
2421 1840 2666 1895 agnosce
2706 1825 2882 1878 sancti
2925 1824 3167 1895 Spiritus
3207 1824 3446 1895 judicio,
3478 1828 3536 1880 et

1903 1917 2208 1988 apostolica
2238 1935 2339 1989 per
2371 1934 2472 1972 nos
2516 1919 2854 1972 auctoritate
2905 1917 3226 1984 damnatus,
3263 1934 3371 1973 nec
3408 1919 3531 1990 jam

1901 2012 2279 2066 anathematis
2307 2011 2546 2066 vinculis
2575 2012 2878 2066 eruendus.

2432 2106 2583 2161 Felix
2604 2121 2755 2176 papa
2783 2108 2999 2161 Zenoni.

1976 2198 2344 2253 Dilectissimo
2376 2198 2537 2253 fratri
2573 2200 2783 2253 Zenoni
2820 2199 2968 2254 Felix
3009 2200 3330 2271 episcopus.
3364 2201 3532 2256 Filius

1902 2309 2084 2359 meus,
2103 2292 2190 2346 vir
2215 2292 2556 2347 clarissimus
2577 2293 2951 2348 Terentianus
2978 2293 3050 2347 ad
3073 2294 3291 2349 Italiam
3313 2293 3532 2350 dudum

1904 2386 2138 2440 veniens
2178 2385 2494 2440 dilectionis
2524 2389 2638 2440 tute
2679 2387 2982 2457 singularis
3012 2388 3225 2442 exstitit
3253 2387 3532 2460 praedica-

1901 2486 1992 2536 tor
2015 2480 2297 2551 talemque
2328 2483 2383 2535 te
2420 2495 2540 2535 esse
2571 2480 2842 2551 vulgavit,
2877 2481 2974 2551 qui
3000 2480 3079 2535 ita
3106 2481 3310 2536 Christi
3355 2483 3534 2552 gratia

1902 2573 2268 2638 redundares,
2320 2577 2381 2627 ut
2425 2574 2578 2628 inter
2621 2574 2818 2628 mundi
2867 2574 3124 2628 turbines
3187 2575 3535 2645 gubernator

1902 2666 2164 2721 Ecclesiae
2207 2667 2526 2738 praecipuus
2569 2683 2892 2738 apparares.
2941 2666 3318 2739 Quapropter,
3357 2669 3533 2725 frater

1902 2759 2251 2821 charissime.
2281 2776 2412 2814 cum
2451 2761 2521 2814 ad
2559 2760 2917 2832 provinciam
2963 2767 3328 2829 commearet,
3362 2763 3530 2818 sedu-

1901 2854 2070 2926 leque
2097 2854 2431 2924 deposceret
2459 2857 2680 2908 nostras
2705 2853 2775 2907 ad
2807 2853 3171 2909 dilectionem
3197 2858 3354 2910 tuam
3381 2856 3530 2911 litte-

1901 2964 1995 3002 ras
2032 2947 2336 3014 destinare,
2367 2950 2661 3019 gratanter
2690 2947 3019 3014 annuimus,
3050 2949 3184 3019 quia
3208 2954 3265 3004 et
3289 2949 3530 3020 dignum

1901 3042 2020 3096 Deo
2064 3057 2324 3096 sermone
2373 3040 2676 3112 complecti
2719 3057 3056 3112 cuperemus
3101 3041 3438 3112 antistitem,
3477 3049 3536 3099 et

163 3133 363 3199 coniis,
392 3132 470 3187 ita
501 3136 565 3187 ut
593 3133 1026 3188 damnationem
1059 3134 1235 3204 ipsius
1261 3151 1432 3205 quam
1482 3139 1613 3189 ante
1643 3138 1797 3190 retu-
1823 3176 1877 3251 Ο
1901 3151 2006 3206 per
2031 3150 2163 3188 eum
2190 3133 2434 3188 maxime
2460 3133 2734 3189 vellemus
2763 3133 2820 3188 id
2841 3135 2964 3189 fieri
2985 3135 3148 3206 cujus
3170 3135 3334 3192 nobis
3351 3136 3537 3192 fuerat

163 3228 308 3251 1-..--
378 3243 562 3251 ﬁ---“
611 3242 724 3251 ..Α-
773 3227 940 3251 ι’.-ἒ-..Α
991 3227 1230 3251 ζ--ι-......
1304 3229 1544 3251 'l‘-..L--...
1611 3232 1796 3251 ---ι-...
1903 3227 2164 3251 ι---,];ι..--
2198 3227 2488 3251 ε-ιέηιιι..-
2544 3227 2804 3251 (1.--...“1-
2852 3245 2980 3251 -..._-
3028 3230 3229 3251 --_-t:_
3270 3229 3529 3251 -__‘:L___

162 3228 331 3293 Ietas,
378 3243 566 3280 veram
611 3242 729 3281 non
772 3227 942 3282 fuisse
983 3227 1251 3297 jactares.
1304 3229 1546 3282 Tantum
1609 3232 1802 3283 autem

163 3337 492 3392 perseveras
521 3321 576 3374 in
609 3321 856 3376 hominis
883 3321 1211 3376 defensione
1240 3322 1514 3394 perversi,
1540 3327 1599 3376 ut
1623 3339 1804 3394 quon-

163 3416 299 3469 dam
340 3415 654 3486 episcopos,
688 3432 841 3470 nunc
871 3432 1004 3470 vero
1037 3417 1253 3470 honore
1296 3422 1351 3470 et
1393 3416 1801 3471 communione

162 3510 438 3579 privatos,
473 3509 709 3562 Vitalem
759 3515 930 3581 atque
973 3510 1316 3578 Messenum,
1369 3527 1510 3581 quos
1557 3509 1627 3564 ad
1678 3511 1800 3580 ejus

161 3601 558 3673 expulsionem
572 3602 892 3674 specialiter
902 3603 1518 3671 miseramus,sublatos
1529 3603 1799 3658 custodiae

157 3713 361 3768 passus
406 3695 579 3750 fueris
624 3697 962 3768 mancipari,
996 3702 1054 3751 et
1094 3697 1168 3751 ad
1210 3697 1629 3768 processionem
1673 3713 1800 3768 qua:

159 3791 264 3844 tibi
289 3806 422 3844 cum
450 3788 732 3844 haereticis
768 3790 1030 3856 habetur,
1061 3790 1268 3845 exinde
1296 3791 1623 3862 productos,
1658 3791 1802 3845 sicut

159 3901 361 3938 eorum
397 3882 845 3954 professionibus
877 3886 1218 3955 patefactum
1259 3889 1342 3940 est
1385 3885 1454 3940 ad
1502 3885 1798 3939 haeretico-

159 3995 290 4032 rum
330 3983 604 4048 tuamque
647 3979 1108 4048 communionem
1156 3982 1504 4050 contempta,
1539 3995 1670 4050 quae
1715 3979 1799 4033 vel

160 4072 425 4142 gentium
450 4071 578 4141 jure
608 4072 822 4126 servari
855 4071 1070 4139 debuit,
1101 4072 1387 4143 legatione
1417 4071 1798 4143 pertraheres,

158 4165 530 4236 praemiisque
557 4181 978 4236 corrumperes,
997 4171 1051 4220 et
1071 4165 1130 4219 in
1153 4166 1447 4220 laesionem
1477 4165 1627 4220 beati
1651 4166 1800 4220 Petri

157 4261 426 4333 apostoli,
456 4277 489 4314 a
520 4262 680 4332 cujus
722 4261 854 4316 sede
899 4262 1134 4332 profecti
1178 4262 1424 4329 fuerant,
1457 4278 1569 4315 non
1616 4263 1800 4316 solum

159 4355 494 4409 inefficaces
525 4355 711 4409 redire
751 4355 985 4422 faceres,
1022 4355 1117 4410 sed
1162 4355 1330 4409 etiam
1371 4354 1800 4425 impugnatores

153 4449 358 4503 omniu
369 4465 422 4502 m
438 4464 568 4518 quae
583 4449 808 4503 fuerant
824 4449 1094 4503 mandata
1107 4450 1541 4503 monstrares.ln
1553 4465 1800 4520 quorum

1902 3227 2167 3282 laudibus
2196 3227 2511 3281 intimatus.
2543 3227 2808 3289 Quamvis
2847 3245 2984 3299 ergo
3025 3230 3232 3283 sanctis
3263 3229 3531 3301 operibus

1903 3338 1974 3375 ex
1989 3321 2147 3375 omni
2164 3324 2324 3391 parte
2340 3320 2665 3391 praedictam
2685 3320 3101 3376 fraternitatem
3120 3327 3278 3377 tuam
3293 3323 3378 3377 vir
3395 3340 3534 3396 prae-

1900 3415 2048 3469 fatus
2077 3412 2398 3479 astruxerit,
2427 3414 2794 3485 multumque
2828 3413 3050 3469 fiduciae
3079 3416 3148 3469 de
3179 3421 3277 3470 tua
3297 3416 3533 3471 benevo-

1899 3507 2074 3562 lentia
2098 3511 2339 3576 teneret,
2372 3510 2567 3560 tamen
2599 3523 2827 3577 aequum
2853 3510 2960 3572 est,
2984 3513 3047 3562 ut
3074 3508 3228 3578 quod
3257 3508 3533 3564 desidera-

1900 3601 1996 3655 bat
2021 3616 2371 3672 magnopere
2399 3605 2799 3671 consequatur,
2828 3603 3112 3672 quatenus
3141 3601 3239 3672 qui
3266 3602 3378 3657 tuis
3397 3601 3533 3658 olim

1903 3698 2096 3766 gratus
2143 3697 2228 3749 est
2265 3694 2493 3760 animis,
2525 3693 3003 3764 contemplatione
3037 3696 3218 3749 nostri
3262 3697 3535 3752 reddatur

1899 3788 2208 3860 acceptior,
2232 3788 2513 3858 simulque
2554 3792 2819 3842 materna
2856 3792 2912 3842 et
2953 3788 3286 3843 sacerdotali
3331 3806 3528 3845 conso-

1901 3884 2118 3938 latione
2147 3882 2420 3951 foveatur,
2455 3881 3046 3953 peregrinationisque
3073 3883 3401 3953 praesidium
3432 3901 3532 3955 pa-

1903 3977 2097 4033 storali
2137 3975 2345 4046 pietate
2391 3975 2657 4046 reperiat,
2687 3980 2748 4030 ut
2772 3979 2968 4030 vestra:
2999 3976 3292 4047 dignitatis
3331 3977 3531 4034 affectu

1902 4074 2172 4142 appareat
2194 4068 2346 4141 apud
2382 4068 2764 4123 sinceritatem
2794 4074 3062 4138 vestram,
3097 4073 3355 4125 nostram
3384 4087 3529 4143 quo-

1903 4182 2034 4236 que,
2079 4181 2194 4218 non
2237 4162 2542 4218 minimum
2582 4162 2840 4217 salutaris
2887 4163 3121 4218 valuisse
3165 4164 3528 4237 colloquium,

1901 4259 2049 4313 Deus
2105 4263 2159 4314 te
2210 4258 2537 4312 incolumen
2597 4256 2906 4326 custodiat,
2959 4257 3134 4313 frater
3181 4258 3525 4314 charissime.

1900 4352 2088 4406 Celius
2139 4351 2268 4406 felix
2325 4352 2623 4423 episcOpus
2675 4356 2880 4405 sancta:
2927 4351 3186 4406 Ecclesia:
3241 4352 3531 4408 catholicae

1901 4446 2058 4500 urbis
2084 4447 2281 4500 Romae
2307 4445 2634 4516 subscripsi.
2661 4447 2798 4500 Data
2817 4461 2848 4496 v
2871 4445 3254 4500 Kalendarum
3271 4448 3529 4517 Augusti,

156 4542 568 4613 deceptionem
601 4547 756 4596 tuam
787 4542 1097 4613 nequitiam
1125 4541 1442 4613 prodidisti,
1475 4548 1529 4596 et
1556 4559 1586 4594 a
1611 4540 1880 4616 libelloD
1903 4539 2182 4592 Venantio
2230 4539 2274 4593 ll
2324 4538 2574 4593 consule.
2624 4539 2803 4594 Simul
2862 4543 3081 4608 septem
3133 4541 3189 4592 et
3243 4539 3530 4609 sexaginta

157 4636 355 4690 fratris
387 4639 444 4688 et
472 4635 790 4706 coepiscopi
823 4636 933 4689 mei
962 4635 1216 4704 Joannis,
1245 4635 1344 4707 qui
1372 4640 1428 4689 te
1460 4633 1806 4707 gravissimis
1908 4632 2153 4703 episcopi
2182 4632 2391 4703 absque
2418 4649 2568 4703 papa
2594 4631 3065 4703 subscripserunt.

1082 4994 1634 5086 EPISTOLA
1722 4995 2170 5088 GELASII
2269 4995 2626 5086 ΡΑΡᾸΕ.

151 5201 413 5269 Epistola
457 5201 657 5255 Gelasii
694 5217 860 5273 papae
886 5203 960 5256 ad
987 5205 1259 5272 episcopos
1303 5219 1399 5273 per
1431 5205 1723 5257 Lucaniam
1753 5209 1802 5257 et

525 5274 733 5327 Brittios
762 5278 814 5327 et
837 5272 1083 5327 Siciliam
1111 5277 1442 5328 constitutos.

229 5393 282 5441 1.
321 5388 401 5442 De
432 5387 702 5443 institutis
745 5388 1137 5443 ecclesiasticis
1178 5389 1474 5444 moderate
1518 5405 1620 5460 pro
1653 5393 1799 5444 tem-

145 5497 369 5551 porum
402 5481 676 5552 qualitate
709 5482 1023 5555 dispositis.

221 5578 284 5628 2.
338 5573 412 5628 Ut
467 5573 559 5628 ubi
603 5575 755 5629 nulla
803 5580 1076 5646 perurget
1124 5575 1448 5643 necessitas,
1501 5576 1803 5630 constituta

145 5671 399 5722 Patrum
437 5667 710 5723 inviolata
734 5673 1054 5724 serventur.

222 5766 280 5813 π.
334 5762 408 5815 Ut
454 5778 581 5816 cum
634 5762 922 5820 defuerint
977 5762 1184 5822 clerici.
1228 5762 1296 5818 de
1353 5764 1646 5819 monachis
1701 5765 1800 5816 eli-

145 5875 214 5910 ιζέι
229 5860 392 5909 llllll".

1977 5205 2027 5256 4.
2058 5203 2127 5256 Ut
2156 5203 2198 5256 si
2249 5203 2319 5256 de
2363 5201 2517 5256 laicis
2563 5202 2850 5273 eligantur
2876 5203 2944 5256 ad
2990 5204 3224 5268 clerum,
3253 5205 3528 5272 quantum

1903 5297 2176 5368 temporis
2205 5295 2556 5352 observatur.

1977 5395 2028 5446 ὅ.
2057 5392 2131 5446 De
2157 5391 2398 5462 bigamis
2441 5390 2679 5461 aliisque
2709 5390 2966 5461 personis
2995 5405 3122 5460 quae
3159 5388 3231 5441 ad
3273 5385 3528 5441 ministe~

1905 5485 2049 5539 rium
2079 5484 2368 5540 clericatus
2411 5483 2734 5538 nullatenus
2762 5483 3137 5555 applicantur.

1975 5582 2028 5633 6.
2061 5579 2132 5632 Ut
2163 5578 2284 5634 sine
2322 5577 2708 5649 przeceptione
2738 5593 2903 5649 papae
2945 5591 3102 5629 novae
3144 5572 3389 5629 basilica;
3419 5589 3532 5629 non

1904 5671 2258 5726 dedicentur.

1974 5769 2026 5818 7.
2051 5766 2119 5819 Ut
2150 5766 2302 5819 nulla
2327 5765 2511 5837 pretia
2538 5765 2609 5820 de
2641 5761 2991 5834 baptizandis
3016 5761 3532 5834 consignandisque

1904 5857 2164 5914 ﬁdelibus
2194 5859 2506 5929 exigantur.
