4062 6188
477 303 578 355 939

1367 299 1653 353 ΑΡΡΕΝΙ).
1696 299 1782 353 ΑΙ)
1819 299 1980 354 SASC.
2025 297 2110 351 IX.
2140 327 2209 336 -
2249 299 2490 353 lSlDURl
2531 300 2954 354 MERCATORIS

3739 302 3843 354 9&0

547 412 598 466 8.
633 407 711 464 De
740 407 1104 480 presbyteris,
1137 412 1198 461 ut
1225 405 1370 460 nihil
1412 406 1483 460 de
1526 407 1613 460 his
1653 422 1780 476 quae
1811 405 2104 476 episcopo-
2129 404 2364 487 Atione
2392 405 2668 476 diligenti,
2701 409 2984 477 quantum
3019 408 3209 476 potest
3249 388 3390 471 fieri,
3425 408 3842 476 temperemus,

480 518 609 558 rum
636 504 768 556 sunt
796 505 1169 572 przesumant.

548 598 599 650 9.
630 595 701 650 Ut
721 594 992 648 diaconos
1017 609 1346 648 mensuram
1377 592 1667 664 propriam
1683 591 1845 662 juxta
1874 591 2108 645 Patrum

478 689 704 743 decreta
730 686 1067 742 custodiant.

553 785 637 836 10.
659 781 818 847 Quod
850 781 1075 836 diaconi
1101 779 1159 835 in
1185 779 1541 852 presbyterio
1573 779 1822 835 residere
1849 794 1964 833 non
1989 794 2112 848 pos-

478 876 611 931 sint.

552 974 638 1025 11.
675 969 839 1036 Quod
882 968 1189 1042 apostolica
1221 968 1380 1022 sedes
1427 971 1690 1038 paternos
1735 980 1974 1021 canones
2019 965 2111 1036 pio

479 1063 666 1119 studio
693 1063 1007 1134 devotoque
1038 1060 1335 1116 custodiat.

553 1161 639 1212 12.
683 1157 754 1212 Ut
793 1159 1002 1228 praeter
1046 1155 1313 1227 paschale
1360 1158 1587 1226 tempus
1627 1158 1683 1208 et
1722 1153 2109 1220 Pentecosten,

479 1267 651 1306 nemo
672 1250 1308 1322 baptizarepraasumat,
1327 1248 1437 1303 nisi
1459 1265 1556 1303 eos
1576 1253 1768 1303 tamen
1789 1262 1931 1316 quos
1951 1243 2114 1316 aegri-

478 1344 616 1399 tudo
645 1348 902 1398 extrema
937 1342 1294 1413 compulerit.

555 1441 640 1493 13.
671 1439 748 1492 De
769 1436 1230 1508 presbyterorum
1258 1439 1314 1490 et
1333 1435 1637 1490 diaconum
1656 1431 2112 1489 ordinationibus

474 1531 642 1586 certis
666 1529 1019 1586 celebrandis
1047 1529 1417 1600 temporibus.

552 1626 634 1679 14.
666 1626 740 1677 De
769 1623 1084 1694 virginibus
1121 1622 1290 1676 sacris
1316 1622 1549 1694 quando
1577 1621 1859 1676 velentur.

550 1722 633 1772 15.
663 1719 734 1772 Ut
763 1717 946 1772 viduae
975 1733 1088 1771 non
1115 1717 1402 1770 velentur.

2213 515 2324 569 quo
2349 515 2450 553 nec
2477 499 2534 552 in
2567 504 2747 554 totam
2783 499 3030 553 formam
3059 504 3311 553 veterum
3350 497 3654 554 videamur
3682 516 3843 554 exce-

2211 592 2343 647 dere
2372 593 2718 664 regularum,
2747 597 2803 647 et
2832 591 3165 664 reparandis
3192 591 3409 647 militia
3435 593 3714 647 clericalis
3728 595 3847 648 ofﬁ-

2211 687 2310 740 ciis
2339 703 2465 757 quae
2495 703 2596 757 per
2623 687 2868 740 diversas
2911 685 3077 740 Italiae
3118 690 3329 757 partes,
3357 687 3437 739 ita
3476 685 3610 740 belli
3652 685 3846 741 famis-

2210 797 2320 851 que
2375 780 2726 850 consumpsit
2783 779 3055 845 incursio,
3109 779 3272 833 utin
3324 779 3520 833 multis
3583 781 3849 834 Ecclesiis

2211 874 2352 928 sicut
2385 873 2571 927 fratris
2596 879 2653 927 et
2687 872 3008 944 coepisc0pi
3035 873 3215 927 nostri
3243 873 3469 927 Joannis
3499 873 3850 928 Bavanensis

2212 968 2469 1022 Ecclesiae
2491 967 2802 1021 sacerdotis
2827 966 3109 1036 frequenti
3135 966 3413 1020 relatione
3435 968 3848 1038 comperimus,

2213 1077 2627 1132 usquequaque
2675 1060 2971 1114 deﬁciente
3014 1058 3241 1114 servitio
3291 1059 3716 1126 ministrorum,
3747 1061 3850 1114 nisi

2213 1154 2558 1210 remittendo
2616 1153 2904 1225 paulisper
2957 1153 3347 1207 ecclesiasticis
3389 1153 3852 1224 promotionibus

2214 1247 2527 1318 antiquitus
2547 1247 2842 1301 intervalla
2870 1247 3096 1318 praefixa
3118 1250 3471 1310 remaneant,
3496 1247 3625 1300 sine
3646 1247 3852 1318 quibus

2214 1341 2607 1395 administrari
2662 1346 2959 1411 nequeunt
3011 1342 3182 1396 sacris
3227 1341 3523 1397 ordinibus
3590 1342 3855 1396 Ecclesia

2213 1435 2469 1489 funditus
2510 1434 2824 1502 destituta};
2857 1439 3026 1506 atque
3072 1436 3126 1490 in
3173 1436 3435 1506 plurimis
3462 1435 3604 1490 locis
3632 1453 3743 1506 per
3767 1437 3851 1488 in~

2213 1529 2406 1600 opiam
2440 1529 2817 1599 competentis
2842 1527 3040 1582 auxilii
3070 1530 3321 1584 salutare
3346 1528 3674 1583 subsidium
3703 1530 3853 1583 redi-

2214 1621 2556 1675 mendamm
2602 1621 2747 1675 desit
2789 1621 3378 1692 animarum,nosque
3422 1639 3644 1693 magno
3692 1627 3858 1677 reatu

2212 1715 2257 1768 si
2291 1719 2444 1769 tanto
2471 1718 2794 1769 coarctante
2826 1714 3076 1785 periculo
3108 1732 3223 1770 non
3254 1715 3620 1786 aliquatenus
3648 1732 3853 1771 consu-

551 1815 632 1866 16.
661 1812 730 1867 Ut
755 1811 902 1865 servi
931 1811 1035 1865 sub
1062 1811 1298 1864 obtentu
1325 1808 1622 1879 religionis
1654 1825 1768 1862 non
1799 1807 2106 1878 suscipian-
2129 1785 2186 1857 Β
2211 1809 2394 1863 lamus
2415 1808 2642 1863 innecti.

477 1911 567 1959 tur
591 1905 648 1958 in
671 1905 886 1959 clerum
917 1904 1002 1958 vel
1029 1903 1086 1958 in
1121 1902 1546 1958 monasterium.

549 2002 630 2053 17.
663 1999 734 2053 Ut
763 1997 949 2052 clerici
992 1997 1175 2051 uullas
1219 1995 1632 2067 negotiationes
1681 1995 2010 2048 inhonestas
2054 1997 2110 2046 et

472 2091 660 2163 turpia
689 2092 845 2146 lucra
873 2095 1182 2146 sectentur.

545 2187 629 2241 18.
662 2187 731 2239 Ut
759 2201 929 2239 nemo
960 2184 1278 2249 illiteratus,
1313 2184 1399 2237 vel
1427 2182 1616 2253 aliqua
1661 2186 1819 2252 parte
1856 2180 2110 2250 corporis

476 2277 833 2341 imminutus,
862 2277 933 2332 ad
972 2277 1190 2331 clerum
1219 2281 1644 2348 promoveatur.

547 2375 633 2426 19.
663 2373 739 2426 De
774 2371 861 2426 his
902 2371 998 2442 qui
1040 2371 1252 2442 seipsos
1283 2369 1642 2424 abscindunt.

545 2467 630 2521 20.
695 2467 772 2520 De
825 2463 1141 2519 criminosis
1192 2467 1254 2517 ut
1302 2463 1372 2518 ad
1425 2464 1640 2518 clerum
1706 2480 1818 2517 non
1879 2478 2109 2533 promo-

476 2563 730 2616 veantur.

543 2659 632 2709 21.
663 2653 828 2718 Quod
854 2652 1152 2708 daemoniis
1196 2651 1435 2722 aliisque
1480 2651 1834 2721 passionibus
1880 2649 2112 2702 irretitis

475 2747 790 2803 ministeria
822 2749 1015 2802 sancta
1047 2749 1286 2800 tractare
1312 2761 1429 2800 non
1455 2745 1637 2798 liceat.

546 2844 636 2895 22.
669 2840 828 2904 Quod
874 2839 933 2894 hi
979 2838 1075 2910 qui
1122 2839 1295 2892 sacris
1334 2836 1648 2907 virginibus
1687 2853 1746 2890 se
1787 2835 2026 2899 sociant,
2056 2838 2114 2888 et

478 2933 689 2988 faedera
716 2933 930 2988 incesta
958 2931 1330 2986 commiscent
1355 2929 1782 2984 communicare
1824 2943 1939 2982 non
1977 2943 2110 2999 pos-

481 3028 614 3094 sint,
645 3025 754 3080 nisi
785 3025 1072 3097 publicam
1102 3023 1501 3094 paenitentiam
1528 3023 1827 3094 gesserint.

548 3123 636 3175 23.
657 3119 819 3184 Quod
841 3117 1046 3185 viduae,
1066 3120 1129 3171 ut
1143 3133 1313 3189 supra
1332 3116 1548 3172 dictum
1570 3120 1673 3183 est,
1695 3131 1812 3170 non
1831 3115 2114 3182 velentur,

481 3213 580 3268 sed
601 3214 644 3268 si
674 3213 988 3284 professam
1007 3210 1418 3266 continentiam
1443 3209 1734 3281 proposito
1759 3212 1985 3264 mutato
2007 3208 2115 3263 cal-

480 3307 749 3373 caverint,
780 3307 918 3376 ipsa;
944 3321 1049 3376 pro
1093 3321 1150 3359 se
1180 3304 1465 3360 rationem
1499 3303 1758 3358 reddant.

549 3402 638 3455 24.
670 3400 829 3465 Quod
862 3398 1110 3453 secunda
1148 3397 1419 3469 conjugia
1463 3396 1828 3452 saecularibus
1862 3412 1977 3451 non
2013 3411 2117 3450 ne-

481 3499 708 3564 gentur,
729 3493 934 3566 quibus
960 3497 1158 3548 tamen
1181 3492 1248 3547 ad
1271 3491 1490 3546 clerum
1513 3490 1756 3546 minime
1774 3490 1970 3545 venire
1992 3505 2118 3544 con-

481 3588 723 3644 ceditur.

553 3685 641 3736 25.
669 3681 740 3735 Ut
781 3680 826 3734 si
857 3679 985 3750 quis
1023 3678 1336 3749 susceperit
1364 3677 1624 3733 Ecclesiae
1664 3677 1907 3749 propria
1937 3677 2120 3732 deser-

482 3779 688 3840 torem,
735 3776 790 3828 et
838 3773 894 3826 iu
943 3773 1138 3844 aliqua
1187 3771 1508 3842 provexerit
1554 3771 1849 3843 dignitate,
1894 3769 2121 3841 utrique

482 3867 812 3938 subjaceant
839 3865 1137 3921 sententia!
1166 3881 1338 3936 quam
1367 3881 1613 3920 canones
1638 3865 2024 3936 praefixerunt.

552 3964 641 4016 26.
693 3962 772 4014 De
820 3959 974 4014 Iaicis
1021 3960 1109 4013 vel
1149 3958 1465 4025 monachis,
1507 3959 1607 4029 qui
1661 3975 1764 4030 per
1818 3960 2121 4029 praemium

483 4055 844 4124 ordinantur,
873 4058 934 4109 ut
960 4053 1195 4108 dantem
1217 4056 1276 4106 et
1294 4052 1670 4123 accipientem
1700 4053 1950 4108 Simonis
1977 4054 2120 4125 Magi

486 4147 703 4202 crimen
733 4147 1000 4202 involvat.

557 4244 646 4295 2'7.
677 4242 747 4294 Ut
774 4239 930 4294 nulla
958 4238 1186 4293 basilica
1232 4239 1334 4293 sub
1384 4239 1782 4294 defunctorum
1823 4239 2124 4294 constituta

487 4332 723 4386 nomine
752 4332 1062 4388 dedicatur.

557 4428 646 4481 28.
679 4426 752 4480 De
783 4425 1014 4480 feminis
1042 4431 1102 4479 ut
1132 4425 1306 4480 sacris
1334 4425 1604 4480 altaribus
1629 4441 1744 4480 non
1775 4425 2120 4494 ministrent,

2280 1904 2340 1956 ll.
2361 1902 2562 1957 Priscis
2579 1902 2758 1972 igitur
2771 1919 2875 1974 pro
2894 1920 2991 1957 sua
3008 1903 3322 1958 reverentia
3340 1903 3714 1959 manentibus
3729 1921 3856 1957 con-

2213 1996 2444 2064 stitutis,
2483 2012 2611 2067 quae
2655 1996 2753 2050 ubi
2809 1997 2962 2051 nulla
3012 1998 3098 2050 vel
3147 2013 3339 2051 rerum
3387 1998 3473 2051 vel
3521 2001 3855 2068 temporum

2212 2093 2484 2160 perurget
2525 2090 2809 2161 angustia,
2850 2090 3189 2160 regulariter
3237 2091 3502 2145 convenit
3548 2091 3855 2155 custodiri,

2213 2187 2445 2237 eatenus
2475 2184 2733 2239 Ecclesiis
2758 2200 2886 2254 quae
2913 2185 2999 2237 vel
3027 2184 3244 2238 cunctis
3271 2189 3402 2238 sunt
3429 2185 3666 2255 privatae
3689 2184 3859 2238 mini-

2213 2276 2341 2331 stris
2368 2277 2452 2331 vel
2481 2277 2894 2332 sufficientibus
2929 2294 3108 2348 usque
3140 2278 3281 2332 adeo
3314 2278 3642 2350 despoliatae
3672 2278 3859 2332 servi-

2213 2369 2321 2436 tiis,
2357 2373 2423 2424 ut
2466 2370 2724 2440 plebibus
2765 2370 2836 2424 ad
2879 2388 2937 2424 se
2984 2371 3404 2442 pertinentibus
3430 2369 3626 2444 233
3657 2371 3863 2425 divina

2214 2479 2450 2518 munera
2479 2464 2744 2534 supplere
2773 2481 2886 2518 non
2913 2465 3158 2532 valeant,
3180 2470 3298 2519 tam
3321 2464 3651 2519 instituendi
3673 2481 3864 2536 quam

2215 2556 2552 2626 providendi
2583 2557 2857 2612 clericalis
2883 2557 3142 2629 obsequii
3167 2558 3246 2612 sic
3272 2558 3450 2630 spatia
3471 2558 3866 2628 dispensanda

2215 2651 2600 2705 concedimus.

2288 2745 2375 2798 lll.
2399 2745 2469 2798 Ut
2495 2745 2541 2798 si
2559 2745 2686 2816 quis
2711 2745 2880 2799 etiam
2907 2745 2974 2800 de
3004 2745 3265 2821 religioso
3293 2746 3579 2818 proposito
3609 2751 3665 2801 et
3691 2746 3872 2800 disci-

2216 2836 2385 2908 plinis
2414 2839 2913 2893 monasterialibus
2940 2839 3214 2906 eruditus,
3245 2839 3317 2894 ad
3354 2840 3607 2894 clericale
3637 2856 3874 2893 munus

2218 2931 2472 2998 accedat,
2487 2931 2771 3002 imprimis
2784 2932 2905 3002 ejus
2918 2931 3031 2987 vita
3053 2932 3353 3003 praeteritis
3369 2937 3486 2987 acta
3499 2937 3610 2987 tem
3618 2933 3875 3004 poribus

2217 3023 2554 3094 inquiratur,
2579 3025 2625 3078 si
2651 3025 2807 3080 nullo
2833 3026 2992 3096 gravi
3021 3025 3269 3080 facinore
3293 3025 3562 3097 probatur
3581 3027 3870 3086 infectus.

2219 3117 2261 3170 si
2291 3118 2600 3172 secundam
2626 3135 2742 3172 non
2774 3119 2976 3174 habuit
3003 3120 3240 3174 fortasse
3264 3136 3517 3185 uxorem,
3546 3136 3649 3173 nec
3679 3137 3720 3173 a
3746 3137 3874 3175 ma-

2218 3210 2324 3264 rito
2352 3211 2620 3281 rejectam
2649 3211 2878 3266 sortitus
2908 3212 3245 3282 ostenditur,
3269 3212 3313 3266 si
3336 3213 3736 3283 poenitentiam
3767 3231 3875 3285 pu-

2219 3304 2426 3358 blicam
2455 3321 2573 3359 non
2619 3305 2815 3376 gessit,
2847 3322 2949 3360 nec
2989 3306 3104 3360 ulla
3134 3309 3297 3376 parte
3341 3306 3592 3377 corporis
3619 3306 3874 3361 vitiatus

2217 3402 2468 3468 apparet,
2490 3398 2536 3452 si
2557 3398 2774 3453 servilis
2801 3403 2900 3453 aut
2921 3399 3243 3470 originariaa
3263 3417 3380 3455 non
3401 3405 3483 3454 est
3507 3400 3875 3455 conditionis

2220 3490 2520 3558 obnoxius,
2539 3491 2582 3546 si
2605 3492 2776 3547 curiae
2797 3493 2967 3548 etiam
2989 3494 3265 3564 probatur
3285 3493 3520 3548 nexibus
3536 3493 3873 3557 absolutus,

2221 3585 2264 3638 si
2310 3590 2595 3640 assecutus
2653 3591 2741 3640 est
2785 3587 2997 3641 litteras
3040 3587 3161 3641 sine
3205 3587 3409 3658 quibus
3450 3587 3537 3640 vix
3588 3587 3876 3642 fortassis

2222 3677 2521 3732 ostiarium
2565 3679 2740 3750 possit
2785 3679 3039 3750 implere.
3071 3681 3139 3733 Et
3176 3679 3219 3734 si
3249 3679 3294 3733 is
3321 3679 3378 3733 in
3417 3679 3681 3734 omnibus
3729 3697 3876 3752 qua:

2221 3775 2351 3825 sunt
2381 3772 2648 3842 praedicta
2674 3771 2925 3839 fulcitur,
2953 3773 3225 3828 continuo
3253 3774 3428 3827 lector
3455 3773 3535 3827 vel
3568 3775 3875 3836 notarius,

2223 3868 2321 3918 aut
2349 3868 2500 3919 certe
2531 3864 2798 3920 defensor
2827 3864 3062 3919 effectus
3090 3873 3215 3937 post
3252 3871 3367 3921 tres
3397 3883 3616 3920 menses
3645 3867 3875 3923 existat

2222 3958 2531 4028 acolythus.
2571 3958 2807 4012 Maxime
2844 3959 2892 4012 si
2928 3959 3060 4013 huic
3095 3963 3228 4016 tetas
3275 3961 3443 4014 etiam
3487 3959 3872 4030 suffragatur.

2224 4056 2380 4106 sexto
2409 4068 2605 4106 mense
2635 4051 2966 4106 subdiaconi
2992 4069 3207 4107 nomen
3236 4054 3490 4124 accipiat.
3523 4057 3596 4108 Ac
3643 4053 3688 4106 si
3729 4073 3874 4111 mo—

2225 4146 2398 4199 destae
2437 4145 2886 4201 conversationis
2929 4146 3288 4218 honestaeque
3313 4147 3613 4201 voluntatis
3639 4149 3874 4205 existit.

2223 4255 2374 4294 nono
2403 4254 2598 4315 mense
2627 4238 2914 4307 diaconus,
2940 4241 3335 4310 completoque
3363 4257 3513 4294 anno
3543 4240 3606 4293 fit
3625 4243 3878 4313 presby-

2226 4337 2329 4387 ter.
2352 4331 2452 4386 Cui
2475 4335 2687 4400 tamen,
2705 4332 2854 4402 quod
2877 4348 3156 4386 annorum
3177 4333 3477 4387 interstitia
3496 4333 3732 4387 fuerant
3751 4337 3877 4390 eol-

2224 4426 2424 4494 latura,
2453 4425 2626 4480 sancti
2655 4425 2922 4496 propositi
2944 4428 3147 4496 sponte
3173 4432 3430 4497 suscepta
3461 4426 3694 4481 docetur
3721 4445 3876 4499 prae.

485 4519 572 4575 vel
599 4518 813 4592 aliquid
837 4535 905 4573 ex
929 4519 1012 4574 his
1035 4535 1164 4590 qua:
1189 4519 1444 4574 virorum
1477 4522 1609 4574 sunt
1633 4518 1831 4574 ofﬁciis
1860 4519 2126 4590 deputata
2143 4516 2202 4587 D
2227 4519 2430 4573 stitisse
2463 4518 2707 4573 devotio.

488 4619 854 4684 praesumant.

558 4710 647 4761 29.
682 4709 756 4762 De
807 4707 1121 4761 redditibus
1152 4707 1411 4762 Ecclesiae
1445 4708 1528 4760 vel
1568 4705 1948 4761 oblationibus
1982 4706 2123 4761 ﬁde-

489 4800 627 4854 lium
657 4800 805 4869 quod
848 4802 906 4854 in
935 4805 1176 4870 quatuor
1204 4799 1499 4871 portiones
1530 4799 1650 4854 ﬁeri
1676 4801 1942 4854 debeant.

560 4896 649 4947 30.
670 4892 1071 4964 Utepiscopus,
1093 4894 1391 4964 presbyter
1413 4897 1470 4946 et
1493 4893 1785 4959 diaconus,
1810 4893 1904 4964 qui
1929 4898 2127 4949 contra

493 4987 612 5039 haec
656 4989 863 5040 statuta
909 4987 1108 5041 fecerit
1144 4987 1230 5042 sui
1263 4987 1496 5042 honoris
1540 4986 1854 5057 periculum
1889 4987 1957 5042 sit
1989 4987 2123 5042 sub-

491 5079 691 5133 iturus.

561 5174 689 5229 CAP.
711 5176 746 5228 Ι.
764 5173 1148 5228 Dilectissimis
1167 5175 1432 5229 fratribus
1449 5174 1722 5228 universis
1734 5173 2012 5244 episcopis
2024 5190 2127 5245 per

492 5267 819 5336 Lucaniam,
858 5267 1075 5321 Brutios
1103 5272 1160 5322 et
1189 5268 1434 5324 Siciliam
1465 5267 1805 5336 constitutis,
1837 5268 2121 5322 GELASIUS.

560 5362 884 5417 Necessaria
953 5379 1140 5416 rerum
1223 5360 1592 5432 dispositione
1669 5360 2122 5431 perstringimur,

488 5460 544 5510 et
587 5455 914 5526 apostolicae
971 5455 1118 5509 sedis
1166 5455 1563 5509 moderamine
1606 5453 2000 5517 convenimur,
2049 5453 2125 5506 sic

488 5565 774 5604 canonum
805 5553 1174 5619 paternorum
1203 5547 1430 5602 decreta
1457 5547 1685 5616 librare,
1715 5551 1771 5601 et
1799 5552 1950 5602 retro
1978 5563 2120 5617 prae~

487 5641 677 5694 sulum
711 5641 1192 5711 decessorumque
1233 5645 1558 5695 nostrorum
1601 5643 1884 5711 praecepta
1914 5639 2122 5707 metiri,

489 5737 551 5785 ut
571 5748 700 5800 quae
733 5733 1092 5803 praesentium
1131 5733 1435 5789 necessitas
1457 5736 1784 5805 temporum
1808 5738 2124 5788 restauran-

486 5821 571 5875 dis
597 5825 857 5879 Ecclesiis
879 5826 1187 5881 relaxauda
1216 5827 1488 5899 deposcit,
1521 5827 1773 5883 adhibita
1801 5828 2124 5884 considera-

2298 4613 2380 4665 lV.
2414 4610 2473 4666 Si
2501 4628 2634 4666 vero
2666 4612 2840 4666 laicus
2869 4613 3150 4684 quispiam
3199 4615 3587 4669 ecclesiasticis
3632 4623 3724 4670 est

2227 4705 2557 4776 gregandus
2587 4705 2804 4774 officiis,
2833 4711 2994 4761 tanto
3020 4707 3313 4762 sollicitius
3357 4711 3414 4762 in
3456 4709 3696 4780 singulis
3746 4729 3878 4783 qur

2227 4798 2486 4869 superius
2508 4799 2921 4870 comprehensa
2943 4805 3094 4868 sunt,
3114 4801 3439 4872 hujusmodi
3461 4802 3622 4856 decet
3649 4807 3874 4859 exami-

2227 4908 2370 4946 nare
2406 4907 2732 4962 personam,
2767 4897 3045 4962 quantum
3072 4893 3224 4947 inter
3249 4895 3603 4950 mundanam
3636 4897 3872 4968 religio-

2229 5002 2464 5056 samque
2493 4985 2667 5040 vitam
2698 4989 2917 5040 constat
2952 5003 3073 5040 esse
3109 4987 3468 5056 discriminis,
3497 4990 3638 5060 quia
3668 4992 3872 5063 utique

2228 5077 2626 5134 convenientia
2673 5079 2934 5134 Ecclesiae
2977 5079 3286 5135 ministeria
3330 5083 3663 5153 reparanda
3710 5092 3867 5146 sunt,

2228 5189 2341 5226 non
2387 5172 2924 5227 inconvenientibus
2966 5173 3184 5227 meritis
3220 5174 3556 5245 ingerenda,
3588 5180 3868 5249 tantoque

2230 5266 2413 5336 magis
2442 5265 2592 5336 quod
2621 5266 2790 5320 sacris
2814 5269 3012 5338 aptum
3051 5267 3229 5337 possit
3258 5284 3377 5322 esse
3406 5269 3653 5324 servitiis
3681 5273 3740 5326 in
3767 5288 3860 5325 eo-

2229 5376 2358 5414 rum
2389 5359 2763 5430 quaerendum
2791 5363 2875 5414 est
2894 5359 3187 5427 institutis,
3205 5367 3486 5432 quantum
3509 5363 3582 5417 de
3603 5367 3863 5435 tempore

2228 5470 2340 5524 quo
2373 5454 2596 5508 fuerant
2623 5454 2741 5507 haec
2773 5454 3130 5525 assequenda
3162 5454 3508 5527 decerpitur,
3541 5463 3602 5511 ut
3638 5475 3858 5512 morum

2227 5547 2438 5601 habere
2466 5547 2737 5602 doceatur
2779 5548 2888 5602 hoc
2931 5547 3207 5618 probitas,
3240 5549 3387 5620 quod
3417 5550 3696 5620 prolixior
3729 5569 3856 5604 con-

2226 5640 2465 5695 suetudo
2485 5657 2600 5695 non
2617 5641 2878 5708 contulit,
2899 5657 3002 5695 nec
3023 5658 3127 5712 per
3145 5642 3504 5697 occasionem
3528 5645 3853 5716 supplenda!

2225 5734 2480 5805 penuriae
2512 5734 2781 5789 clericalis
2812 5735 2946 5790 vitia
2979 5734 3166 5806 potius
3191 5735 3395 5790 divinis
3427 5737 3678 5792 cultibus
3707 5740 3849 5792 intu-

2225 5828 2372 5893 lisse,
2399 5845 2510 5881 non
2530 5827 2801 5900 legitima?
2833 5828 3061 5883 familiae
3091 5833 3494 5901 computemur
3523 5847 3854 5902 procurasse
