4062 6188
216 287 314 338 9Η

1437 287 1905 342 DECRETALIUM
1945 285 2332 365 COLLECTIU.

3480 292 3580 344 942

215 393 579 462 compendia.
600 395 850 457 Quorum
870 395 1322 465 promotionibus
1335 411 1504 466 super
1522 396 1656 449 anni
1673 400 1850 449 metas
1872 408 1930 480 Α
1951 399 2141 448 caturo
2161 393 2206 448 si
2233 393 2613 448 immoderata
2638 393 2910 451 facientes
2930 395 3366 451 dissimulaverit
3389 397 3578 453 vindi-

212 502 311 540 sex
337 503 564 540 menses
592 487 960 542 nihilominus
981 489 1376 559 subrogamus,
1397 489 1690 560 quoniam,
1709 489 1851 542 sicut

211 581 432 635 dictum
472 586 575 645 est,
610 581 814 643 distare
841 584 1107 637 convenit
1137 583 1288 637 inter
1314 600 1624 654 personam
1656 583 1848 638 divino

209 675 394 728 cultui
413 675 686 741 deditam,
708 680 764 729 et
780 677 848 730 de
869 677 1142 731 laicorum
1167 678 1596 732 conversatione
1625 677 1849 731 venien~

210 777 354 822 tem.
381 770 514 832 Qua:
537 773 728 822 tamen
761 775 991 824 eatenus
1019 771 1368 842 indulgenda
1394 771 1757 840 credidimus,
1790 775 1850 825 ut

212 862 325 915 illis
353 863 610 916 Ecclesiis
648 863 852 934 quibus
882 863 1242 919 infestatione
1269 865 1549 919 bellorum
1576 865 1659 918 vel
1692 865 1848 918 nulla

211 955 442 1024 penitus
461 957 544 1009 vel
567 956 772 1026 exigua
799 963 1196 1012 remanserunt
1225 958 1541 1012 ministeria
1566 974 1843 1012 renoven-

210 1054 327 1114 tur,
349 1052 630 1120 quatenus
657 1050 742 1104 his
765 1051 876 1104 Deo
899 1051 1142 1121 prepitio
1173 1051 1462 1120 restitutis,
1490 1051 1548 1105 in
1579 1051 1842 1106 ecclesia-

208 1142 366 1195 sticis
414 1142 684 1212 gradibus
723 1143 1096 1213 subrogandis
1140 1161 1428 1199 canonum
1479 1150 1843 1216 paternorum

209 1240 373 1290 vetus
406 1236 585 1289 forma
625 1240 901 1292 servetur.
947 1239 1058 1291 Nec
1089 1242 1289 1292 contra
1324 1255 1423 1292 eos
1477 1239 1590 1292 ulla
1628 1239 1844 1293 ratione

205 1329 532 1400 pravaleat,
557 1330 705 1400 quod
726 1346 827 1400 pro
850 1331 1154 1396 accidentis
1173 1331 1425 1386 remedio
1445 1332 1700 1386 defectus
1722 1349 1841 1404 pro-

205 1423 450 1488 videtur,
489 1439 606 1476 non
629 1423 898 1477 adversus
923 1424 1060 1478 scita
1081 1425 1363 1495 majorum
1385 1441 1532 1480 nova
1555 1427 1680 1496 lege
1708 1442 1838 1496 pro-

205 1517 443 1585 ponitur
473 1533 485 1569 :
509 1517 730 1571 czeteris
759 1517 1014 1572 Ecclesiis
1033 1519 1102 1572 ab
1133 1519 1236 1573 hac
1257 1519 1548 1574 occasione
1570 1520 1838 1573 cessanti-

202 1611 331 1676 bus,
353 1627 494 1681 quas
517 1628 631 1664 non
654 1611 825 1666 simili
851 1613 1007 1666 clade
1038 1616 1282 1667 vastatas
1306 1614 1601 1684 pristinam
1624 1613 1838 1667 faciem

204 1703 291 1756 dis
318 1704 773 1759 ordinationibus
801 1707 1067 1760 convenit
1094 1712 1290 1760 tenere
1320 1707 1683 1762 sententiam.
1719 1707 1841 1771 Quo

1950 505 2098 542 care.

2022 583 2104 637 IX.
2136 580 2407 636 Diaconos
2435 598 2664 656 quoque
2689 583 2981 654 propriam
3014 583 3432 639 constitutionis
3457 602 3576 642 ser-

1949 692 2082 729 vare
2112 693 2461 744 mensuram,
2481 694 2585 731 nec
2615 677 2760 730 ultra
2781 686 3040 732 tenorem
3068 680 3320 749 paternis
3345 681 3574 734 canoni-

1949 771 2053 824 bus
2085 770 2422 841 deputatum
2458 770 2754 842 quidpiam
2793 774 3033 839 tentare,
3075 772 3216 829 nihil
3243 790 3443 830 eorum
3472 791 3576 832 suo

1950 865 2266 919 ministerio
2294 865 2676 935 permittimus
2695 865 2980 936 applicare
3002 885 3131 940 quae
3153 870 3350 939 primis
3371 870 3576 924 ordini-

1949 957 2052 1011 bus
2075 958 2303 1028 proprie
2333 957 2581 1012 decrevit
2604 959 2930 1030 antiquitas.
2954 961 3177 1031 Absque
3199 963 3464 1033 episcopo
3489 965 3574 1018 vel

1949 1052 2274 1122 presbytero
2308 1052 2590 1122 baptizare
2621 1069 2736 1107 non
2768 1058 3206 1124 praesumantur,
3241 1055 3350 1110 nisi
3375 1057 3575 1127 praedi-

1946 1141 2048 1195 ctis
2093 1141 2347 1196 fortassis
2388 1142 2582 1196 ofﬁciis
2616 1142 2847 1213 longius
2903 1144 3222 1198 constitutis
3268 1147 3572 1201 necessitas

1947 1238 2194 1289 extrema
2221 1237 2544 1306 compellat.
2572 1237 2729 1304 Quod
2761 1242 2818 1292 et
2843 1237 3000 1291 laicis
3029 1237 3364 1293 Christianis
3390 1239 3571 1296 facere

1945 1329 2284 1400 plerumque
2311 1330 2659 1384 conceditur.

2014 1423 2073 1476 Χ.
2103 1423 2206 1476 Eos
2231 1439 2344 1476 non
2374 1423 2432 1476 in
2465 1423 2818 1494 presbyterio
2840 1423 3088 1480 insidere
3115 1442 3243 1480 cum
3272 1426 3460 1482 divina
3483 1444 3572 1483 ce-

1943 1516 2258 1581 lebrantur,
2292 1518 2378 1571 vel
2415 1517 2819 1572 ecclesiasticus
2847 1519 3090 1574 habetur
3108 1521 3431 1592 quicunque
3457 1527 3572 1577 tra-

1943 1612 2141 1664 ctatus.
2172 1611 2326 1664 Sacri
2351 1611 2603 1682 corporis
2633 1612 3104 1682 praerogationem
3135 1615 3238 1667 sub
3265 1621 3574 1686 conspectu

1943 1705 2225 1774 pontiﬁcis
2255 1721 2354 1758 seu
2384 1705 2723 1775 presbyteri,
2754 1706 2861 1759 nisi
2883 1707 2970 1760 his
2993 1707 3322 1762 absentibus
3336 1710 3430 1780 jus
3455 1727 3573 1766 non

206 1797 396 1867 magis
425 1798 531 1851 hac
575 1800 998 1870 opportunitate
1045 1801 1378 1854 commoniti
1423 1801 1839 1855 observantiam
1861 1779 1917 1851 Β
1943 1815 2057 1851 non
2082 1797 2328 1852 habeant
2355 1799 2682 1852 exercendi.
2731 1801 2871 1855 Cum
2900 1799 3052 1854 enim
3081 1801 3306 1856 decreta
3343 1820 3574 1859 venera-

204 1892 662 1946 venerandorum
685 1910 966 1946 canonum
995 1894 1330 1965 propensius
1355 1894 1709 1966 delegamus,
1735 1895 1843 1948 sin-

204 1985 480 2046 gulorum
517 1986 798 2056 graduum
834 1987 1208 2042 conscientias
1243 1988 1638 2054 admonentes,
1687 2005 1759 2043 ne
1783 1990 1840 2042 in

202 2078 430 2132 illicitos
458 2096 831 2151 prorumpere
863 2082 1176 2136 moliantur
1205 2098 1487 2136 excessus.

278 2173 339 2225 V.
374 2173 482 2226 Nec
504 2173 584 2226 fas
606 2190 728 2228 esse
763 2174 1008 2229 confidat
1040 2175 1296 2247 quisquis
1318 2176 1651 2246 pontificum
1679 2176 1838 2246 biga-

197 2282 348 2332 mos,
378 2269 474 2319 aut
506 2267 777 2338 conjugia
804 2269 1102 2322 sortientes
1135 2269 1204 2323 ab
1240 2270 1367 2323 aliis
1399 2269 1688 2335 derelicta,
1725 2269 1838 2323 sive

193 2359 489 2430 quoslibet
503 2365 627 2430 post
641 2361 1035 2431 pienitentiam
1049 2363 1134 2416 vel
1151 2363 1271 2416 sine
1287 2363 1506 2431 litteris,
1529 2363 1615 2417 vel
1639 2380 1837 2433 corpo-

194 2469 261 2506 re
290 2453 534 2520 vitiatos,
558 2455 646 2508 vel
667 2455 1124 2523 conditionarios,
1149 2461 1246 2510 aut
1268 2457 1438 2510 curia:
1453 2457 1836 2526 publicarum-

193 2562 313 2617 que
338 2563 530 2600 rerum
556 2548 796 2602 nexibus
819 2549 1156 2620 implicatos,
1173 2553 1270 2603 aut
1291 2551 1502 2620 passim
1527 2551 1683 2604 nulla
1701 2556 1840 2604 tem-

194 2641 356 2710 poris
369 2642 738 2711 congruentis
755 2643 1166 2713 exspectatione
1180 2643 1473 2710 discussos,
1496 2643 1701 2698 divinis
1718 2661 1835 2697 ser-

192 2734 414 2788 vituros
454 2735 735 2806 applicare
776 2735 1129 2803 ministeriis,
1168 2753 1354 2807 neque
1399 2753 1503 2808 pro
1540 2754 1640 2791 suo
1674 2737 1836 2791 libitu

183 2829 324 2896 jura
355 2828 619 2882 studeant
650 2829 836 2883 aliena
862 2830 1188 2900 pervadere,
1212 2830 1428 2901 absque
1447 2829 1594 2884 sedis
1616 2836 1840 2901 aposto-

191 2922 322 2974 licae
340 2922 499 2990 justa
519 2921 891 2992 dispositione
912 2923 1241 2977 mandante.

272 3015 360 3069 Vl.
397 3014 656 3070 Basilicas
681 3017 899 3071 noviter
919 3016 1203 3070 institutas
1225 3032 1338 3070 non
1369 3017 1562 3088 petitis
1583 3034 1648 3072 ex
1677 3034 1834 3072 more

191 3108 676 3178 przeceptionibus
703 3109 962 3164 dedicare
985 3126 1153 3164 nemo
1181 3111 1407 3177 audeat,
1443 3128 1545 3165 nec
1577 3111 1835 3166 ambiant

188 3202 430 3256 sibimet
457 3202 704 3274 episcopi
735 3203 1024 3258 vindicare
1074 3204 1306 3258 clericos
1345 3205 1644 3274 potestatis
1683 3205 1828 3260 aliae.

262 3296 373 3349 νη.
422 3295 776 3367 Baptizandis
811 3296 1325 3368 consignandisque
1357 3297 1622 3352 fidelibus
1651 3299 1833 3369 pretia

186 3388 358 3442 nulla
382 3389 771 3460 praeﬁgantur,
793 3407 894 3444 nec
916 3390 1262 3445 illationibus
1281 3391 1631 3461 quibuslibet
1651 3392 1830 3462 impo-

180 3482 310 3535 sitis
355 3483 639 3552 exagitare
677 3483 905 3554 cupiant
949 3488 1332 3552 renascentes,
1379 3485 1648 3555 quoniam
1701 3502 1828 3556 quze

180 3575 374 3644 gratis
419 3576 744 3646 accipimus,
792 3577 966 3648 gratis
1012 3577 1148 3632 dare
1192 3578 1552 3645 mandamur,
1600 3582 1656 3632 et
1702 3578 1830 3632 ideo

183 3669 340 3722 nihil
366 3685 399 3721 a
431 3670 712 3738 praedictis
739 3688 969 3741 prorsus
996 3671 1224 3741 exigere
1251 3671 1574 3736 moliantur,
1600 3688 1714 3742 quo
1742 3672 1826 3726 vel

185 3765 533 3833 paupertate
559 3767 799 3834 cogente
827 3765 1100 3831 deterriti,
1134 3765 1220 3819 vel
1252 3765 1646 3835 indignatione
1675 3781 1830 3820 revo-

180 3856 326 3921 cati,
352 3855 761 3927 redemptionis
781 3875 975 3912 causas
993 3875 1109 3913 suze
1129 3859 1327 3913 audire
1347 3857 1686 3928 despiciant;
1713 3875 1826 3913 cer-

183 3954 315 4002 tum
348 3949 616 4004 habentes
642 3951 792 4021 quod
813 3952 910 4022 qui
932 3952 1216 4021 prohibita
1239 3951 1578 4023 deprehensi
1609 3952 1823 4006 fuerint

177 4042 506 4107 admisisse,
544 4044 628 4097 vel
655 4045 954 4098 commissa
982 4062 1094 4098 non
1123 4045 1311 4115 potius
1341 4062 1440 4098 sua
1465 4050 1665 4115 sponte
1697 4063 1820 4100 cor-

180 4136 466 4202 rexerint,
500 4137 813 4206 periculum
843 4137 1080 4192 subituri
1110 4138 1328 4209 proprii
1357 4138 1470 4192 sint
1499 4139 1749 4194 honoris.

261 4231 396 4284 Vlll.
432 4231 543 4283 Nec
574 4230 760 4284 minus
793 4231 966 4285 etiam
1006 4231 1364 4302 presbyteros
1408 4232 1560 4286 ultra
1586 4233 1822 4287 modum

177 4341 363 4377 suum
409 4323 641 4377 tendere
687 4325 1080 4394 prohibemus,
1113 4342 1216 4380 nec
1253 4325 1555 4396 episcopali
1594 4326 1820 4396 fastigio

173 4417 444 4473 indebita
469 4417 698 4474 sibimet
723 4419 988 4473 audacter
1013 4435 1323 4487 assumere,
1347 4436 1460 4473 non
1483 4420 1822 4475 conficiendi

1945 1891 2143 1944 bilium
2167 1893 2522 1946 sanctionum
2546 1910 2646 1946 nos
2667 1909 2895 1964 quoque
2923 1909 3270 1965 magnopere
3289 1898 3571 1952 custodire

1946 1984 2216 2053 nitamur,
2269 2003 2331 2040 ac
2384 1986 2502 2039 sine
2555 2001 2755 2040 eorum
2785 1985 3082 2057 dispendio
3112 1988 3283 2042 etiam
3319 1990 3412 2044 illa
3442 2007 3569 2062 quin

1942 2095 2044 2148 pro
2069 2079 2302 2148 alicujus
2333 2079 2590 2133 utilitatis
2629 2080 2867 2134 fortasse
2907 2081 3248 2152 compendio
3277 2082 3572 2140 videantur

1942 2172 2183 2226 laxanda
2210 2173 2495 2226 cedamus.

2013 2266 2094 2320 XI.
2121 2266 2378 2338 Cumque
2405 2266 2566 2320 nobis
2595 2267 2792 2320 contra
2823 2268 3156 2324 salutarium
3187 2273 3568 2329 reverentiam

1943 2361 2274 2428 regularum
2303 2361 2599 2432 cupiamus
2618 2367 2833 2418 temere
2855 2362 2996 2417 nihil
3020 2363 3209 2430 licere,
3238 2369 3295 2420 et
3319 2383 3450 2420 cum
3478 2385 3568 2422 se-

1941 2452 2036 2506 des
2052 2454 2354 2523 apostolica
2370 2454 2628 2525 superior
2641 2455 2728 2509 his
2747 2457 3035 2525 omnibus,
3059 2457 3284 2513 favente
3304 2460 3566 2530 Domino,

1939 2563 2064 2617 qua:
2086 2548 2337 2617 paternis
2367 2549 2678 2602 canonibus
2697 2556 2831 2604 sunt
2855 2552 3106 2620 prmﬁxa,
3131 2553 3224 2622 pio
3255 2553 3568 2626 devotaque

1940 2641 2132 2694 animo
2158 2640 2379 2694 studeat
2407 2646 2603 2695 tenere
2635 2644 2944 2714 proposito,
2987 2645 3120 2698 satis
3149 2645 3451 2717 indignum
3483 2655 3569 2704 est

1938 2750 2285 2805 quemquam
2315 2735 2402 2789 vel
2433 2735 2765 2805 pontiﬁcum
2801 2739 2886 2791 vel
2915 2738 3182 2793 ordinum
3213 2740 3564 2812 subsequen-

1940 2827 2082 2880 tium
2111 2828 2257 2882 hanc
2283 2828 2701 2884 observantiam
2736 2830 3006 2898 refutare,
3041 2848 3214 2902 quam
3239 2833 3386 2888 beati
3415 2835 3565 2890 Petri

1937 2921 2128 2974 sedem
2151 2925 2208 2974 et
2237 2921 2398 2993 sequi
2419 2922 2605 2977 videat
2625 2927 2681 2977 et
2701 2923 2923 2991 docere,
2947 2924 3194 2996 satisque
3221 2927 3564 2982 conveniens

1937 3015 2028 3079 sit,
2065 3021 2124 3069 ut
2153 3017 2338 3069 totum
2361 3031 2565 3087 corpus
2597 3016 2858 3071 Ecclesiae
2889 3017 2946 3072 in
2975 3017 3082 3074 hac
3111 3018 3340 3074 sibimet
3367 3021 3562 3076 obser-

1936 3110 2161 3162 vatione
2191 3109 2508 3176 concordet,
2536 3127 2709 3180 quam
2752 3110 2862 3164 illic
2889 3111 3079 3181 vigere
3110 3113 3436 3184 conspiciat,
3467 3115 3563 3170 ubi

1938 3201 2208 3255 Dominus
2239 3201 2495 3256 Ecclesiae
2522 3203 2691 3256 totius
2722 3205 2905 3274 posuit
2932 3205 3312 3276 principatum
3339 3207 3560 3264 dicente

1934 3295 2224 3365 Scriptura
2247 3311 2259 3348 :
2287 3318 2313 3343 ‹‹
2331 3284 2598 3350 Ordinate
2620 3295 2677 3349 in
2693 3313 2782 3351 me
2804 3298 3138 3353 charitatem
3159 3301 3336 3368 (Cant.
3357 3319 3417 3370 ιι,
3437 3305 3510 3370 4).
3529 3326 3556 3352 υ

1933 3391 1997 3443 Et
2021 3388 2233 3442 iterum
2257 3405 2270 3441 :
2299 3411 2326 3444 μ
2344 3389 2543 3443 Omnia
2562 3394 2712 3442 certo
2735 3391 2934 3445 ordine
2955 3392 3258 3461 tiant(Gen.
3282 3411 3386 3461 xu,
3407 3397 3510 3464 18).
3528 3419 3554 3445 ››

1931 3486 2114 3552 Atque
2156 3481 2362 3536 iterum
2399 3482 2693 3536 Psalmista
2728 3483 3072 3553 praedicante
3103 3503 3115 3538 :
3148 3507 3174 3533 ‹‹
3203 3487 3557 3543 Circumdate

1930 3575 2062 3630 Sion
2098 3578 2156 3628 et
2181 3575 2624 3646 complectimini
2644 3593 2767 3630 eam
2801 3583 3024 3632 narrate
3054 3577 3110 3632 in
3139 3580 3388 3634 turribus
3413 3582 3553 3652 ejus.

1930 3668 2126 3722 Ponite
2150 3667 2321 3722 corda
2346 3671 2530 3722 vestra
2555 3669 2615 3722 in
2641 3668 2846 3723 virtute
2871 3670 3014 3740 ejus,
3039 3677 3095 3726 et
3120 3671 3438 3728 distribuite
3461 3675 3557 3730 do-

1930 3778 2052 3816 mos
2081 3762 2222 3832 ejus,
2261 3764 2325 3815 ut
2359 3761 2632 3816 enarretis
2663 3763 2718 3816 in
2748 3765 3020 3833 progenie
3050 3765 3244 3833 altera,
3280 3768 3554 3838 quoniam

1931 3855 2019 3909 hic
2045 3857 2126 3910 est
2151 3856 2301 3910 Deus
2329 3861 2525 3910 noster
2544 3855 2601 3909 in
2631 3859 2930 3923 teternum,
2961 3863 3015 3912 et
3036 3858 3154 3929 ipse
3181 3866 3342 3930 reget
3367 3878 3469 3916 nos
3495 3863 3552 3916 in

1928 3950 2136 4004 szecula
2180 3950 2346 4019 (Psal.
2393 3966 2554 4018 XLVII,
2596 3953 2802 4020 13-15).
2832 3972 2858 3999 ››
2895 3952 2991 4005 Hic
3018 3954 3210 4022 procul
3238 3954 3410 4008 dubio
3456 3957 3554 4027 qui

1927 4045 1983 4096 in
2013 4043 2520 4098 ecclesiasticarum
2551 4049 2820 4098 narratur
2855 4044 3153 4100 altitudine
3184 4047 3551 4118 dignitatum,

1926 4142 1980 4192 et
1996 4137 2054 4191 in
2071 4138 2230 4207 cujus
2248 4137 2452 4191 virtute
2469 4137 2633 4192 bonis
2649 4137 2914 4208 operibus
2932 4140 3103 4193 corda
3119 4141 3382 4210 ponenda
3399 4147 3550 4211 sunt,

1928 4230 2199 4300 gradibus
2231 4231 2429 4301 utique
2473 4231 2807 4298 distributis,
2852 4233 3068 4286 cunctis
3104 4234 3250 4287 Deus
3279 4241 3473 4290 noster
3499 4242 3552 4289 et

1925 4330 2110 4378 rector
2130 4324 2322 4395 populi
2349 4323 2742 4395 przedicandus
2770 4329 2857 4378 est
2879 4325 3232 4396 Christianis,
3259 4328 3354 4382 ubi
3381 4345 3550 4385 nemo

1925 4417 2153 4471 sibimet
2187 4418 2380 4488 aliquo
2412 4419 2538 4486 jam
2575 4419 2864 4472 existimet
2897 4419 3283 4489 imminutum,
3331 4439 3461 4476 cum
3499 4429 3554 4478 et

175 4510 531 4577 chrismatis,
548 4528 663 4565 non
676 4512 1122 4581 consignationis
1135 4513 1469 4584 pontificalis
1485 4513 1820 4568 adhibendae
1842 4517 1899 4588 D
1926 4511 2365 4582 uniuscujusque
2385 4511 2593 4582 gradus
2610 4513 2958 4582 profectione
2981 4515 3060 4567 nil
3077 4514 3321 4584 deperit,
3345 4521 3400 4570 et
3421 4533 3551 4572 con-

177 4605 422 4659 sibimet
455 4605 708 4676 accipere
737 4605 1088 4673 facultatem,
1124 4623 1236 4661 non
1266 4613 1542 4678 przesente
1573 4607 1825 4678 quolibet

180 4697 468 4765 antistite,
514 4697 620 4751 nisi
647 4698 884 4753 fortasse
918 4699 1248 4769 jubeantur,
1286 4702 1368 4754 vel
1405 4701 1698 4766 orationis,
1740 4701 1824 4754 vel

177 4791 433 4846 actionis
462 4808 630 4846 sacras
663 4795 964 4864 suppetere
990 4792 1093 4847 sibi
1119 4799 1468 4864 praesumant
1499 4811 1619 4848 esse
1648 4794 1821 4848 licen-

177 4886 353 4953 tiam,
385 4902 566 4956 neque
595 4886 697 4938 sub
721 4887 842 4955 ejus
863 4891 1112 4956 aspectu,
1143 4887 1247 4940 nisi
1266 4887 1598 4957 jubeantur,
1621 4893 1718 4942 aut
1744 4904 1824 4941 se-

179 4979 328 5033 dere
363 4984 726 5048 praesumant,
770 4984 868 5034 aut
891 4981 1216 5034 veneranda
1243 4987 1484 5036 tractare
1515 4982 1820 5051 mysteria;

176 5088 293 5127 nec
311 5071 417 5125 sibi
436 5071 802 5127 meminerint
819 5073 929 5126 ulla
948 5074 1162 5128 ratione
1181 5074 1436 5140 concedi,
1457 5075 1578 5128 sine
1595 5090 1824 5128 summo

179 5165 462 5238 pontifice
482 5165 912 5236 subdiaconum,
936 5170 1037 5222 aut
1054 5168 1375 5238 acolythum
1390 5168 1486 5238 jus
1508 5167 1718 5222 habere
1739 5169 1822 5221 fa-

177 5257 397 5326 ciendi,
429 5275 531 5314 nec
557 5276 787 5330 prorsus
816 5259 872 5314 id
900 5259 1179 5325 dubitent,
1203 5261 1250 5314 si
1275 5260 1585 5332 quidquam
1608 5261 1679 5316 ad
1702 5261 1821 5331 epi-

173 5353 386 5424 capale
428 5353 807 5408 ministerium
850 5354 1164 5425 specialiter
1190 5355 1480 5425 pertinens
1520 5371 1620 5409 suo
1665 5358 1824 5408 motu

171 5446 517 5518 putaverint
571 5447 1020 5518 exsequendum,
1073 5448 1344 5502 continuo
1384 5465 1444 5502 se
1487 5447 1824 5519 presbyterii

177 5539 496 5610 dignitate,
526 5545 582 5596 et
607 5557 766 5595 sacra
794 5542 1202 5596 communione
1238 5541 1466 5612 privari.
1514 5542 1676 5606 Quod
1701 5541 1826 5595 ﬁeri

179 5649 422 5691 necesse
453 5637 538 5688 est
565 5650 916 5701 censeamus,
956 5634 1001 5688 si
1028 5651 1227 5689 eorum
1258 5635 1499 5706 praesule
1529 5635 1824 5689 deferente

181 5727 522 5796 hujusmodi
549 5727 722 5781 fuerit
749 5728 1140 5798 praevaricatio
1161 5727 1547 5798 comprobata,
1576 5744 1679 5782 nec
1697 5727 1824 5800 ipso

182 5836 395 5874 eorum
424 5820 691 5892 episcopo
723 5838 754 5875 a
781 5823 944 5895 culpa
973 5822 1364 5890 conniventize,
1401 5825 1458 5876 et
1483 5821 1701 5877 ultione
1729 5837 1821 5875 va-

1925 4604 2220 4658 venienter
2246 4605 2572 4672 retinendo,
2599 4605 2751 4676 quod
2776 4607 2985 4660 caelesti
3013 4607 3428 4676 dispensatione
3459 4610 3552 4664 do-

1925 4703 2123 4752 natum
2143 4703 2245 4765 est,
2263 4697 2476 4768 pariter
2496 4698 2676 4763 nobis,
2696 4703 2752 4752 et
2767 4699 3208 4768 cognoscibilem
3227 4701 3407 4756 Deum
3427 4703 3549 4757 ﬁeri

1927 4792 2122 4846 tribuit
2148 4808 2268 4846 esse
2303 4794 2359 4844 et
2385 4795 2686 4845 rectorem.
2721 4792 2858 4843 Nam
2890 4798 2947 4844 et
2977 4792 3019 4844 si
3049 4793 3188 4863 quid
3216 4793 3554 4866 indulgetur

1923 4887 1992 4940 de
2010 4891 2335 4957 temporum
2355 4883 2669 4954 quantitate
2698 4884 2952 4938 moribus
2966 4891 3280 4956 aggregata
3305 4892 3550 4944 strenui-

1925 4985 2038 5033 tate
2069 4981 2340 5049 pensatur
2372 4994 2384 5031 :
2417 4976 2463 5030 si
2496 4977 2623 5031 vitae
2664 4977 2840 5031 etiam
2888 4979 3175 5048 proposito
3207 4983 3549 5049 continetur,

1926 5072 2075 5143 quod
2111 5088 2213 5142 pro
2244 5071 2419 5125 relata
2449 5070 2620 5125 fuerit
2659 5075 2822 5126 astate
2860 5073 3199 5140 curandum,
3238 5077 3550 5132 dummodo

1927 5166 2022 5220 illa
2037 5166 2358 5220 nullatenus
2377 5165 2728 5220 dissimulata
2748 5166 3079 5237 subrepant,
3103 5185 3349 5239 quorum
3377 5172 3554 5241 quod-

1926 5259 2080 5324 libet,
2097 5258 2141 5312 si
2159 5257 2341 5312 inesse
2359 5259 2642 5324 claruerit,
2660 5261 2864 5314 merito
2885 5261 3238 5315 clericalibus
3253 5262 3441 5316 infulis
3464 5278 3546 5315 re-

1927 5351 2275 5423 probabilem
2302 5352 2602 5406 convincat
2631 5369 2750 5408 esse
2777 5370 3099 5424 personam.
3142 5354 3255 5407 Etsi
3286 5353 3378 5407 illa
3408 5370 3546 5407 non-

1927 5462 2220 5518 nunquam
2250 5445 2487 5501 sinenda
2519 5451 2671 5514 sunt,
2718 5463 2864 5518 quae,
2895 5448 2940 5500 si
2971 5450 3304 5500 czeterorum
3331 5452 3553 5501 constet

1928 5539 2246 5612 integritas,
2273 5540 2391 5594 sola
2416 5556 2621 5594 nocere
2645 5557 2759 5594 non
2794 5540 3049 5603 valeant;
3079 5539 3176 5592 illa
3207 5542 3395 5593 tamen
3419 5544 3552 5594 sunt

1926 5645 2274 5700 magnopere
2319 5629 2714 5700 prazcavenda,
2755 5645 2881 5699 quae
2909 5628 3081 5696 recipi
3111 5627 3218 5680 nisi
3254 5628 3551 5683 manifesta

1925 5722 2348 5779 decoloratione
2377 5740 2491 5777 non
2521 5722 2753 5794 possint.
2793 5725 2866 5776 Ac
2893 5722 2936 5774 si
2971 5738 3036 5774 ea
3064 5721 3185 5792 ipsa
3227 5738 3354 5792 qua:
3394 5722 3551 5776 nullo

1927 5817 2269 5871 detrimento
2299 5816 2596 5887 aliquoties
2628 5815 2971 5886 indulgenda
2999 5815 3325 5878 creduntur,
3348 5816 3432 5870 vel
3465 5832 3548 5871 re-
