4062 6188
557 246 657 301 943

1443 250 1727 307 APPEND.
1769 249 1858 304 AD
1896 248 2059 304 SxEC.
2095 249 2179 303 IX.

2320 249 2558 306 ISIDURI
2600 251 3022 308 MERCATOIUS
3726 266 3797 319 944

551 370 683 415 rum
704 357 967 429 temporu
977 374 1150 429 mquo
1167 358 1319 427 cogit
1336 357 1597 425 intuitus,
1619 358 1706 412 vel
1722 357 2032 411 accelerate
2053 371 2181 428 pro-
2202 366 2260 440 Α
2282 358 2614 414 clericorurn
2645 358 3128 431 negotiationibus
3156 358 3455 417 inhonestis
3482 370 3532 419 et
3551 364 3691 422 lucris
3711 374 3799 425 tur-

559 450 790 506 visionis
816 456 1101 523 respectus
1128 455 1360 506 excusat
1383 468 1397 506 :
1426 456 1640 523 quanto
1672 450 1856 522 magis
1882 450 1979 504 illa
2003 450 2183 505 nulla-

557 549 720 599 tenus
761 545 1077 600 mutilanda
1115 548 1248 601 sunt
1281 561 1411 617 quae
1438 561 1544 600 nec
1570 545 1689 599 ulla
1728 543 2049 610 necessitas,
2079 560 2181 599 nec

558 637 932 693 ecclesiastica
957 655 1188 710 prorsus
1214 642 1513 710 extorquet
1538 638 1753 693 utilitas
1777 639 1804 692 ?

628 732 733 787 XII.
777 732 1100 804 Baptizandi
1132 733 1235 788 sibi
1263 732 1552 805 quispiam
1590 730 1804 804 passim
1844 746 2182 813 qupcunque

559 827 812 897 tempore
839 828 1055 882 nullam
1086 828 1280 883 credat
1307 828 1489 882 inesse
1516 825 1806 881 ﬁduciam.
1840 827 2051 880 Praeter
2078 840 2178 896 pa-

556 920 740 978 schale
782 920 994 976 festum
1036 926 1093 976 et
1133 922 1485 977 Pentecostes
1514 919 1834 975 venerabile
1863 935 2183 973 sacramen-

552 1018 695 1083 tum,
719 1020 955 1086 excepto
978 1015 1256 1072 duntaxat
1275 1014 1588 1087 gravissimi
1614 1012 1908 1085 languoris
1928 1013 2179 1079 incursu,

553 1108 612 1164 in
642 1123 757 1179 quo
800 1109 1110 1165 verendum
1142 1112 1225 1163 est
1249 1125 1345 1178 ne,
1373 1108 1560 1163 morbi
1590 1112 1875 1163 crescente
1908 1106 2180 1179 periculo,

556 1202 677 1259 sine
708 1202 964 1258 remedio
984 1203 1219 1258 salutari
1248 1202 1505 1258 fortassis
1526 1206 1828 1273 aegrotans,
1852 1200 2024 1256 exitio
2045 1216 2183 1273 pras-

555 1301 757 1352 ventus
785 1296 1069 1353 abscedat.

629 1392 761 1448 XIII.
791 1390 1183 1447 Ordinationes
1209 1392 1385 1446 etiam
1420 1391 1905 1462 presbyterorum,
1928 1393 1985 1443 et
2005 1387 2184 1443 diaco-

558 1501 761 1543 norum
792 1485 899 1541 nisi
917 1484 1085 1541 certis
1112 1485 1468 1557 temporibus
1488 1488 1544 1539 et
1563 1484 1762 1540 diebus
1784 1498 2046 1538 exercere
2065 1498 2182 1537 non

556 1579 817 1636 debeant.
853 1580 909 1634 Id
941 1584 1024 1634 est
1047 1579 1231 1650 quarti
1268 1578 1484 1633 mensis
1497 1577 1719 1649 jejunio
1742 1576 1972 1648 septimi
2000 1580 2057 1631 et
2081 1576 2181 1631 de-

555 1673 707 1741 cimi,
730 1673 829 1728 sed
848 1676 906 1728 et
935 1672 1110 1729 etiam
1136 1670 1650 1744 quadragesimalis
1670 1670 1838 1739 initii,
1873 1687 1937 1725 ac
1969 1668 2180 1725 media-

2282 452 2445 523 pibus
2466 452 2790 521 imminere,
2811 452 2967 507 nullo
2987 454 3201 524 pudore
3217 460 3493 512 cernentes
3504 462 3803 531 evangelium

2282 545 2604 612 lectionem,
2637 562 2767 618 quas
2790 547 2911 618 ipse
2936 547 3204 602 Dominus
3230 548 3575 620 negotiatores
3599 568 3626 607 e
3647 557 3807 628 templo

2284 639 2611 695 verberatos
2634 640 2874 712 flagellis
2892 642 3160 696 asseritur
3200 642 3483 713 expulisse,
3514 662 3601 699 nec
3624 650 3806 718 Apostoli

2281 734 2451 788 verba
2471 735 2780 789 recolentes
2800 734 3005 806 quibus
3025 735 3104 790 ait
3127 752 3140 789 :
3172 755 3199 787 α
3223 736 3395 791 Nemo
3415 737 3811 797 mﬂitansDeoim-

2283 827 2452 899 plicat
2474 844 2531 882 se
2550 828 2794 899 negotiis
2815 828 3180 884 saecularibus
3223 830 3297 899 (II
3325 833 3449 886 Tim.
3496 834 3628 903 11,5).
3654 856 3675 881 ιι
3707 837 3811 891 Psal-

2284 921 2451 976 mista
2484 938 2714 994 quoque
2741 922 2910 978 David
2952 923 3127 979 surda
3166 923 3563 981 dissimulantes
3590 943 3701 982 aure
3720 946 3811 984 can-

2282 1018 2500 1069 tantem
2531 1032 2544 1070 :
2581 1038 2607 1065 u
2638 1017 2919 1081 Quoniam
2943 1033 3059 1072 non
3091 1017 3333 1089 cognovi
3360 1019 3730 1091 negotiationes,
3753 1022 3813 1078 in-

2284 1109 2471 1163 troibo
2488 1110 2546 1164 in
2563 1110 2839 1181 potentias
2867 1111 3097 1166 Domini
3127 1111 3291 1179 (Psal.
3319 1128 3439 1179 LIX,
3462 1112 3557 1183 I6).
3580 1133 3603 1164 ιι
3632 1115 3810 1170 Proinde

2283 1202 2360 1257 hu
2359 1203 2511 1273 jusm
2519 1203 2611 1259 odi
2632 1208 2688 1258 et
2705 1204 2775 1259 ab
2787 1204 3043 1277 indignis
3067 1203 3129 1278 2
3139 1204 3200 1278 3
3211 1205 3269 1277 4
3286 1212 3474 1277 postea
3485 1207 3740 1278 quaestibus
3749 1226 3813 1263 no-

2282 1297 2426 1352 verit
2451 1296 2878 1366 abstinendum,
2903 1304 2959 1353 et
2983 1299 3055 1353 ab
3076 1299 3234 1354 omni
3260 1300 3546 1370 cujuslibet
3569 1302 3812 1371 negotiatio

2284 1391 2370 1445 nis
2391 1391 2619 1462 ingenio
2643 1392 2729 1446 vel
2753 1392 3063 1464 cupiditate
3083 1394 3436 1461 cessandum,
3464 1398 3554 1449 aut
3571 1395 3619 1449 in
3637 1412 3816 1466 quocun-

2284 1501 2395 1557 que
2417 1484 2603 1556 gradu
2616 1485 2730 1540 sint
2748 1485 2916 1557 positi
2939 1503 3067 1541 mox
3087 1503 3121 1541 a
3145 1487 3490 1542 clericalibus
3508 1487 3678 1543 ofﬁciis
3696 1488 3815 1544 absti-

2283 1594 2422 1633 nere
2443 1582 2742 1649 cogantur,
2766 1581 3041 1651 quoniam
3064 1580 3266 1636 domus
3294 1581 3410 1650 Dei,
3432 1598 3547 1654 quae
3565 1582 3818 1638 domnsora-

2285 1671 2453 1726 tionis
2472 1676 2529 1727 et
2551 1689 2671 1727 esse
2695 1673 2866 1728 debet
2882 1676 2940 1728 et
2957 1673 3086 1742 dici,
3107 1691 3179 1730 ne
3197 1674 3422 1730 ofﬁcina
3440 1674 3819 1747 negotiationiset

554 1784 627 1822 na
658 1739 1123 1839 Quadragesimas
1149 1739 1240 1821 die
1269 1739 1496 1821 Sabbati
1520 1765 1743 1837 jejunio
1781 1764 1930 1819 circa
1971 1765 2179 1834 Vespe-
2203 1739 2260 1814 Β
2285 1766 2554 1837 spelunca
2575 1766 2763 1837 potius
2789 1767 2863 1821 sit
2895 1739 3201 1823 latronum.

558 1878 649 1916 ras
697 1860 961 1916 noverint
1005 1860 1387 1915 celebrandas.
1434 1860 1545 1914 Nec
1571 1858 1872 1930 cujuslibet
1904 1856 2181 1939 utilitatis,

557 1972 656 2010 seu
684 1955 1109 2027 presbyterum,
1147 1970 1246 2009 seu
1290 1953 1614 2022 diaconum,
1660 1952 1749 2007 his
1785 1952 2055 2023 praeferre
2085 1950 2185 2022 qui

555 2053 686 2104 ante
706 2049 864 2121 ipsos
892 2048 1107 2104 fuerint
1133 2047 1400 2103 ordinati.

626 2143 754 2198 XIV.
810 2142 1032 2197 Devotis
1077 2157 1307 2213 quoque
1353 2140 1671 2211 virginibus
1711 2139 1821 2193 nisi
1846 2137 2028 2193 autin
2053 2137 2184 2207 Epi-

555 2236 919 2307 phaniorum,
941 2238 1039 2290 aut
1053 2235 1113 2290 in
1132 2234 1274 2289 albis
1288 2233 1669 2306 paschalibus,
1686 2236 1785 2289 aut
1802 2231 2187 2303 apostolorum

558 2329 829 2385 natalitiis
871 2345 1095 2384 sacrum
1141 2327 1380 2383 minime
1413 2327 1671 2381 velamen
1719 2325 2041 2397 imponant,
2080 2323 2187 2378 nisi

562 2423 822 2490 forsitan,
852 2423 996 2478 sicut
1033 2422 1104 2477 de
1138 2421 1474 2493 baptismate
1503 2420 1716 2475 dictum
1747 2423 1851 2486 est,
1880 2418 2038 2491 gravi
2064 2417 2187 2473 lan-

560 2533 734 2588 guore
772 2516 1069 2589 correptis,
1104 2532 1176 2571 ne
1207 2515 1327 2570 sine
1359 2515 1465 2570 hoc
1494 2529 1732 2569 munere
1762 2513 1831 2568 de
1865 2512 2071 2568 saeculo
2101 2528 2188 2567 ex-

561 2615 710 2679 eant,
741 2611 1172 2682 implorantibus
1195 2626 1309 2665 non
1336 2613 1599 2681 negetur.

630 2707 735 2761 XV.
766 2705 970 2759 Viduas
998 2708 1188 2760 autem
1214 2703 1400 2759 velare
1422 2702 1761 2774 pontificum
1790 2700 1982 2756 nullus
2009 2704 2188 2755 atten-

555 2803 657 2868 tet,
689 2799 840 2870 quod
864 2814 967 2853 nec
987 2797 1289 2853 auctoritas
1307 2796 1495 2851 divina
1515 2795 1761 2867 delegat,
1783 2810 1887 2851 nec
1905 2810 2187 2850 canonum

557 2894 741 2947 forma
759 2892 1082 2963 praestituit.
1115 2892 1235 2945 Non
1260 2895 1345 2945 est
1373 2906 1511 2960 ergo
1538 2888 1765 2961 penitus
1797 2887 2187 2958 usurpandum

560 2987 661 3055 ois,
691 2985 826 3057 quia
854 2985 931 3039 sic
964 2983 1341 3039 ecclesiastica
1369 2988 1502 3037 sunt
1532 2982 1876 3038 conferenda
1902 2980 2185 3055 praesidia,

556 3085 621 3135 ut
647 3078 791 3134 nihil
809 3077 1198 3133 committatur
1220 3076 1504 3132 illicitum.

632 3173 759 3227 XVI.
791 3170 1080 3227 Ceneralis
1099 3170 1270 3226 etiam
1298 3170 1544 3242 querelae
1572 3169 1800 3225 vitanda
1818 3169 2189 3242 praesumptio

560 3271 663 3334 est,
714 3283 825 3338 qua
863 3264 1282 3337 propemodum
1331 3270 1641 3320 causantur
1683 3263 1952 3332 universi,
1979 3263 2189 3335 passim

560 3377 747 3417 servos
768 3365 826 3416 et
843 3358 1181 3431 originarios
1196 3358 1567 3414 dominorum
1578 3358 1729 3429 jura,
1752 3357 2190 3429 possessionum-

557 3472 669 3525 que
693 3453 995 3526 fugientes,
1024 3452 1128 3507 sub
1154 3452 1438 3524 religiosae
1458 3450 1908 3507 conversationis
1928 3450 2186 3520 obtentu,

559 3549 645 3603 vel
669 3548 743 3603 ad
783 3545 1127 3603 monasteria
1156 3562 1271 3602 sese
1298 3546 1581 3615 conferre,
1630 3544 1719 3599 vel
1760 3545 1831 3600 ad
1870 3544 2192 3600 ecclesiasti-

560 3659 690 3697 cum
718 3641 1080 3709 famulatum,
1112 3639 1542 3695 conniventibus
1584 3654 1815 3711 quoque
1854 3638 2192 3710 prazsulibus

561 3734 959 3791 indifferenter
984 3734 1223 3802 admitti,
1256 3749 1384 3805 quae
1410 3732 1599 3788 modis
1629 3732 1893 3789 omnibus
1920 3735 2186 3787 estamo-

560 3830 744 3885 venda
778 3827 1075 3901 pernicies,
1114 3843 1186 3883 ne
1232 3843 1336 3899 per
1358 3826 1658 3883 Christiani
1688 3825 1939 3882 nominis
1962 3826 2189 3881 institu-

561 3928 705 3991 tum,
736 3928 834 3979 aut
857 3921 1043 3977 aliena
1070 3921 1325 3993 pervadi,
1364 3923 1463 3976 aut
1484 3919 1716 3992 publica
1741 3919 1999 3975 videatur
2019 3919 2186 3975 disci-

559 4018 716 4088 plina
742 4016 1009 4083 subverti,
1038 4014 1325 4086 praecipue
1353 4030 1482 4069 cum
1512 4030 1663 4069 nunc
1684 4014 1867 4085 ipsam
1890 4013 2190 4069 ministerii

562 4110 837 4167 clericalis
866 4110 1015 4165 hanc
1041 4108 1447 4179 obligationem
1487 4107 1759 4178 suspicari
1789 4105 2087 4161 conveniat
2112 4107 2190 4161 di-

562 4204 862 4271 gnitatem,
881 4206 1232 4272 cogaturque
1247 4218 1352 4272 pro
1374 4204 1521 4255 statu
1543 4200 1915 4255 militantium
1938 4199 2046 4254 sibi
2061 4216 2189 4256 con-

562 4295 892 4366 ditioneque
910 4294 1153 4366 jurgari,
1180 4298 1279 4349 aut
1304 4293 1503 4360 videri,
1539 4293 1694 4364 quod
1721 4293 1887 4360 absit,
1917 4292 2184 4348 obnoxia.

559 4388 772 4453 Quibus
792 4388 1033 4444 sollicita
1057 4391 1449 4460 competenter
1464 4386 1863 4442 interdictione
1883 4387 2189 4459 prohibitis

2352 1860 2527 1914 XVIII.
2558 1859 2874 1915 lllitteratos
2895 1876 3123 1932 quoque
3149 1865 3208 1916 et
3237 1862 3501 1917 nonnulla
3524 1866 3661 1933 parte
3681 1878 3821 1934 corpo-

2284 1952 2361 2008 ris
2382 1951 2716 2008 imminutos
2733 1954 2854 2009 sine
2874 1954 2983 2009 ullo
3004 1960 3266 2026 respectu
3284 1956 3357 2010 ad
3374 1955 3750 2011 ecclesiasticum
3764 1970 3821 2008 ve-

2282 2046 2408 2101 nire
2430 2046 2720 2101 servitium
2744 2047 3063 2103 didicimus.
3081 2048 3243 2113 Quod
3257 2049 3426 2104 simul
3441 2049 3650 2121 antiqua
3661 2047 3820 2104 traditio

2288 2143 2345 2194 et
2367 2140 2693 2211 apostolica:
2714 2141 2861 2197 sedis
2879 2145 3041 2197 vetus
3066 2142 3253 2197 forma
3266 2160 3387 2199 non
3409 2142 3612 2214 recipit,
3632 2142 3734 2213 quia
3753 2158 3819 2195 nec

2284 2233 2488 2288 litteris
2519 2250 2719 2289 carens
2751 2235 2921 2289 sacris
2955 2253 3078 2291 esse
3114 2241 3297 2307 potest
3323 2241 3485 2309 aptus
3511 2236 3681 2291 ofﬁciis
3700 2238 3741 2289 et
3766 2235 3820 2289 vi-

2286 2327 2493 2382 tiosum
2515 2327 2659 2382 nihil
2679 2344 2909 2400 prorsus
2928 2330 3043 2385 Deo
3061 2330 3250 2386 offerri
3265 2331 3471 2403 legalia
3487 2333 3726 2403 praecepta
3740 2344 3821 2382 san-

2287 2426 2512 2477 xerunt.
2536 2424 2733 2494 Itaque
2755 2422 2826 2477 de
2854 2427 3058 2478 caetero
3091 2423 3276 2479 modis
3302 2424 3556 2479 omnibus
3580 2423 3684 2477 hinc
3700 2421 3825 2476 viten-

2286 2518 2400 2583 tur,
2426 2531 2531 2570 nec
2562 2516 2866 2587 quisquam
2896 2516 3023 2572 talis
3044 2518 3382 2589 suscipiatur
3407 2518 3465 2572 in
3482 2519 3685 2573 clerum.
3704 2513 3826 2584 Siqui

2287 2625 2421 2663 vero
2442 2610 2527 2662 vel
2566 2609 2948 2665 temeritatem
2981 2611 3212 2682 propria
3239 2612 3328 2666 vel
3365 2610 3573 2666 incuria
3594 2607 3828 2681 praesiden-

2288 2701 2433 2756 tium
2456 2702 2591 2757 tales
2622 2704 2756 2757 ante
2778 2704 3022 2775 suscepti
3042 2708 3193 2773 sunt,
3215 2704 3275 2759 in
3298 2704 3386 2760 his
3403 2705 3459 2760 in
3479 2704 3660 2776 quibus
3675 2700 3829 2757 consti-

2290 2795 2396 2850 tuti
2422 2798 2555 2850 sunt
2573 2796 2707 2851 locis
2734 2799 2966 2852 eatenus
2999 2802 3385 2869 perseverent,
3408 2802 3469 2853 ut
3486 2797 3616 2852 nihil
3643 2809 3831 2865 unquam

2290 2889 2672 2960 promotionis
2704 2890 3000 2961 arripiant,
3037 2892 3283 2964 satisque
3314 2893 3569 2960 habeant,
3594 2892 3685 2946 hoc
3700 2889 3830 2959 ipsum

2289 2982 2398 3037 sibi
2417 2999 2520 3054 pro
2541 2983 2725 3037 nimia
2745 2984 3108 3040 miseratione
3128 2986 3489 3058 permissum.

2362 3077 2485 3131 XIX.
2525 3077 2598 3131 De
2620 3076 2707 3131 his
2729 3084 2923 3132 autem
2945 3079 3043 3150 qui
3067 3078 3281 3151 seipsos
3304 3078 3644 3145 abscindunt,
3672 3074 3832 3148 paterni

2290 3186 2538 3225 canones
2569 3169 2862 3225 evidenter
2889 3173 3183 3243 sequenda
3211 3178 3544 3245 posuerunt,
3564 3184 3767 3244 quorum
3784 3170 3835 3221 te-

2289 3278 2489 3318 norem
2527 3262 2770 3317 sufﬁciat
2807 3264 3097 3333 indidisse,
3135 3266 3339 3321 dicunt
3372 3266 3522 3325 enim
3551 3264 3665 3319 talia
3685 3276 3831 3334 perpe-

2288 3360 2521 3427 trantes,
2548 3373 2683 3411 mox
2709 3361 2770 3411 ut
2788 3358 2971 3428 agniti
2987 3358 3219 3427 fuerint,
3250 3377 3283 3414 a
3305 3375 3541 3415 munere
3560 3354 3761 3414 clericali
3771 3352 3835 3407 de-

2289 3450 2426 3505 bere
2455 3466 2548 3505 eos
2571 3450 2806 3521 secludi,
2830 3452 2979 3523 quod
3002 3452 3189 3511 modis
3217 3454 3485 3509 omnibus
3506 3450 3747 3509 custodire
3768 3462 3837 3500 nas

2290 3543 2709 3616 convenit,quia
2723 3545 2806 3599 fas
2821 3561 2942 3600 esse
2954 3546 3096 3600 nulli
3109 3547 3441 3618 suppeditat
3452 3546 3727 3619 quidquam
3737 3555 3838 3613 pm-

2290 3643 2376 3694 ter
2393 3638 2485 3692 illa
2503 3654 2629 3710 quae
2656 3639 3046 3694 memorabilis
3065 3640 3313 3696 decrevit
3334 3642 3515 3697 forma
3535 3653 3747 3695 censere.

2360 3733 2463 3787 XX.
2494 3732 2890 3803 Comperimus
2916 3733 3090 3788 etiam
3112 3734 3417 3790 horrendis
3446 3732 3745 3807 quibusdam
3769 3725 3840 3781 cri-

2289 3825 2539 3879 minibus
2567 3825 2887 3897 implicatos
2914 3830 3033 3881 tota
3059 3827 3401 3884 discretione
3423 3830 3665 3883 submota
3682 3835 3839 3879 nausa

2290 3919 2408 3973 lum
2427 3919 2498 3973 de
2515 3919 2679 3974 factis
2693 3919 2978 3975 atrocibus
2995 3922 3369 3977 necessariam
3384 3920 3749 3994 paenitudinem
3762 3928 3839 3969 non

2291 4012 2522 4079 habere,
2554 4013 2649 4068 sed
2675 4030 2777 4067 nec
2812 4014 3062 4085 aliquem
3101 4017 3448 4071 correctione
3479 4015 3684 4088 penitus
3708 4021 3840 4064 suoce

2290 4106 2460 4162 dente
2493 4106 2565 4161 ad
2594 4106 2850 4161 divinum
2876 4107 3256 4165 ministerium
3280 4110 3661 4180 honoremque
3678 4107 3843 4159 conten-

2290 4199 2445 4255 dere.
2473 4199 2786 4255 Nonnullos
2808 4204 3005 4256 autem
3028 4202 3087 4257 in
3111 4202 3247 4273 ipsis
3266 4203 3558 4259 ordinibus
3577 4198 3840 4255 constitutOs

2291 4293 2552 4364 gravibus
2580 4294 2976 4365 delinquentes
3019 4296 3371 4351 facinoribus
3402 4314 3517 4352 non
3544 4290 3734 4367 repelli.
3750 4301 3841 4342 cum

2290 4386 2525 4442 mandet
2537 4388 2833 4459 Apostolus
2848 4388 3070 4443 nemini
3087 4389 3200 4445 cito
3215 4406 3422 4446 manus
3440 4385 3842 4462 imponendasne'

562 4482 799 4555 quisque
812 4482 1130 4555 episcOpus,
1146 4481 1461 4554 presbyter,
1476 4479 1971 4548 autdiaconus,vel
1987 4497 2187 4537 eorum
2210 4477 2267 4551 D
2290 4496 2399 4552 que
2437 4480 2978 4537 communicandum
3018 4483 3261 4553 peccatis
3294 4484 3513 4551 alienis,
3553 4487 3604 4538 et
3626 4478 3841 4549 majorum

562 4577 659 4648 qui
689 4575 1050 4632 monasteriis
1076 4592 1320 4648 praeesse
1349 4579 1679 4643 noscuntur,
1714 4574 2044 4645 hujusmodi
2069 4590 2192 4647 per-

563 4688 731 4725 sonas
750 4670 902 4742 apud
923 4686 982 4725 se
994 4674 1253 4726 tenentes
1270 4685 1388 4725 non
1407 4667 1783 4724 restituendas
1799 4668 2072 4740 patronis,
2094 4673 2193 4723 aut

566 4764 832 4835 deinceps
845 4764 935 4819 vel
951 4763 1340 4819 ecclesiasticae
1358 4762 1637 4829 servituti,
1655 4763 1743 4817 vel
1764 4761 2045 4834 religiosis
2064 4779 2191 4818 con-

561 4857 990 4927 gregationibus
1012 4856 1331 4928 putaverint
1350 4855 1739 4928 applicandas,
1762 4872 1877 4910 non
1899 4855 2190 4912 voluntate

564 4950 798 5005 forsitan
832 4949 1224 5017 dominorum,
1258 4949 1361 5004 sub
1390 4949 1694 5020 Scriptura:
1726 4949 2055 5003 testimonio
2081 4949 2192 5021 pri-

562 5044 734 5099 mitus
759 5043 1065 5111 absolutas,
1092 5044 1173 5099 vel
1193 5043 1448 5114 legitima
1467 5042 1849 5099 transactione
1869 5059 2186 5113 concessas,

560 5137 877 5209 periculum
899 5154 957 5193 se
978 5137 1210 5192 honoris
1236 5136 1453 5208 proprii
1482 5153 1597 5192 non
1617 5136 1911 5208 ambigant
1939 5152 2190 5193 commu-

558 5231 858 5303 nionisque
879 5231 1181 5299 subituros,
1206 5231 1251 5286 si
1271 5246 1440 5302 super
1459 5231 1564 5287 hac
1582 5247 1643 5286 re
1665 5231 2003 5303 cujusquam
2020 5247 2186 5288 verax

560 5342 661 5382 nos
686 5326 916 5399 querela
940 5325 1270 5398 pulsaverit.
1297 5326 1509 5399 Magnis
1529 5325 1741 5398 quippe
1770 5324 1972 5379 studiis
1991 5341 2189 5379 secun-

559 5419 698 5475 dum
716 5419 948 5477 beatum
968 5420 1297 5492 Apostolum
1315 5418 1747 5493 prmcavendum
1769 5422 1868 5484 est,
1890 5434 1961 5472 ne
1981 5417 2119 5472 ﬁdes
2132 5423 2187 5473 et

556 5513 848 5586 disciplina
872 5514 1097 5569 Domini
1122 5513 1572 5587 blasphematur.

627 5606 779 5661 XVII.
812 5610 1175 5680 Consequens
1208 5608 1335 5676 fuit,
1367 5610 1433 5661 ut
1464 5606 1559 5661 illa
1590 5621 1818 5678 quoque
1847 5621 1976 5677 quas
2008 5604 2079 5660 de
2104 5606 2186 5660 Pi-

2292 4574 2614 4630 veneranda
2643 4575 2948 4630 constituta
2967 4577 3363 4647 pronuntiant.
3388 4573 3698 4649 Hujusmodi
3717 4569 3841 4625 etiam

2293 4668 2340 4722 si
2362 4668 2507 4723 forte
2526 4668 2934 4740 subrepserint,
2959 4673 3076 4725 tam
3108 4671 3203 4742 qui
3227 4675 3361 4725 ante
3382 4670 3726 4743 peccaverunt
3739 4663 3844 4717 dete-

2291 4765 2407 4816 ctos
2438 4765 2699 4833 oportere
2727 4762 2930 4834 repelli
2954 4780 3124 4834 quam
3144 4781 3318 4819 sacra;
3334 4761 3681 4836 professionis
3697 4756 3843 4813 oblitos

2292 4854 2870 4928 praevaricatoresque
2892 4857 3067 4912 sancti
3085 4858 3359 4930 propositi
3385 4858 3577 4930 procul
3596 4853 3739 4911 dubio
3755 4846 3843 4903 sub

2291 4949 2625 5004 movendos.

2362 5043 2486 5097 XXI.
2515 5044 2696 5114 Usque
2725 5043 2865 5098 adeo
2885 5059 3024 5098 sane
3051 5046 3438 5117 comperimus
3462 5044 3642 5101 illicita
3663 5047 3840 5113 (ιιιωίῖυε

2290 5152 2685 5207 prorumpere,
2721 5140 2784 5191 ut
2811 5136 3106 5193 damoniis
3133 5139 3372 5211 aliisque
3404 5135 3724 5212 passionibus
3742 5130 3840 5183 irre-

2289 5229 2408 5284 titis
2434 5229 2747 5285 ministeria
2776 5234 3132 5286 sacrosancta
3169 5235 3408 5288 tractare
3447 5232 3717 5288 tribuatur.
3745 5217 3840 5285 Qui“

2287 5323 2394 5377 bus
2422 5322 2467 5377 si
2494 5322 2554 5377 in
2582 5323 2689 5378 hoc
2733 5340 2905 5395 opere
2940 5324 3141 5395 positis
3180 5326 3393 5398 aliquid
3442 5323 3668 5397 propria:
3700 5327 3840 5372 neces-

2289 5416 2467 5472 sitatis
2501 5422 2779 5484 occurrat,
2813 5417 2941 5489 quis
2968 5418 3037 5474 de
3066 5435 3164 5473 sua
3193 5436 3259 5475 ac
3284 5419 3536 5475 ﬁdelium
3564 5414 3721 5472 salute
3744 5421 3840 5462 con-

2288 5509 2446 5565 ﬁdat.
2476 5510 2581 5565 Ubi
2610 5510 2897 5566 ministros
2938 5512 3091 5584 ipsos
3124 5513 3429 5569 curationis
3458 5513 3704 5568 humanm
3727 5502 3838 5555 tanta

2284 5604 2639 5676 perspexerit
2667 5605 2992 5660 calamitate
3033 5607 3225 5662 vexari
3246 5606 3274 5661 ?
3304 5609 3482 5678 Atque
3530 5604 3647 5659 ideo
3680 5613 3736 5652 ne
3761 5605 3841 5646 οὐδ’

557 5699 679 5752 ceni
706 5700 964 5770 partibus
992 5718 1179 5773 nuper
1207 5701 1279 5755 ad
1312 5717 1414 5755 nos
1445 5700 1619 5755 missa
1666 5699 1865 5754 relatio
1902 5697 2186 5753 nuntiavit
2285 5698 2434 5753 sario
2473 5699 2807 5754 removendi
2843 5704 2996 5767 sunt,
3026 5716 3098 5756 ne
3146 5700 3493 5773 quibuslibet
3520 5695 3702 5770 quibus
3722 5682 3837 5745 Chii”

561 5806 659 5842 nec
690 5807 840 5846 nunc
873 5794 1269 5865 praetereunda
1303 5799 1646 5867 putaremus,
1682 5792 1737 5846 id
1768 5796 1869 5859 est,
1910 5791 2183 5865 plurimos
2284 5796 2402 5848 stus
2453 5796 2531 5847 est
2585 5797 2875 5859 mortuus,
2943 5794 3271 5852 scandalum
3321 5795 3617 5866 generetur
3656 5776 3839 5841 inﬁrmis
