4062 6188
189 306 294 360 945

185 415 481 467 Postremo
498 411 543 466 si
571 429 806 484 corpore
839 413 1153 468 sauciatum
1177 414 1427 468 fortassis
1449 419 1549 469 aut
1574 415 1822 469 debilem
1847 425 1903 498 Α

185 522 556 578 nequaquam
586 511 780 560 sancta
807 507 1141 578 contingere
1180 508 1270 562 lex
1297 507 1487 562 divina
1523 507 1822 579 permittit,

185 606 403 672 quanto
425 599 608 671 magis
635 600 770 654 doni
799 600 1221 671 dispensatores
1247 617 1368 656 esse
1395 619 1512 656 non
1537 601 1822 670 convenit,

182 694 345 766 quod
374 697 460 748 est
483 695 736 749 deterius
764 700 955 750 mente
989 712 1305 766 percussos.

259 789 410 843 XXII.
429 787 773 858 Virginibus,
801 791 992 844 autem
1025 789 1198 843 sacris
1228 793 1440 844 temere
1467 807 1525 843 se
1553 790 1824 860 quosdam

183 883 406 937 sociare
452 882 847 952 cognovimus,
877 887 934 937 et
959 885 1088 954 post
1114 883 1436 938 dedicatum
1466 885 1581 938 Deo
1614 900 1822 955 propo-

183 977 363 1030 situm
415 976 628 1030 incesta
676 977 892 1031 fuadera
941 978 1327 1049 sacrilegaque
1373 977 1630 1032 miscere.
1671 979 1823 1042 Quos

184 1070 451 1141 protinus
478 1088 704 1142 (equum
731 1076 815 1125 est
839 1088 871 1124 a
903 1076 1091 1126 sancta
1129 1071 1532 1126 communione
1571 1071 1819 1140 detrudi,

183 1170 240 1219 et
265 1165 375 1218 nisi
403 1181 504 1235 per
527 1165 816 1236 publicam
839 1165 1252 1236 probatamque
1281 1165 1675 1236 paenitentiam
1705 1182 1825 1220 om-

182 1259 324 1312 nino
373 1275 487 1314 non
537 1259 730 1330 recipi,
759 1263 858 1312 aut
901 1259 990 1312 his
1029 1263 1180 1314 certe
1215 1258 1484 1314 viaticum
1510 1259 1578 1314 de
1622 1260 1826 1313 saeculo

184 1354 635 1419 transeuntibus,
669 1353 713 1406 si
743 1357 936 1407 tamen
969 1353 1355 1424 pcenituerint,
1385 1370 1502 1408 non
1530 1353 1750 1424 negari.

258 1450 436 1504 XXII].
465 1449 608 1503 Nam
642 1447 712 1501 de
744 1447 927 1501 viduis
969 1447 1072 1501 sub
1109 1448 1263 1501 nulla
1304 1447 1700 1502 benedictione
1727 1464 1821 1501 ve-

181 1544 370 1598 landis
423 1541 688 1613 superius
735 1542 849 1595 late
901 1541 1364 1612 sufficienterque
1430 1540 1823 1612 przediximus,

182 1655 313 1709 qua:
338 1637 385 1691 si
411 1636 645 1708 propria
675 1636 966 1690 voluntate
987 1636 1296 1708 professam
1325 1635 1550 1708 pristini
1571 1634 1827 1706 conjugii

181 1733 507 1787 castitatem
537 1731 798 1785 mutabili
829 1735 1023 1785 mente
1048 1731 1411 1798 calcaverint,
1441 1730 1678 1801 periculi
1707 1730 1828 1801 ejus

183 1826 468 1893 intererit,
492 1825 643 1897 quali
675 1827 855 1880 Deum
890 1825 1134 1880 debeant
1161 1798 1544 1879 satisfactione
1577 1798 1822 1896 placare,
1847 1798 1903 1869 B

179 1922 322 1992 quia
357 1921 523 1991 juxta
550 1919 882 1990 Apostolum
923 1919 1167 1990 primam
1209 1917 1382 1974 ﬁdem
1423 1919 1645 1974 irritam
1675 1918 1821 1974 fece-

178 2019 350 2069 runt:
374 2015 452 2068 sic
473 2014 670 2068 habita
697 2030 889 2068 secum
915 2012 1325 2067 deliberatione
1350 2013 1688 2084 promissam
1714 2014 1824 2068 Deo

175 2108 477 2180 pudicitiae
508 2107 679 2162 fidem
720 2107 933 2162 debent
981 2107 1289 2164 custodire.
1326 2108 1436 2161 Nos
1468 2112 1662 2160 autem
1691 2107 1821 2161 tali-

181 2203 290 2256 bus
322 2202 547 2254 nullum
593 2202 864 2271 laqueum
910 2200 1182 2255 debemus
1222 2200 1478 2271 injicere,
1509 2201 1608 2255 sed
1639 2200 1823 2255 solum

177 2295 612 2349 adhortationes
639 2294 860 2364 praemii
893 2294 1252 2364 sempiterni,
1282 2310 1593 2366 poenasque
1619 2311 1823 2366 propo-

181 2406 324 2443 nere
347 2389 521 2442 divini
543 2388 766 2459 judicii,
792 2393 851 2442 ut
873 2393 929 2443 et
953 2391 1146 2442 nostra
1169 2388 1241 2442 sit
1266 2388 1524 2442 absoluta
1543 2389 1826 2443 conscien-

180 2484 264 2537 tia
290 2486 350 2537 et
391 2482 614 2536 illarum
645 2499 748 2553 pro
780 2499 838 2536 se
875 2482 1153 2537 rationem
1184 2483 1301 2536 Deo
1333 2482 1537 2537 reddat
1563 2481 1820 2537 intentio.

178 2576 514 2632 Cavendum
553 2580 636 2630 est
665 2576 876 2647 quippe
907 2593 1034 2647 quae
1065 2577 1132 2630 de
1173 2593 1374 2630 earum
1407 2575 1662 2630 moribus
1686 2576 1820 2631 acti-

173 2671 406 2741 busque
472 2670 669 2724 beatus
736 2670 941 2724 Paulus
1005 2671 1294 2741 apostolus
1355 2673 1612 2736 testatur,
1667 2670 1826 2741 quod

177 2764 411 2835 plenius
461 2780 742 2834 exponere
791 2763 1172 2834 praeterimus,
1222 2780 1291 2819 ne
1340 2781 1506 2820 sexus
1547 2763 1826 2819 instabilis

174 2874 298 2912 non
331 2861 452 2911 tam
493 2857 771 2912 deterreri
799 2873 974 2928 quam
1002 2857 1298 2914 admoneri
1326 2858 1607 2913 videatur.

252 2952 430 3006 XXIV.
478 2950 767 3006 Secundas
812 2950 1040 3022 nuptias
1084 2951 1230 3007 sicut
1273 2951 1634 3006 saecularibus
1680 2951 1824 3006 inire

175 3045 534 3112 conceditur,
567 3045 639 3099 ita
685 3048 813 3115 post
855 3061 952 3100 eas
993 3045 1183 3100 nullus
1227 3046 1298 3100 ad
1328 3045 1581 3100 clericale
1621 3045 1824 3099 sinitur

173 3139 378 3194 venire
407 3139 733 3209 collegium.
767 3138 889 3193 Alia
919 3143 1004 3194 est
1045 3139 1200 3194 enim
1231 3139 1495 3193 humanae
1528 3138 1823 3210 fragilitati
1843 3169 1898 3243 Ο

175 3232 530 3302 generaliter
573 3249 838 3287 concessa
883 3232 1132 3300 licentia,
1175 3231 1288 3286 alia
1337 3231 1504 3286 debet
1541 3247 1661 3286 esse
1713 3231 1824 3286 vita

174 3328 515 3381 divinarum
544 3343 733 3381 rerum
765 3326 993 3381 servitio
1022 3325 1304 3380 dedicata.

251 3421 405 3474 XXV.
452 3419 716 3491 Quisquis
763 3420 992 3491 proprie
1039 3419 1299 3475 desertor
1335 3419 1597 3474 Ecclesiae
1654 3418 1822 3473 nullis

171 3513 537 3571 exstantibus
562 3514 747 3567 causis
773 3514 843 3568 ad
872 3513 1042 3568 aliam
1081 3513 1362 3584 putaverit
1389 3513 1820 3582 transeundum,

172 3614 523 3677 temereque
552 3610 844 3678 susceptus
867 3607 1056 3674 fuerit,
1081 3612 1138 3660 et
1158 3609 1469 3678 promotus,
1492 3606 1825 3661 reverendo-

170 3717 313 3755 rum
343 3716 630 3754 canonum
661 3700 748 3754 vel
777 3701 916 3770 ipse,
949 3701 1031 3755 vel
1067 3705 1325 3772 receptor
1351 3701 1474 3771 ejus
1499 3703 1668 3771 atque
1697 3717 1825 3771 pro-

169 3798 376 3849 vector
413 3794 721 3848 constituta
763 3811 880 3848 non
927 3793 1182 3865 effugiet,
1215 3810 1340 3866 quae
1387 3793 1459 3848 de
1491 3793 1822 3864 hujusmodi

170 3888 697 3960 praesumptoribus
725 3889 1021 3960 praefixere
1059 3888 1358 3942 servanda.

254 3983 437 4037 XXVI.
481 3982 553 4035 De
583 3983 876 4036 monachis
902 3982 1170 4052 laicisque
1211 3981 1269 4035 in
1311 3981 1498 4052 prima
1548 3981 1824 4052 copiosius

172 4075 586 4149 praeceptionis
607 4076 776 4147 hujus
803 4081 964 4147 parte
987 4075 1273 4145 digestum
1295 4079 1398 4143 est,
1422 4075 1510 4129 vel
1534 4092 1661 4146 qua:
1683 4093 1820 4147 qua-

175 4177 352 4225 tenus
381 4171 471 4224 his
499 4186 600 4241 pro
627 4186 816 4224 rerum
853 4172 1292 4240 temporumque
1329 4169 1660 4224 necessitate
1685 4186 1820 4223 con-

171 4281 337 4320 cessa
365 4264 501 4330 sint,
531 4265 612 4317 vel
641 4263 1123 4335 quemadmodum
1149 4262 1247 4316 ubi
1275 4262 1486 4317 nullius
1517 4263 1822 4317 necessita-

175 4358 253 4412 tis
308 4358 583 4412 interesse
641 4357 931 4427 probatur,
983 4373 1100 4411 non
1167 4355 1277 4410 nisi
1332 4361 1489 4410 vetus
1543 4355 1824 4410 institutio

171 4457 394 4510 debeat
420 4455 708 4510 custodiri.
740 4457 889 4519 Quos
915 4471 1049 4509 vero
1073 4453 1389 4508 constiterit
1419 4452 1685 4524 indignos
1711 4470 1825 4508 me-

1438 305 1907 361 DECRETALIUM
1948 306 2340 362 COLI.ECTIO.

3457 313 3558 365 946

1925 418 2132 482 certus,
2162 419 2217 469 et
2251 415 2398 470 ﬁxus
2425 421 2526 483 est,
2560 420 2617 471 et
2642 416 2952 471 districtius
2989 416 3095 472 ista
3123 421 3476 488 quaerantur,
3505 423 3559 474 et

1924 526 1956 562 a
1986 509 2194 580 quibus
2220 509 2437 563 fuerint
2465 512 2644 580 gesta,
2662 510 2996 581 prodantur,
3021 511 3293 583 quoniam
3316 511 3458 566 sicut
3473 512 3555 568 la-

1927 602 2178 658 tentibus
2207 603 2265 656 in
2297 603 2405 657 hac
2433 603 2729 658 atrocitate
2755 604 3092 678 nominibus
3126 621 3239 660 non
3277 608 3463 661 exstat
3496 606 3557 662 in

1925 713 2097 769 quem
2127 697 2410 752 sententia
2427 697 2614 752 debita
2633 699 2979 769 proferatur,
2992 699 3071 754 ita
3091 715 3222 754 cum
3240 700 3561 756 manifestis

1923 792 2098 846 fuerit
2154 791 2513 846 documentis
2569 793 2879 863 expositus,
2931 809 3102 864 quem
3145 793 3288 848 tanti
3332 795 3560 849 sceleris

1925 886 2104 958 poscit
2127 885 2474 952 immanitas,
2507 902 2621 940 non
2649 886 2848 940 vitabit
2871 887 3158 942 ullatenus
3181 887 3482 943 ultionem.

1998 981 2213 1035 XXVIII.
2246 979 2626 1034 Nihilominus
2668 979 3031 1050 impatienter
3073 981 3397 1036 audivimus
3425 987 3556 1037 tan-

1929 1080 2049 1129 tum
2071 1073 2390 1128 divinarum
2415 1090 2610 1128 rerum
2629 1073 2844 1127 subisse
2863 1073 3216 1145 despectum,
3238 1078 3302 1130 ut
3325 1075 3557 1132 feminas

1927 1168 2100 1223 sacris
2114 1168 2392 1222 altaribus
2408 1167 2735 1222 ministrare
2759 1166 3080 1235 firmentur,
3101 1173 3414 1240 cunctaque
3432 1186 3559 1241 quas

1926 1279 2041 1317 non
2070 1262 2179 1316 nisi
2199 1261 2449 1316 virorum
2475 1261 2774 1316 famulatui
2803 1262 3094 1333 deputata,
3116 1278 3311 1316 sexum
3332 1262 3422 1316 cui
3442 1279 3559 1318 non

1927 1357 2200 1427 competit
2245 1355 2536 1424 exhibere,
2571 1355 2678 1409 nisi
2723 1355 2874 1426 quod
2915 1354 3175 1410 omnium
3223 1355 3561 1411 delictorum

1926 1467 2052 1522 qua:
2085 1449 2377 1520 sigillatim
2403 1449 2844 1521 perstrinximus
2868 1465 3014 1503 noxa
3041 1449 3229 1503 omnis
3260 1452 3317 1504 et
3341 1450 3559 1506 crimen

1929 1560 2026 1598 eos
2062 1543 2294 1614 respicit
2329 1543 2649 1598 sacerdotes
2677 1543 2775 1614 qui
2802 1544 2886 1598 vel
2921 1543 3029 1598 ista
3059 1543 3444 1613 committunt,
3473 1546 3559 1598 vel

1928 1637 2350 1692 committentes
2388 1637 2623 1692 minime
2653 1637 2998 1709 publicando
3029 1637 3216 1709 pravis
3241 1638 3560 1692 excessibus

1930 1749 1987 1786 se
2018 1732 2203 1786 favere
2237 1731 2578 1802 significant,
2604 1731 2647 1786 si
2684 1736 2876 1786 tamen
2909 1731 3271 1786 sacerdotum
3293 1732 3418 1802 jam
3449 1732 3564 1786 sint

1927 1827 2197 1881 vocabulo
2222 1825 2586 1897 nuncupandi
2625 1825 2724 1896 qui
2770 1825 3094 1896 delegatum
3135 1825 3236 1879 sibi
3268 1825 3561 1896 religionis

1926 1919 2174 1975 ofﬁcium
2203 1919 2281 1974 sic
2319 1923 2681 1991 prosternere
2728 1919 3065 1985 moliuntur,
3094 1923 3159 1973 ut
3194 1919 3251 1972 in
3291 1935 3558 1990 perversa

1927 2031 2169 2086 quaeque
2197 2014 2545 2085 profanaque
2571 2013 2848 2084 proclives
2881 2012 3002 2066 sine
3032 2013 3146 2066 ullo
3171 2017 3434 2083 respectu
3464 2028 3556 2068 re-

1928 2109 2074 2181 gulae
2101 2107 2437 2163 Christianae
2468 2107 2780 2178 praecipitia
2806 2107 3030 2162 funesta
3062 2111 3367 2161 sectantur.
3395 2107 3560 2162 Cum-

1927 2219 2037 2274 que
2081 2202 2358 2273 scriptum
2397 2201 2512 2255 sit:
2547 2200 2833 2256 «Minima
2873 2199 2971 2272 qui
3017 2199 3236 2271 spernit
3279 2200 3559 2271 paulatim

1925 2296 2132 2352 decidit
2159 2297 2342 2365 (Eccli.
2380 2312 2490 2365 xxx,
2525 2295 2595 2366 l),
2629 2316 2656 2346 »
2703 2295 2844 2366 quid
2881 2299 2966 2350 est
3009 2295 3077 2349 de
3116 2294 3321 2348 talibus
3369 2295 3556 2350 existi-

1925 2391 2201 2445 mandum
2231 2390 2330 2462 qui
2359 2389 2653 2444 immensis
2683 2405 2746 2443 ac
2776 2388 3186 2460 multiplicibus
3214 2385 3557 2460 pravitatum

1925 2485 2170 2540 molibus
2201 2483 2432 2555 ingente
2469 2483 2694 2537 ruinam
2733 2482 3084 2537 multimodis
3121 2481 3559 2553 impulsionibus

1927 2577 2247 2634 ediderint?
2265 2578 2385 2632 Non
2403 2576 2699 2648 ambigant
2717 2576 2817 2648 qui
2837 2577 2958 2632 haac
2978 2576 3098 2630 ausi
3122 2578 3258 2631 sunt
3268 2591 3556 2640 exercere,

1924 2673 2024 2728 sed
2057 2671 2225 2727 etiam
2253 2672 2350 2742 qui
2377 2671 2649 2726 hactenus
2688 2671 2918 2742 cognita
2965 2671 3224 2725 siluerint
3249 2670 3352 2726 sub
3379 2670 3560 2725 hono-

1923 2767 2002 2821 ris
2023 2765 2238 2837 proprii
2261 2782 2322 2819 se
2334 2765 2523 2836 jacere
2545 2764 2864 2836 dispendio,
2883 2764 2930 2819 si
2950 2781 3068 2820 non
3083 2772 3298 2836 quanta
3317 2765 3556 2836 possint,

1924 2859 2270 2916 celeritatem
2297 2859 2589 2925 festinent,
2607 2861 2674 2912 ut
2693 2858 2929 2912 lethalia
2951 2859 3186 2912 vulnera
3211 2857 3559 2929 competenti

1925 2953 2208 3009 medicina
2253 2957 2547 3008 sanentur.
2595 2952 2714 3017 Quo
2757 2951 2910 3007 enim
2952 2968 3113 3006 more
3152 2954 3390 3007 teneant
3425 2951 3560 3022 jura

1926 3047 2258 3119 pontiﬁcum
2275 3046 2373 3118 qui
2393 3045 2812 3118 pontiﬁcalibus
2837 3045 3088 3100 excubiis
3109 3049 3349 3100 eatenus
3373 3045 3561 3116 injun-

1924 3146 2012 3197 cta
2057 3141 2431 3209 dissimulant,
2459 3145 2524 3195 ut
2565 3139 2847 3195 contraria
2892 3139 3086 3194 domui
3115 3139 3216 3194 Dei
3242 3139 3331 3193 cui
3359 3138 3556 3209 praesi—

1926 3236 2064 3291 dent
2090 3235 2276 3307 potius
2315 3238 2626 3305 operantur
2649 3236 3043 3305 quantumque
3072 3232 3222 3303 apud
3253 3232 3557 3288 Dominum

1924 3332 2172 3401 possent,
2205 3327 2251 3382 si
2278 3327 2329 3382 ei
2362 3326 2756 3382 convenientia
2781 3329 3181 3397 procurarent,
3203 3329 3396 3380 tamen
3418 3326 3555 3398 quid

1925 3427 2254 3493 mereantur
2276 3420 2574 3493 aspiciant,
2607 3436 2738 3475 cum
2765 3419 3091 3474 exsecrabili
3121 3419 3307 3474 studio
3334 3423 3554 3474 secten-

1923 3523 2017 3573 tur
2043 3491 2292 3572 adversa.
2328 3491 2395 3571 ἐι
2423 3513 2584 3584 quasi
2611 3513 2798 3585 magis
2829 3514 2950 3567 haec
2980 3512 3177 3584 regula
3205 3511 3278 3567 sit
3307 3528 3423 3582 qua
3451 3513 3554 3567 Ec-

1924 3610 2112 3666 clesiae
2153 3609 2395 3664 debeant
2439 3607 2744 3680 gubernari
2773 3606 2819 3661 si
2859 3605 3137 3677 quidquid
3171 3605 3558 3661 ecclesiasticis

1925 3703 2224 3760 inimicum
2251 3702 2459 3774 regulis
2478 3704 2858 3772 perpetratur,
2882 3716 3012 3754 cum
3038 3704 3095 3754 et
3118 3699 3163 3753 si
3189 3699 3444 3770 cognitos
3464 3700 3560 3753 ha-

1924 3799 2056 3854 beat
2097 3812 2341 3852 canones
2381 3795 2775 3866 unusquisque
2824 3793 3163 3866 pontificum
3213 3793 3554 3848 intemerata

1925 3891 2187 3947 debuerit
2212 3893 2407 3944 tenere
2435 3888 2707 3944 custodia.

1997 3986 2170 4040 XXIX.
2213 3984 2466 4049 Quatuor
2510 3985 2702 4037 autem
2747 3984 2867 4036 tam
2914 3981 2984 4036 de
3019 3980 3248 4036 redditu
3287 3996 3463 4052 quam
3487 3979 3557 4034 de

1925 4078 2209 4133 oblatione
2237 4077 2490 4132 fidelium
2517 4076 2785 4132 convenit
2813 4075 2937 4130 ﬁeri
2963 4061 3269 4146 portiones.
3300 4074 3554 4138 Quarum

1927 4173 1999 4227 sit
2026 4189 2141 4226 una
2165 4171 2468 4243 pontificis,
2499 4171 2673 4225 altera
2703 4170 3063 4235 clericorum,
3091 4183 3407 4240 pauperum
3438 4171 3556 4222 ter-

1925 4266 2024 4335 tia,
2052 4270 2257 4337 quarta
2293 4264 2517 4319 fabricis
2547 4263 2909 4335 applicanda.
2941 4264 3021 4318 De
3048 4263 3272 4334 quibus,
3301 4261 3446 4316 sicut
3474 4277 3559 4315 sa-

1925 4360 2169 4415 cerdotis
2198 4358 2474 4425 intererit,
2505 4358 2789 4429 integram
2820 4357 3093 4412 ministris
3137 4355 3396 4411 Ecclesiae
3431 4371 3554 4410 me-

1926 4459 2204 4508 moratam
2238 4452 2561 4523 dependere
2605 4451 3008 4523 quantitatem,
3037 4450 3114 4504 sic
3145 4449 3382 4505 clericus
3406 4450 3559 4504 ultra

173 4549 307 4604 ritis
341 4565 562 4603 sacram
592 4553 869 4602 mercatos
896 4564 1014 4602 esse
1036 4547 1219 4619 pretio
1252 4546 1617 4617 dignitatem,
1640 4547 1827 4601 convi—
1845 4539 1904 4612 D
1927 4547 2247 4618 delegatam
2275 4546 2379 4600 sibi
2406 4562 2696 4600 summam
2726 4545 2865 4600 nihil
2892 4544 3204 4599 insolenter
3229 4542 3451 4598 noverit
3471 4559 3561 4596 ex-

170 4651 308 4698 ctos
329 4645 558 4712 oportet
575 4642 774 4708 arceri,
795 4659 907 4695 non
929 4640 1040 4695 nisi
1061 4641 1315 4712 periculo
1337 4640 1555 4694 facinus
1572 4640 1687 4695 tale
1706 4657 1827 4711 per-

173 4740 502 4807 petrantes,
531 4735 664 4806 quia
694 4735 925 4789 dantem
954 4734 1165 4805 pariter
1190 4739 1245 4788 et
1269 4733 1645 4804 accipientem
1670 4733 1830 4788 dam-

171 4831 348 4885 natio
378 4828 648 4894 Simonis,
681 4845 856 4900 quam
888 4844 1046 4882 sacra
1083 4827 1249 4882 lectio
1277 4830 1535 4894 testatur,
1568 4827 1823 4882 involvit.

260 4924 461 4977 XXVII.
478 4923 554 4977 De
570 4923 822 4977 locorum
841 4921 1262 4976 consecratione
1280 4923 1613 4976 sanctorum
1633 4938 1828 4993 quam-

170 5019 268 5072 vis
314 5017 575 5088 superius
623 5016 862 5070 strictim
911 5015 1083 5070 fuerit
1129 5015 1634 5086 comprehensum,
1667 5014 1827 5070 nobis

169 5126 421 5183 quoque
448 5109 798 5180 patefactum
822 5114 926 5174 est,
950 5109 1100 5181 quod
1128 5109 1343 5180 absque
1370 5111 1658 5180 pramepto
1679 5108 1828 5164 sedis

165 5204 512 5278 θροειοιίοω
569 5203 830 5258 nonnulli
897 5204 1066 5258 factas
1131 5202 1392 5257 ecclesias
1437 5202 1524 5257 vel
1582 5202 1827 5257 oratoria

167 5315 412 5355 sacrare
443 5302 824 5368 praesumant;
860 5297 968 5350 hoc
999 5313 1194 5350 sumus
1220 5302 1411 5351 tamen
1432 5295 1650 5367 judicio
1679 5297 1828 5352 dete-

166 5392 480 5447 stabiliore
517 5391 785 5461 permoti,
815 5390 966 5462 quod
1001 5391 1060 5444 in
1087 5407 1429 5461 quocunque
1460 5389 1690 5444 nomine
1723 5391 1823 5445 de-

161 5489 518 5543 functorum
538 5488 594 5538 et
619 5489 897 5556 quantum
921 5483 1146 5551 dicitur,
1168 5501 1287 5538 non
1310 5483 1547 5538 omnino
1569 5483 1823 5537 ﬁdelium

162 5579 645 5637 constructiones
665 5578 967 5633 adiﬁcatas
993 5577 1166 5632 sacris
1197 5577 1644 5647 professionibus
1659 5577 1826 5631 auda-

161 5681 308 5732 cter
329 5673 629 5727 instituere
649 5676 1059 5734 memorantur.
1087 5672 1222 5735 Quae
1240 5669 1513 5742 quoniam
1540 5673 1660 5725 tam
1677 5687 1828 5726 acer-

161 5773 278 5836 ba,
293 5771 417 5822 tam
436 5765 577 5820 dura
590 5770 740 5832 sunt,
757 5770 823 5820 ut
843 5765 1048 5820 eadem
1064 5765 1151 5819 vix
1167 5768 1356 5819 noster
1367 5764 1514 5819 ferre
1535 5764 1714 5836 possit
1733 5782 1827 5820 au-

161 5865 361 5920 ditus.
379 5860 421 5914 si
441 5877 566 5916 vere
587 5859 1021 5916 Christianitatis
1039 5858 1346 5915 affectusin
1367 5858 1473 5914 illis
1495 5857 1826 5928 regionibus

1929 4640 2262 4711 petendum.
2328 4640 2405 4692 Ea
2465 4655 2598 4693 vero
2659 4654 2788 4709 qua:
2848 4636 3233 4692 ecclesiasticis
3307 4634 3560 4690 aediﬁciis

1927 4734 2200 4788 attributa
2229 4738 2361 4788 sunt
2390 4732 2522 4786 huic
2551 4731 2706 4802 operi
2740 4730 3013 4784 veraciter
3041 4732 3380 4800 praerogata,
3407 4730 3555 4784 loco-

1927 4844 2054 4882 rum
2083 4828 2282 4882 doceat
2310 4825 2649 4881 instauratio
2671 4824 2973 4879 manifesta
3003 4826 3352 4890 sanctorum,
3374 4823 3555 4896 ipsam

1926 4921 2300 4976 nihilominus
2316 4919 2624 4990 ascriptam
2645 4917 2991 4990 pauperibus
3007 4916 3335 4988 portionem
3359 4933 3558 4988 quam-

1927 5015 2008 5068 vis
2037 5014 2245 5068 divinis
2288 5012 2600 5068 rationibus
2638 5029 2698 5067 se
2741 5012 3096 5082 dispensasse
3141 5015 3559 5066 monstraturus

1928 5125 2048 5163 esse
2077 5107 2354 5173 videatur,
2384 5110 2577 5161 tamen
2596 5107 2759 5177 juxta
2785 5106 2937 5178 quod
2972 5105 3247 5176 scriptum
3271 5110 3356 5160 est
3384 5122 3397 5160 :
3435 5125 3463 5152 ‹‹
3489 5105 3557 5158 Ut

1929 5201 2155 5256 videant
2182 5217 2354 5271 opera
2378 5202 2563 5255 vestra
2589 5200 2755 5268 bona,
2787 5203 2844 5255 et
2869 5198 3186 5270 gloriﬁcent
3214 5201 3437 5254 Patrem
3461 5213 3554 5250 ve-

1927 5299 2129 5361 strum,
2155 5294 2252 5366 qui
2282 5294 2342 5348 in
2385 5293 2536 5350 caelis
2562 5300 2645 5350 est
2671 5295 2886 5364 (Matth.
2921 5311 2973 5363 v,
3009 5295 3114 5364 16),
3149 5315 3176 5342 »
3214 5307 3354 5362 opus
3383 5289 3555 5344 etiam

1925 5389 1984 5444 in
2013 5388 2280 5460 praesenti
2314 5387 2711 5444 testiﬁcatione
2749 5387 3062 5460 praedicari,
3093 5391 3148 5441 et
3179 5385 3341 5440 bona;
3386 5383 3555 5438 fama:

1929 5481 2228 5554 praeconiis
2255 5498 2369 5535 non
2403 5481 2597 5536 taceri.

1996 5577 2144 5632 XXX.
2175 5575 2533 5648 Quapropter
2556 5592 2663 5634 nec
2706 5576 3042 5631 clericorum
3069 5573 3168 5645 qui
3196 5570 3472 5643 sapientia
3497 5590 3555 5627 se

1928 5670 2098 5742 hujus
2127 5671 2358 5726 offensa
2385 5670 2643 5726 futurum
2670 5669 2916 5724 confidat
2939 5667 3280 5737 immunem,
3313 5665 3360 5720 si
3389 5665 3448 5720 in
3469 5667 3556 5722 his

1927 5780 2055 5834 quae
2098 5764 2398 5818 salubriter
2441 5763 2732 5835 sequenda
2777 5761 3255 5833 deprompsimus,
3288 5760 3402 5817 sive
3432 5761 3555 5834 epi-

1928 5872 2183 5932 scopum,
2215 5855 2329 5911 sive
2383 5856 2795 5930 presbyterum,
2845 5854 2955 5910 sive
3001 5854 3302 5912 diaconum
3351 5854 3552 5913 viderit
