4062 6188
577 304 678 359 947

1466 301 1749 357 APPEND.
1790 301 1876 356 AD
1914 303 2073 358 SrEC.
2117 301 2202 356 IX.
2233 332 2297 339 ——
2339 301 2586 357 lSlDORl
2623 300 3048 358 MERCATORIS
3766 306 3842 361 948

575 409 961 475 excedentem,
992 423 1110 462 non
1138 408 1404 478 protinus
1430 409 1502 463 ad
1531 425 1697 465 aures
1728 413 1952 465 nostras
1979 409 2203 465 deferre
2226 421 2283 493 Α
2304 409 2426 479 ejus
2452 410 2762 482 redarguit,
2786 414 2842 465 et
2866 414 3063 481 postea
3097 410 3502 480 consequenter
3525 408 3708 476 vitavit,
3732 413 3841 482 pari-

572 502 872 559 curaverit.
895 502 983 558 Sic
1007 517 1140 556 vero
1168 501 1357 557 modis
1383 502 1651 557 omnibus
1678 503 1786 558 erit
1812 504 2205 584 unusquisque

574 595 904 668 pontiﬁcum
936 596 1152 652 ordinis
1178 600 1235 651 et
1263 596 1496 651 honoris
1523 596 1712 664 elisor,
1735 597 1778 651 si
1811 597 2074 668 cuiquam
2101 598 2206 651 cle-

570 690 820 746 ricorum
846 690 936 745 vel
979 690 1239 745 Ecclesiae
1280 690 1455 745 totius
1498 690 1721 746 auditui
1761 691 1883 745 haec
1926 689 2207 762 putaverit

570 783 999 855 supprimenda.
1032 784 1168 837 Data
1190 800 1221 836 v
1243 784 1372 840 Idus
1392 784 1593 852 Martii,
1614 784 1830 840 Asterie
1857 790 1911 841 et
1936 783 2203 840 Praesidio

570 878 636 932 IV
663 876 1015 933 consulibus.

970 972 1216 1042 Epistola
1243 970 1449 1026 ϐριαςῆ
1472 973 1548 1027 ad
1578 972 1801 1027 Siculos.

646 1068 693 1120 t.
728 1065 805 1120 De
832 1064 982 1120 bene
1012 1065 1280 1135 regendis
1306 1065 1479 1119 rebus
1512 1065 1775 1120 Ecclesiae
1807 1066 1877 1120 ab
1904 1065 2202 1138 episcopis.

637 1161 693 1214 2.
725 1159 803 1213 De
833 1158 1094 1212 tricenali
1125 1158 1575 1230 praescriptione.

640 1251 902 1306 Gemsms
942 1252 1211 1306 Romanas
1259 1253 1519 1307 Ecclesia:
1568 1253 1869 1324 episcopus
1912 1253 2203 1307 dilectissi-

569 1343 679 1399 mis
692 1348 750 1399 et
761 1344 819 1399 in
834 1344 1057 1402 Christo
1071 1345 1347 1399 charitate
1362 1346 1714 1400 unanimiter
1725 1346 2000 1401 connexis
2021 1346 2208 1401 fratri-

570 1438 678 1492 bus
708 1438 985 1509 episcopis
1014 1439 1114 1510 qui
1143 1438 1201 1493 in
1228 1439 1414 1494 Sicilia
1445 1443 1580 1494 sunt
1608 1439 1917 1494 constituti.

640 1534 767 1587 CAP.
782 1533 822 1586 1.
836 1532 1150 1586 Prassulum
1164 1532 1469 1587 auctoritas
1489 1538 1815 1588 nostrorum
1836 1534 2208 1603 emanavit,ut

571 1624 862 1680 facultates
883 1624 1147 1679 Ecclesiae.
1158 1625 1361 1680 Christi
1376 1625 1449 1680 ad
1463 1626 1778 1697 regendum
1792 1625 2040 1681 habeant
2050 1632 2208 1699 pote-

572 1719 885 1773 statem.lta
901 1722 1095 1772 tamen
1112 1723 1172 1773 ut
1184 1718 2056 1791 viduarum,pupillorum,atque
2073 1737 2206 1791 pau-

2305 508 2503 575 terque
2547 505 3071 569 assumenda'sunt,
3103 519 3233 557 cum
3275 501 3363 556 his
3398 519 3517 573 quas
3553 506 3721 574 utpote
3757 507 3841 576 pri-

2307 614 2432 651 mus
2454 598 2744 668 apostolus
2762 597 3004 652 salubria
3024 596 3391 668 praedicavit?
3413 596 3760 668 Nunquidnam
3776 604 3846 653 aut

2307 691 2426 761 ejus
2460 694 2611 745 recta
2643 690 2895 745 doctrina
2923 706 3051 744 cum
3072 689 3161 745 his
3190 705 3321 760 quae
3348 688 3648 743 humanitus
3664 707 3847 746 accesse

2306 789 2434 839 rant
2464 784 2818 854 repudianda
2845 787 2948 852 est,
2978 786 3076 838 aut
3102 783 3195 837 illa
3225 782 3409 837 adhuc
3438 782 3700 837 imbecillis
3722 784 3845 838 insci-

2308 878 2405 946 tia,
2452 895 2582 932 cum
2639 878 2892 949 perfecta
2941 878 3062 947 ejus
3108 875 3462 947 suscipienda
3505 879 3583 930 est
3618 875 3849 931 doctrina?

2307 972 2704 1043 Nunquiduam
2749 972 2808 1026 in
2855 971 3109 1042 ipsorum
3154 970 3548 1025 haereticorum
3589 969 3720 1024 libris
3764 988 3846 1025 non

2306 1066 2485 1120 multa
2500 1083 2626 1137 qua:
2642 1066 2711 1120 ad
2724 1065 3016 1119 veritatem
3036 1064 3358 1135 pertineant
3370 1063 3540 1134 posita
3553 1063 3848 1134 releguntur?

2306 1161 2349 1214 N
2358 1177 2428 1213 un
2438 1160 2708 1230 quidnam
2726 1159 2854 1213 ideo
2871 1159 3076 1213 veritas
3093 1157 3389 1213 refutanda
3406 1159 3506 1224 est,
3523 1156 3849 1227 quialibri,ubi

2306 1253 2552 1324 pravitas
2599 1253 2852 1318 interest,
2889 1251 3249 1306 refutantur?
3289 1252 3398 1305 Aut
3438 1250 3558 1304 ideo
3596 1250 3728 1321 pravi
3758 1250 3847 1303 libri

2307 1346 2648 1417 suscipiendi
2669 1348 2799 1400 sunt
2821 1361 3040 1412 eorum,
3061 1344 3197 1417 quia
3215 1344 3421 1398 veritas
3444 1360 3562 1414 quae
3582 1341 3679 1397 illic
3697 1342 3851 1396 inserta

2307 1444 2391 1494 est
2416 1456 2529 1493 non
2558 1439 2844 1510 negatur?
2872 1438 2961 1493 Ait
3002 1437 3307 1509 Apostolus
3340 1455 3351 1491 :
3384 1460 3411 1487 ‹‹
3439 1436 3629 1492 Omnia
3658 1435 3847 1507 probate,

2305 1550 2432 1605 quae
2458 1533 2609 1588 bona
2640 1538 2772 1586 sunt
2798 1536 2988 1587 tenete
3016 1533 3061 1600 (Ι
3088 1533 3319 1598 Thess.v,
3346 1534 3457 1601 2t).
3481 1552 3507 1580 »
3541 1531 3729 1585 Scimus
3749 1534 3849 1600 Apo-

2307 1627 2514 1682 stolum
2545 1626 2717 1680 etiam
2749 1626 2818 1680 de
2853 1642 3212 1697 paganorum
3240 1625 3400 1681 libris
3427 1625 3609 1695 aliqua
3642 1623 3848 1694 posuisse.

2306 1720 2575 1792 Nunquid
2608 1720 2736 1774 ideo
2765 1726 2821 1773 et
2847 1722 3051 1774 cuncta
3098 1718 3428 1789 recipienda
3467 1724 3605 1784 sunt,
3635 1733 3741 1788 qua
3761 1731 3850 1770 cum

571 1827 793 1882 perum,
809 1827 1033 1866 necnon
1052 1812 1452 1867 etclericorum
1470 1789 1754 1884 stipendia
1765 1789 2099 1868 distribuere
2112 1814 2205 1868 de-
2227 1789 2281 1860 Β
2306 1815 2392 1869 his
2422 1789 2637 1885 p—ariter
2664 1820 2795 1867 sunt
2825 1814 3040 1884 prolata
3056 1815 3083 1868 ?
3117 1815 3235 1883 Ipse
3263 1812 3561 1883 Apostolus
3584 1810 3652 1864 ait
3675 1827 3685 1863 :
3708 1810 3851 1864 Multos

568 1905 765 1960 beant.
781 1906 893 1959 Hoc
907 1904 986 1959 eis
998 1905 1297 1960 statuimus
1310 1905 1432 1960 dari
1454 1907 1603 1978 quod
1622 1907 1892 1961 hactenus
1912 1907 2203 1962 decretum

569 2001 671 2053 est.
688 1999 991 2070 Reliquum
1009 1999 1113 2053 sibi
1126 1999 1434 2067 vindicent,
1449 2000 1682 2069 ut,sicut
1692 2005 1823 2055 ante
1836 2000 2203 2072 diximus,pe-

484 2120 491 2129 ι
570 2092 935 2162 regrinorum
950 2098 1120 2164 atque
1135 2092 1493 2164 captivorum
1506 2094 1803 2164 largitores
1823 2110 1942 2149 esse
1959 2094 2198 2165 possint.

638 2187 701 2240 ll.
716 2186 861 2241 Illud
875 2186 1104 2241 annecti
1118 2186 1331 2258 placuit
1346 2191 1410 2241 ut
1430 2186 1495 2254 si,
1511 2187 1661 2258 quod
1688 2187 1851 2254 absit,
1869 2188 2199 2243 facultatum

568 2279 847 2348 Ecclesiae,
902 2296 1122 2335 necnon
1175 2285 1232 2335 et
1285 2279 1552 2335 dioeceses
1609 2297 1735 2351 quas
1792 2280 1861 2334 ab
1921 2281 2202 2353 aliquibus

569 2373 928 2445 possidentur
969 2373 1245 2445 episcopis
1277 2374 1408 2445 jure
1449 2374 1554 2428 sibi
1594 2374 1897 2442 vindicent,
1929 2375 2060 2446 quia
2100 2375 2198 2429 tri-

568 2466 779 2520 cenalis
830 2466 918 2521 lex
964 2467 1257 2536 conclusit,
1292 2467 1424 2539 quia
1474 2471 1533 2522 et
1578 2466 1830 2524 ﬁliorum
1877 2472 2201 2524 nostrorum

568 2559 891 2631 principum
918 2560 999 2615 ita
1025 2561 1314 2616 emanavit
1337 2561 1661 2628 auctoritas,
1693 2567 1759 2617 ut
1784 2563 1931 2617 ultra
1966 2562 2203 2632 triginta

566 2670 747 2709 annos
764 2654 905 2709 nulli
924 2654 1090 2709 liceat
1100 2655 1387 2726 appellare
1409 2672 1553 2727 quos
1569 2656 1763 2727 legum
1780 2659 2003 2726 tempus
2023 2657 2203 2711 exclu-

568 2746 659 2801 sit.
686 2747 825 2802 Data
844 2747 974 2803 ldus
993 2748 1142 2813 Maii,
1161 2748 1377 2802 Asterio
1397 2752 1454 2803 et
1481 2749 1750 2803 Prmsidio
1770 2750 1833 2803 ιν
1856 2748 2197 2804 consulibus.

568 2841 768 2910 Incipit
803 2844 973 2895 tomus
1018 2841 1083 2895 de
1112 2842 1477 2897 anathematis
1513 2843 1732 2896 vinculo
1780 2843 1981 2899 Gelasii
2019 2859 2198 2912 papae.

639 2934 719 2986 Ne
759 2933 903 2988 forte
948 2933 1102 3004 quod
1147 2936 1349 3001 solent,
1406 2934 1618 3002 dicant,
1663 2935 1815 3006 quod
1860 2935 1908 2990 si
1954 2936 2203 3006 synodus

568 3026 1040 3083 Chalcedonensis
1064 3026 1399 3095 admittitur,
1432 3029 1627 3083 omnia
1652 3033 1907 3084 constare
1936 3028 2198 3095 debeant,

570 3137 699 3191 quae
731 3120 842 3175 illic
871 3120 1136 3176 videntur
1165 3138 1284 3175 esse
1315 3122 1670 3194 deprompta,
1696 3128 1795 3177 aut
1814 3124 1966 3178 enim
1993 3141 2059 3177 ex
2086 3129 2202 3178 toto

571 3231 699 3269 eam
746 3213 972 3270 admitti
1017 3219 1296 3287 oportere,
1329 3221 1429 3270 aut
1457 3233 1523 3271 ex
1553 3220 1711 3288 parte
1743 3217 1787 3271 si
1831 3217 2203 3288 repudiabilis

571 3314 674 3375 est,
705 3308 931 3363 ﬁrmam
958 3326 1028 3363 ex
1051 3313 1167 3363 toto
1196 3315 1457 3364 constare
1487 3327 1603 3365 non
1632 3327 1816 3381 posse.
1847 3312 2206 3383 Cognoscant

570 3401 1030 3474 igiturquoniam
1045 3402 1511 3477 illudsecundum
1524 3403 1839 3476 Scripturas
1857 3411 2081 3459 sanctas
2096 3408 2206 3460 tra-

569 3495 959 3568 ditionemque
973 3496 1257 3567 majorum
1278 3498 1589 3553 secundum
1608 3515 1853 3555 canones
1865 3500 2202 3572 regulasque

573 3589 829 3644 Ecclesia:
865 3606 968 3661 pro
997 3590 1109 3645 ﬁde
1149 3592 1437 3645 communi
1483 3595 1538 3645 et
1569 3592 1805 3647 veritate
1844 3592 2120 3647 catholica
2147 3596 2206 3647 et

572 3682 896 3752 apostolica,
929 3699 1032 3754 pro
1060 3700 1174 3754 qua
1200 3683 1347 3739 hanc
1380 3685 1503 3739 ﬁeri
1532 3686 1696 3740 sedes
1720 3686 2026 3757 apostolica
2051 3686 2199 3742 dele-

572 3776 743 3845 gavit,
764 3777 1089 3849 factamque
1114 3777 1379 3846 ﬁrmavit,
1399 3795 1432 3832 a
1458 3783 1575 3834 tota
1605 3779 1843 3835 Ecclesia
1868 3779 2199 3835 indubitan-

570 3875 656 3923 ter
699 3870 946 3926 admitti.
997 3870 1117 3926 Alia
1160 3876 1353 3926 autem
1400 3889 1528 3943 quas
1572 3889 1677 3944 per
1722 3875 2203 3945 incompetentem

575 3964 1085 4036 praesumptionem
1122 3966 1233 4020 illic
1264 3966 1484 4037 prolata
1510 3972 1661 4033 sunt,
1691 3968 1779 4022 vel
1811 3968 1996 4039 potius
2020 3969 2199 4023 venti-

569 4057 702 4123 lata,
737 4074 866 4128 quae
894 4058 1058 4112 sedes
1091 4060 1402 4129 apostolica
1447 4060 1705 4131 gerenda
1737 4062 2037 4133 delegavit,
2074 4079 2202 4133 quas

574 4167 701 4203 mox
734 4167 767 4203 a
791 4151 1017 4205 vicariis
1047 4152 1196 4206 sedis
1225 4154 1547 4223 apostolica:
1585 4154 1935 4209 contradicta
1960 4155 2201 4209 manife-

569 4248 719 4296 stum
751 4249 865 4309 est;
906 4260 1034 4314 quae
1064 4245 1223 4299 sedes
1253 4247 1578 4316 apostolica,
1608 4248 1778 4301 etiam
1806 4250 2035 4318 petente
2061 4249 2198 4302 Mar-

572 4334 728 4389 tiano
755 4335 1035 4405 principe,
1066 4337 1394 4392 nullatenus
1436 4340 1800 4410 approbavit;
1834 4356 1959 4411 quae
1994 4342 2203 4411 pracsul

575 4428 826 4484 Ecclesiae
867 4430 1510 4502 Constantinopolitanae
1549 4438 1683 4488 tunc
1720 4433 2071 4500 Anatholius,
2100 4451 2203 4489 nec

2304 1908 2701 1979 praedicatores
2731 1907 2894 1961 aliter
2917 1910 3091 1977 atque
3112 1907 3272 1960 aliter
3288 1904 3569 1959 Christum
3595 1903 3849 1973 praedicare.

2299 2002 2401 2057 ubi
2418 2007 2609 2056 tamen
2640 2001 2767 2055 licet
2786 2016 3127 2072 quocunque
3153 1999 3328 2055 modo
3346 1998 3627 2055 Christum
3645 1995 3847 2068 prmdica-

2304 2100 2425 2149 tum
2453 2098 2679 2167 oportet
2720 2094 2964 2149 admitti.
2995 2095 3208 2149 Tamen
3233 2109 3346 2147 non
3381 2093 3506 2148 ideo
3528 2092 3672 2145 illum
3695 2104 3849 2145 morem

2304 2206 2418 2259 quo
2445 2205 2561 2244 non
2587 2194 2737 2245 recte
2761 2188 3139 2261 prmdicatum
3163 2191 3248 2241 est
3272 2186 3544 2241 admonet
3568 2184 3761 2238 evitare.
3776 2181 3851 2235 lla-

2304 2283 2385 2337 los
2398 2282 2684 2353 operarios
2700 2282 2822 2354 ipse
2842 2281 3491 2353 conqueritur,quorum
3503 2278 3600 2333 alia
3612 2273 3853 2338 refutanda,

2303 2376 2409 2430 alia
2436 2376 2601 2431 docet
2623 2393 2744 2430 esse
2772 2375 3057 2430 sectanda.
3088 2376 3211 2429 Haec
3241 2379 3295 2427 et
3321 2370 3641 2443 hujusmodi
3659 2366 3852 2436 exempla

2302 2488 2406 2525 nos
2432 2471 2638 2526 docent
2660 2475 2716 2525 et
2741 2468 3065 2524 testimonia
3093 2468 3282 2523 divina
3307 2466 3656 2531 conﬁrmant,
3673 2479 3763 2517 non
3775 2477 3855 2516 om-

2305 2564 2400 2619 nia
2426 2564 2668 2635 pessime
2699 2582 2731 2618 a
2754 2579 3097 2635 quocunque
3125 2561 3268 2616 dicta
3286 2562 3376 2616 vel
3396 2560 3694 2629 ubicunque
3710 2554 3856 2625 scripta

2305 2657 2701 2713 indifferenter
2717 2657 2996 2728 accipere,
3013 2655 3110 2710 sed
3132 2654 3370 2709 retentis
3387 2653 3549 2709 bonis
3559 2668 3671 2723 qua:
3684 2650 3858 2704 noceant

2304 2752 2571 2805 refutare.
2603 2750 2885 2805 Peccatori
2920 2748 3138 2804 homini
3172 2764 3327 2803 mors
3355 2747 3515 2801 illata
3534 2750 3626 2811 est,
3651 2747 3699 2798 et
3720 2747 3855 2795 tamen

2306 2844 2523 2899 homini
2547 2845 2677 2899 Jesu
2709 2843 2933 2899 Christo
2960 2858 3118 2897 mors
3148 2840 3303 2896 illata
3330 2856 3499 2895 reum
3523 2838 3645 2895 fecit
3668 2852 3766 2891 esse
3781 2833 3859 2888 dia-

2302 2938 2517 3005 bolum,
2549 2937 2685 3009 quia
2712 2937 2808 2992 ubi
2835 2953 3006 2992 causa
3042 2936 3242 2990 mortis
3284 2952 3406 2990 non
3432 2936 3572 3002 erat,
3601 2932 3669 2987 ibi
3705 2924 3855 3000 peccati

2303 3047 2416 3085 non
2441 3031 2753 3085 debebatur
2765 3037 2821 3085 et
2832 3047 3022 3101 poena.
3047 3028 3341 3085 Sententia
3354 3026 3663 3101 prmﬁgitur
3677 3024 3747 3077 vel
3764 3036 3859 3093 pre-

2302 3125 2412 3180 ﬁxa
2445 3129 2530 3180 est
2571 3141 2798 3195 semper
2844 3123 3042 3179 errori.
3090 3126 3223 3191 Quae
3266 3121 3549 3177 sententia
3581 3118 3697 3175 huic
3732 3114 3855 3169 errori

2307 3218 2535 3290 praeﬁxa
2590 3233 2888 3289 nunquam
2933 3217 3168 3272 omnino
3213 3217 3552 3283 resolvetur,
3590 3214 3715 3267 sicut
3747 3207 3855 3263 enim

2305 3311 2361 3366 in
2392 3316 2668 3384 quantum
2700 3314 2784 3365 est
2816 3310 2933 3381 ipse
2961 3327 3140 3379 error,
3169 3325 3469 3380 nunquam
3504 3323 3652 3363 error
3675 3317 3771 3358 esse
3791 3300 3855 3353 de-

2306 3404 2469 3473 sistit,
2502 3405 2580 3459 sic
2619 3421 2650 3459 a
2691 3404 2976 3459 sententia
3000 3419 3292 3475 nunquam
3329 3402 3563 3474 praeﬁxa
3597 3398 3857 3455 resolvetur,

2304 3498 2434 3570 quia
2482 3514 2640 3553 error
2678 3498 2774 3569 qui
2818 3496 3147 3569 agnoscitur
3193 3513 3314 3552 esse
3365 3496 3676 3557 damnatus,
3714 3486 3856 3544 eadem

2305 3591 2557 3663 quandiu
2588 3593 2783 3646 manet
2809 3607 2971 3646 error
2995 3590 3277 3662 probatur
3302 3589 3586 3643 astrictus.
3619 3587 3778 3654 Itaque
3791 3576 3856 3649 qui

2303 3684 2360 3739 in
2393 3701 2458 3740 eo
2483 3701 2675 3740 errore
2708 3690 2841 3740 sunt
2881 3682 3165 3739 sententia
3190 3682 3401 3737 erroris
3426 3678 3662 3736 obstricti
3683 3678 3799 3740 sunt,
3819 3674 3855 3723 et

2304 3778 2558 3850 quandiu
2600 3779 2658 3833 in
2707 3795 2774 3833 eo
2823 3781 3058 3832 manent
3112 3777 3442 3831 nullatenus
3491 3771 3707 3829 absoluti
3748 3771 3854 3821 sunt.

2303 3877 2446 3930 sicut
2485 3892 2589 3930 nec
2626 3875 2744 3946 ipse
2787 3876 2844 3929 in
2885 3892 2999 3947 quo
3042 3879 3176 3929 sunt
3217 3890 3383 3928 error
3408 3871 3712 3929 absolvitur.
3738 3866 3856 3920 Error

2303 3968 2458 4023 enim
2484 3969 2603 4040 ipse
2634 3985 2932 4041 nunquam
2955 3968 3179 4023 veniam
3208 3972 3589 4038 promeretur,
3616 3962 3701 4018 sed
3721 3956 3855 4031 quiin

2305 4080 2371 4115 en
2402 4063 2677 4117 veraciter
2715 4062 2985 4130 caruerit,
3014 4067 3183 4133 atque
3215 4061 3286 4115 ab
3328 4062 3453 4131 ejus
3501 4051 3855 4132 participatione

2304 4155 2556 4210 discedit.
2576 4155 2835 4219 Quandiu
2855 4172 2996 4226 ergo
3023 4155 3080 4209 in
3106 4154 3186 4208 eis
3213 4157 3296 4207 est
3323 4170 3488 4209 error
3511 4148 3854 4207 damnationem

2305 4265 2466 4302 suam
2498 4252 2667 4314 tenet,
2701 4264 2996 4320 nunquam
3022 4247 3342 4316 resolvitur,
3361 4247 3499 4318 quia
3527 4259 3673 4300 error
3693 4249 3856 4306 semper

2305 4358 2527 4412 poenam
2556 4346 2823 4396 meretur.
2855 4341 3160 4412 Participes
3180 4357 3312 4394 vero
3336 4341 3461 4411 ejus
3480 4342 3608 4394 sunt
3629 4330 3855 4404 sempel'et

2304 4435 2423 4505 ejus
2449 4451 2631 4506 poenae
2663 4434 2986 4505 participes,
3006 4433 3053 4489 si
3068 4434 3126 4489 in
3150 4434 3353 4489 eodem
3374 4437 3625 4505 perstare
3644 4444 3740 4483 non
3757 4420 3855 4477 desi-

572 4539 628 4577 se
655 4523 1082 4595 praesumpsisse
1119 4525 1405 4596 professus
1446 4531 1548 4597 est,
1580 4529 1638 4581 et
1682 4527 1740 4581 in
1768 4527 2085 4599 apostolica).
2112 4546 2197 4582 se-
2220 4527 2279 4598 D
2303 4532 2462 4594 nant,
2496 4531 2595 4582 aut
2636 4528 2682 4581 si
2712 4528 2783 4582 ab
2810 4528 3013 4583 eodem
3046 4526 3385 4582 recesserint
3409 4542 3576 4599 quam
3602 4520 3743 4579 alieni
3762 4511 3856 4571 facti

574 4617 658 4671 dis
708 4617 979 4672 antistitis
1025 4635 1138 4673 non
1185 4620 1431 4691 negavit,
1474 4622 1655 4691 posita
1701 4625 1993 4692 potestate.
2042 4622 2201 4689 Quod

574 4711 699 4766 ideo
729 4713 806 4766 sic
828 4712 913 4783 (ut
943 4713 1158 4769 dictum
1189 4718 1286 4780 est)
1308 4714 1469 4768 sedes
1501 4716 1806 4785 apostolica
1832 4732 1946 4770 non
1968 4716 2199 4787 recepit,

572 4804 701 4873 quia
746 4822 874 4876 quae
905 4806 1219 4878 privilegiis
1248 4807 1583 4863 venerabilis
1626 4808 1880 4864 Ecclesiae
1918 4810 2204 4863 contraria

576 4898 906 4966 probantur,
942 4900 1098 4954 nulla
1125 4901 1346 4955 ratione
1373 4902 1634 4956 sustinet.
1666 4902 1811 4967 Quid
1839 4902 2034 4957 enim?
2060 4903 2202 4967 Quia

572 4992 627 5045 in
657 4990 810 5045 libris
833 4992 1037 5047 sanctis
1063 5010 1205 5065 quos
1224 4994 1422 5066 utique
1449 5011 1794 5050 veneramur
1808 4999 1865 5051 et
1885 4996 2198 5068 sequimur,

572 5085 845 5156 quoniam
867 5087 1249 5156 quorumdam
1267 5088 1379 5142 illic
1395 5093 1452 5143 et
1472 5090 1842 5159 profanitates
1864 5107 1983 5145 esse
2004 5090 2199 5145 femu-

576 5182 689 5248 tur,
710 5182 769 5233 et
783 5179 996 5233 scelera
1014 5184 1173 5251 gesta
1187 5185 1519 5237 narrantur.
1537 5184 1664 5239 Ideo
1681 5183 1840 5238 nobis
1858 5185 2087 5255 pariter,
2105 5189 2204 5239 aut

576 5273 894 5328 veneranda
938 5279 1089 5343 sunt,
1124 5278 1224 5329 aut
1265 5276 1557 5347 sequenda
1586 5276 1719 5348 quia
1761 5277 1817 5331 in
1861 5276 1969 5332 illis
2000 5277 2204 5332 sanctis

573 5366 729 5422 libris
767 5371 824 5422 et
846 5367 1264 5422 venerabilibus
1303 5369 1690 5425 continentur.
1729 5370 1960 5425 Sanctus
2007 5371 2204 5424 Petrus

571 5461 787 5530 primus
810 5462 1217 5533 apostolorum,
1239 5462 1318 5517 sic
1332 5463 1671 5518 existimans
1696 5463 1831 5518 Novi
1860 5463 2202 5519 Testamenti

574 5554 812 5624 gratiam
825 5555 1248 5626 praedicandam
1257 5599 1270 5625 ,
1284 5560 1395 5611 uta
1410 5556 1551 5627 legis
1562 5556 1764 5611 veteris
1778 5573 1890 5611 non
1910 5556 2208 5612 recederet

575 5646 867 5715 institutis,
897 5649 1166 5720 quaedam
1216 5666 1320 5721 per
1358 5649 1783 5705 simulationem
1823 5650 2030 5722 legitur
2056 5650 2207 5706 inter

575 5737 794 5792 Judceos
847 5741 1200 5813 gentilesque
1239 5741 1495 5813 gessisse.
1533 5742 1797 5814 Nunquid
1832 5743 1957 5798 ideo
1986 5748 2085 5799 aut
2111 5742 2207 5798 illa

580 5824 771 5898 235
792 5830 914 5899 ejus
931 5834 1217 5903 sequenda
1235 5839 1385 5899 sunt,
1405 5851 1529 5906 quin
1549 5835 1752 5890 merito
1780 5840 1835 5891 et
1856 5837 2207 5909 coapostolus

2303 4625 2435 4676 sunt
2457 4622 2527 4675 ab
2550 4638 2765 4685 errore,
2786 4624 2844 4674 et
2865 4621 2936 4675 ab
2961 4621 3082 4691 ejus
3103 4620 3529 4692 participatione
3549 4612 3852 4677 ὀίεαι-θύμω

2305 4719 2362 4769 et
2384 4731 2561 4785 paena:
2584 4715 2705 4784 ejus
2727 4718 2899 4769 erunt
2917 4717 3336 4785 consequenter
3355 4713 3543 4768 alieni.
3559 4712 3683 4766 Cum
3698 4698 3852 4761 erranti

2304 4825 2466 4879 poma
2492 4806 2707 4879 prmﬁgi
2717 4813 2807 4863 tur
2820 4808 3075 4880 quandiu
3098 4810 3297 4861 manet
3314 4824 3530 4875 errans,
3547 4803 3720 4861 eadem
3736 4807 3851 4869 ρωυδ

2303 4901 2743 4973 constringitur;
2768 4902 2899 4973 quia
2920 4917 3115 4956 errans
3141 4917 3261 4955 esse
3278 4917 3396 4957 non
3419 4903 3602 4973 potest
3618 4896 3721 4951 sine
3738 4901 3851 4962 poma

2302 4995 2521 5051 erratis.
2555 4996 2681 5050 Haec
2724 4995 2926 5051 eadem
2964 5011 3133 5066 paena
3175 5000 3457 5066 perpetua
3481 4997 3563 5047 est
3604 4994 3851 5076 nunquam:

2302 5106 2410 5161 que
2439 5088 2707 5143 solvenda
2728 5088 2983 5160 quandiu
3017 5104 3215 5143 errans
3244 5104 3365 5143 esse
3393 5083 3701 5159 perstiterit.
3730 5074 3852 5141 (ὶιιί⁵1

2304 5199 2499 5237 errans
2526 5198 2648 5237 esse
2676 5180 2978 5249 destiterit,
3010 5198 3174 5253 pmna
3207 5198 3336 5253 quae
3364 5179 3572 5235 erranti
3591 5179 3667 5231 est
3683 5165 3851 5261 prdit

2302 5279 2599 5348 perpetua,
2623 5291 2739 5331 non
2766 5276 2996 5342 erranti,
3020 5275 3079 5330 id
3102 5280 3188 5330 est
3217 5274 3379 5330 alteri
3411 5272 3621 5337 eﬁ'ecto,
3640 5278 3777 5339 quam
3790 5271 3851 5312 cui

2302 5369 2534 5441 prmﬁxa
2574 5372 2677 5436 est,
2707 5385 2824 5423 non
2856 5369 3043 5423 solum
3082 5385 3196 5423 non
3240 5371 3425 5440 potest
3472 5380 3588 5420 esse
3628 5356 3848 5433 perpeti“

2304 5462 2403 5517 sed
2432 5478 2535 5518 nec
2555 5462 2731 5517 etiam
2753 5461 2879 5533 jam
2898 5478 3082 5534 paena.
3113 5462 3236 5516 Non
3266 5465 3347 5517 est
3364 5459 3516 5515 enim
3537 5458 3648 5530 ipse
3665 5449 3740 5507 cui
3754 5456 3851 5539 Pr?

2304 5556 2411 5609 fixa
2436 5557 2539 5610 est.
2575 5555 2800 5610 Erranti
2831 5554 2988 5610 enim
3021 5554 3255 5626 praeﬁxa
3282 5555 3384 5620 est,
3415 5568 3521 5607 nec
3546 5563 3653 5604 non
3674 5536 3848 5599 erranti»

2307 5649 2447 5713 Quos
2477 5649 2628 5704 enim
2653 5647 2868 5704 erranti
2900 5648 3133 5720 praeﬁxa
3157 5653 3260 5715 est,
3293 5651 3563 5719 perpetua
3586 5645 3676 5707 est,
3700 5639 3744 5689 et
3762 5640 3849 5701 μετ’

2306 5746 2477 5814 petuo
2512 5741 2858 5814 constringit
2882 5747 3191 5808 errantem,
3223 5759 3334 5798 non
3360 5741 3635 5796 errantem
3658 5743 3751 5786 non
3773 5735 3845 5792 Po‘

2309 5839 2416 5890 1⁸⁵1
2436 5835 2560 5906 iam
2589 5839 2805 5891 tenere.
2834 5835 2914 5891 Sit
2950 5837 3163 5892 erranti
3202 5837 3344 5891 dic-ta
3379 5835 3499 5889 fore
3542 5828 3779 5905 perpetua.
3801 5816 3847 5863 at
