4062 6188
208 337 312 389 949
1443 292 1908 394 ΒΕΟΒΕΤΛΙιΙῦΜ

1943 336 2328 394 COLLECTIO.
3463 345 3566 398 930

203 450 418 502 erranti
450 449 597 503 dicta
621 465 916 521 nunquam
939 466 1057 504 esse
1090 450 1374 505 solvenda.
1397 451 1578 506 Manet
1599 451 1836 505 omnino
1859 461 1915 533 Α
1936 454 2160 518 peccato
2213 449 2594 502 manentibus.
2645 449 2874 504 Nullum
2911 453 2992 505 est
3022 450 3232 521 quippe
3268 457 3559 523 peccatum

204 546 262 596 et
289 559 437 608 vere,
467 545 798 614 certumque
823 548 906 596 est
931 543 1083 614 quod
1111 544 1168 597 in
1195 561 1261 598 ea
1276 546 1574 614 praefixum
1598 549 1702 608 est,
1733 559 1836 598 nec

205 641 392 706 potest
438 651 670 706 prorsus
708 635 943 703 absolvi,
992 636 1244 707 quandiu
1282 638 1539 691 manenti
1579 637 1833 707 prcefixa,

203 728 448 783 debetur
476 728 704 782 erranti.
736 729 858 783 Non
884 730 1096 784 erranti
1125 733 1315 784 autem
1339 747 1441 784 nec
1466 747 1632 800 pcena
1653 733 1836 800 potest

202 838 349 888 esse,
379 837 506 892 quae
539 837 655 876 non
681 821 891 876 erranti
923 837 1039 876 non
1067 822 1238 877 debet
1263 822 1480 876 inferri.
1514 823 1624 876 Nec
1651 828 1834 876 muta-

201 920 300 968 tur
328 913 423 968 illa
451 913 684 968 omnino
715 931 816 969 nec
839 914 1071 969 solvitur
1097 932 1225 986 quas
1255 915 1496 970 debetur
1515 916 1745 970 erranti.
1772 917 1833 970 ln

202 1024 308 1061 suo
340 1024 475 1077 ergo
496 1012 691 1062 tenore
712 1007 807 1061 illa
833 1007 1066 1079 praefixa
1089 1012 1194 1074 est,
1229 1008 1284 1062 in
1314 1025 1413 1062 suo
1429 1009 1559 1079 jure
1590 1025 1702 1062 non
1727 1025 1830 1079 po-

203 1104 314 1156 test
330 1101 564 1155 omnino
587 1102 820 1170 resolvi;
854 1101 911 1156 in
939 1119 1052 1155 non
1082 1118 1182 1155 suo
1203 1107 1395 1156 tenore
1421 1119 1548 1172 quae
1576 1117 1694 1156 esse
1717 1119 1831 1156 non

199 1198 393 1265 potest
415 1195 535 1265 jam
567 1193 802 1248 docetur
829 1212 946 1249 esse
977 1200 1232 1264 vacuata,
1262 1199 1318 1249 et
1348 1196 1440 1266 jus
1469 1195 1579 1249 illic
1607 1197 1834 1266 penitus

199 1304 319 1342 non
350 1288 576 1353 habere,
609 1288 705 1342 ubi
725 1305 952 1343 causam
981 1305 1098 1344 non
1127 1289 1299 1344 habet
1321 1288 1619 1343 existendi.
1648 1289 1832 1344 Plenae

198 1385 335 1435 sunt
364 1386 571 1435 sanctae
605 1382 913 1452 Scriptura:
947 1383 1042 1436 tali
1072 1383 1251 1437 forma
1271 1382 1528 1452 justitiaz.
1573 1382 1788 1436 Dicitur
1815 1400 1828 1437 :

201 1496 228 1522 ε(
261 1477 508 1529 Pereunt
553 1479 880 1546 peccatores
919 1493 953 1530 a
980 1481 1150 1543 terra,
1191 1477 1266 1530 ita
1294 1480 1355 1529 ut
1380 1492 1494 1530 non
1525 1476 1636 1530 sint
1666 1479 1827 1546 (Psal.

199 1585 367 1634 van,
421 1569 494 1638 3),
542 1591 570 1618 »
612 1573 677 1623 ut
719 1586 832 1623 non
884 1569 998 1624 sint
1049 1575 1400 1640 peccatores,
1456 1575 1516 1624 ut
1562 1570 1834 1624 desistant

198 1679 321 1716 esse
371 1666 694 1732 peccatores
747 1680 759 1716 :
815 1663 1127 1717 secundum
1159 1663 1454 1733 Propheta:
1486 1665 1829 1717 sententiam

198 1772 608 1827 usquequaque
645 1757 992 1827 deperirent,
1033 1762 1097 1810 ut
1125 1757 1568 1811 substantialiter
1595 1773 1709 1811 non
1735 1774 1827 1810 su-

1936 557 2041 610 pro
2055 558 2164 611 quo
2184 545 2282 594 aut
2298 557 2413 595 non
2431 548 2551 596 oret
2565 543 2815 597 Ecclesia
2827 544 3258 611 remittendum,
3274 546 3560 617 autquod,

1938 634 2066 688 data
2092 634 2197 687 sibi
2229 634 2501 688 divinitus
2524 639 2822 705 potestate,
2848 637 3248 692 desistentibus
3264 638 3334 692 ab
3356 639 3559 694 eodem

1937 744 2053 781 non
2081 728 2256 798 possit
2278 728 2586 793 absolvere,
2620 729 2704 782 vel
2725 730 3142 800 paenitentibus,
3160 732 3439 800 relaxare,
3468 733 3558 786 cui

1936 821 2140 875 dicitur
2169 837 2183 874 ε
2214 842 2242 870 ‹‹
2272 822 2638 892 Quaecunque
2674 822 2999 877 dimiseritis
3027 841 3198 894 super
3225 831 3441 879 terram
3470 825 3556 880 di-

1936 913 2107 968 missa
2133 918 2302 968 erunt
2325 918 2382 968 et
2412 915 2470 968 in
2496 915 2670 982 caelis,
2700 919 2756 968 et
2784 932 3139 988 quaecunque
3160 918 3436 973 solveritis
3461 935 3557 972 su-

1932 1023 2038 1077 per
2063 1011 2293 1073 terram,
2318 1010 2489 1062 erunt
2508 1009 2693 1062 soluta
2715 1012 2771 1063 et
2791 1009 2848 1062 in
2870 1010 3024 1064 coalis
3046 1010 3261 1081 (Matth.
3283 1013 3552 1080 ΧἯ,18).«

1935 1101 1995 1154 ln
2026 1101 2460 1172 quibuscunque
2499 1102 2694 1156 omnia
2724 1107 2858 1156 sunt
2881 1106 3325 1175 quantacunque
3361 1105 3475 1160 sint
3506 1109 3564 1160 et

1933 1195 2350 1266 qualiacunque
2372 1194 2486 1248 sint
2508 1212 2520 1248 :
2544 1195 2727 1249 veraci
2752 1195 3126 1250 nihilominus
3146 1200 3416 1252 manente
3437 1214 3561 1252 sen-

1931 1287 2131 1353 tentia,
2157 1304 2284 1359 quae
2303 1304 2602 1358 nunquam
2627 1289 2897 1343 solvenda
2918 1305 3038 1344 esse
3070 1290 3468 1358 denuntiatur;
3498 1291 3556 1344 in

1932 1396 2131 1435 eorum
2153 1387 2346 1435 tenore
2375 1383 2688 1436 consistens
2715 1383 2774 1436 in
2801 1383 2987 1437 Acacii
3007 1384 3286 1438 sententia
3316 1384 3561 1438 rationa-

1929 1473 2119 1528 biliter
2143 1474 2482 1529 intuendum
2511 1478 2614 1542 est,
2657 1476 2715 1529 in
2758 1492 2870 1546 qua
2907 1492 3024 1530 non
3053 1477 3226 1532 etiam
3259 1477 3328 1532 ab
3357 1478 3557 1532 eodem

1930 1572 2057 1637 post
2082 1567 2370 1622 recedens.
2401 1568 2564 1631 Quod
2580 1569 2753 1622 etiam
2773 1569 2820 1622 si
2836 1569 2887 1623 ei
2903 1569 3120 1624 dictum
3137 1574 3221 1625 est
3240 1587 3558 1642 nunquam-

1930 1677 2040 1731 que
2079 1661 2400 1728 solvendus,
2430 1679 2546 1716 non
2573 1665 2658 1715 est
2682 1662 2968 1733 adjectum
3004 1668 3193 1718 tamen
3221 1664 3442 1718 etiamsi
3466 1682 3558 1719 re-

1932 1753 2187 1824 sipueris,
2223 1755 2447 1808 etiamsi
2475 1755 2543 1808 ab
2573 1771 2766 1810 errore
2793 1755 3133 1824 discesseris,
3165 1757 3383 1812 etiamsi
3409 1769 3556 1828 prae-

195 1849 446 1913 bessent,
475 1850 574 1920 qui
599 1850 797 1903 salvari
825 1850 1143 1920 potuissent
1171 1867 1203 1903 a
1232 1850 1616 1920 Redemptore
1637 1856 1829 1906 nostro
1856 1835 2202 1905 B‘varicator
2245 1864 2364 1902 esse
2412 1848 2712 1902 destiteris.
2767 1843 3124 1920 Quapropter
3163 1851 3220 1904 in
3252 1857 3450 1921 aperto
3477 1856 3563 1906 est

193 1943 293 2012 qui
319 1943 477 1996 venit
503 1960 619 1996 non
640 1943 825 2013 justos
860 1960 1063 1998 vocare
1103 1944 1200 1997 sed
1233 1947 1578 2014 peccatores,
1627 1944 1713 1997 vel
1761 1945 1829 1998 de

193 2032 405 2102 quibus
455 2033 591 2087 dicit
637 2034 982 2105 Apostolus:
1029 2056 1055 2082 «
1085 2033 1338 2088 Christus
1386 2033 1540 2087 venit
1582 2034 1639 2086 in
1678 2034 1829 2087 hunc

196 2126 484 2180 mundum
514 2132 838 2198 peccatores
869 2128 1052 2182 salvos
1100 2127 1300 2193 facere,
1333 2144 1577 2198 quorum
1614 2126 1830 2197 primus

189 2237 302 2289 ego
327 2237 476 2288 sum,
505 2224 561 2274 et
588 2237 716 2274 cum
746 2226 1072 2291 peccatores
1109 2237 1362 2274 essemus
1403 2221 1556 2274 misit
1576 2221 1719 2275 Deus
1741 2220 1825 2274 Fi-

190 2313 333 2366 lium
365 2329 531 2366 suum
564 2313 611 2382 (1
643 2316 776 2368 Tim.
809 2331 846 2381 1,
881 2317 974 2378 t5;
1009 2315 1129 2370 Gal.
1158 2329 1229 2378 1v,
1263 2314 1336 2381 4),
1369 2334 1394 2360 ››
1429 2317 1485 2366 et
1501 2317 1706 2366 caetera
1727 2313 1828 2366 hu-

181 2406 462 2475 jusmodi.
497 2407 591 2460 Hic
619 2423 812 2461 revera
829 2407 1057 2477 plurimi
1084 2406 1256 2461 etiam
1273 2406 1718 2460 substantialiter
1734 2423 1826 2477 pe-

187 2501 413 2554 rierunt
440 2505 783 2571 peccatores,
805 2501 862 2554 in
887 2501 1128 2570 peccatis
1145 2501 1258 2554 suis
1282 2500 1474 2571 utique
1491 2515 1826 2570 permanen-

188 2597 294 2658 tes,
327 2610 569 2664 veraque
596 2595 654 2648 in
683 2595 765 2648 eis
792 2594 1078 2648 sententia
1115 2594 1262 2648 dicta
1294 2594 1628 2664 permansit,
1673 2611 1821 2647 nun-

187 2705 489 2759 quamque
519 2689 771 2742 resoluta
815 2691 918 2755 est,
969 2692 1026 2741 et
1053 2690 1249 2741 tamen
1277 2688 1477 2742 eadem
1509 2688 1568 2741 in
1597 2687 1823 2756 talibus,

179 2781 395 2853 quibus
433 2781 663 2852 praefixa
693 2785 796 2850 est,
825 2784 1201 2852 permanente
1235 2785 1528 2852 perpetua,
1570 2781 1823 2852 quodam

182 2891 404 2944 genere
453 2875 665 2929 factum
711 2879 815 2940 est,
850 2880 913 2929 ut
944 2875 1000 2929 in
1033 2874 1238 2928 talibus
1264 2891 1381 2928 non
1408 2891 1822 2946 usquequaque

181 2968 550 3022 manentibus
591 2975 648 3023 et
683 2969 742 3022 in
779 2969 1026 3039 peccatis
1072 2969 1206 3034 suis,
1257 2984 1372 3022 non
1416 2985 1823 3039 usquequaque

177 3062 526 3115 durantibus
563 3063 841 3116 sententia
875 3067 1066 3116 tamen
1099 3061 1330 3133 praefixa
1357 3061 1567 3115 talibus
1593 3078 1822 3132 perma-

183 3158 376 3209 neret.
408 3157 546 3209 Nam
577 3155 686 3226 ipsi
715 3157 974 3225 pereunt,
1009 3155 1105 3209 sed
1137 3171 1256 3208 esse
1281 3160 1623 3225 peccatores,
1647 3160 1712 3208 ut
1735 3154 1821 3208 di-

177 3254 341 3303 ctum
375 3255 459 3303 est
479 3291 492 3315 ,
541 3266 658 3304 non
687 3249 1002 3319 poenaliter,
1035 3249 1132 3302 sed
1163 3248 1549 3303 remedialiter
1573 3248 1825 3319 quodam

175 3350 238 3397 et
260 3342 368 3413 ipsi
403 3358 610 3412 genere
643 3342 953 3413 perierunt.
982 3341 1236 3406 Quodam
1275 3358 1486 3412 genere
1518 3342 1658 3395 etin
1689 3342 1824 3412 ipsis

174 3435 401 3490 mansit
426 3436 651 3506 praefixa
678 3436 980 3501 sententia,
1011 3436 1185 3489 donec
1209 3451 1556 3505 permanens
1582 3452 1678 3490 eos
1699 3435 1820 3489 efﬁ-

174 3533 342 3584 ceret
376 3546 486 3583 non
527 3546 647 3583 esse
689 3535 1034 3600 peccatores,
1077 3530 1164 3582 vel
1205 3533 1527 3599 peccatores
1558 3546 1671 3582 non
1701 3545 1822 3583 esse

172 3622 502 3693 perﬁceret.
530 3623 825 3693 Completa
853 3627 937 3677 est
957 3623 1015 3676 in
1039 3622 1120 3676 eis
1142 3623 1440 3686 sententia,
1472 3638 1574 3677 nec
1601 3639 1716 3694 quo
1745 3626 1822 3677 te-

177 3733 326 3770 nore
356 3721 584 3786 peracto
625 3733 972 3787 permanens
1006 3716 1097 3770 illa
1133 3716 1408 3770 sententia
1449 3716 1823 3785 pereuntibus

173 3810 596 3881 peccatoribus,
617 3810 695 3864 ita
710 3815 770 3865 ut
788 3826 900 3864 non
927 3814 1116 3863 essent
1148 3809 1342 3880 utique
1375 3813 1716 3880 peccatores.
1746 3811 1823 3863 Ea

163 3905 302 3972 jam
331 3903 388 3956 in
421 3919 538 3957 non
569 3903 953 3973 peccatoribus
973 3919 1209 3958 manere
1235 3919 1350 3956 non
1376 3903 1580 3973 potuit,
1611 3903 1743 3975 quia
1763 3904 1821 3958 in

171 3999 267 4050 eis
294 3997 356 4050 in
380 3997 586 4067 quibus
612 3996 823 4050 inﬂicta
856 4013 971 4050 non
1002 3997 1208 4062 fuerat,
1233 3995 1328 4066 jus
1369 3996 1634 4050 manendi
1660 3997 1818 4067 peni-

174 4096 274 4143 tus
327 4107 441 4143 non
491 4089 757 4144 habebat.
800 4092 878 4142 lta
914 4106 1065 4144 nunc
1105 4089 1164 4142 in
1196 4106 1296 4143 suo
1321 4091 1451 4159 jure
1476 4090 1564 4144 vel
1593 4091 1821 4144 tramite

175 4185 475 4237 ullatenus
508 4183 789 4238 sententia
834 4184 1080 4238 resoluta
1110 4187 1210 4252 est,
1252 4187 1308 4237 et
1335 4184 1530 4238 eadem
1562 4183 1618 4238 in
1650 4183 1738 4238 his
1765 4184 1821 4238 in

171 4278 393 4350 quibus
424 4276 637 4332 inﬂicta
666 4282 750 4332 est
785 4282 1177 4348 permanente,
1217 4276 1286 4329 ab
1330 4276 1417 4329 his
1461 4277 1560 4346 qui
1601 4277 1670 4330 ab
1701 4277 1821 4347 ejus

160 4373 306 4442 jure
332 4369 563 4424 discreti
579 4376 730 4438 sunt,
753 4369 937 4425 aliena
951 4386 1180 4441 prorsus
1209 4368 1412 4424 effecta
1439 4372 1544 4436 est,
1564 4385 1637 4424 ne
1653 4370 1713 4424 in
1735 4369 1822 4424 his

171 4466 336 4519 salva
364 4464 449 4517 sui
476 4463 798 4519 conditione
825 4464 905 4517 fas
934 4463 1167 4518 haberet
1197 4462 1464 4517 manendi
1497 4463 1701 4532 quibus
1732 4463 1817 4517 in-

170 4560 340 4613 flicta
368 4574 482 4611 non
510 4563 650 4612 erat.
677 4557 820 4611 Dixit
846 4556 1120 4611 Dominus
1141 4556 1372 4627 quodin
1394 4556 1670 4626 Spiritum
1695 4573 1819 4610 san-
1838 4573 1896 4643 Ι)

169 4658 340 4708 ctum
373 4651 736 4721 peccantibus
754 4668 859 4706 nec
886 4651 977 4704 hic
1003 4655 1150 4704 esset
1176 4667 1282 4704 nec
1309 4650 1368 4704 in
1393 4651 1586 4704 futuro
1613 4652 1818 4704 saeculo

171 4744 617 4801 remittendum.
648 4745 898 4808 Quantos
927 4749 1117 4798 autem
1141 4743 1540 4814 cognoscimus
1560 4743 1617 4796 in
1645 4743 1814 4814 Spiri-

169 4845 304 4894 tum
335 4843 597 4892 sanctum
631 4837 1025 4908 delinquentes
1047 4836 1192 4891 sicut
1218 4837 1517 4892 haereticos
1543 4837 1815 4905 diversos,

162 4933 440 4999 Arianos,
469 4931 915 4997 Macedonianos,
950 4931 1022 4985 ad
1062 4930 1237 4985 ﬁdem
1263 4931 1597 4985 catholicam
1627 4947 1813 4985 rever-

157 5031 385 5090 tentes,
434 5029 489 5079 et
518 5025 612 5079 hic
637 5025 1034 5080 remissionem
1064 5041 1181 5079 suae
1208 5024 1524 5094 percepisse
1552 5023 1812 5093 blasphe-

160 5119 308 5173 miae
357 5123 412 5172 et
458 5118 516 5172 in
569 5119 828 5172 futurum
878 5134 1036 5188 spem
1078 5117 1386 5188 sumpsisse
1441 5116 1816 5187 indulgentia:

159 5211 634 5282 consequendaa?
659 5212 771 5265 Nec
790 5211 918 5265 ideo
942 5227 1057 5265 non
1087 5227 1222 5265 vera
1239 5215 1326 5265 est
1347 5208 1567 5264 Domini
1590 5214 1818 5264 senten-

159 5307 278 5371 tia,
315 5309 416 5359 aut
441 5305 731 5375 putabitur
755 5321 876 5358 esse
908 5304 1186 5359 ullatenus
1211 5304 1483 5370 resoluta,
1514 5320 1644 5358 cum
1673 5303 1818 5358 circa

155 5399 342 5463 tales,
366 5397 412 5452 si
439 5398 545 5453 hoc
569 5414 690 5452 esse
711 5401 1112 5469 permaneant,
1134 5413 1428 5470 nunquam
1453 5396 1818 5464 omninosol-

157 5490 366 5546 venda
389 5491 669 5562 persistat,
695 5491 908 5546 effectis
939 5494 1131 5546 autem
1152 5507 1269 5546 non
1299 5490 1505 5546 talibus
1525 5507 1640 5544 non
1666 5490 1812 5545 irro-

156 5591 331 5658 gata.
374 5585 527 5640 Sicut
575 5585 746 5639 etiam
773 5589 1194 5656 consequenter
1217 5587 1273 5638 et
1301 5584 1441 5638 illud
1465 5583 1618 5638 beati
1641 5585 1813 5639 Joan-

156 5679 266 5734 nis
301 5678 535 5748 apostoli
567 5695 579 5732 :
615 5679 709 5734 Est
728 5683 1027 5749 peccatum
1052 5679 1126 5733 ad
1156 5683 1423 5743 mortem,
1459 5693 1576 5732 non
1603 5677 1727 5732 dico
1756 5680 1818 5732 ut

157 5776 376 5828 oretur
400 5788 502 5842 pro
533 5788 621 5827 eo.
653 5773 749 5826 Est
775 5776 1070 5842 peccatum
1092 5788 1209 5827 non
1230 5771 1302 5826 ad
1323 5776 1589 5836 mortem,
1609 5771 1736 5827 dico
1757 5775 1817 5826 ut

160 5870 381 5918 "retur
409 5883 507 5936 pro
549 5883 632 5918 eo.
671 5866 756 5918 list
800 5870 1090 5936 peccatum
1134 5865 1203 5920 ad
1247 5868 1488 5920 mortem
1522 5863 1578 5918 in
1611 5862 1813 5919 eodem

1845 3201 1900 3274 C

1932 1940 2010 1994 ita
2037 1941 2270 2007 dictum,
2300 1958 2597 2011 nunquam
2627 1943 2924 1997 solvendus
2941 1944 2986 1996 si
3015 1944 3143 1997 talis
3165 1943 3391 2010 scilicet,
3420 1961 3558 2015 qua-

1931 2033 1996 2087 lis
2025 2037 2109 2087 est
2136 2037 2194 2088 et
2219 2035 2446 2105 ligatus,
2467 2052 2586 2090 non
2610 2038 2805 2090 autem
2824 2037 2954 2091 talis
2974 2036 3205 2091 effectus
3221 2036 3362 2091 sicut
3380 2037 3561 2107 ligan-

1930 2127 2033 2181 dus
2077 2143 2194 2182 non
2230 2133 2371 2195 erat,
2418 2129 2495 2184 sic
2541 2128 2831 2184 absolutus
2876 2147 2996 2184 esse
3047 2130 3374 2186 docebatur.
3404 2131 3558 2185 Sicut

1929 2221 2154 2274 carebat
2179 2221 2523 2292 obligatione
2545 2240 2674 2278 cum
2695 2223 3054 2295 obligationis
3084 2241 3251 2279 causa
3267 2224 3556 2292 caruisset,

1930 2315 2005 2367 sic
2034 2315 2231 2384 utique
2259 2315 2552 2370 absolutus
2582 2317 2863 2386 existeret,
2897 2323 3179 2388 quatenus
3209 2322 3266 2372 et
3292 2318 3413 2388 ipse
3443 2334 3558 2373 non

1930 2408 2260 2462 necessitate
2284 2409 2445 2463 dicta:
2468 2411 2764 2464 sententiae
2792 2412 3079 2467 videretur
3099 2429 3212 2466 non
3234 2428 3397 2483 posse
3425 2428 3562 2483 quo-

1927 2501 2233 2555 dammodo
2254 2502 2374 2572 jam
2404 2504 2561 2569 solvi,
2587 2503 2694 2558 nisi
2715 2504 2840 2558 talis
2866 2504 3099 2560 effectus
3125 2509 3182 2560 et
3208 2505 3556 2577 obligatione

1926 2611 2124 2648 carens
2166 2594 2329 2649 fieret
2366 2595 2679 2663 absolutus,
2731 2601 2787 2650 et
2823 2597 2970 2651 circa
3003 2599 3140 2652 tales
3171 2600 3400 2668 praefixa
3428 2615 3557 2652 sen-

1925 2689 2100 2741 tentia
2124 2688 2452 2743 nullomodo
2475 2690 2725 2743 solubilis
2741 2690 3094 2745 redderetur.
3116 2691 3381 2762 Nunquid
3401 2691 3557 2746 enim

1927 2781 2104 2848 misit,
2138 2782 2415 2852 quaesivit,
2456 2783 2692 2853 expetiit
2717 2789 2773 2838 et
2800 2785 3053 2854 abjectus
3083 2789 3183 2853 est,
3221 2785 3412 2855 itaque
3438 2786 3559 2855 ipse

1925 2874 1981 2928 in
2011 2890 2069 2928 se
2097 2876 2454 2930 insolubilem
2480 2877 2612 2930 fecit
2639 2893 2758 2931 esse
2787 2878 3125 2932 sententiam
3156 2878 3252 2948 qui
3275 2879 3405 2933 talis
3435 2894 3558 2949 per-

1928 2983 2162 3022 manere
2191 2969 2421 3039 delegit,
2448 2970 2626 3040 qualis
2656 2971 2931 3025 veraciter
2959 2988 3074 3025 non
3111 2971 3287 3041 possit
3327 2972 3556 3037 absolvi,

1924 3067 1980 3115 et
2005 3062 2181 3117 voluit
2211 3062 2338 3116 talis
2368 3063 2535 3131 effici,
2564 3064 2709 3118 circa
2742 3066 2992 3134 qualem,
3025 3071 3396 3134 permanente
3424 3082 3552 3120 sen-

1928 3155 2102 3208 tentia
2121 3155 2268 3209 circa
2286 3157 2478 3223 talem,
2499 3156 2763 3211 effectum
2782 3174 2898 3211 non
2915 3158 3088 3211 talem
3111 3158 3421 3212 insolubilis
3436 3176 3562 3213 seu-

1925 3248 2101 3302 tentia
2130 3265 2247 3302 non
2278 3256 2659 3319 permaneret,
2695 3267 2822 3320 quae
2851 3251 3000 3304 circa
3023 3250 3290 3306 effectum
3316 3268 3430 3305 non
3471 3256 3554 3306 ta-

1924 3343 2037 3396 lem
2058 3359 2170 3396 non
2186 3342 2723 3397 haberetlicentiam
2747 3344 3144 3414 permanendi.
3160 3345 3280 3408 Quo
3302 3344 3559 3415 magisut

1926 3435 2140 3489 dictum
2159 3441 2242 3490 est
2259 3437 2520 3506 exemplo
2539 3442 2710 3507 atque
2730 3437 2981 3507 periculo
3007 3436 3203 3491 moniti
3224 3437 3322 3507 qui
3349 3437 3553 3491 eodem

1923 3534 2122 3582 tenore
2152 3535 2286 3584 sunt
2316 3529 2603 3583 constricti
2629 3530 2900 3584 festinare
2931 3531 3162 3595 debent,
3193 3535 3393 3585 utnon
3419 3531 3558 3585 tales

1923 3638 2042 3676 esse
2063 3626 2466 3694 permaneant,
2494 3623 2700 3694 quibus
2719 3624 3003 3678 sententia
3024 3624 3116 3678 illa
3147 3641 3263 3679 non
3286 3623 3557 3678 solvenda

1926 3717 2154 3786 praefixa
2183 3720 2287 3783 est,
2319 3721 2376 3770 et
2400 3733 2518 3772 esse
2556 3718 2695 3771 tales
2723 3717 3014 3788 incipiant,
3039 3717 3302 3788 qualibus
3328 3734 3446 3772 non
3472 3717 3558 3771 in-

1923 3809 2181 3863 solubilis
2208 3810 2440 3880 prazfixa
2468 3811 2747 3864 sententia
2767 3811 2944 3882 possit
2964 3828 3085 3865 esse
3110 3811 3381 3866 solubilis.
3412 3811 3556 3874 Quo-

1925 3902 2080 3955 niam
2111 3905 2302 3956 autem
2333 3903 2529 3958 effecto
2551 3921 2663 3957 non
2686 3905 2780 3958 tali
2807 3905 2957 3975 quali
2982 3921 3097 3958 non
3120 3904 3388 3959 solvenda
3411 3921 3552 3976 prae-

1923 3996 2032 4049 fixa
2062 3997 2347 4050 sententia
2377 4003 2479 4064 est,
2509 3998 2727 4065 effecto,
2760 3999 3016 4069 inquam,
3057 4014 3170 4052 non
3212 3999 3330 4065 tali,
3374 4003 3559 4069 potest

1923 4090 2177 4144 solubilis
2203 4107 2324 4144 esse
2355 4091 2662 4160 sententia;
2698 4092 2833 4163 quia
2849 4092 2972 4162 jam
2989 4092 3191 4146 Acacio
3210 4109 3324 4146 non
3347 4092 3552 4147 volenti

1925 4200 2037 4237 non
2068 4184 2241 4238 talem
2272 4201 2390 4238 esse
2415 4185 2558 4238 sicut
2591 4185 2689 4238 tali
2712 4202 2894 4256 usque
2925 4185 2980 4240 in
3001 4186 3175 4240 finem
3197 4186 3554 4256 permanenti

1925 4278 2235 4346 permansit
2254 4277 2312 4331 in
2335 4278 2593 4332 absoluta
2613 4278 2915 4346 sententia,
2941 4279 3017 4332 ita
3029 4279 3152 4349 jam
3175 4295 3293 4333 non
3314 4279 3409 4332 tali
3432 4279 3555 4332 effi-

1922 4369 1971 4422 ci
2017 4386 2130 4424 non
2169 4371 2381 4425 volenti
2427 4371 2680 4426 solubilis
2727 4389 2843 4426 non
2881 4377 3067 4443 potest
3095 4389 3214 4426 esse
3242 4372 3546 4426 sententia.

1922 4464 2114 4518 Nonne
2141 4469 2329 4518 tantos
2363 4464 2613 4519 habebat
2653 4465 2908 4531 Aeacius,
2941 4483 3187 4536 quorum
3217 4466 3546 4535 exemplum

1919 4556 2076 4626 sequi
2113 4557 2384 4626 potuisset
2425 4558 2707 4613 antistites
2743 4559 2841 4628 qui
2883 4559 2938 4612 in
2979 4558 3260 4628 Epliesino
3302 4559 3549 4628 prolapsi

1919 4649 2234 4714 latrocinio,
2265 4650 2522 4720 quolibet
2543 4651 2710 4704 modo
2741 4652 2794 4704 in
2823 4651 3199 4704 consensione
3234 4650 3556 4705 reciderent

1918 4743 2205 4813 pravitatis
2225 4743 2252 4796 ?
2295 4743 2497 4813 Utique
2526 4747 2718 4797 tamen
2751 4744 2877 4797 etsi
2915 4744 3130 4797 dictum
3160 4760 3276 4798 non
3315 4749 3455 4810 erat,
3497 4750 3555 4798 et

1919 4839 2252 4907 perpetuam
2291 4836 2718 4890 damnationem
2746 4837 2895 4890 ferre
2929 4837 3261 4907 potuissent,
3294 4838 3406 4892 nisi
3424 4839 3556 4893 resi-

1917 4930 2198 5000 piscentes
2235 4946 2348 4984 non
2390 4931 2524 4984 tales
2563 4929 2715 4983 effici
2755 4931 2949 5000 quales
2990 4929 3100 4985 illic
3140 4930 3273 4986 facti
3303 4933 3549 4997 fuerant,

1921 5021 2464 5092 damnationemque
2519 5026 2852 5093 perpetuam
2913 5023 3304 5090 merebantur,
3353 5024 3550 5079 resolvi

1919 5115 2064 5169 circa
2081 5131 2138 5168 se
2159 5115 2588 5169 damnationem
2606 5116 2938 5171 recedentes
2958 5134 2990 5170 a
3007 5123 3294 5188 perpetuae
3309 5118 3546 5172 damna—

1919 5209 2088 5262 tionis
2113 5225 2278 5262 causa
2306 5216 2660 5275 meruerunt,
2688 5226 2862 5282 quam
2881 5210 2976 5281 qui
3000 5211 3296 5281 perstitere
3321 5210 3469 5263 circa
3491 5225 3548 5262 se

1917 5301 2285 5356 insolubilem
2325 5302 2714 5358 reddiderunt.
2745 5304 2893 5358 Nihil
2919 5304 3158 5358 interest
3181 5302 3375 5372 igitur,
3408 5301 3547 5354 nihil

1919 5395 2128 5463 differt,
2182 5402 2369 5450 utrum
2416 5395 2637 5451 dicatur
2685 5397 2820 5468 quia
2861 5396 3237 5452 ecclesiastica
3267 5394 3547 5448 sententia

1917 5506 2044 5543 reos
2073 5494 2130 5542 et
2160 5489 2618 5560 praevaricatores
2648 5491 2880 5561 obligat.
2913 5489 3058 5552 Quia
3077 5488 3220 5542 sicut
3245 5487 3295 5541 ei
3316 5503 3430 5541 non
3453 5504 3549 5557 po-

1917 5585 2025 5636 test
2065 5582 2216 5653 quod
2265 5599 2380 5637 non
2425 5588 2509 5638 est
2545 5582 2861 5654 suffragari,
2908 5580 3065 5652 quod
3099 5597 3211 5634 non
3249 5584 3334 5634 est
3364 5579 3548 5634 dictus

1918 5692 2211 5747 nunquam
2242 5677 2560 5742 solvendus,
2590 5676 2686 5730 sed
2709 5676 2754 5728 si
2775 5675 2832 5728 in
2856 5689 3047 5728 errore
3071 5673 3452 5744 permanserit
3468 5673 3550 5727 in-

1916 5771 2164 5826 solubilis
2191 5772 2379 5826 modis
2399 5772 2664 5826 omnibus
2692 5772 3034 5841 perseverat,
3068 5785 3174 5824 nec
3199 5771 3387 5840 potest
3417 5769 3547 5824 inde

1917 5864 2020 5918 nisi
2052 5881 2166 5919 non
2190 5865 2314 5920 talis
2342 5865 2574 5919 effectus
2598 5862 2808 5917 absolvi
2842 5879 2854 5916 τ
2891 5863 2968 5916 sic
2995 5863 3260 5936 cuiquam
3283 5863 3552 5935 praejudi-
