4062 6188
451 371 455 376 ,
557 315 650 371 951
1453 312 1734 366 ΑΡΙἘΝΙ).
1776 312 1861 365 ΑΒ
1899 312 2057 365 sec.
2107 311 2188 365 lx.
2222 269 2568 365 -ἰδιυοιίι
2606 308 3028 364 MERCATORIS
3728 319 3800 370 95,

553 438 681 477 care
710 434 823 475 non
849 425 1037 491 potest
1063 435 1076 473 :
1106 419 1338 473 tametsi
1367 418 1580 473 dictum
1613 422 1700 472 est
1727 434 2024 490 nunquam
2057 434 2180 472 esse
2202 429 2261 502 Α
2284 421 2450 489 gente
2479 417 2806 471 Judaeorum
2832 415 2978 470 adeo
3006 415 3179 469 etiam
3216 429 3316 485 per
3344 417 3517 469 Isaiam
3544 420 3804 488 prophetam

547 514 883 571 solvendum
915 512 1212 568 manifesta
1237 512 1459 567 ratione
1489 515 1850 567 monstrante
1881 512 2015 583 quia
2043 529 2185 566 nun-
2285 510 2671 582 peremptoris
2696 510 2875 564 vetuti
2897 507 3334 580 pronuntiatum
3352 507 3632 583 est:236
3653 513 3801 569 «Clau~

550 624 721 679 quam
758 607 832 661 sit
875 606 1111 662 omnino
1148 606 1464 674 solvendus,
1512 606 1557 660 si
1588 605 1715 660 talis
1757 605 1939 677 qualis
1977 605 2185 676 ligatus
2285 605 2354 658 de
2381 603 2574 658 oculos
2605 620 2828 670 eorum,
2852 605 2910 656 et
2937 602 3140 657 obtura
3162 617 3327 656 aures
3345 618 3541 670 eorum,
3560 611 3607 658 et
3623 605 3808 663 videntes

551 717 671 757 esse
712 699 995 772 persistat,
1039 701 1126 756 vel
1167 700 1298 755 talis
1332 700 1529 770 utique
1562 715 1857 771 nunquam
1888 699 2185 754 solvendus

548 794 731 867 qualis
760 800 844 850 est
865 794 1167 865 obligatus.
1197 795 1320 848 Non
1343 793 1564 864 abjecto
1595 798 1786 848 autem
1820 793 1991 848 etiam
2019 792 2063 847 si
2095 808 2181 847 re-

550 889 775 960 sipiscat
803 891 861 943 et
893 888 1158 959 corrigat,
1191 890 1387 959 patere
1439 903 1670 958 prorsus
1707 891 1765 941 et
1793 886 2039 942 liberum
2067 903 2184 942 non

551 983 791 1038 dubium
817 982 908 1050 sit,
933 987 994 1036 ut
1020 997 1137 1036 non
1168 981 1295 1035 talis
1319 979 1551 1035 effectus
1573 979 1753 1051 qualis
1778 996 2076 1051 nunquam
2096 980 2182 1035 di-

555 1083 694 1144 ctus,
716 1091 1014 1148 nunquam
1033 1091 1154 1128 esse
1173 1074 1492 1150 solvendus,
1514 1074 1608 1128 sed
1631 1073 1754 1128 talis
1769 1074 1953 1145 qualis
1970 1090 2083 1128 non
2100 1078 2186 1128 est

553 1170 735 1226 dictus
767 1185 1064 1241 nunquam
1101 1185 1222 1222 esse
1263 1168 1587 1235 solvendus,
1626 1167 1684 1221 id
1713 1171 1798 1221 est
1822 1171 2106 1222 correctus
2130 1171 2187 1222 et

556 1264 892 1319 emendatus
913 1266 1332 1333 consequenter
1348 1264 1632 1316 correctus
1647 1261 1889 1332 etpossit
1909 1261 2066 1316 solvi.
2084 1263 2186 1316 No-

554 1357 800 1414 tandum
840 1357 993 1428 quod
1037 1357 1294 1428 quolibet
1325 1371 1535 1426 genere
1578 1355 2099 1426 blasphemantibus
2125 1356 2184 1409 in

556 1451 832 1522 Spiritum
855 1455 1110 1505 sanctum
1125 1450 1170 1504 si
1185 1450 1520 1521 resipiscant
1537 1454 1594 1504 et
1608 1449 1911 1520 corrigant,
1929 1453 1986 1503 et
2003 1449 2093 1504 hic
2109 1449 2187 1504 eis

553 1549 611 1599 et
626 1545 682 1599 in
705 1544 895 1599 futuro
911 1543 1117 1599 saeculo
1134 1544 1476 1612 remittatur,
1494 1560 1600 1598 nec
1620 1543 1753 1598 inde
1771 1543 1949 1615 possit
1962 1543 2185 1597 Domini

554 1639 762 1693 mutari
791 1638 1093 1706 sententia,
1123 1654 1250 1709 quae
1276 1637 1424 1692 circa
1450 1638 1587 1692 tales
1621 1637 1814 1709 utique
1841 1653 2183 1708 permanen-
2286 1640 2434 1705 sunt,
2455 1637 2553 1690 sed
2577 1635 2882 1707 adjudicati
2908 1638 3042 1690 sunt
3061 1634 3120 1690 in
3136 1651 3235 1689 sua
3256 1633 3502 1706 nequitia
3521 1633 3815 1704 depcrire,et,

554 1736 636 1785 tes
665 1748 1007 1803 permanere
1036 1732 1183 1786 dicta
1209 1736 1311 1799 est,
1334 1748 1447 1785 non
1469 1731 1614 1785 circa
1634 1747 1748 1785 non
1776 1731 1916 1784 tales
1935 1730 2183 1785 effectos.
2289 1733 2554 1784 manente
2573 1729 2764 1784 divina
2783 1728 3082 1795 sententia,
3100 1745 3218 1783 non
3236 1743 3340 1799 per
3357 1727 3592 1799 ipsorum
3605 1726 3817 1798 propriam

553 1825 816 1890 Quandiu
847 1829 1038 1880 autem
1069 1826 1126 1879 in
1157 1826 1263 1880 hoc
1294 1828 1549 1892 manent,
1582 1825 1720 1880 tales
1742 1830 1893 1891 sunt,
1918 1825 2186 1896 qualibus
2205 1804 2263 1876 Β
2289 1823 2756 1878 emendationem
2793 1839 3008 1894 suoque
3039 1823 3332 1877 intellectu
3362 1821 3446 1876 vel
3481 1824 3640 1886 motu,
3668 1835 3816 1891 suaque

553 1936 667 1974 non
686 1919 1096 1975 remittendum
1123 1936 1244 1974 esse
1273 1919 1568 1990 praefixum
1601 1922 1706 1973 est.
1733 1920 1872 1973 Cum
1900 1923 2090 1973 autem
2116 1918 2185 1972 ab
2286 1917 2491 1972 virtute
2518 1917 2603 1971 vel
2633 1915 3004 1988 possibilitate
3025 1914 3282 1971 conversi
3305 1919 3455 1984 sunt,
3470 1919 3532 1968 ut
3549 1916 3816 1975 sanarentur,

550 2014 656 2067 hoc
696 2013 1050 2078 recesserint,
1092 2030 1207 2067 non
1232 2014 1370 2067 tales
1398 2013 1738 2081 efficiuntur,
1772 2012 2032 2084 qualibus
2072 2028 2183 2066 non
2287 2010 2386 2064 sed
2415 2027 2519 2080 per
2545 2010 2787 2081 gratiam
2815 2009 2993 2064 sanati
3035 2013 3186 2076 sunt,
3224 2011 3292 2063 ut
3321 2005 3818 2062 converterentuere

553 2107 959 2161 remittendum
982 2123 1101 2161 esse
1129 2107 1427 2177 praefixum
1458 2109 1564 2160 est.
1594 2107 1660 2159 Et
1680 2106 1808 2159 ideo
1837 2121 1954 2159 non
1982 2104 2187 2159 talibus
2286 2107 2705 2171 convertantur,
2735 2102 2939 2175 inquit,
2981 2105 3038 2156 et
3065 2118 3259 2157 sanem
3289 2117 3407 2170 eos,
3443 2118 3512 2155 ne
3542 2117 3629 2154 sua
3663 2103 3818 2170 sponte,

553 2199 766 2255 effectis
793 2203 982 2271 potest
1011 2203 1069 2253 et
1095 2200 1184 2254 hic
1211 2203 1267 2254 et
1299 2199 1357 2253 in
1377 2199 1570 2254 futuro
1590 2199 1795 2254 saeculo
1811 2199 1932 2269 jam
1955 2198 2182 2253 dimitti.
2285 2213 2356 2251 ne
2387 2197 2501 2250 suis
2518 2196 2784 2267 operibus
2807 2195 3012 2267 quibus
3030 2194 3226 2267 utique
3248 2194 3612 2260 confidebant,
3639 2209 3696 2247 ne
3712 2206 3820 2244 suam

553 2294 836 2365 Alioquin,
870 2293 1021 2365 quod
1039 2293 1203 2360 absit,
1237 2294 1448 2347 frustra
1474 2293 1699 2348 videtur
1729 2292 1970 2348 Ecclesia
1995 2292 2188 2362 hujus-
2282 2289 2560 2361 justitiam
2604 2293 2903 2359 sectantes,
2942 2288 3178 2360 justitiaa
3217 2289 3318 2343 Dei
3363 2304 3475 2342 non
3522 2285 3726 2341 debeant
3744 2299 3822 2338 esse

556 2387 713 2442 modi
741 2404 843 2442 sua
869 2387 1320 2442 reconciliatione
1351 2387 1653 2459 suscipere.
1685 2386 1830 2451 Quia
1854 2391 2046 2440 autem
2069 2386 2186 2440 fru-
2289 2383 2547 2455 subjecti,
2589 2383 2660 2437 de
2695 2383 2808 2437 suis
2847 2382 3059 2437 viribus
3092 2382 3457 2446 conﬁdentes,
3484 2397 3587 2435 non
3613 2379 3822 2432 divinasse

558 2481 724 2536 strari
754 2498 871 2536 non
900 2484 1104 2552 potest,
1139 2483 1244 2536 hoc
1282 2481 1630 2536 intellectum
1675 2480 1858 2534 modis
1899 2480 2185 2549 omnibus,
2289 2476 2678 2532 misericordia
2699 2476 3222 2547 illuminationique
3245 2475 3562 2530 subdentes.
3582 2474 3640 2526 Et
3655 2472 3750 2526 ideo
3765 2471 3822 2523 in-

559 2576 706 2630 salva
745 2575 965 2631 Domini
999 2575 1304 2644 sententia,
1336 2575 1767 2646 praedicandum
1799 2577 1884 2629 est
1915 2578 2188 2645 quantum
2290 2569 2517 2625 hibetur
2537 2569 2618 2624 eis
2636 2569 2894 2641 superbae
2924 2569 3393 2641 praesumptionis
3417 2568 3644 2634 effectus,
3663 2581 3718 2619 ne
3733 2579 3823 2618 con-

555 2669 627 2724 ad
657 2687 758 2724 nos
788 2669 1054 2741 pertinet,
1091 2670 1331 2724 omnino
1358 2685 1473 2724 non
1507 2685 1694 2739 posse.
1717 2668 1861 2722 Talis
1892 2667 2068 2738 igitur
2100 2666 2185 2722 di-
2289 2667 2585 2719 vertantur
2602 2665 2714 2718 suis
2731 2663 3157 2731 intentionibus,
3172 2662 3287 2717 suis
3302 2663 3602 2730 nisibus,ut
3615 2662 3828 2731 putarent,

554 2764 674 2814 ctus
716 2765 800 2814 est
844 2761 1080 2815 Aeacius
1123 2761 1305 2832 qualis
1352 2761 1562 2831 ligatus
1608 2765 1691 2813 est
1725 2775 2022 2830 nunquam
2067 2775 2188 2811 esse
2289 2762 2347 2812 et
2371 2774 2570 2813 sanem
2592 2774 2709 2824 eos,
2735 2774 2806 2812 ne
2839 2773 3037 2812 eorum
3061 2756 3220 2829 quasi
3250 2773 3319 2812 ex
3339 2755 3566 2823 meritis,
3586 2770 3644 2809 ex
3667 2750 3829 2824 propria

559 2853 877 2907 solvendus.
909 2854 1054 2908 Talis
1074 2870 1254 2925 usque
1278 2854 1336 2907 in
1361 2854 1537 2907 finem
1560 2852 1895 2924 permansit,
1923 2852 2048 2906 talis
2067 2867 2188 2906 esse
2291 2852 2556 2906 facultate
2581 2850 2939 2906 venientibus
2967 2849 3228 2906 salvatrix
3260 2850 3449 2920 gratia
3468 2849 3687 2912 daretur,
3711 2847 3831 2915 atque

557 2967 675 3006 non
706 2951 937 3018 destitit,
971 2950 1048 3005 ita
1076 2951 1201 3005 talis
1218 2955 1302 3005 est
1330 2950 1500 3005 hodie
1523 2949 1707 3022 qualis
1737 2952 1820 3004 est
1849 2950 2052 3004 dictus.
2071 2950 2191 3003 Non
2291 2945 2367 2999 ita
2408 2944 2596 3015 gratia
2629 2945 2752 3015 jam
2795 2961 2911 2999 non
2937 2949 3084 2999 esset
3113 2943 3323 3015 gratia,
3375 2943 3419 2998 si
3445 2960 3551 2998 non
3577 2939 3719 3012 giatis
3737 2937 3830 2992 dare

555 3044 678 3098 talis
711 3060 832 3099 esse
854 3043 974 3114 jam
1010 3060 1125 3098 non
1149 3047 1358 3115 potest,
1391 3059 1688 3114 nunquam
1706 3043 1882 3114 igitur
1906 3043 2040 3097 talis
2058 3059 2185 3114 per-
2292 3042 2440 3093 esset
2458 3038 2780 3108 immeritis,
2813 3038 2911 3092 sed
2938 3053 3153 3092 merces
3188 3041 3467 3109 tanquam
3505 3033 3693 3090 meritis
3716 3029 3831 3086 resti-

556 3137 841 3192 manendo
873 3137 1174 3192 solvendus
1216 3141 1319 3205 est,
1350 3137 1484 3208 quia
1520 3136 1566 3192 si
1604 3136 1726 3191 talis
1754 3152 1872 3191 esse
1901 3137 2192 3191 desisteret
2211 3171 2262 3208 ρ
2290 3137 2429 3188 tnta.
2460 3133 2580 3186 Non
2609 3148 2748 3204 ergo
2779 3131 2883 3202 ipsi
2913 3135 3334 3199 convertantur,
3376 3135 3433 3186 et
3456 3144 3632 3184 sanem
3655 3141 3745 3192 eos,
3768 3121 3832 3176 sed

554 3249 672 3286 non
705 3231 763 3286 in
793 3248 904 3286 non
935 3232 1031 3285 tali
1062 3231 1491 3302 permansisset,
1522 3236 1578 3286 et
1598 3247 1895 3302 nunquam
1927 3247 2046 3285 esse
2077 3230 2186 3284 sol-
2211 3215 2265 3246 υ
2292 3226 2471 3282 sanati
2509 3242 2611 3297 per
2649 3225 2894 3297 gratiam
2923 3223 3169 3296 qua‘liter
3193 3225 3262 3279 ad
3291 3224 3653 3280 humilitatem
3686 3215 3832 3274 Christi

554 3325 825 3394 vendum,
871 3325 1001 3397 quia
1029 3341 1146 3380 non
1177 3325 1304 3379 talis
1342 3325 1524 3396 qualis
1548 3325 1731 3380 dictus
1757 3329 1859 3391 est,
1892 3340 2186 3396 nunquam
2289 3322 2712 3387 convertantur,
2743 3321 3077 3389 agnoscant.
3110 3320 3188 3372 lta
3211 3317 3271 3372 in
3298 3316 3680 3388 utrisque,hoc
3702 3313 3780 3377 est,
3797 3311 3832 3362 et

553 3435 676 3486 esse
702 3420 878 3491 possit
904 3419 1141 3488 absolvi,
1171 3422 1229 3473 et
1261 3436 1373 3474 non
1398 3419 1499 3473 tali
1543 3435 1836 3491 nunquam
1862 3419 2000 3473 solvi
2026 3435 2185 3472 rece-
2289 3414 2346 3468 in
2373 3430 2437 3468 eo
2463 3413 2932 3485 permanentibus
2947 3413 3007 3466 in
3031 3428 3145 3483 quo
3171 3412 3347 3466 talem
3373 3409 3685 3466 sententiam
3703 3417 3835 3475 perce-

555 3514 732 3580 deret,
760 3516 817 3568 et
845 3512 974 3567 ideo
1005 3517 1068 3568 ut
1093 3512 1232 3567 solvi
1266 3516 1456 3584 posset
1495 3513 1802 3567 accederet.
1836 3512 1994 3576 Quod
2025 3512 2190 3566 sedes
2289 3510 2516 3579 perunt,
2550 3506 2682 3561 etin
2714 3505 2939 3561 salvatis
2965 3506 3168 3560 exinde
3191 3506 3479 3560 sententia
3502 3499 3748 3558 Dominica
3763 3495 3834 3547 ﬁxa

556 3607 863 3678 apostolica
893 3623 1010 3661 non
1042 3606 1344 3673 consensit,
1379 3623 1530 3660 nunc
1559 3606 1870 3677 imperator
1898 3606 2186 3676 imposuit,
2289 3599 2624 3672 permansit,
2659 3605 2715 3670 et
2759 3604 2946 3655 tamen
2985 3615 3116 3654 cum
3152 3603 3526 3670 permanente
3562 3596 3631 3649 sic
3654 3593 3719 3647 eis
3735 3589 3835 3643 miro

557 3717 660 3755 nec
688 3700 978 3755 Anatolius
1008 3700 1318 3772 usurpavit.
1353 3701 1690 3771 Totumque,
1735 3703 1801 3754 ut
1845 3699 2058 3754 dictum
2085 3704 2186 3767 est,
2292 3710 2502 3765 genere
2533 3693 2742 3749 sanitas
2778 3693 3103 3748 introducta
3136 3696 3238 3763 est,
3270 3697 3335 3750 ut
3365 3692 3459 3747 illa
3492 3686 3734 3745 sententia
3758 3695 3835 3736 non

558 3797 613 3848 in
666 3793 813 3848 sedis
855 3794 1176 3866 apostolica;
1224 3797 1522 3864 potestate.
1564 3796 1644 3848 lla
1677 3793 1828 3864 quod
1857 3791 2101 3848 firmavit
2129 3793 2186 3846 in
2290 3790 2508 3842 mutata
2534 3787 2840 3856 videretur,
2861 3787 2960 3842 sed
2981 3787 3186 3842 eadem
3204 3787 3546 3858 perdurante
3570 3781 3744 3838 sanitas
3758 3789 3836 3830 non

556 3888 776 3958 synodo
823 3888 982 3943 sedes
1026 3888 1353 3960 apostolica,
1397 3887 1506 3942 hoc
1532 3886 1711 3941 robur
1741 3886 2005 3955 obtinuit,
2037 3887 2189 3958 quod
2290 3899 2488 3937 eorum
2516 3881 2878 3948 confidentia,
2927 3880 3025 3936 sed
3060 3879 3252 3936 divino
3294 3895 3529 3935 munere
3567 3870 3834 3948 proveniret.

557 3982 827 4037 refutavit
846 3983 1053 4036 habere
1069 3999 1184 4036 non
1204 3982 1393 4053 potuit
1409 3979 1756 4049 firmitatem,
1781 3985 1837 4035 et
1852 3982 1970 4035 sola
1988 3981 2188 4035 rescin-
2288 3975 2448 4039 Quod
2476 3976 2522 4029 si
2547 3975 2668 4030 haec
2698 3979 2910 4030 tentare
2941 3973 3273 4043 formidant,
3307 3990 3411 4030 nec
3437 3973 3506 4027 ad
3531 3986 3636 4025 suae
3654 3963 3839 4038 pertine-

555 4077 657 4146 dit,
687 4076 845 4148 quod
875 4081 1080 4146 praeter
1106 4075 1365 4130 ordinem
1394 4075 1762 4146 congregatio
1789 4073 2060 4145 synodica
2084 4091 2184 4144 pu-
2291 4086 2352 4124 re
2373 4071 2725 4140 cognoscunt
2744 4069 3038 4123 modulum
3054 4067 3365 4140 potestatis,
3393 4066 3692 4122 cuitantum
3706 4058 3758 4112 de
3772 4055 3837 4108 bu-

554 4172 772 4224 taverat
800 4169 1210 4239 usurpandum.
1235 4168 1357 4222 Non
1378 4167 1799 4238 promulgatrix
1821 4167 2037 4220 iteratze
2059 4183 2184 4220 sen-
2291 4164 2476 4218 manis
2496 4162 2665 4217 rebus
2685 4163 3027 4234 permissum
3061 4166 3164 4229 est,
3196 4179 3312 4216 non
3330 4161 3504 4216 etiam
3525 4174 3642 4213 eam
3661 4163 3838 4226 praeesse

561 4263 774 4328 tentias,
803 4262 898 4316 sed
929 4277 1059 4315 cum
1107 4261 1413 4332 apostolica
1448 4261 1578 4315 sede
1604 4260 1809 4314 veteris
1851 4261 2185 4314 exsecutrix.
2292 4257 2514 4324 divinis,
2546 4255 2837 4328 quomodo
2869 4256 2939 4311 de
2970 4257 3059 4310 his
3084 4273 3187 4327 per
3211 4272 3353 4328 quos
3373 4254 3558 4312 divina
3587 4247 3836 4304 ministran-

562 4357 669 4409 Hoc
697 4358 890 4408 tamen
933 4354 1084 4425 quod
1117 4355 1186 4408 de
1225 4369 1338 4407 uno
1369 4355 1684 4426 eodemque
1716 4353 1946 4408 homine
1975 4353 2187 4408 dictum
2289 4357 2382 4406 tur
2400 4351 2657 4422 judicare
2693 4350 3094 4422 praesumunt?
3136 4350 3371 4404 Fuerint
3409 4350 3530 4404 haec
3556 4349 3670 4401 ante
3691 4339 3839 4394 adven-

557 4454 658 4516 est,
688 4448 802 4503 sive
831 4448 925 4502 tali
968 4447 1307 4520 persistente
1349 4448 1534 4518 qualis
1573 4447 1911 4502 sententiam
1951 4463 2186 4518 compe-
2288 4450 2409 4499 tum
2435 4444 2662 4513 Christi,
2696 4448 2760 4498 ut
2786 4444 3021 4515 quidem
3055 4443 3389 4515 figuraliter,
3419 4442 3597 4496 adhuc
3623 4441 3775 4490 tamen
3804 4427 3840 4479 in

563 4547 748 4598 tenter
775 4542 1012 4613 accepit,
1043 4541 1157 4596 sive
1183 4559 1299 4597 non
1327 4542 1424 4596 tali
1448 4541 1645 4596 effecto
1672 4545 1727 4595 et
1751 4541 1820 4595 ab
1840 4542 1935 4595 illa
1959 4545 2188 4596 senten-
2210 4544 2270 4616 Ι)
2294 4538 2608 4594 carnalibus
2623 4537 2838 4592 actibus
2854 4537 3165 4603 constituti,
3181 4536 3394 4608 pariter
3409 4551 3570 4607 reges
3585 4525 3838 4616 existerent:

561 4639 638 4691 Iia
663 4653 792 4709 quae
821 4611 936 4690 non
963 4637 1064 4691 tali
1096 4653 1212 4691 non
1241 4635 1388 4691 dicta
1414 4641 1500 4690 est
1537 4634 1820 4702 absoluto,
1868 4638 1925 4689 et
1965 4636 2020 4689 in
2050 4651 2188 4690 una-
2210 4611 2255 4616 _
2293 4638 2350 4686 et
2387 4632 2599 4702 pariter
2635 4631 2969 4686 sacerdotes.
3010 4630 3171 4695 Quod
3213 4635 3477 4685 sanctum
3514 4611 3841 4709 Melchisedech

561 4747 787 4802 quaque
808 4731 1034 4785 civitate
1060 4729 1286 4802 legitur,
1302 4729 1562 4784 similiter
1581 4745 1701 4784 esse
1723 4728 2038 4800 prteﬁxum,
2060 4733 2117 4784 et
2133 4728 2192 4784 in
2293 4726 2464 4779 fuisse
2487 4740 2641 4779 sacra
2665 4724 2855 4796 prodit
2874 4723 3127 4778 historia.
3155 4723 3320 4788 Quod
3343 4723 3404 4777 in
3425 4722 3537 4776 suis
3553 4728 3747 4791 quoque
3763 4707 3841 4802 dit-

559 4824 770 4895 populo
795 4840 858 4878 ac
892 4825 1064 4878 simul
1098 4827 1268 4895 gente
1296 4824 1698 4894 depromptum
1732 4821 1940 4892 potius,
1975 4839 2103 4893 quae
2133 4823 2192 4876 in

557 4923 674 4972 toto
703 4917 837 4972 orbe
875 4917 1057 4988 portio
1094 4922 1196 4971 est.
1241 4917 1396 4971 Idem
1431 4916 1586 4972 enim
1627 4915 1874 4969 mundus
1903 4920 1987 4970 est
2012 4915 2108 4985 qui
2139 4919 2195 4971 et

559 5011 843 5082 periturus
868 5017 952 5066 est
981 5011 1184 5077 dictus,
1219 5015 1275 5065 et
1311 5026 1501 5064 sermo
1536 5009 1638 5064 Dei
1678 5025 1795 5064 non
1825 5011 2014 5080 potest
2039 5009 2190 5064 exci-

559 5108 715 5174 dere,
747 5108 804 5160 et
831 5105 886 5159 in
926 5105 1050 5176 ipso
1073 5103 1291 5158 mundo
1323 5103 1695 5158 nihilominus
1725 5120 1758 5157 a
1789 5103 1973 5175 pravis
2003 5102 2191 5157 inten-

559 5200 805 5255 tionibus
836 5199 1136 5254 recedente
1174 5214 1291 5252 non
1319 5198 1621 5269 promitur.
1650 5197 1741 5252 Sic
1765 5198 1942 5268 Tyrus
1967 5202 2025 5252 et
2043 5197 2193 5251 Beri-

557 5302 654 5349 ton
698 5311 857 5365 gaza,
906 5296 963 5347 et
1000 5294 1270 5364 Egyptus
1317 5291 1703 5362 pronuntiatus
1749 5294 1880 5345 sunt
1921 5290 2192 5361 periturae

556 5405 698 5459 quas
720 5392 919 5459 postea
944 5403 1046 5458 per
1074 5387 1443 5457 Evangelium
1475 5384 1740 5440 novimus
1773 5401 1895 5438 esse
1928 5384 2189 5438 salvatas.

558 5482 1057 5553 Perieruntitaque
1077 5480 1289 5552 duplici
1302 5479 1473 5534 modo
1491 5496 1504 5534 :
1524 5481 1622 5533 aut
1637 5481 2038 5550 permanentes
2052 5476 2110 5530 in
2125 5493 2192 5531 eo

559 5577 709 5644 quod
744 5576 918 5630 talem
949 5574 1291 5630 sententiam
1318 5576 1711 5644 susceperunt,
1740 5577 1837 5626 aut
1875 5569 2194 5626 deﬁcientes

559 5668 627 5720 ab
656 5684 722 5721 eo
745 5685 856 5737 quo
883 5670 1019 5722 tales
1042 5669 1300 5734 fuerant;
1333 5666 1540 5738 quibus
1567 5671 1652 5720 est
1694 5665 1786 5719 illa
1817 5664 2098 5720 sententia
2135 5668 2195 5718 ut

564 5767 973 5829 consequenter
990 5761 1062 5814 ad
1084 5777 1196 5815 non
1217 5760 1362 5815 tales
1383 5775 1499 5814 non
1521 5741 1836 5830 pertineret
1853 5758 1953 5813 illa
1973 5763 2196 5814 senten-

565 5847 640 5901 tia
668 5865 792 5920 quae
822 5867 933 5904 non
965 5852 1170 5908 talibus
1195 5852 1419 5924 prtefixa
1441 5869 1557 5908 non
1586 5852 1787 5907 fuerat.
1819 5851 1906 5906 Sic
1929 5850 2101 5907 etiam
2126 5851 2195 5908 de

2286 714 2400 751 non
2417 697 2666 764 videant,
2694 700 2751 751 et
2769 695 3070 752 audientes
3093 711 3209 750 non
3229 695 3457 750 audiant
3474 695 3598 764 (lsai.
3617 714 3678 763 vr,
3695 703 3804 769 10),»

2284 807 2356 846 ne
2385 791 2616 862 quando
2643 789 2996 862 intelligant,
3026 793 3082 843 et
3104 787 3318 844 obdura
3356 805 3448 843 cor
3479 791 3647 861 populi
3670 792 3807 862 hujus,

2285 901 2359 939 ne
2383 900 2642 956 unquam
2675 885 3099 954 convertantur,
3133 887 3191 938 et
3219 899 3412 937 sanem
3435 883 3562 937 illos.
3589 884 3668 938 Hic
3687 886 3807 940 etiam

2286 978 2558 1034 correctio
2580 983 2637 1032 et
2653 977 2982 1033 emendatio
2999 977 3298 1033 interdicta
3319 979 3651 1045 monstratur,
3667 983 3710 1032 et
3721 982 3809 1034 resi-

2286 1071 2540 1144 piscendi
2577 1087 2802 1143 quoque
2840 1087 2967 1142 spes
3001 1087 3230 1143 prorsus
3262 1069 3601 1125 abscinditur.
3644 1072 3704 1125 De
3733 1089 3811 1143 quo

2286 1165 2418 1220 inde
2446 1166 2655 1236 populo
2681 1165 2961 1236 apostolos
2992 1167 3049 1219 et
3089 1164 3390 1218 Ecclesiam
3416 1162 3711 1234 primitivam
3738 1182 3809 1219 no-

2287 1259 2468 1313 vimus
2493 1258 2846 1328 processisse,
2874 1261 2931 1312 et
2957 1261 3042 1312 tot
3072 1257 3248 1312 millia
3274 1256 3559 1311 hominum
3572 1273 3668 1310 una
3682 1257 3748 1312 die
3765 1258 3810 1312 de

2286 1352 2627 1423 baptismate
2663 1351 2833 1406 fuisse
2865 1351 3094 1406 salvata.
3127 1353 3264 1407 Ecce
3305 1355 3361 1406 et
3394 1349 3451 1404 in
3479 1350 3813 1420 persistentibus

2286 1450 2469 1521 qualis
2497 1454 2582 1504 est
2621 1449 2717 1503 illa
2743 1448 3026 1504 sententia
3053 1448 3412 1519 promulgata
3438 1448 3722 1518 permansit,
3744 1464 3813 1502 nec

2287 1543 2356 1598 ad
2400 1543 2807 1598 correctionem
2845 1558 3076 1613 prorsus
3131 1541 3329 1596 venire
3380 1541 3611 1595 sanitatis
3651 1535 3824 1595 admissi

2293 4913 2374 4966 tui
2397 4913 2765 4968 convenirent
2788 4912 3016 4967 sibimet
3047 4912 3344 4984 tyrannica
3380 4906 3593 4982 spiritui
3628 4897 3843 4988 vindieaft

2293 5007 2603 5077 contendit,
2634 5012 2694 5062 ut
2715 5007 2924 5078 pagani
2956 5006 3328 5077 imperatores
3372 5003 3545 5059 iidem
3583 5004 3634 5054 et
3668 4987 3841 5049 maximl

2295 5100 2588 5171 pontifices
2619 5100 2959 5155 dicerentur.

2365 5193 2473 5249 Sed
2514 5210 2643 5249 cum
2690 5194 2762 5248 ad
2809 5209 3007 5248 verum
3038 5196 3270 5248 ventum
3299 5197 3402 5262 est,
3431 5186 3677 5245 eumdem
3702 5186 3842 5272 res}?

2293 5292 2460 5358 atque
2490 5288 2816 5358 pontificem
2848 5288 2994 5341 ultra
3024 5286 3131 5341 sibi
3161 5303 3266 5341 nec
3291 5285 3598 5356 imperator
3628 5268 3843 5349 pontiﬁcis

2297 5397 2505 5435 nomen
2535 5380 2828 5453 imposuit,
2857 5397 2960 5435 nec
2980 5379 3232 5452 pontifex
3261 5379 3451 5450 regale
3477 5371 3734 5444 fastigium
3754 5373 3842 5455 ven:

2295 5475 2518 5530 dicavit.
2563 5475 2828 5540 Quamvis
2865 5475 3019 5530 enim
3054 5474 3314 5530 membra
3342 5472 3537 5544 ipsius,
3574 5466 3626 5521 id
3652 5465 3735 5523 est,
3763 5466 3842 5507 i3"

2294 5569 2447 5640 regis
2500 5573 2670 5641 atque
2720 5568 3002 5640 pontiﬁcis
3058 5567 3369 5623 secundum
3424 5552 3840 5637 participationem

2295 5663 2592 5734 magnifice
2612 5666 2919 5735 utrumque
2941 5662 2998 5717 in
3022 5678 3182 5717 sacra
3206 5658 3584 5733 generositate
3605 5640 3840 5735 sumpsit-f9

2295 5729 2578 5826 dicantur,
2608 5764 2671 5812 ut
2696 5729 2862 5811 simul
2893 5757 3086 5828 regale
3117 5729 3299 5828 genus
3327 5759 3381 5810 et
3420 5741 3731 5807 sacerdotale
3754 5729 3842 5787 sub'

2295 5850 2516 5918 sistant,
2552 5851 2823 5924 quoniam
2854 5849 3106 5906 Christus
3127 5865 3343 5905 memor
3371 5837 3670 5918 fragilitatis
3695 5833 3839 5886 buma-

2293 4819 2456 4874 bolus
2475 4818 2730 4874 imitatus
2751 4823 2854 4886 est,
2876 4821 3074 4890 utpote
3095 4817 3193 4890 qui
3210 4833 3439 4888 semper
3453 4829 3576 4888 quae
3594 4809 3753 4866 divino
3767 4796 3844 4855 cul-
