  <div class='ocr_page' id='page_1' title='image "/cluster/home/n/w/nwhite01/storage/ocr_20150623/130/hvd.32044054759915/506.png"; bbox 0 0 4062 6188; ppageno 0'>
   <div class='ocr_carea' id='block_1_1' title="bbox 198 306 300 362">
    <p class='ocr_par' dir='ltr' id='par_1_1' title="bbox 198 306 300 362">
     <span class='ocr_line' id='line_1_1' title="bbox 198 306 300 362; baseline 0.02 -2"><span class='ocrx_word' id='word_1_1' title='bbox 198 306 300 362; x_wconf 82' lang='grc'>953</span> 
     </span>
    </p>
   </div>
   <div class='ocr_carea' id='block_1_2' title="bbox 1429 298 2322 362">
    <p class='ocr_par' dir='ltr' id='par_1_2' title="bbox 1429 298 2322 362">
     <span class='ocr_line' id='line_1_2' title="bbox 1429 298 2322 362; baseline -0.002 -2"><span class='ocrx_word' id='word_1_2' title='bbox 1429 305 1896 362; x_wconf 78' lang='lat' dir='ltr'>DECRETALIUM</span> <span class='ocrx_word' id='word_1_3' title='bbox 1935 298 2322 361; x_wconf 79' lang='lat' dir='ltr'>COLLECTIO.</span> 
     </span>
    </p>
   </div>
   <div class='ocr_carea' id='block_1_3' title="bbox 3454 305 3557 360">
    <p class='ocr_par' dir='ltr' id='par_1_3' title="bbox 3454 305 3557 360">
     <span class='ocr_line' id='line_1_3' title="bbox 3454 305 3557 360; baseline 0 0"><span class='ocrx_word' id='word_1_4' title='bbox 3454 305 3557 360; x_wconf 75' lang='grc'>954</span> 
     </span>
    </p>
   </div>
   <div class='ocr_carea' id='block_1_4' title="bbox 196 411 3557 496">
    <p class='ocr_par' dir='ltr' id='par_1_4' title="bbox 196 411 3557 496">
     <span class='ocr_line' id='line_1_4' title="bbox 196 411 3557 496; baseline 0.001 -29"><span class='ocrx_word' id='word_1_5' title='bbox 196 431 308 482; x_wconf 68' lang='lat' dir='ltr'>naa,</span> <span class='ocrx_word' id='word_1_6' title='bbox 345 413 499 484; x_wconf 90' lang='lat' dir='ltr'>quod</span> <span class='ocrx_word' id='word_1_7' title='bbox 539 427 779 467; x_wconf 91' lang='lat' dir='ltr'>suorum</span> <span class='ocrx_word' id='word_1_8' title='bbox 819 411 985 468; x_wconf 92' lang='lat' dir='ltr'>saluti</span> <span class='ocrx_word' id='word_1_9' title='bbox 1023 420 1364 484; x_wconf 81' lang='lat' dir='ltr'>congrueret</span> <span class='ocrx_word' id='word_1_10' title='bbox 1405 415 1826 485; x_wconf 81' lang='lat' dir='ltr'>dispensatione</span> <span class='ocrx_word' id='word_1_11' title='bbox 1849 414 2005 496; x_wconf 73' lang='lat' dir='ltr'>Acis</span> <span class='ocrx_word' id='word_1_12' title='bbox 2050 413 2446 484; x_wconf 82' lang='lat' dir='ltr'>haereticisque</span> <span class='ocrx_word' id='word_1_13' title='bbox 2489 413 2816 485; x_wconf 79' lang='lat' dir='ltr'>suppositis,</span> <span class='ocrx_word' id='word_1_14' title='bbox 2851 413 2936 468; x_wconf 86' lang='lat' dir='ltr'>vel</span> <span class='ocrx_word' id='word_1_15' title='bbox 2984 413 3071 468; x_wconf 87' lang='lat' dir='ltr'>his</span> <span class='ocrx_word' id='word_1_16' title='bbox 3117 413 3216 486; x_wconf 86' lang='lat' dir='ltr'>qui</span> <span class='ocrx_word' id='word_1_17' title='bbox 3261 413 3557 469; x_wconf 63' lang='lat' dir='ltr'>heretico-</span> 
     </span>
    </p>
   </div>
   <div class='ocr_carea' id='block_1_5' title="bbox 197 506 1829 580">
    <p class='ocr_par' dir='ltr' id='par_1_5' title="bbox 197 506 1829 580">
     <span class='ocr_line' id='line_1_5' title="bbox 197 506 1829 580; baseline -0.001 -19"><span class='ocrx_word' id='word_1_18' title='bbox 197 506 504 578; x_wconf 85' lang='lat' dir='ltr'>magniﬁca</span> <span class='ocrx_word' id='word_1_19' title='bbox 533 506 888 576; x_wconf 82' lang='lat' dir='ltr'>temperavit,</span> <span class='ocrx_word' id='word_1_20' title='bbox 923 507 1000 562; x_wconf 90' lang='lat' dir='ltr'>sic</span> <span class='ocrx_word' id='word_1_21' title='bbox 1025 507 1342 562; x_wconf 80' lang='lat' dir='ltr'>actionibus</span> <span class='ocrx_word' id='word_1_22' title='bbox 1369 508 1616 580; x_wconf 83' lang='lat' dir='ltr'>propriis</span> <span class='ocrx_word' id='word_1_23' title='bbox 1647 507 1829 578; x_wconf 87' lang='lat' dir='ltr'>digni-</span> 
     </span>
    </p>
   </div>
   <div class='ocr_carea' id='block_1_6' title="bbox 195 599 1827 671">
    <p class='ocr_par' dir='ltr' id='par_1_6' title="bbox 195 599 1827 671">
     <span class='ocr_line' id='line_1_6' title="bbox 195 599 1827 671; baseline 0 -17"><span class='ocrx_word' id='word_1_24' title='bbox 195 600 520 670; x_wconf 87' lang='lat' dir='ltr'>tatibusque</span> <span class='ocrx_word' id='word_1_25' title='bbox 591 599 866 654; x_wconf 76' lang='lat' dir='ltr'>distinctis</span> <span class='ocrx_word' id='word_1_26' title='bbox 932 600 1114 654; x_wconf 91' lang='lat' dir='ltr'>ofﬁcia</span> <span class='ocrx_word' id='word_1_27' title='bbox 1169 601 1463 671; x_wconf 82' lang='lat' dir='ltr'>potestatis</span> <span class='ocrx_word' id='word_1_28' title='bbox 1534 599 1827 671; x_wconf 85' lang='lat' dir='ltr'>utriusque</span> 
     </span>
    </p>
   </div>
   <div class='ocr_carea' id='block_1_7' title="bbox 194 693 1825 760">
    <p class='ocr_par' dir='ltr' id='par_1_7' title="bbox 194 693 1825 760">
     <span class='ocr_line' id='line_1_7' title="bbox 194 693 1825 760; baseline 0.001 -14"><span class='ocrx_word' id='word_1_29' title='bbox 194 693 480 760; x_wconf 84' lang='lat' dir='ltr'>discrevit,</span> <span class='ocrx_word' id='word_1_30' title='bbox 508 709 636 748; x_wconf 89' lang='lat' dir='ltr'>suos</span> <span class='ocrx_word' id='word_1_31' title='bbox 664 693 855 748; x_wconf 91' lang='lat' dir='ltr'>volens</span> <span class='ocrx_word' id='word_1_32' title='bbox 882 693 1210 748; x_wconf 90' lang='lat' dir='ltr'>medicinali</span> <span class='ocrx_word' id='word_1_33' title='bbox 1237 695 1556 748; x_wconf 82' lang='lat' dir='ltr'>humilitate</span> <span class='ocrx_word' id='word_1_34' title='bbox 1602 693 1825 759; x_wconf 89' lang='lat' dir='ltr'>salvari,</span> 
     </span>
    </p>
   </div>
   <div class='ocr_carea' id='block_1_8' title="bbox 193 787 1830 858">
    <p class='ocr_par' dir='ltr' id='par_1_8' title="bbox 193 787 1830 858">
     <span class='ocr_line' id='line_1_8' title="bbox 193 787 1830 858; baseline -0.001 -17"><span class='ocrx_word' id='word_1_35' title='bbox 193 803 313 841; x_wconf 92' lang='lat' dir='ltr'>non</span> <span class='ocrx_word' id='word_1_36' title='bbox 332 787 590 840; x_wconf 85' lang='lat' dir='ltr'>humana</span> <span class='ocrx_word' id='word_1_37' title='bbox 618 787 883 857; x_wconf 87' lang='lat' dir='ltr'>superbia</span> <span class='ocrx_word' id='word_1_38' title='bbox 903 803 1098 840; x_wconf 87' lang='lat' dir='ltr'>rursus</span> <span class='ocrx_word' id='word_1_39' title='bbox 1124 787 1404 858; x_wconf 86' lang='lat' dir='ltr'>intercipi,</span> <span class='ocrx_word' id='word_1_40' title='bbox 1422 788 1498 841; x_wconf 87' lang='lat' dir='ltr'>ita</span> <span class='ocrx_word' id='word_1_41' title='bbox 1521 791 1582 841; x_wconf 90' lang='lat' dir='ltr'>ut</span> <span class='ocrx_word' id='word_1_42' title='bbox 1600 791 1656 842; x_wconf 89' lang='lat' dir='ltr'>et</span> <span class='ocrx_word' id='word_1_43' title='bbox 1673 787 1830 841; x_wconf 90' lang='lat' dir='ltr'>Chri-</span> 
     </span>
    </p>
   </div>
   <div class='ocr_carea' id='block_1_9' title="bbox 193 879 1828 951">
    <p class='ocr_par' dir='ltr' id='par_1_9' title="bbox 193 879 1828 951">
     <span class='ocr_line' id='line_1_9' title="bbox 193 879 1828 951; baseline -0.001 -17"><span class='ocrx_word' id='word_1_44' title='bbox 193 880 368 934; x_wconf 87' lang='lat' dir='ltr'>stiani</span> <span class='ocrx_word' id='word_1_45' title='bbox 421 880 792 951; x_wconf 88' lang='lat' dir='ltr'>imperatores</span> <span class='ocrx_word' id='word_1_46' title='bbox 856 897 958 950; x_wconf 86' lang='lat' dir='ltr'>pro</span> <span class='ocrx_word' id='word_1_47' title='bbox 1027 885 1242 935; x_wconf 76' lang='lat' dir='ltr'>aeterna</span> <span class='ocrx_word' id='word_1_48' title='bbox 1298 881 1413 934; x_wconf 90' lang='lat' dir='ltr'>vita</span> <span class='ocrx_word' id='word_1_49' title='bbox 1469 879 1828 950; x_wconf 91' lang='lat' dir='ltr'>pontiﬁcibus</span> 
     </span>
    </p>
   </div>
   <div class='ocr_carea' id='block_1_10' title="bbox 195 973 1828 1044">
    <p class='ocr_par' dir='ltr' id='par_1_10' title="bbox 195 973 1828 1044">
     <span class='ocr_line' id='line_1_10' title="bbox 195 973 1828 1044; baseline 0.001 -18"><span class='ocrx_word' id='word_1_50' title='bbox 195 973 543 1044; x_wconf 80' lang='lat' dir='ltr'>indigerent,</span> <span class='ocrx_word' id='word_1_51' title='bbox 593 977 650 1027; x_wconf 94' lang='lat' dir='ltr'>et</span> <span class='ocrx_word' id='word_1_52' title='bbox 700 973 999 1043; x_wconf 90' lang='lat' dir='ltr'>pontiﬁces</span> <span class='ocrx_word' id='word_1_53' title='bbox 1051 990 1153 1044; x_wconf 93' lang='lat' dir='ltr'>pro</span> <span class='ocrx_word' id='word_1_54' title='bbox 1213 973 1616 1044; x_wconf 86' lang='lat' dir='ltr'>temporalium</span> <span class='ocrx_word' id='word_1_55' title='bbox 1661 990 1828 1027; x_wconf 91' lang='lat' dir='ltr'>cursu</span> 
     </span>
    </p>
   </div>
   <div class='ocr_carea' id='block_1_11' title="bbox 194 1066 1825 1138">
    <p class='ocr_par' dir='ltr' id='par_1_11' title="bbox 194 1066 1825 1138">
     <span class='ocr_line' id='line_1_11' title="bbox 194 1066 1825 1138; baseline 0 -18"><span class='ocrx_word' id='word_1_56' title='bbox 194 1082 396 1120; x_wconf 86' lang='lat' dir='ltr'>rerum</span> <span class='ocrx_word' id='word_1_57' title='bbox 429 1066 815 1136; x_wconf 87' lang='lat' dir='ltr'>imperialibus</span> <span class='ocrx_word' id='word_1_58' title='bbox 843 1066 1305 1137; x_wconf 86' lang='lat' dir='ltr'>dispositionibus</span> <span class='ocrx_word' id='word_1_59' title='bbox 1333 1069 1655 1133; x_wconf 88' lang='lat' dir='ltr'>uterentur,</span> <span class='ocrx_word' id='word_1_60' title='bbox 1687 1083 1825 1138; x_wconf 88' lang='lat' dir='ltr'>qua-</span> 
     </span>
    </p>
   </div>
   <div class='ocr_carea' id='block_1_12' title="bbox 197 1159 1824 1230">
    <p class='ocr_par' dir='ltr' id='par_1_12' title="bbox 197 1159 1824 1230">
     <span class='ocr_line' id='line_1_12' title="bbox 197 1159 1824 1230; baseline 0.001 -18"><span class='ocrx_word' id='word_1_61' title='bbox 197 1164 365 1213; x_wconf 89' lang='lat' dir='ltr'>tenus</span> <span class='ocrx_word' id='word_1_62' title='bbox 385 1159 648 1230; x_wconf 87' lang='lat' dir='ltr'>spiritalis</span> <span class='ocrx_word' id='word_1_63' title='bbox 668 1159 814 1214; x_wconf 91' lang='lat' dir='ltr'>actio</span> <span class='ocrx_word' id='word_1_64' title='bbox 833 1176 865 1213; x_wconf 86' lang='lat' dir='ltr'>a</span> <span class='ocrx_word' id='word_1_65' title='bbox 886 1161 1204 1214; x_wconf 86' lang='lat' dir='ltr'>carnalibus</span> <span class='ocrx_word' id='word_1_66' title='bbox 1223 1159 1458 1214; x_wconf 79' lang='lat' dir='ltr'>distaret</span> <span class='ocrx_word' id='word_1_67' title='bbox 1476 1159 1824 1226; x_wconf 89' lang='lat' dir='ltr'>incursibus;</span> 
     </span>
    </p>
   </div>
   <div class='ocr_carea' id='block_1_13' title="bbox 195 1251 1828 1323">
    <p class='ocr_par' dir='ltr' id='par_1_13' title="bbox 195 1251 1828 1323">
     <span class='ocr_line' id='line_1_13' title="bbox 195 1251 1828 1323; baseline -0.001 -17"><span class='ocrx_word' id='word_1_68' title='bbox 195 1256 252 1306; x_wconf 92' lang='lat' dir='ltr'>et</span> <span class='ocrx_word' id='word_1_69' title='bbox 279 1251 409 1306; x_wconf 90' lang='lat' dir='ltr'>ideo</span> <span class='ocrx_word' id='word_1_70' title='bbox 433 1251 686 1306; x_wconf 87' lang='lat' dir='ltr'>militans</span> <span class='ocrx_word' id='word_1_71' title='bbox 704 1253 819 1306; x_wconf 90' lang='lat' dir='ltr'>Deo</span> <span class='ocrx_word' id='word_1_72' title='bbox 841 1253 1080 1307; x_wconf 88' lang='lat' dir='ltr'>minime</span> <span class='ocrx_word' id='word_1_73' title='bbox 1107 1269 1164 1306; x_wconf 93' lang='lat' dir='ltr'>se</span> <span class='ocrx_word' id='word_1_74' title='bbox 1187 1252 1432 1323; x_wconf 89' lang='lat' dir='ltr'>negotiis</span> <span class='ocrx_word' id='word_1_75' title='bbox 1459 1252 1828 1307; x_wconf 72' lang='lat' dir='ltr'>sascularibus</span> 
     </span>
    </p>
   </div>
   <div class='ocr_carea' id='block_1_14' title="bbox 195 1344 1865 1416">
    <p class='ocr_par' dir='ltr' id='par_1_14' title="bbox 195 1344 1865 1416">
     <span class='ocr_line' id='line_1_14' title="bbox 195 1344 1865 1416; baseline 0.001 -18"><span class='ocrx_word' id='word_1_76' title='bbox 195 1344 536 1415; x_wconf 86' lang='lat' dir='ltr'>implicaret,</span> <span class='ocrx_word' id='word_1_77' title='bbox 569 1362 631 1399; x_wconf 90' lang='lat' dir='ltr'>ac</span> <span class='ocrx_word' id='word_1_78' title='bbox 661 1345 905 1400; x_wconf 86' lang='lat' dir='ltr'>vicissim</span> <span class='ocrx_word' id='word_1_79' title='bbox 934 1362 1050 1400; x_wconf 91' lang='lat' dir='ltr'>non</span> <span class='ocrx_word' id='word_1_80' title='bbox 1078 1345 1168 1400; x_wconf 92' lang='lat' dir='ltr'>ille</span> <span class='ocrx_word' id='word_1_81' title='bbox 1204 1346 1370 1400; x_wconf 88' lang='lat' dir='ltr'>rebus</span> <span class='ocrx_word' id='word_1_82' title='bbox 1399 1345 1601 1400; x_wconf 87' lang='lat' dir='ltr'>divinis</span> <span class='ocrx_word' id='word_1_83' title='bbox 1630 1345 1824 1416; x_wconf 68' lang='lat' dir='ltr'>prassi-</span> <span class='ocrx_word' id='word_1_84' title='bbox 1857 1387 1865 1391; x_wconf 84' lang='lat'>.</span> 
     </span>
    </p>
   </div>
   <div class='ocr_carea' id='block_1_15' title="bbox 194 1437 1823 1510">
    <p class='ocr_par' dir='ltr' id='par_1_15' title="bbox 194 1437 1823 1510">
     <span class='ocr_line' id='line_1_15' title="bbox 194 1437 1823 1510; baseline 0.001 -19"><span class='ocrx_word' id='word_1_85' title='bbox 194 1437 334 1492; x_wconf 90' lang='lat' dir='ltr'>dere</span> <span class='ocrx_word' id='word_1_86' title='bbox 363 1437 667 1505; x_wconf 77' lang='lat' dir='ltr'>videretur,</span> <span class='ocrx_word' id='word_1_87' title='bbox 702 1438 800 1509; x_wconf 90' lang='lat' dir='ltr'>qui</span> <span class='ocrx_word' id='word_1_88' title='bbox 845 1443 992 1494; x_wconf 90' lang='lat' dir='ltr'>esset</span> <span class='ocrx_word' id='word_1_89' title='bbox 1036 1440 1276 1510; x_wconf 91' lang='lat' dir='ltr'>negotiis</span> <span class='ocrx_word' id='word_1_90' title='bbox 1324 1438 1686 1494; x_wconf 63' lang='lat' dir='ltr'>saecularibus</span> <span class='ocrx_word' id='word_1_91' title='bbox 1720 1437 1823 1492; x_wconf 91' lang='lat' dir='ltr'>im-</span> 
     </span>
    </p>
   </div>
   <div class='ocr_carea' id='block_1_16' title="bbox 194 1531 1823 1602">
    <p class='ocr_par' dir='ltr' id='par_1_16' title="bbox 194 1531 1823 1602">
     <span class='ocr_line' id='line_1_16' title="bbox 194 1531 1823 1602; baseline 0 -18"><span class='ocrx_word' id='word_1_92' title='bbox 194 1531 462 1600; x_wconf 89' lang='lat' dir='ltr'>plicatus,</span> <span class='ocrx_word' id='word_1_93' title='bbox 483 1535 544 1585; x_wconf 87' lang='lat' dir='ltr'>ut</span> <span class='ocrx_word' id='word_1_94' title='bbox 564 1533 622 1586; x_wconf 91' lang='lat' dir='ltr'>et</span> <span class='ocrx_word' id='word_1_95' title='bbox 649 1532 929 1586; x_wconf 89' lang='lat' dir='ltr'>modestia</span> <span class='ocrx_word' id='word_1_96' title='bbox 956 1532 1249 1602; x_wconf 89' lang='lat' dir='ltr'>utriusque</span> <span class='ocrx_word' id='word_1_97' title='bbox 1273 1531 1490 1586; x_wconf 89' lang='lat' dir='ltr'>ordinis</span> <span class='ocrx_word' id='word_1_98' title='bbox 1513 1534 1823 1598; x_wconf 85' lang='lat' dir='ltr'>curaretur,</span> 
     </span>
    </p>
   </div>
   <div class='ocr_carea' id='block_1_17' title="bbox 196 1625 1828 1696">
    <p class='ocr_par' dir='ltr' id='par_1_17' title="bbox 196 1625 1828 1696">
     <span class='ocr_line' id='line_1_17' title="bbox 196 1625 1828 1696; baseline 0 -18"><span class='ocrx_word' id='word_1_99' title='bbox 196 1641 266 1679; x_wconf 91' lang='lat' dir='ltr'>ne</span> <span class='ocrx_word' id='word_1_100' title='bbox 284 1625 657 1679; x_wconf 81' lang='lat' dir='ltr'>extolleretur</span> <span class='ocrx_word' id='word_1_101' title='bbox 676 1630 916 1696; x_wconf 89' lang='lat' dir='ltr'>utroque</span> <span class='ocrx_word' id='word_1_102' title='bbox 942 1625 1238 1693; x_wconf 73' lang='lat' dir='ltr'>suffultus;</span> <span class='ocrx_word' id='word_1_103' title='bbox 1266 1630 1323 1680; x_wconf 87' lang='lat' dir='ltr'>et</span> <span class='ocrx_word' id='word_1_104' title='bbox 1346 1631 1676 1696; x_wconf 89' lang='lat' dir='ltr'>competens</span> <span class='ocrx_word' id='word_1_105' title='bbox 1697 1641 1828 1696; x_wconf 89' lang='lat' dir='ltr'>qua-</span> 
     </span>
    </p>
   </div>
   <div class='ocr_carea' id='block_1_18' title="bbox 193 1717 1822 1790">
    <p class='ocr_par' dir='ltr' id='par_1_18' title="bbox 193 1717 1822 1790">
     <span class='ocr_line' id='line_1_18' title="bbox 193 1717 1822 1790; baseline 0.001 -20"><span class='ocrx_word' id='word_1_106' title='bbox 193 1717 451 1772; x_wconf 81' lang='lat' dir='ltr'>litatibus</span> <span class='ocrx_word' id='word_1_107' title='bbox 489 1718 775 1772; x_wconf 88' lang='lat' dir='ltr'>actionum</span> <span class='ocrx_word' id='word_1_108' title='bbox 824 1719 1146 1789; x_wconf 88' lang='lat' dir='ltr'>specialiter</span> <span class='ocrx_word' id='word_1_109' title='bbox 1187 1719 1464 1790; x_wconf 87' lang='lat' dir='ltr'>professio</span> <span class='ocrx_word' id='word_1_110' title='bbox 1512 1721 1822 1789; x_wconf 76' lang='lat' dir='ltr'>aptaretur.</span> 
     </span>
    </p>
   </div>
   <div class='ocr_carea' id='block_1_19' title="bbox 1927 506 3562 578">
    <p class='ocr_par' dir='ltr' id='par_1_19' title="bbox 1927 506 3562 578">
     <span class='ocr_line' id='line_1_19' title="bbox 1927 506 3562 578; baseline 0.002 -19"><span class='ocrx_word' id='word_1_111' title='bbox 1927 522 2054 560; x_wconf 90' lang='lat' dir='ltr'>rum</span> <span class='ocrx_word' id='word_1_112' title='bbox 2099 506 2445 561; x_wconf 87' lang='lat' dir='ltr'>tenebantur</span> <span class='ocrx_word' id='word_1_113' title='bbox 2479 507 2880 562; x_wconf 89' lang='lat' dir='ltr'>communione</span> <span class='ocrx_word' id='word_1_114' title='bbox 2925 507 3147 578; x_wconf 90' lang='lat' dir='ltr'>polluti,</span> <span class='ocrx_word' id='word_1_115' title='bbox 3183 507 3352 562; x_wconf 91' lang='lat' dir='ltr'>etiam</span> <span class='ocrx_word' id='word_1_116' title='bbox 3385 524 3562 563; x_wconf 65' lang='lat' dir='ltr'>sacrae</span> 
     </span>
    </p>
   </div>
   <div class='ocr_carea' id='block_1_20' title="bbox 1929 599 3557 672">
    <p class='ocr_par' dir='ltr' id='par_1_20' title="bbox 1929 599 3557 672">
     <span class='ocr_line' id='line_1_20' title="bbox 1929 599 3557 672; baseline 0.001 -18"><span class='ocrx_word' id='word_1_117' title='bbox 1929 599 2218 670; x_wconf 82' lang='lat' dir='ltr'>religionis</span> <span class='ocrx_word' id='word_1_118' title='bbox 2260 599 2318 654; x_wconf 92' lang='lat' dir='ltr'>in</span> <span class='ocrx_word' id='word_1_119' title='bbox 2363 600 2678 655; x_wconf 88' lang='lat' dir='ltr'>sinceritate</span> <span class='ocrx_word' id='word_1_120' title='bbox 2721 601 2942 671; x_wconf 90' lang='lat' dir='ltr'>polluti,</span> <span class='ocrx_word' id='word_1_121' title='bbox 2985 600 3320 672; x_wconf 89' lang='lat' dir='ltr'>participem</span> <span class='ocrx_word' id='word_1_122' title='bbox 3371 617 3557 667; x_wconf 91' lang='lat' dir='ltr'>suum,</span> 
     </span>
    </p>
   </div>
   <div class='ocr_carea' id='block_1_21' title="bbox 1928 693 3561 764">
    <p class='ocr_par' dir='ltr' id='par_1_21' title="bbox 1928 693 3561 764">
     <span class='ocr_line' id='line_1_21' title="bbox 1928 693 3561 764; baseline 0.001 -17"><span class='ocrx_word' id='word_1_123' title='bbox 1928 700 2044 747; x_wconf 83' lang='lat' dir='ltr'>tam</span> <span class='ocrx_word' id='word_1_124' title='bbox 2091 693 2378 748; x_wconf 85' lang='lat' dir='ltr'>absolvere</span> <span class='ocrx_word' id='word_1_125' title='bbox 2423 693 2822 764; x_wconf 88' lang='lat' dir='ltr'>nequiverunt,</span> <span class='ocrx_word' id='word_1_126' title='bbox 2869 710 3041 764; x_wconf 90' lang='lat' dir='ltr'>quam</span> <span class='ocrx_word' id='word_1_127' title='bbox 3085 694 3196 764; x_wconf 91' lang='lat' dir='ltr'>ipsi</span> <span class='ocrx_word' id='word_1_128' title='bbox 3241 710 3352 748; x_wconf 90' lang='lat' dir='ltr'>non</span> <span class='ocrx_word' id='word_1_129' title='bbox 3398 701 3561 750; x_wconf 90' lang='lat' dir='ltr'>erant</span> 
     </span>
    </p>
   </div>
   <div class='ocr_carea' id='block_1_22' title="bbox 1928 786 3556 858">
    <p class='ocr_par' dir='ltr' id='par_1_22' title="bbox 1928 786 3556 858">
     <span class='ocr_line' id='line_1_22' title="bbox 1928 786 3556 858; baseline 0.001 -18"><span class='ocrx_word' id='word_1_130' title='bbox 1928 786 2195 841; x_wconf 87' lang='lat' dir='ltr'>absoluti.</span> <span class='ocrx_word' id='word_1_131' title='bbox 2226 789 2302 840; x_wconf 83' lang='lat' dir='ltr'>Ac</span> <span class='ocrx_word' id='word_1_132' title='bbox 2331 787 2568 858; x_wconf 90' lang='lat' dir='ltr'>proinde</span> <span class='ocrx_word' id='word_1_133' title='bbox 2600 791 2721 841; x_wconf 91' lang='lat' dir='ltr'>tam</span> <span class='ocrx_word' id='word_1_134' title='bbox 2752 787 3145 842; x_wconf 68' lang='lat' dir='ltr'>ecclesiasticas</span> <span class='ocrx_word' id='word_1_135' title='bbox 3172 788 3390 858; x_wconf 73' lang='lat' dir='ltr'>regula:</span> <span class='ocrx_word' id='word_1_136' title='bbox 3412 805 3556 858; x_wconf 76' lang='lat' dir='ltr'>prae-</span> 
     </span>
    </p>
   </div>
   <div class='ocr_carea' id='block_1_23' title="bbox 1928 879 3558 952">
    <p class='ocr_par' dir='ltr' id='par_1_23' title="bbox 1928 879 3558 952">
     <span class='ocr_line' id='line_1_23' title="bbox 1928 879 3558 952; baseline 0.002 -19"><span class='ocrx_word' id='word_1_137' title='bbox 1928 879 2269 935; x_wconf 90' lang='lat' dir='ltr'>varicatores</span> <span class='ocrx_word' id='word_1_138' title='bbox 2315 897 2483 952; x_wconf 89' lang='lat' dir='ltr'>quam</span> <span class='ocrx_word' id='word_1_139' title='bbox 2533 884 2905 934; x_wconf 74' lang='lat' dir='ltr'>sacrosanctae</span> <span class='ocrx_word' id='word_1_140' title='bbox 2952 881 3365 934; x_wconf 89' lang='lat' dir='ltr'>communionis</span> <span class='ocrx_word' id='word_1_141' title='bbox 3409 881 3558 936; x_wconf 76' lang='lat' dir='ltr'>inte-</span> 
     </span>
    </p>
   </div>
   <div class='ocr_carea' id='block_1_24' title="bbox 1929 973 3556 1045">
    <p class='ocr_par' dir='ltr' id='par_1_24' title="bbox 1929 973 3556 1045">
     <span class='ocr_line' id='line_1_24' title="bbox 1929 973 3556 1045; baseline 0.001 -19"><span class='ocrx_word' id='word_1_142' title='bbox 1929 973 2190 1043; x_wconf 84' lang='lat' dir='ltr'>gritatem</span> <span class='ocrx_word' id='word_1_143' title='bbox 2219 973 2572 1028; x_wconf 90' lang='lat' dir='ltr'>maculantes</span> <span class='ocrx_word' id='word_1_144' title='bbox 2600 973 2886 1028; x_wconf 92' lang='lat' dir='ltr'>consortio</span> <span class='ocrx_word' id='word_1_145' title='bbox 2917 973 3282 1043; x_wconf 89' lang='lat' dir='ltr'>perﬁdorum,</span> <span class='ocrx_word' id='word_1_146' title='bbox 3308 974 3462 1045; x_wconf 90' lang='lat' dir='ltr'>quod</span> <span class='ocrx_word' id='word_1_147' title='bbox 3485 973 3556 1028; x_wconf 90' lang='lat' dir='ltr'>de</span> 
     </span>
    </p>
   </div>
   <div class='ocr_carea' id='block_1_25' title="bbox 1927 1066 3561 1137">
    <p class='ocr_par' dir='ltr' id='par_1_25' title="bbox 1927 1066 3561 1137">
     <span class='ocr_line' id='line_1_25' title="bbox 1927 1066 3561 1137; baseline 0 -17"><span class='ocrx_word' id='word_1_148' title='bbox 1927 1082 2025 1120; x_wconf 90' lang='lat' dir='ltr'>reo</span> <span class='ocrx_word' id='word_1_149' title='bbox 2039 1066 2327 1121; x_wconf 90' lang='lat' dir='ltr'>simillimo</span> <span class='ocrx_word' id='word_1_150' title='bbox 2348 1072 2660 1137; x_wconf 91' lang='lat' dir='ltr'>potuerunt</span> <span class='ocrx_word' id='word_1_151' title='bbox 2685 1067 2835 1120; x_wconf 90' lang='lat' dir='ltr'>ferre</span> <span class='ocrx_word' id='word_1_152' title='bbox 2852 1066 3152 1136; x_wconf 90' lang='lat' dir='ltr'>judicium.</span> <span class='ocrx_word' id='word_1_153' title='bbox 3176 1069 3251 1121; x_wconf 91' lang='lat' dir='ltr'>De</span> <span class='ocrx_word' id='word_1_154' title='bbox 3269 1067 3561 1122; x_wconf 87' lang='lat' dir='ltr'>catholicis</span> 
     </span>
    </p>
   </div>
   <div class='ocr_carea' id='block_1_26' title="bbox 1930 1159 3559 1230">
    <p class='ocr_par' dir='ltr' id='par_1_26' title="bbox 1930 1159 3559 1230">
     <span class='ocr_line' id='line_1_26' title="bbox 1930 1159 3559 1230; baseline 0.001 -18"><span class='ocrx_word' id='word_1_155' title='bbox 1930 1160 2084 1213; x_wconf 89' lang='lat' dir='ltr'>enim</span> <span class='ocrx_word' id='word_1_156' title='bbox 2098 1159 2458 1230; x_wconf 88' lang='lat' dir='ltr'>pontiﬁcibus</span> <span class='ocrx_word' id='word_1_157' title='bbox 2473 1177 2577 1230; x_wconf 92' lang='lat' dir='ltr'>per</span> <span class='ocrx_word' id='word_1_158' title='bbox 2590 1162 2775 1214; x_wconf 88' lang='lat' dir='ltr'>totum</span> <span class='ocrx_word' id='word_1_159' title='bbox 2793 1159 3103 1226; x_wconf 86' lang='lat' dir='ltr'>Orientem,</span> <span class='ocrx_word' id='word_1_160' title='bbox 3121 1164 3220 1214; x_wconf 91' lang='lat' dir='ltr'>aut</span> <span class='ocrx_word' id='word_1_161' title='bbox 3234 1161 3559 1230; x_wconf 87' lang='lat' dir='ltr'>quicunque</span> 
     </span>
    </p>
   </div>
   <div class='ocr_carea' id='block_1_27' title="bbox 1929 1252 3561 1324">
    <p class='ocr_par' dir='ltr' id='par_1_27' title="bbox 1929 1252 3561 1324">
     <span class='ocr_line' id='line_1_27' title="bbox 1929 1252 3561 1324; baseline 0 -18"><span class='ocrx_word' id='word_1_162' title='bbox 1929 1253 2194 1323; x_wconf 88' lang='lat' dir='ltr'>perstitit,</span> <span class='ocrx_word' id='word_1_163' title='bbox 2225 1259 2310 1308; x_wconf 90' lang='lat' dir='ltr'>est</span> <span class='ocrx_word' id='word_1_164' title='bbox 2354 1254 2585 1324; x_wconf 89' lang='lat' dir='ltr'>ejectus,</span> <span class='ocrx_word' id='word_1_165' title='bbox 2614 1257 2714 1306; x_wconf 89' lang='lat' dir='ltr'>aut</span> <span class='ocrx_word' id='word_1_166' title='bbox 2755 1252 2850 1307; x_wconf 93' lang='lat' dir='ltr'>ille</span> <span class='ocrx_word' id='word_1_167' title='bbox 2894 1253 3097 1306; x_wconf 91' lang='lat' dir='ltr'>restitit</span> <span class='ocrx_word' id='word_1_168' title='bbox 3138 1252 3236 1323; x_wconf 90' lang='lat' dir='ltr'>qui</span> <span class='ocrx_word' id='word_1_169' title='bbox 3281 1253 3561 1307; x_wconf 89' lang='lat' dir='ltr'>consensit</span> 
     </span>
    </p>
   </div>
   <div class='ocr_carea' id='block_1_28' title="bbox 1930 1345 3560 1416">
    <p class='ocr_par' dir='ltr' id='par_1_28' title="bbox 1930 1345 3560 1416">
     <span class='ocr_line' id='line_1_28' title="bbox 1930 1345 3560 1416; baseline 0.001 -18"><span class='ocrx_word' id='word_1_170' title='bbox 1930 1346 2128 1412; x_wconf 88' lang='lat' dir='ltr'>errori,</span> <span class='ocrx_word' id='word_1_171' title='bbox 2148 1352 2204 1401; x_wconf 93' lang='lat' dir='ltr'>et</span> <span class='ocrx_word' id='word_1_172' title='bbox 2224 1362 2281 1400; x_wconf 91' lang='lat' dir='ltr'>se</span> <span class='ocrx_word' id='word_1_173' title='bbox 2304 1347 2374 1400; x_wconf 91' lang='lat' dir='ltr'>ab</span> <span class='ocrx_word' id='word_1_174' title='bbox 2404 1346 2720 1401; x_wconf 89' lang='lat' dir='ltr'>errantium</span> <span class='ocrx_word' id='word_1_175' title='bbox 2751 1345 3092 1416; x_wconf 81' lang='lat' dir='ltr'>contagione</span> <span class='ocrx_word' id='word_1_176' title='bbox 3123 1346 3380 1400; x_wconf 82' lang='lat' dir='ltr'>retraxit.</span> <span class='ocrx_word' id='word_1_177' title='bbox 3401 1346 3560 1410; x_wconf 87' lang='lat' dir='ltr'>Quod</span> 
     </span>
    </p>
   </div>
   <div class='ocr_carea' id='block_1_29' title="bbox 1928 1438 3559 1509">
    <p class='ocr_par' dir='ltr' id='par_1_29' title="bbox 1928 1438 3559 1509">
     <span class='ocr_line' id='line_1_29' title="bbox 1928 1438 3559 1509; baseline 0.001 -19"><span class='ocrx_word' id='word_1_178' title='bbox 1928 1438 2103 1508; x_wconf 81' lang='lat' dir='ltr'>igitur</span> <span class='ocrx_word' id='word_1_179' title='bbox 2157 1455 2354 1494; x_wconf 91' lang='lat' dir='ltr'>eorum</span> <span class='ocrx_word' id='word_1_180' title='bbox 2413 1439 2597 1509; x_wconf 90' lang='lat' dir='ltr'>potuit</span> <span class='ocrx_word' id='word_1_181' title='bbox 2647 1439 2718 1492; x_wconf 94' lang='lat' dir='ltr'>de</span> <span class='ocrx_word' id='word_1_182' title='bbox 2783 1439 3124 1509; x_wconf 88' lang='lat' dir='ltr'>cujusquam</span> <span class='ocrx_word' id='word_1_183' title='bbox 3187 1455 3383 1494; x_wconf 88' lang='lat' dir='ltr'>errore</span> <span class='ocrx_word' id='word_1_184' title='bbox 3437 1455 3559 1492; x_wconf 88' lang='lat' dir='ltr'>esse</span> 
     </span>
    </p>
   </div>
   <div class='ocr_carea' id='block_1_30' title="bbox 1920 1531 3558 1604">
    <p class='ocr_par' dir='ltr' id='par_1_30' title="bbox 1920 1531 3558 1604">
     <span class='ocr_line' id='line_1_30' title="bbox 1920 1531 3558 1604; baseline 0.001 -19"><span class='ocrx_word' id='word_1_185' title='bbox 1920 1531 2220 1600; x_wconf 87' lang='lat' dir='ltr'>judicium,</span> <span class='ocrx_word' id='word_1_186' title='bbox 2252 1533 2350 1604; x_wconf 88' lang='lat' dir='ltr'>qui</span> <span class='ocrx_word' id='word_1_187' title='bbox 2393 1549 2687 1602; x_wconf 87' lang='lat' dir='ltr'>nunquam</span> <span class='ocrx_word' id='word_1_188' title='bbox 2716 1548 2832 1586; x_wconf 91' lang='lat' dir='ltr'>non</span> <span class='ocrx_word' id='word_1_189' title='bbox 2878 1548 3097 1586; x_wconf 90' lang='lat' dir='ltr'>errasse</span> <span class='ocrx_word' id='word_1_190' title='bbox 3143 1537 3558 1600; x_wconf 87' lang='lat' dir='ltr'>monstrantur,</span> 
     </span>
    </p>
   </div>
   <div class='ocr_carea' id='block_1_31' title="bbox 1929 1625 3558 1697">
    <p class='ocr_par' dir='ltr' id='par_1_31' title="bbox 1929 1625 3558 1697">
     <span class='ocr_line' id='line_1_31' title="bbox 1929 1625 3558 1697; baseline 0.002 -20"><span class='ocrx_word' id='word_1_191' title='bbox 1929 1625 2022 1678; x_wconf 90' lang='lat' dir='ltr'>sed</span> <span class='ocrx_word' id='word_1_192' title='bbox 2083 1626 2481 1680; x_wconf 71' lang='lat' dir='ltr'>haareticorum</span> <span class='ocrx_word' id='word_1_193' title='bbox 2534 1625 2790 1680; x_wconf 88' lang='lat' dir='ltr'>similiter</span> <span class='ocrx_word' id='word_1_194' title='bbox 2847 1625 3368 1697; x_wconf 90' lang='lat' dir='ltr'>catholicorumque</span> <span class='ocrx_word' id='word_1_195' title='bbox 3421 1642 3558 1680; x_wconf 88' lang='lat' dir='ltr'>con-</span> 
     </span>
    </p>
   </div>
   <div class='ocr_carea' id='block_1_32' title="bbox 1929 1718 3556 1789">
    <p class='ocr_par' dir='ltr' id='par_1_32' title="bbox 1929 1718 3556 1789">
     <span class='ocr_line' id='line_1_32' title="bbox 1929 1718 3556 1789; baseline 0 -17"><span class='ocrx_word' id='word_1_196' title='bbox 1929 1718 2173 1773; x_wconf 86' lang='lat' dir='ltr'>fessione</span> <span class='ocrx_word' id='word_1_197' title='bbox 2213 1718 2488 1789; x_wconf 85' lang='lat' dir='ltr'>permista</span> <span class='ocrx_word' id='word_1_198' title='bbox 2527 1724 2759 1773; x_wconf 90' lang='lat' dir='ltr'>cunctas</span> <span class='ocrx_word' id='word_1_199' title='bbox 2807 1718 3101 1788; x_wconf 85' lang='lat' dir='ltr'>religionis</span> <span class='ocrx_word' id='word_1_200' title='bbox 3147 1735 3298 1773; x_wconf 66' lang='lat' dir='ltr'>veras</span> <span class='ocrx_word' id='word_1_201' title='bbox 3344 1724 3402 1774; x_wconf 90' lang='lat' dir='ltr'>et</span> <span class='ocrx_word' id='word_1_202' title='bbox 3444 1719 3556 1773; x_wconf 85' lang='lat' dir='ltr'>sin-</span> 
     </span>
    </p>
   </div>
   <div class='ocr_carea' id='block_1_33' title="bbox 192 1792 3559 1883">
    <p class='ocr_par' dir='ltr' id='par_1_33' title="bbox 192 1792 3559 1883">
     <span class='ocr_line' id='line_1_33' title="bbox 192 1792 3559 1883; baseline 0.001 -20"><span class='ocrx_word' id='word_1_203' title='bbox 192 1810 411 1874; x_wconf 88' lang='lat' dir='ltr'>Quibus</span> <span class='ocrx_word' id='word_1_204' title='bbox 435 1811 698 1865; x_wconf 90' lang='lat' dir='ltr'>omnibus</span> <span class='ocrx_word' id='word_1_205' title='bbox 727 1811 835 1865; x_wconf 91' lang='lat' dir='ltr'>rite</span> <span class='ocrx_word' id='word_1_206' title='bbox 872 1811 1122 1866; x_wconf 89' lang='lat' dir='ltr'>collectis</span> <span class='ocrx_word' id='word_1_207' title='bbox 1149 1811 1282 1865; x_wconf 89' lang='lat' dir='ltr'>satis</span> <span class='ocrx_word' id='word_1_208' title='bbox 1308 1811 1603 1866; x_wconf 90' lang='lat' dir='ltr'>evidenter</span> <span class='ocrx_word' id='word_1_209' title='bbox 1629 1816 1823 1866; x_wconf 89' lang='lat' dir='ltr'>osten-</span> <span class='ocrx_word' id='word_1_210' title='bbox 1845 1792 1902 1864; x_wconf 85' lang='lat' dir='ltr'><strong>B</strong></span> <span class='ocrx_word' id='word_1_211' title='bbox 1927 1828 2070 1867; x_wconf 64' lang='lat' dir='ltr'>cerae</span> <span class='ocrx_word' id='word_1_212' title='bbox 2090 1812 2250 1867; x_wconf 90' lang='lat' dir='ltr'>sedes</span> <span class='ocrx_word' id='word_1_213' title='bbox 2265 1812 2900 1878; x_wconf 89' lang='lat' dir='ltr'>turbasse,catholicam</span> <span class='ocrx_word' id='word_1_214' title='bbox 2925 1812 3405 1883; x_wconf 88' lang='lat' dir='ltr'>apostolicamque</span> <span class='ocrx_word' id='word_1_215' title='bbox 3427 1829 3559 1868; x_wconf 87' lang='lat' dir='ltr'>con-</span> 
     </span>
    </p>
   </div>
   <div class='ocr_carea' id='block_1_34' title="bbox 194 1903 1826 1976">
    <p class='ocr_par' dir='ltr' id='par_1_34' title="bbox 194 1903 1826 1976">
     <span class='ocr_line' id='line_1_34' title="bbox 194 1903 1826 1976; baseline 0 -19"><span class='ocrx_word' id='word_1_216' title='bbox 194 1903 352 1957; x_wconf 82' lang='lat' dir='ltr'>ditur</span> <span class='ocrx_word' id='word_1_217' title='bbox 374 1920 405 1956; x_wconf 86' lang='lat' dir='ltr'>a</span> <span class='ocrx_word' id='word_1_218' title='bbox 435 1903 693 1958; x_wconf 63' lang='lat' dir='ltr'>smculari</span> <span class='ocrx_word' id='word_1_219' title='bbox 737 1909 1036 1975; x_wconf 78' lang='lat' dir='ltr'>potestate,</span> <span class='ocrx_word' id='word_1_220' title='bbox 1072 1921 1174 1958; x_wconf 91' lang='lat' dir='ltr'>nec</span> <span class='ocrx_word' id='word_1_221' title='bbox 1222 1903 1389 1975; x_wconf 89' lang='lat' dir='ltr'>ligari</span> <span class='ocrx_word' id='word_1_222' title='bbox 1439 1919 1690 1976; x_wconf 86' lang='lat' dir='ltr'>prorsus,</span> <span class='ocrx_word' id='word_1_223' title='bbox 1724 1918 1826 1958; x_wconf 89' lang='lat' dir='ltr'>nec</span> 
     </span>
    </p>
   </div>
   <div class='ocr_carea' id='block_1_35' title="bbox 194 1996 1826 2068">
    <p class='ocr_par' dir='ltr' id='par_1_35' title="bbox 194 1996 1826 2068">
     <span class='ocr_line' id='line_1_35' title="bbox 194 1996 1826 2068; baseline 0 -18"><span class='ocrx_word' id='word_1_224' title='bbox 194 1997 333 2051; x_wconf 82' lang='lat' dir='ltr'>solvi</span> <span class='ocrx_word' id='word_1_225' title='bbox 365 2012 530 2068; x_wconf 90' lang='lat' dir='ltr'>posse</span> <span class='ocrx_word' id='word_1_226' title='bbox 557 1996 906 2068; x_wconf 90' lang='lat' dir='ltr'>pontiﬁcem.</span> <span class='ocrx_word' id='word_1_227' title='bbox 943 1998 1066 2061; x_wconf 88' lang='lat' dir='ltr'>Quo</span> <span class='ocrx_word' id='word_1_228' title='bbox 1094 1997 1449 2052; x_wconf 88' lang='lat' dir='ltr'>manifestius</span> <span class='ocrx_word' id='word_1_229' title='bbox 1484 1996 1826 2068; x_wconf 87' lang='lat' dir='ltr'>approbatur</span> 
     </span>
    </p>
   </div>
   <div class='ocr_carea' id='block_1_36' title="bbox 191 2090 1827 2162">
    <p class='ocr_par' dir='ltr' id='par_1_36' title="bbox 191 2090 1827 2162">
     <span class='ocr_line' id='line_1_36' title="bbox 191 2090 1827 2162; baseline 0.001 -19"><span class='ocrx_word' id='word_1_230' title='bbox 191 2090 650 2144; x_wconf 76' lang='lat' dir='ltr'>Alexandrinum</span> <span class='ocrx_word' id='word_1_231' title='bbox 683 2092 913 2146; x_wconf 92' lang='lat' dir='ltr'>Petrum</span> <span class='ocrx_word' id='word_1_232' title='bbox 933 2107 1038 2162; x_wconf 91' lang='lat' dir='ltr'>per</span> <span class='ocrx_word' id='word_1_233' title='bbox 1053 2090 1410 2161; x_wconf 84' lang='lat' dir='ltr'>imperialem</span> <span class='ocrx_word' id='word_1_234' title='bbox 1431 2090 1827 2146; x_wconf 78' lang='lat' dir='ltr'>tantummodo</span> 
     </span>
    </p>
   </div>
   <div class='ocr_carea' id='block_1_37' title="bbox 193 2183 1828 2256">
    <p class='ocr_par' dir='ltr' id='par_1_37' title="bbox 193 2183 1828 2256">
     <span class='ocr_line' id='line_1_37' title="bbox 193 2183 1828 2256; baseline 0.001 -19"><span class='ocrx_word' id='word_1_235' title='bbox 193 2184 545 2238; x_wconf 89' lang='lat' dir='ltr'>sententiam</span> <span class='ocrx_word' id='word_1_236' title='bbox 567 2185 722 2239; x_wconf 91' lang='lat' dir='ltr'>nullo</span> <span class='ocrx_word' id='word_1_237' title='bbox 741 2185 910 2239; x_wconf 93' lang='lat' dir='ltr'>modo</span> <span class='ocrx_word' id='word_1_238' title='bbox 939 2183 1191 2256; x_wconf 92' lang='lat' dir='ltr'>potuisse</span> <span class='ocrx_word' id='word_1_239' title='bbox 1223 2201 1454 2255; x_wconf 90' lang='lat' dir='ltr'>prorsus</span> <span class='ocrx_word' id='word_1_240' title='bbox 1472 2183 1712 2250; x_wconf 88' lang='lat' dir='ltr'>absolvi;</span> <span class='ocrx_word' id='word_1_241' title='bbox 1733 2183 1828 2238; x_wconf 90' lang='lat' dir='ltr'>ubi</span> 
     </span>
    </p>
   </div>
   <div class='ocr_carea' id='block_1_38' title="bbox 190 2277 1828 2350">
    <p class='ocr_par' dir='ltr' id='par_1_38' title="bbox 190 2277 1828 2350">
     <span class='ocr_line' id='line_1_38' title="bbox 190 2277 1828 2350; baseline 0.001 -19"><span class='ocrx_word' id='word_1_242' title='bbox 190 2277 238 2331; x_wconf 91' lang='lat' dir='ltr'>si</span> <span class='ocrx_word' id='word_1_243' title='bbox 275 2277 612 2348; x_wconf 90' lang='lat' dir='ltr'>pontiﬁcum</span> <span class='ocrx_word' id='word_1_244' title='bbox 652 2294 876 2350; x_wconf 90' lang='lat' dir='ltr'>quoque</span> <span class='ocrx_word' id='word_1_245' title='bbox 923 2277 1165 2332; x_wconf 89' lang='lat' dir='ltr'>sociatur</span> <span class='ocrx_word' id='word_1_246' title='bbox 1201 2294 1480 2345; x_wconf 90' lang='lat' dir='ltr'>assensus,</span> <span class='ocrx_word' id='word_1_247' title='bbox 1519 2277 1828 2349; x_wconf 64' lang='lat' dir='ltr'>querimus</span> 
     </span>
    </p>
   </div>
   <div class='ocr_carea' id='block_1_39' title="bbox 192 2371 1825 2442">
    <p class='ocr_par' dir='ltr' id='par_1_39' title="bbox 192 2371 1825 2442">
     <span class='ocr_line' id='line_1_39' title="bbox 192 2371 1825 2442; baseline 0 -17"><span class='ocrx_word' id='word_1_248' title='bbox 192 2376 393 2426; x_wconf 86' lang='lat' dir='ltr'>utrum</span> <span class='ocrx_word' id='word_1_249' title='bbox 445 2372 802 2442; x_wconf 89' lang='lat' dir='ltr'>processerit,</span> <span class='ocrx_word' id='word_1_250' title='bbox 850 2388 922 2426; x_wconf 89' lang='lat' dir='ltr'>an</span> <span class='ocrx_word' id='word_1_251' title='bbox 970 2372 1141 2426; x_wconf 86' lang='lat' dir='ltr'>fuerit</span> <span class='ocrx_word' id='word_1_252' title='bbox 1191 2372 1540 2426; x_wconf 88' lang='lat' dir='ltr'>subsecutus.</span> <span class='ocrx_word' id='word_1_253' title='bbox 1587 2371 1647 2425; x_wconf 88' lang='lat' dir='ltr'>Si</span> <span class='ocrx_word' id='word_1_254' title='bbox 1691 2371 1825 2426; x_wconf 84' lang='lat' dir='ltr'>sub-</span> 
     </span>
    </p>
   </div>
   <div class='ocr_carea' id='block_1_40' title="bbox 193 2464 1823 2534">
    <p class='ocr_par' dir='ltr' id='par_1_40' title="bbox 193 2464 1823 2534">
     <span class='ocr_line' id='line_1_40' title="bbox 193 2464 1823 2534; baseline 0.001 -16"><span class='ocrx_word' id='word_1_255' title='bbox 193 2469 426 2519; x_wconf 87' lang='lat' dir='ltr'>secutus</span> <span class='ocrx_word' id='word_1_256' title='bbox 471 2470 554 2519; x_wconf 90' lang='lat' dir='ltr'>est</span> <span class='ocrx_word' id='word_1_257' title='bbox 597 2465 970 2521; x_wconf 90' lang='lat' dir='ltr'>nihilominus</span> <span class='ocrx_word' id='word_1_258' title='bbox 1017 2466 1086 2520; x_wconf 88' lang='lat' dir='ltr'>ad</span> <span class='ocrx_word' id='word_1_259' title='bbox 1135 2465 1192 2519; x_wconf 92' lang='lat' dir='ltr'>id</span> <span class='ocrx_word' id='word_1_260' title='bbox 1237 2464 1518 2534; x_wconf 89' lang='lat' dir='ltr'>redditur,</span> <span class='ocrx_word' id='word_1_261' title='bbox 1554 2471 1616 2520; x_wconf 90' lang='lat' dir='ltr'>ut</span> <span class='ocrx_word' id='word_1_262' title='bbox 1658 2464 1823 2519; x_wconf 82' lang='lat' dir='ltr'>abso-</span> 
     </span>
    </p>
   </div>
   <div class='ocr_carea' id='block_1_41' title="bbox 192 2557 1828 2630">
    <p class='ocr_par' dir='ltr' id='par_1_41' title="bbox 192 2557 1828 2630">
     <span class='ocr_line' id='line_1_41' title="bbox 192 2557 1828 2630; baseline 0.001 -20"><span class='ocrx_word' id='word_1_263' title='bbox 192 2557 336 2612; x_wconf 90' lang='lat' dir='ltr'>lutio</span> <span class='ocrx_word' id='word_1_264' title='bbox 388 2558 638 2612; x_wconf 62' lang='lat' dir='ltr'>saeculari</span> <span class='ocrx_word' id='word_1_265' title='bbox 681 2562 957 2630; x_wconf 88' lang='lat' dir='ltr'>potestate</span> <span class='ocrx_word' id='word_1_266' title='bbox 1008 2562 1292 2630; x_wconf 70' lang='lat' dir='ltr'>praacepta</span> <span class='ocrx_word' id='word_1_267' title='bbox 1335 2563 1392 2612; x_wconf 89' lang='lat' dir='ltr'>et</span> <span class='ocrx_word' id='word_1_268' title='bbox 1442 2557 1828 2629; x_wconf 87' lang='lat' dir='ltr'>principaliter</span> 
     </span>
    </p>
   </div>
   <div class='ocr_carea' id='block_1_42' title="bbox 189 2650 1827 2723">
    <p class='ocr_par' dir='ltr' id='par_1_42' title="bbox 189 2650 1827 2723">
     <span class='ocr_line' id='line_1_42' title="bbox 189 2650 1827 2723; baseline 0.001 -19"><span class='ocrx_word' id='word_1_269' title='bbox 189 2650 466 2705; x_wconf 88' lang='lat' dir='ltr'>inchoata</span> <span class='ocrx_word' id='word_1_270' title='bbox 492 2652 678 2706; x_wconf 89' lang='lat' dir='ltr'>valere</span> <span class='ocrx_word' id='word_1_271' title='bbox 718 2669 836 2706; x_wconf 90' lang='lat' dir='ltr'>non</span> <span class='ocrx_word' id='word_1_272' title='bbox 874 2652 1072 2723; x_wconf 86' lang='lat' dir='ltr'>possit,</span> <span class='ocrx_word' id='word_1_273' title='bbox 1105 2651 1558 2723; x_wconf 88' lang='lat' dir='ltr'>pontiﬁcumque</span> <span class='ocrx_word' id='word_1_274' title='bbox 1603 2656 1827 2706; x_wconf 87' lang='lat' dir='ltr'>secutus</span> 
     </span>
    </p>
   </div>
   <div class='ocr_carea' id='block_1_43' title="bbox 188 2744 1827 2816">
    <p class='ocr_par' dir='ltr' id='par_1_43' title="bbox 188 2744 1827 2816">
     <span class='ocr_line' id='line_1_43' title="bbox 188 2744 1827 2816; baseline 0 -18"><span class='ocrx_word' id='word_1_275' title='bbox 188 2760 461 2798; x_wconf 75' lang='lat' dir='ltr'>assensus</span> <span class='ocrx_word' id='word_1_276' title='bbox 507 2744 852 2799; x_wconf 86' lang='lat' dir='ltr'>adulationis</span> <span class='ocrx_word' id='word_1_277' title='bbox 893 2745 1084 2816; x_wconf 89' lang='lat' dir='ltr'>potius</span> <span class='ocrx_word' id='word_1_278' title='bbox 1113 2745 1305 2811; x_wconf 79' lang='lat' dir='ltr'>fuerit,</span> <span class='ocrx_word' id='word_1_279' title='bbox 1336 2761 1507 2816; x_wconf 91' lang='lat' dir='ltr'>quam</span> <span class='ocrx_word' id='word_1_280' title='bbox 1553 2745 1827 2816; x_wconf 62' lang='lat' dir='ltr'>legitimas</span> 
     </span>
    </p>
   </div>
   <div class='ocr_carea' id='block_1_44' title="bbox 191 2837 1829 2908">
    <p class='ocr_par' dir='ltr' id='par_1_44' title="bbox 191 2837 1829 2908">
     <span class='ocr_line' id='line_1_44' title="bbox 191 2837 1829 2908; baseline 0.001 -18"><span class='ocrx_word' id='word_1_281' title='bbox 191 2837 524 2891; x_wconf 88' lang='lat' dir='ltr'>sanctionis.</span> <span class='ocrx_word' id='word_1_282' title='bbox 575 2837 629 2893; x_wconf 91' lang='lat' dir='ltr'>Si</span> <span class='ocrx_word' id='word_1_283' title='bbox 674 2838 978 2908; x_wconf 65' lang='lat' dir='ltr'>praecessit,</span> <span class='ocrx_word' id='word_1_284' title='bbox 1006 2838 1278 2892; x_wconf 90' lang='lat' dir='ltr'>doceatur</span> <span class='ocrx_word' id='word_1_285' title='bbox 1313 2855 1346 2892; x_wconf 90' lang='lat' dir='ltr'>a</span> <span class='ocrx_word' id='word_1_286' title='bbox 1389 2838 1597 2908; x_wconf 88' lang='lat' dir='ltr'>quibus</span> <span class='ocrx_word' id='word_1_287' title='bbox 1637 2841 1694 2892; x_wconf 92' lang='lat' dir='ltr'>et</span> <span class='ocrx_word' id='word_1_288' title='bbox 1727 2837 1829 2892; x_wconf 91' lang='lat' dir='ltr'>ubi</span> 
     </span>
    </p>
   </div>
   <div class='ocr_carea' id='block_1_45' title="bbox 192 2929 1827 3003">
    <p class='ocr_par' dir='ltr' id='par_1_45' title="bbox 192 2929 1827 3003">
     <span class='ocr_line' id='line_1_45' title="bbox 192 2929 1827 3003; baseline 0.002 -21"><span class='ocrx_word' id='word_1_289' title='bbox 192 2929 288 2984; x_wconf 87' lang='lat' dir='ltr'>ille</span> <span class='ocrx_word' id='word_1_290' title='bbox 344 2929 417 2982; x_wconf 88' lang='lat' dir='ltr'>sit</span> <span class='ocrx_word' id='word_1_291' title='bbox 481 2935 689 3000; x_wconf 86' lang='lat' dir='ltr'>gestus,</span> <span class='ocrx_word' id='word_1_292' title='bbox 743 2933 789 2985; x_wconf 90' lang='lat' dir='ltr'>si</span> <span class='ocrx_word' id='word_1_293' title='bbox 847 2932 1161 2986; x_wconf 89' lang='lat' dir='ltr'>secundum</span> <span class='ocrx_word' id='word_1_294' title='bbox 1237 2931 1495 2986; x_wconf 59' lang='lat' dir='ltr'>Ecclesia</span> <span class='ocrx_word' id='word_1_295' title='bbox 1568 2932 1827 3003; x_wconf 87' lang='lat' dir='ltr'>regulam</span> 
     </span>
    </p>
   </div>
   <div class='ocr_carea' id='block_1_46' title="bbox 191 3022 1828 3096">
    <p class='ocr_par' dir='ltr' id='par_1_46' title="bbox 191 3022 1828 3096">
     <span class='ocr_line' id='line_1_46' title="bbox 191 3022 1828 3096; baseline 0.001 -18"><span class='ocrx_word' id='word_1_296' title='bbox 191 3022 538 3092; x_wconf 90' lang='lat' dir='ltr'>celebratus,</span> <span class='ocrx_word' id='word_1_297' title='bbox 572 3023 617 3077; x_wconf 92' lang='lat' dir='ltr'>si</span> <span class='ocrx_word' id='word_1_298' title='bbox 660 3030 898 3096; x_wconf 90' lang='lat' dir='ltr'>paterna</span> <span class='ocrx_word' id='word_1_299' title='bbox 942 3025 1246 3080; x_wconf 89' lang='lat' dir='ltr'>traditione</span> <span class='ocrx_word' id='word_1_300' title='bbox 1287 3025 1595 3096; x_wconf 87' lang='lat' dir='ltr'>profectus,</span> <span class='ocrx_word' id='word_1_301' title='bbox 1625 3025 1672 3079; x_wconf 92' lang='lat' dir='ltr'>si</span> <span class='ocrx_word' id='word_1_302' title='bbox 1705 3041 1828 3080; x_wconf 87' lang='lat' dir='ltr'>ma-</span> 
     </span>
    </p>
   </div>
   <div class='ocr_carea' id='block_1_47' title="bbox 179 3117 1828 3190">
    <p class='ocr_par' dir='ltr' id='par_1_47' title="bbox 179 3117 1828 3190">
     <span class='ocr_line' id='line_1_47' title="bbox 179 3117 1828 3190; baseline 0.002 -20"><span class='ocrx_word' id='word_1_303' title='bbox 179 3117 385 3186; x_wconf 90' lang='lat' dir='ltr'>jorum</span> <span class='ocrx_word' id='word_1_304' title='bbox 417 3133 576 3172; x_wconf 87' lang='lat' dir='ltr'>more</span> <span class='ocrx_word' id='word_1_305' title='bbox 623 3119 896 3188; x_wconf 89' lang='lat' dir='ltr'>prolatus,</span> <span class='ocrx_word' id='word_1_306' title='bbox 928 3119 975 3173; x_wconf 91' lang='lat' dir='ltr'>si</span> <span class='ocrx_word' id='word_1_307' title='bbox 1018 3118 1361 3190; x_wconf 86' lang='lat' dir='ltr'>competenti</span> <span class='ocrx_word' id='word_1_308' title='bbox 1410 3118 1828 3174; x_wconf 86' lang='lat' dir='ltr'>examinatione</span> 
     </span>
    </p>
   </div>
   <div class='ocr_carea' id='block_1_48' title="bbox 187 3210 1826 3284">
    <p class='ocr_par' dir='ltr' id='par_1_48' title="bbox 187 3210 1826 3284">
     <span class='ocr_line' id='line_1_48' title="bbox 187 3210 1826 3284; baseline 0.001 -20"><span class='ocrx_word' id='word_1_309' title='bbox 187 3210 594 3281; x_wconf 89' lang='lat' dir='ltr'>depromptus.</span> <span class='ocrx_word' id='word_1_310' title='bbox 645 3211 749 3265; x_wconf 92' lang='lat' dir='ltr'>Ubi</span> <span class='ocrx_word' id='word_1_311' title='bbox 797 3212 994 3282; x_wconf 92' lang='lat' dir='ltr'>procul</span> <span class='ocrx_word' id='word_1_312' title='bbox 1045 3212 1218 3266; x_wconf 91' lang='lat' dir='ltr'>dubio</span> <span class='ocrx_word' id='word_1_313' title='bbox 1265 3212 1670 3284; x_wconf 90' lang='lat' dir='ltr'>requirendum</span> <span class='ocrx_word' id='word_1_314' title='bbox 1721 3217 1826 3278; x_wconf 89' lang='lat' dir='ltr'>est,</span> 
     </span>
    </p>
   </div>
   <div class='ocr_carea' id='block_1_49' title="bbox 186 3303 1830 3376">
    <p class='ocr_par' dir='ltr' id='par_1_49' title="bbox 186 3303 1830 3376">
     <span class='ocr_line' id='line_1_49' title="bbox 186 3303 1830 3376; baseline 0.001 -20"><span class='ocrx_word' id='word_1_315' title='bbox 186 3303 236 3358; x_wconf 91' lang='lat' dir='ltr'>si</span> <span class='ocrx_word' id='word_1_316' title='bbox 305 3303 564 3374; x_wconf 83' lang='lat' dir='ltr'>synodali</span> <span class='ocrx_word' id='word_1_317' title='bbox 641 3305 1081 3376; x_wconf 85' lang='lat' dir='ltr'>congregatione</span> <span class='ocrx_word' id='word_1_318' title='bbox 1155 3305 1487 3371; x_wconf 89' lang='lat' dir='ltr'>celebratus,</span> <span class='ocrx_word' id='word_1_319' title='bbox 1552 3305 1708 3376; x_wconf 89' lang='lat' dir='ltr'>quod</span> <span class='ocrx_word' id='word_1_320' title='bbox 1772 3305 1830 3358; x_wconf 93' lang='lat' dir='ltr'>in</span> 
     </span>
    </p>
   </div>
   <div class='ocr_carea' id='block_1_50' title="bbox 189 3397 1833 3470">
    <p class='ocr_par' dir='ltr' id='par_1_50' title="bbox 189 3397 1833 3470">
     <span class='ocr_line' id='line_1_50' title="bbox 189 3397 1833 3470; baseline 0 -18"><span class='ocrx_word' id='word_1_321' title='bbox 189 3397 531 3468; x_wconf 86' lang='lat' dir='ltr'>receptione</span> <span class='ocrx_word' id='word_1_322' title='bbox 579 3399 859 3466; x_wconf 88' lang='lat' dir='ltr'>damnari,</span> <span class='ocrx_word' id='word_1_323' title='bbox 902 3404 960 3453; x_wconf 92' lang='lat' dir='ltr'>et</span> <span class='ocrx_word' id='word_1_324' title='bbox 1003 3399 1333 3470; x_wconf 89' lang='lat' dir='ltr'>depulsione</span> <span class='ocrx_word' id='word_1_325' title='bbox 1381 3399 1661 3467; x_wconf 89' lang='lat' dir='ltr'>catholici,</span> <span class='ocrx_word' id='word_1_326' title='bbox 1700 3398 1833 3470; x_wconf 89' lang='lat' dir='ltr'>quia</span> 
     </span>
    </p>
   </div>
   <div class='ocr_carea' id='block_1_51' title="bbox 188 3492 1828 3564">
    <p class='ocr_par' dir='ltr' id='par_1_51' title="bbox 188 3492 1828 3564">
     <span class='ocr_line' id='line_1_51' title="bbox 188 3492 1828 3564; baseline 0.001 -18"><span class='ocrx_word' id='word_1_327' title='bbox 188 3507 349 3546; x_wconf 90' lang='lat' dir='ltr'>nova</span> <span class='ocrx_word' id='word_1_328' title='bbox 375 3495 460 3545; x_wconf 90' lang='lat' dir='ltr'>est</span> <span class='ocrx_word' id='word_1_329' title='bbox 489 3508 674 3562; x_wconf 90' lang='lat' dir='ltr'>causa,</span> <span class='ocrx_word' id='word_1_330' title='bbox 704 3492 828 3547; x_wconf 89' lang='lat' dir='ltr'>ﬁeri</span> <span class='ocrx_word' id='word_1_331' title='bbox 857 3493 1236 3548; x_wconf 89' lang='lat' dir='ltr'>certissimum</span> <span class='ocrx_word' id='word_1_332' title='bbox 1267 3496 1380 3558; x_wconf 91' lang='lat' dir='ltr'>est;</span> <span class='ocrx_word' id='word_1_333' title='bbox 1415 3493 1459 3548; x_wconf 91' lang='lat' dir='ltr'>si</span> <span class='ocrx_word' id='word_1_334' title='bbox 1487 3493 1556 3548; x_wconf 89' lang='lat' dir='ltr'>ad</span> <span class='ocrx_word' id='word_1_335' title='bbox 1585 3493 1828 3564; x_wconf 87' lang='lat' dir='ltr'>primam</span> 
     </span>
    </p>
   </div>
   <div class='ocr_carea' id='block_1_52' title="bbox 191 3585 1833 3657">
    <p class='ocr_par' dir='ltr' id='par_1_52' title="bbox 191 3585 1833 3657">
     <span class='ocr_line' id='line_1_52' title="bbox 191 3585 1833 3657; baseline 0.001 -19"><span class='ocrx_word' id='word_1_336' title='bbox 191 3585 424 3651; x_wconf 86' lang='lat' dir='ltr'>sedem,</span> <span class='ocrx_word' id='word_1_337' title='bbox 493 3585 651 3656; x_wconf 90' lang='lat' dir='ltr'>cujus</span> <span class='ocrx_word' id='word_1_338' title='bbox 725 3586 1000 3641; x_wconf 89' lang='lat' dir='ltr'>intererat</span> <span class='ocrx_word' id='word_1_339' title='bbox 1069 3587 1381 3654; x_wconf 68' lang='lat' dir='ltr'>sententiae,</span> <span class='ocrx_word' id='word_1_340' title='bbox 1447 3602 1561 3657; x_wconf 87' lang='lat' dir='ltr'>qua</span> <span class='ocrx_word' id='word_1_341' title='bbox 1638 3587 1833 3640; x_wconf 82' lang='lat' dir='ltr'>Petrus</span> 
     </span>
    </p>
   </div>
   <div class='ocr_carea' id='block_1_53' title="bbox 191 3679 1836 3752">
    <p class='ocr_par' dir='ltr' id='par_1_53' title="bbox 191 3679 1836 3752">
     <span class='ocr_line' id='line_1_53' title="bbox 191 3679 1836 3752; baseline 0.001 -19"><span class='ocrx_word' id='word_1_342' title='bbox 191 3679 524 3747; x_wconf 89' lang='lat' dir='ltr'>tenebatur,</span> <span class='ocrx_word' id='word_1_343' title='bbox 556 3679 878 3747; x_wconf 89' lang='lat' dir='ltr'>obstrictus,</span> <span class='ocrx_word' id='word_1_344' title='bbox 910 3683 967 3734; x_wconf 91' lang='lat' dir='ltr'>et</span> <span class='ocrx_word' id='word_1_345' title='bbox 992 3681 1306 3735; x_wconf 87' lang='lat' dir='ltr'>secundum</span> <span class='ocrx_word' id='word_1_346' title='bbox 1336 3681 1559 3752; x_wconf 87' lang='lat' dir='ltr'>regulas</span> <span class='ocrx_word' id='word_1_347' title='bbox 1586 3684 1670 3734; x_wconf 94' lang='lat' dir='ltr'>est</span> <span class='ocrx_word' id='word_1_348' title='bbox 1696 3681 1836 3735; x_wconf 87' lang='lat' dir='ltr'>rela-</span> 
     </span>
    </p>
   </div>
   <div class='ocr_carea' id='block_1_54' title="bbox 193 3773 1833 3845">
    <p class='ocr_par' dir='ltr' id='par_1_54' title="bbox 193 3773 1833 3845">
     <span class='ocr_line' id='line_1_54' title="bbox 193 3773 1833 3845; baseline 0.001 -18"><span class='ocrx_word' id='word_1_349' title='bbox 193 3779 327 3827; x_wconf 86' lang='lat' dir='ltr'>tum</span> <span class='ocrx_word' id='word_1_350' title='bbox 350 3789 363 3837; x_wconf 93' lang='lat'>;</span> <span class='ocrx_word' id='word_1_351' title='bbox 391 3773 437 3826; x_wconf 91' lang='lat' dir='ltr'>si</span> <span class='ocrx_word' id='word_1_352' title='bbox 458 3773 655 3828; x_wconf 89' lang='lat' dir='ltr'>eadem</span> <span class='ocrx_word' id='word_1_353' title='bbox 684 3790 810 3844; x_wconf 68' lang='lat' dir='ltr'>quae</span> <span class='ocrx_word' id='word_1_354' title='bbox 838 3774 1051 3844; x_wconf 88' lang='lat' dir='ltr'>ligavit,</span> <span class='ocrx_word' id='word_1_355' title='bbox 1073 3775 1338 3843; x_wconf 86' lang='lat' dir='ltr'>absolvit;</span> <span class='ocrx_word' id='word_1_356' title='bbox 1363 3774 1407 3828; x_wconf 89' lang='lat' dir='ltr'>si</span> <span class='ocrx_word' id='word_1_357' title='bbox 1434 3775 1531 3828; x_wconf 92' lang='lat' dir='ltr'>illa</span> <span class='ocrx_word' id='word_1_358' title='bbox 1562 3790 1691 3845; x_wconf 62' lang='lat' dir='ltr'>qua!</span> <span class='ocrx_word' id='word_1_359' title='bbox 1717 3791 1833 3828; x_wconf 92' lang='lat' dir='ltr'>non</span> 
     </span>
    </p>
   </div>
   <div class='ocr_carea' id='block_1_55' title="bbox 191 3867 1836 3939">
    <p class='ocr_par' dir='ltr' id='par_1_55' title="bbox 191 3867 1836 3939">
     <span class='ocr_line' id='line_1_55' title="bbox 191 3867 1836 3939; baseline 0.001 -20"><span class='ocrx_word' id='word_1_360' title='bbox 191 3867 480 3936; x_wconf 85' lang='lat' dir='ltr'>ligaverat</span> <span class='ocrx_word' id='word_1_361' title='bbox 516 3868 849 3934; x_wconf 90' lang='lat' dir='ltr'>resolvente,</span> <span class='ocrx_word' id='word_1_362' title='bbox 876 3867 998 3922; x_wconf 91' lang='lat' dir='ltr'>imo</span> <span class='ocrx_word' id='word_1_363' title='bbox 1027 3868 1200 3922; x_wconf 90' lang='lat' dir='ltr'>etiam</span> <span class='ocrx_word' id='word_1_364' title='bbox 1243 3868 1526 3922; x_wconf 89' lang='lat' dir='ltr'>nesciente</span> <span class='ocrx_word' id='word_1_365' title='bbox 1565 3868 1836 3939; x_wconf 87' lang='lat' dir='ltr'>potuisset</span> 
     </span>
    </p>
   </div>
   <div class='ocr_carea' id='block_1_56' title="bbox 193 3958 1836 4032">
    <p class='ocr_par' dir='ltr' id='par_1_56' title="bbox 193 3958 1836 4032">
     <span class='ocr_line' id='line_1_56' title="bbox 193 3958 1836 4032; baseline 0.002 -20"><span class='ocrx_word' id='word_1_366' title='bbox 193 3958 454 4012; x_wconf 88' lang='lat' dir='ltr'>dissolvi.</span> <span class='ocrx_word' id='word_1_367' title='bbox 484 3959 539 4014; x_wconf 92' lang='lat' dir='ltr'>Si</span> <span class='ocrx_word' id='word_1_368' title='bbox 568 3959 689 4014; x_wconf 67' lang='lat' dir='ltr'>haec</span> <span class='ocrx_word' id='word_1_369' title='bbox 718 3965 870 4030; x_wconf 88' lang='lat' dir='ltr'>gesta</span> <span class='ocrx_word' id='word_1_370' title='bbox 897 3977 1011 4015; x_wconf 91' lang='lat' dir='ltr'>non</span> <span class='ocrx_word' id='word_1_371' title='bbox 1042 3965 1192 4027; x_wconf 86' lang='lat' dir='ltr'>sunt,</span> <span class='ocrx_word' id='word_1_372' title='bbox 1223 3977 1338 4032; x_wconf 88' lang='lat' dir='ltr'>quo</span> <span class='ocrx_word' id='word_1_373' title='bbox 1374 3977 1552 4028; x_wconf 90' lang='lat' dir='ltr'>more,</span> <span class='ocrx_word' id='word_1_374' title='bbox 1581 3977 1693 4032; x_wconf 92' lang='lat' dir='ltr'>quo</span> <span class='ocrx_word' id='word_1_375' title='bbox 1721 3960 1836 4015; x_wconf 89' lang='lat' dir='ltr'>ritu</span> 
     </span>
    </p>
   </div>
   <div class='ocr_carea' id='block_1_57' title="bbox 191 4051 1835 4124">
    <p class='ocr_par' dir='ltr' id='par_1_57' title="bbox 191 4051 1835 4124">
     <span class='ocr_line' id='line_1_57' title="bbox 191 4051 1835 4124; baseline 0.001 -18"><span class='ocrx_word' id='word_1_376' title='bbox 191 4051 617 4106; x_wconf 81' lang='lat' dir='ltr'>Alexandrinus</span> <span class='ocrx_word' id='word_1_377' title='bbox 674 4055 872 4107; x_wconf 88' lang='lat' dir='ltr'>Petrus</span> <span class='ocrx_word' id='word_1_378' title='bbox 917 4053 1296 4124; x_wconf 63' lang='lat' dir='ltr'>prastenditur</span> <span class='ocrx_word' id='word_1_379' title='bbox 1344 4055 1656 4122; x_wconf 90' lang='lat' dir='ltr'>absolutus,</span> <span class='ocrx_word' id='word_1_380' title='bbox 1706 4070 1835 4108; x_wconf 91' lang='lat' dir='ltr'>cum</span> 
     </span>
    </p>
   </div>
   <div class='ocr_carea' id='block_1_58' title="bbox 191 4145 1836 4220">
    <p class='ocr_par' dir='ltr' id='par_1_58' title="bbox 191 4145 1836 4220">
     <span class='ocr_line' id='line_1_58' title="bbox 191 4145 1836 4220; baseline 0.001 -20"><span class='ocrx_word' id='word_1_381' title='bbox 191 4162 306 4200; x_wconf 90' lang='lat' dir='ltr'>nec</span> <span class='ocrx_word' id='word_1_382' title='bbox 338 4162 371 4198; x_wconf 88' lang='lat' dir='ltr'>a</span> <span class='ocrx_word' id='word_1_383' title='bbox 403 4145 763 4216; x_wconf 90' lang='lat' dir='ltr'>pontiﬁcibus</span> <span class='ocrx_word' id='word_1_384' title='bbox 794 4147 1072 4217; x_wconf 88' lang='lat' dir='ltr'>legitime,</span> <span class='ocrx_word' id='word_1_385' title='bbox 1105 4153 1160 4202; x_wconf 91' lang='lat' dir='ltr'>et</span> <span class='ocrx_word' id='word_1_386' title='bbox 1197 4148 1585 4203; x_wconf 89' lang='lat' dir='ltr'>ecclesiasticis</span> <span class='ocrx_word' id='word_1_387' title='bbox 1614 4147 1836 4220; x_wconf 89' lang='lat' dir='ltr'>legibus</span> 
     </span>
    </p>
   </div>
   <div class='ocr_carea' id='block_1_59' title="bbox 189 4238 1836 4312">
    <p class='ocr_par' dir='ltr' id='par_1_59' title="bbox 189 4238 1836 4312">
     <span class='ocr_line' id='line_1_59' title="bbox 189 4238 1836 4312; baseline 0.001 -20"><span class='ocrx_word' id='word_1_388' title='bbox 189 4238 377 4293; x_wconf 86' lang='lat' dir='ltr'>fuerit</span> <span class='ocrx_word' id='word_1_389' title='bbox 417 4239 726 4310; x_wconf 84' lang='lat' dir='ltr'>expeditus,</span> <span class='ocrx_word' id='word_1_390' title='bbox 758 4257 859 4295; x_wconf 92' lang='lat' dir='ltr'>nec</span> <span class='ocrx_word' id='word_1_391' title='bbox 897 4257 929 4294; x_wconf 87' lang='lat' dir='ltr'>a</span> <span class='ocrx_word' id='word_1_392' title='bbox 959 4241 1213 4295; x_wconf 61' lang='lat' dir='ltr'>saeculari</span> <span class='ocrx_word' id='word_1_393' title='bbox 1264 4245 1544 4312; x_wconf 89' lang='lat' dir='ltr'>potestate</span> <span class='ocrx_word' id='word_1_394' title='bbox 1591 4242 1836 4312; x_wconf 90' lang='lat' dir='ltr'>potuerit</span> 
     </span>
    </p>
   </div>
   <div class='ocr_carea' id='block_1_60' title="bbox 191 4332 1834 4406">
    <p class='ocr_par' dir='ltr' id='par_1_60' title="bbox 191 4332 1834 4406">
     <span class='ocr_line' id='line_1_60' title="bbox 191 4332 1834 4406; baseline 0.002 -21"><span class='ocrx_word' id='word_1_395' title='bbox 191 4338 412 4403; x_wconf 60' lang='lat' dir='ltr'>prater</span> <span class='ocrx_word' id='word_1_396' title='bbox 453 4332 708 4387; x_wconf 67' lang='lat' dir='ltr'>Ecclesiaa</span> <span class='ocrx_word' id='word_1_397' title='bbox 752 4334 1037 4388; x_wconf 88' lang='lat' dir='ltr'>tramitem</span> <span class='ocrx_word' id='word_1_398' title='bbox 1081 4351 1315 4406; x_wconf 89' lang='lat' dir='ltr'>prorsus</span> <span class='ocrx_word' id='word_1_399' title='bbox 1357 4335 1619 4388; x_wconf 84' lang='lat' dir='ltr'>absolvi?</span> <span class='ocrx_word' id='word_1_400' title='bbox 1655 4337 1834 4389; x_wconf 89' lang='lat' dir='ltr'>Tanto</span> 
     </span>
    </p>
   </div>
   <div class='ocr_carea' id='block_1_61' title="bbox 191 4425 1838 4499">
    <p class='ocr_par' dir='ltr' id='par_1_61' title="bbox 191 4425 1838 4499">
     <span class='ocr_line' id='line_1_61' title="bbox 191 4425 1838 4499; baseline 0.001 -19"><span class='ocrx_word' id='word_1_401' title='bbox 191 4425 392 4497; x_wconf 88' lang='lat' dir='ltr'>magis</span> <span class='ocrx_word' id='word_1_402' title='bbox 419 4426 670 4496; x_wconf 90' lang='lat' dir='ltr'>poscenti</span> <span class='ocrx_word' id='word_1_403' title='bbox 699 4426 1029 4497; x_wconf 91' lang='lat' dir='ltr'>imperatori</span> <span class='ocrx_word' id='word_1_404' title='bbox 1056 4445 1087 4482; x_wconf 93' lang='lat' dir='ltr'>a</span> <span class='ocrx_word' id='word_1_405' title='bbox 1117 4427 1475 4499; x_wconf 89' lang='lat' dir='ltr'>pontiﬁcibus</span> <span class='ocrx_word' id='word_1_406' title='bbox 1503 4429 1689 4482; x_wconf 91' lang='lat' dir='ltr'>fuerat</span> <span class='ocrx_word' id='word_1_407' title='bbox 1710 4446 1838 4498; x_wconf 86' lang='lat' dir='ltr'>sug-</span> 
     </span>
    </p>
   </div>
   <div class='ocr_carea' id='block_1_62' title="bbox 1849 3159 1904 3234">
    <p class='ocr_par' dir='ltr' id='par_1_62' title="bbox 1849 3159 1904 3234">
     <span class='ocr_line' id='line_1_62' title="bbox 1849 3159 1904 3234; baseline 0 -2"><span class='ocrx_word' id='word_1_408' title='bbox 1849 3159 1904 3234; x_wconf 90' lang='lat' dir='ltr'><strong><em>C</em></strong></span> 
     </span>
    </p>
   </div>
   <div class='ocr_carea' id='block_1_63' title="bbox 1928 1905 3556 1977">
    <p class='ocr_par' dir='ltr' id='par_1_63' title="bbox 1928 1905 3556 1977">
     <span class='ocr_line' id='line_1_63' title="bbox 1928 1905 3556 1977; baseline 0.001 -19"><span class='ocrx_word' id='word_1_409' title='bbox 1928 1905 2140 1960; x_wconf 87' lang='lat' dir='ltr'>fudisse</span> <span class='ocrx_word' id='word_1_410' title='bbox 2169 1905 2496 1977; x_wconf 87' lang='lat' dir='ltr'>puritatem.</span> <span class='ocrx_word' id='word_1_411' title='bbox 2525 1907 2662 1960; x_wconf 86' lang='lat' dir='ltr'>Ecce</span> <span class='ocrx_word' id='word_1_412' title='bbox 2693 1905 2793 1976; x_wconf 92' lang='lat' dir='ltr'>qui</span> <span class='ocrx_word' id='word_1_413' title='bbox 2829 1921 2990 1959; x_wconf 85' lang='lat' dir='ltr'>reum</span> <span class='ocrx_word' id='word_1_414' title='bbox 3021 1905 3330 1974; x_wconf 89' lang='lat' dir='ltr'>absolvere,</span> <span class='ocrx_word' id='word_1_415' title='bbox 3354 1907 3452 1976; x_wconf 90' lang='lat' dir='ltr'>qui</span> <span class='ocrx_word' id='word_1_416' title='bbox 3474 1907 3556 1960; x_wconf 88' lang='lat' dir='ltr'>rei</span> 
     </span>
    </p>
   </div>
   <div class='ocr_carea' id='block_1_64' title="bbox 1926 1998 3557 2069">
    <p class='ocr_par' dir='ltr' id='par_1_64' title="bbox 1926 1998 3557 2069">
     <span class='ocr_line' id='line_1_64' title="bbox 1926 1998 3557 2069; baseline 0 -17"><span class='ocrx_word' id='word_1_417' title='bbox 1926 2015 2044 2069; x_wconf 70' lang='lat' dir='ltr'>prte</span> <span class='ocrx_word' id='word_1_418' title='bbox 2078 1998 2340 2052; x_wconf 91' lang='lat' dir='ltr'>omnibus</span> <span class='ocrx_word' id='word_1_419' title='bbox 2383 1998 2735 2052; x_wconf 91' lang='lat' dir='ltr'>docebantur</span> <span class='ocrx_word' id='word_1_420' title='bbox 2778 1998 2978 2052; x_wconf 81' lang='lat' dir='ltr'>effecti.</span> <span class='ocrx_word' id='word_1_421' title='bbox 3013 1999 3153 2052; x_wconf 88' lang='lat' dir='ltr'>Ecce</span> <span class='ocrx_word' id='word_1_422' title='bbox 3194 2014 3324 2052; x_wconf 93' lang='lat' dir='ltr'>cum</span> <span class='ocrx_word' id='word_1_423' title='bbox 3349 1999 3557 2069; x_wconf 88' lang='lat' dir='ltr'>quibus</span> 
     </span>
    </p>
   </div>
   <div class='ocr_carea' id='block_1_65' title="bbox 1927 2091 3560 2163">
    <p class='ocr_par' dir='ltr' id='par_1_65' title="bbox 1927 2091 3560 2163">
     <span class='ocr_line' id='line_1_65' title="bbox 1927 2091 3560 2163; baseline 0 -17"><span class='ocrx_word' id='word_1_424' title='bbox 1927 2091 1994 2146; x_wconf 91' lang='lat' dir='ltr'>de</span> <span class='ocrx_word' id='word_1_425' title='bbox 2021 2091 2364 2146; x_wconf 89' lang='lat' dir='ltr'>absolvendo</span> <span class='ocrx_word' id='word_1_426' title='bbox 2396 2108 2496 2146; x_wconf 94' lang='lat' dir='ltr'>reo</span> <span class='ocrx_word' id='word_1_427' title='bbox 2529 2092 2774 2163; x_wconf 86' lang='lat' dir='ltr'>synodus</span> <span class='ocrx_word' id='word_1_428' title='bbox 2805 2092 2988 2146; x_wconf 84' lang='lat' dir='ltr'>fuerat</span> <span class='ocrx_word' id='word_1_429' title='bbox 3035 2092 3304 2147; x_wconf 90' lang='lat' dir='ltr'>ineunda.</span> <span class='ocrx_word' id='word_1_430' title='bbox 3335 2092 3392 2147; x_wconf 88' lang='lat' dir='ltr'>Si</span> <span class='ocrx_word' id='word_1_431' title='bbox 3422 2092 3560 2148; x_wconf 86' lang='lat' dir='ltr'>ﬁdes</span> 
     </span>
    </p>
   </div>
   <div class='ocr_carea' id='block_1_66' title="bbox 1927 2185 3560 2252">
    <p class='ocr_par' dir='ltr' id='par_1_66' title="bbox 1927 2185 3560 2252">
     <span class='ocr_line' id='line_1_66' title="bbox 1927 2185 3560 2252; baseline 0 -12"><span class='ocrx_word' id='word_1_432' title='bbox 1927 2190 1982 2240; x_wconf 90' lang='lat' dir='ltr'>et</span> <span class='ocrx_word' id='word_1_433' title='bbox 2025 2186 2356 2240; x_wconf 92' lang='lat' dir='ltr'>communio</span> <span class='ocrx_word' id='word_1_434' title='bbox 2405 2185 2684 2240; x_wconf 89' lang='lat' dir='ltr'>catholica</span> <span class='ocrx_word' id='word_1_435' title='bbox 2733 2185 3107 2252; x_wconf 80' lang='lat' dir='ltr'>retinebatur,</span> <span class='ocrx_word' id='word_1_436' title='bbox 3153 2202 3256 2240; x_wconf 91' lang='lat' dir='ltr'>cur</span> <span class='ocrx_word' id='word_1_437' title='bbox 3299 2185 3560 2240; x_wconf 89' lang='lat' dir='ltr'>catholici</span> 
     </span>
    </p>
   </div>
   <div class='ocr_carea' id='block_1_67' title="bbox 1927 2278 3561 2350">
    <p class='ocr_par' dir='ltr' id='par_1_67' title="bbox 1927 2278 3561 2350">
     <span class='ocr_line' id='line_1_67' title="bbox 1927 2278 3561 2350; baseline 0.001 -17"><span class='ocrx_word' id='word_1_438' title='bbox 1927 2279 2283 2350; x_wconf 91' lang='lat' dir='ltr'>pellebantur</span> <span class='ocrx_word' id='word_1_439' title='bbox 2313 2279 2616 2348; x_wconf 86' lang='lat' dir='ltr'>antistites,</span> <span class='ocrx_word' id='word_1_440' title='bbox 2647 2278 2938 2349; x_wconf 91' lang='lat' dir='ltr'>quomodo</span> <span class='ocrx_word' id='word_1_441' title='bbox 2962 2279 3360 2334; x_wconf 88' lang='lat' dir='ltr'>tantummodo</span> <span class='ocrx_word' id='word_1_442' title='bbox 3381 2279 3561 2334; x_wconf 60' lang='lat' dir='ltr'>haere-</span> 
     </span>
    </p>
   </div>
   <div class='ocr_carea' id='block_1_68' title="bbox 1927 2371 2458 2428">
    <p class='ocr_par' dir='ltr' id='par_1_68' title="bbox 1927 2371 2458 2428">
     <span class='ocr_line' id='line_1_68' title="bbox 1927 2371 2458 2428; baseline 0.002 -2"><span class='ocrx_word' id='word_1_443' title='bbox 1927 2373 2023 2428; x_wconf 91' lang='lat' dir='ltr'>tici</span> <span class='ocrx_word' id='word_1_444' title='bbox 2044 2372 2419 2427; x_wconf 89' lang='lat' dir='ltr'>servabantur</span> <span class='ocrx_word' id='word_1_445' title='bbox 2430 2371 2458 2426; x_wconf 83' lang='lat'><strong>?</strong></span> 
     </span>
    </p>
   </div>
   <div class='ocr_carea' id='block_1_69' title="bbox 1926 2488 3559 2558">
    <p class='ocr_par' dir='ltr' id='par_1_69' title="bbox 1926 2488 3559 2558">
     <span class='ocr_line' id='line_1_69' title="bbox 1926 2488 3559 2558; baseline 0.001 -14"><span class='ocrx_word' id='word_1_446' title='bbox 1926 2491 2054 2544; x_wconf 82' lang='lat' dir='ltr'>Item</span> <span class='ocrx_word' id='word_1_447' title='bbox 2099 2489 2325 2557; x_wconf 78' lang='lat' dir='ltr'>epistola</span> <span class='ocrx_word' id='word_1_448' title='bbox 2367 2488 2568 2545; x_wconf 77' lang='lat' dir='ltr'>Gelasii</span> <span class='ocrx_word' id='word_1_449' title='bbox 2609 2503 2766 2557; x_wconf 72' lang='lat' dir='ltr'>papae</span> <span class='ocrx_word' id='word_1_450' title='bbox 2813 2488 2887 2542; x_wconf 85' lang='lat' dir='ltr'>ad</span> <span class='ocrx_word' id='word_1_451' title='bbox 2929 2490 3188 2544; x_wconf 83' lang='lat' dir='ltr'>Faustum</span> <span class='ocrx_word' id='word_1_452' title='bbox 3238 2493 3559 2558; x_wconf 80' lang='lat' dir='ltr'>magistrum</span> 
     </span>
    </p>
   </div>
   <div class='ocr_carea' id='block_1_70' title="bbox 2067 2560 3413 2631">
    <p class='ocr_par' dir='ltr' id='par_1_70' title="bbox 2067 2560 3413 2631">
     <span class='ocr_line' id='line_1_70' title="bbox 2067 2560 3413 2631; baseline 0.001 -18"><span class='ocrx_word' id='word_1_453' title='bbox 2067 2562 2380 2629; x_wconf 82' lang='lat' dir='ltr'>fungentem</span> <span class='ocrx_word' id='word_1_454' title='bbox 2405 2560 2692 2628; x_wconf 77' lang='lat' dir='ltr'>legationis</span> <span class='ocrx_word' id='word_1_455' title='bbox 2720 2561 2897 2627; x_wconf 69' lang='lat' dir='ltr'>ofﬁcio</span> <span class='ocrx_word' id='word_1_456' title='bbox 2929 2563 3413 2631; x_wconf 78' lang='lat' dir='ltr'>Constantinopoli.</span> 
     </span>
    </p>
   </div>
   <div class='ocr_carea' id='block_1_71' title="bbox 1998 2651 3554 2724">
    <p class='ocr_par' dir='ltr' id='par_1_71' title="bbox 1998 2651 3554 2724">
     <span class='ocr_line' id='line_1_71' title="bbox 1998 2651 3554 2724; baseline 0.001 -18"><span class='ocrx_word' id='word_1_457' title='bbox 1998 2654 2115 2724; x_wconf 90' lang='lat' dir='ltr'>Ego</span> <span class='ocrx_word' id='word_1_458' title='bbox 2145 2668 2375 2723; x_wconf 88' lang='lat' dir='ltr'>quoque</span> <span class='ocrx_word' id='word_1_459' title='bbox 2405 2656 2596 2706; x_wconf 88' lang='lat' dir='ltr'>mente</span> <span class='ocrx_word' id='word_1_460' title='bbox 2639 2651 2864 2722; x_wconf 89' lang='lat' dir='ltr'>percepi</span> <span class='ocrx_word' id='word_1_461' title='bbox 2907 2653 3133 2708; x_wconf 74' lang='lat' dir='ltr'>Graecos</span> <span class='ocrx_word' id='word_1_462' title='bbox 3161 2654 3220 2707; x_wconf 93' lang='lat' dir='ltr'>in</span> <span class='ocrx_word' id='word_1_463' title='bbox 3249 2671 3352 2709; x_wconf 91' lang='lat' dir='ltr'>sua</span> <span class='ocrx_word' id='word_1_464' title='bbox 3381 2655 3554 2709; x_wconf 86' lang='lat' dir='ltr'>obsti-</span> 
     </span>
    </p>
   </div>
   <div class='ocr_carea' id='block_1_72' title="bbox 1927 2745 3556 2817">
    <p class='ocr_par' dir='ltr' id='par_1_72' title="bbox 1927 2745 3556 2817">
     <span class='ocr_line' id='line_1_72' title="bbox 1927 2745 3556 2817; baseline 0.001 -17"><span class='ocrx_word' id='word_1_465' title='bbox 1927 2746 2152 2801; x_wconf 89' lang='lat' dir='ltr'>natione</span> <span class='ocrx_word' id='word_1_466' title='bbox 2198 2761 2520 2812; x_wconf 89' lang='lat' dir='ltr'>mansuros,</span> <span class='ocrx_word' id='word_1_467' title='bbox 2550 2761 2624 2798; x_wconf 92' lang='lat' dir='ltr'>ne</span> <span class='ocrx_word' id='word_1_468' title='bbox 2665 2745 2754 2798; x_wconf 91' lang='lat' dir='ltr'>cui</span> <span class='ocrx_word' id='word_1_469' title='bbox 2796 2746 2948 2800; x_wconf 92' lang='lat' dir='ltr'>velut</span> <span class='ocrx_word' id='word_1_470' title='bbox 2986 2747 3337 2817; x_wconf 88' lang='lat' dir='ltr'>insperatum</span> <span class='ocrx_word' id='word_1_471' title='bbox 3381 2748 3556 2803; x_wconf 91' lang='lat' dir='ltr'>videri</span> 
     </span>
    </p>
   </div>
   <div class='ocr_carea' id='block_1_73' title="bbox 1929 2838 3557 2910">
    <p class='ocr_par' dir='ltr' id='par_1_73' title="bbox 1929 2838 3557 2910">
     <span class='ocr_line' id='line_1_73' title="bbox 1929 2838 3557 2910; baseline 0.001 -16"><span class='ocrx_word' id='word_1_472' title='bbox 1929 2838 2292 2910; x_wconf 89' lang='lat' dir='ltr'>potest,quod</span> <span class='ocrx_word' id='word_1_473' title='bbox 2307 2840 2393 2892; x_wconf 89' lang='lat' dir='ltr'>est</span> <span class='ocrx_word' id='word_1_474' title='bbox 2408 2838 2464 2892; x_wconf 93' lang='lat' dir='ltr'>in</span> <span class='ocrx_word' id='word_1_475' title='bbox 2484 2841 2615 2892; x_wconf 90' lang='lat' dir='ltr'>ante</span> <span class='ocrx_word' id='word_1_476' title='bbox 2629 2839 3058 2908; x_wconf 66' lang='lat' dir='ltr'>praecognitum.</span> <span class='ocrx_word' id='word_1_477' title='bbox 3075 2839 3557 2910; x_wconf 88' lang='lat' dir='ltr'>Quapropternon</span> 
     </span>
    </p>
   </div>
   <div class='ocr_carea' id='block_1_74' title="bbox 1927 2930 3556 3004">
    <p class='ocr_par' dir='ltr' id='par_1_74' title="bbox 1927 2930 3556 3004">
     <span class='ocr_line' id='line_1_74' title="bbox 1927 2930 3556 3004; baseline 0.001 -17"><span class='ocrx_word' id='word_1_478' title='bbox 1927 2938 2046 2987; x_wconf 88' lang='lat' dir='ltr'>tam</span> <span class='ocrx_word' id='word_1_479' title='bbox 2079 2935 2315 3004; x_wconf 90' lang='lat' dir='ltr'>propter</span> <span class='ocrx_word' id='word_1_480' title='bbox 2341 2930 2646 3002; x_wconf 89' lang='lat' dir='ltr'>legationis</span> <span class='ocrx_word' id='word_1_481' title='bbox 2679 2948 2877 2985; x_wconf 91' lang='lat' dir='ltr'>causas</span> <span class='ocrx_word' id='word_1_482' title='bbox 2918 2932 3148 2986; x_wconf 88' lang='lat' dir='ltr'>student</span> <span class='ocrx_word' id='word_1_483' title='bbox 3174 2933 3556 3004; x_wconf 78' lang='lat' dir='ltr'>dispositioni-</span> 
     </span>
    </p>
   </div>
   <div class='ocr_carea' id='block_1_75' title="bbox 1929 3024 3564 3097">
    <p class='ocr_par' dir='ltr' id='par_1_75' title="bbox 1929 3024 3564 3097">
     <span class='ocr_line' id='line_1_75' title="bbox 1929 3024 3564 3097; baseline 0.001 -17"><span class='ocrx_word' id='word_1_484' title='bbox 1929 3026 2034 3080; x_wconf 91' lang='lat' dir='ltr'>bus</span> <span class='ocrx_word' id='word_1_485' title='bbox 2062 3025 2303 3097; x_wconf 87' lang='lat' dir='ltr'>publicis</span> <span class='ocrx_word' id='word_1_486' title='bbox 2331 3024 2581 3093; x_wconf 90' lang='lat' dir='ltr'>obviare,</span> <span class='ocrx_word' id='word_1_487' title='bbox 2611 3024 2708 3079; x_wconf 91' lang='lat' dir='ltr'>sed</span> <span class='ocrx_word' id='word_1_488' title='bbox 2752 3024 2946 3096; x_wconf 88' lang='lat' dir='ltr'>potius</span> <span class='ocrx_word' id='word_1_489' title='bbox 2975 3041 3076 3096; x_wconf 91' lang='lat' dir='ltr'>per</span> <span class='ocrx_word' id='word_1_490' title='bbox 3105 3025 3457 3082; x_wconf 88' lang='lat' dir='ltr'>occasionem</span> <span class='ocrx_word' id='word_1_491' title='bbox 3485 3027 3564 3082; x_wconf 82' lang='lat' dir='ltr'>le-</span> 
     </span>
    </p>
   </div>
   <div class='ocr_carea' id='block_1_76' title="bbox 1931 3117 3558 3192">
    <p class='ocr_par' dir='ltr' id='par_1_76' title="bbox 1931 3117 3558 3192">
     <span class='ocr_line' id='line_1_76' title="bbox 1931 3117 3558 3192; baseline 0.003 -20"><span class='ocrx_word' id='word_1_492' title='bbox 1931 3119 2170 3189; x_wconf 89' lang='lat' dir='ltr'>gationis</span> <span class='ocrx_word' id='word_1_493' title='bbox 2195 3118 2368 3188; x_wconf 74' lang='lat' dir='ltr'>regiae</span> <span class='ocrx_word' id='word_1_494' title='bbox 2388 3118 2724 3172; x_wconf 88' lang='lat' dir='ltr'>catholicam</span> <span class='ocrx_word' id='word_1_495' title='bbox 2751 3117 2924 3172; x_wconf 88' lang='lat' dir='ltr'>ﬁdem</span> <span class='ocrx_word' id='word_1_496' title='bbox 2940 3118 3260 3173; x_wconf 89' lang='lat' dir='ltr'>moliuntur</span> <span class='ocrx_word' id='word_1_497' title='bbox 3280 3126 3558 3192; x_wconf 87' lang='lat' dir='ltr'>evertere,</span> 
     </span>
    </p>
   </div>
   <div class='ocr_carea' id='block_1_77' title="bbox 1929 3210 3564 3282">
    <p class='ocr_par' dir='ltr' id='par_1_77' title="bbox 1929 3210 3564 3282">
     <span class='ocr_line' id='line_1_77' title="bbox 1929 3210 3564 3282; baseline 0.002 -16"><span class='ocrx_word' id='word_1_498' title='bbox 1929 3215 1986 3266; x_wconf 93' lang='lat' dir='ltr'>et</span> <span class='ocrx_word' id='word_1_499' title='bbox 2024 3211 2124 3266; x_wconf 90' lang='lat' dir='ltr'>tali</span> <span class='ocrx_word' id='word_1_500' title='bbox 2157 3214 2479 3265; x_wconf 89' lang='lat' dir='ltr'>commento</span> <span class='ocrx_word' id='word_1_501' title='bbox 2525 3210 2786 3263; x_wconf 88' lang='lat' dir='ltr'>nituntur</span> <span class='ocrx_word' id='word_1_502' title='bbox 2825 3216 3052 3280; x_wconf 90' lang='lat' dir='ltr'>sperata</span> <span class='ocrx_word' id='word_1_503' title='bbox 3096 3219 3383 3282; x_wconf 66' lang='lat' dir='ltr'>praestare.</span> <span class='ocrx_word' id='word_1_504' title='bbox 3419 3215 3564 3278; x_wconf 87' lang='lat' dir='ltr'>Quid</span> 
     </span>
    </p>
   </div>
   <div class='ocr_carea' id='block_1_78' title="bbox 1931 3303 3561 3374">
    <p class='ocr_par' dir='ltr' id='par_1_78' title="bbox 1931 3303 3561 3374">
     <span class='ocr_line' id='line_1_78' title="bbox 1931 3303 3561 3374; baseline 0.001 -14"><span class='ocrx_word' id='word_1_505' title='bbox 1931 3306 2036 3360; x_wconf 92' lang='lat' dir='ltr'>sibi</span> <span class='ocrx_word' id='word_1_506' title='bbox 2059 3306 2179 3358; x_wconf 91' lang='lat' dir='ltr'>vult</span> <span class='ocrx_word' id='word_1_507' title='bbox 2203 3308 2393 3358; x_wconf 86' lang='lat' dir='ltr'>autem</span> <span class='ocrx_word' id='word_1_508' title='bbox 2417 3303 2567 3374; x_wconf 92' lang='lat' dir='ltr'>quod</span> <span class='ocrx_word' id='word_1_509' title='bbox 2597 3304 2805 3358; x_wconf 83' lang='lat' dir='ltr'>dixerit</span> <span class='ocrx_word' id='word_1_510' title='bbox 2830 3303 3162 3374; x_wconf 89' lang='lat' dir='ltr'>imperator,</span> <span class='ocrx_word' id='word_1_511' title='bbox 3181 3322 3215 3359; x_wconf 94' lang='lat' dir='ltr'>a</span> <span class='ocrx_word' id='word_1_512' title='bbox 3235 3306 3400 3360; x_wconf 91' lang='lat' dir='ltr'>nobis</span> <span class='ocrx_word' id='word_1_513' title='bbox 3425 3323 3483 3362; x_wconf 89' lang='lat' dir='ltr'>se</span> <span class='ocrx_word' id='word_1_514' title='bbox 3501 3307 3561 3361; x_wconf 93' lang='lat' dir='ltr'>in</span> 
     </span>
    </p>
   </div>
   <div class='ocr_carea' id='block_1_79' title="bbox 1930 3397 3565 3470">
    <p class='ocr_par' dir='ltr' id='par_1_79' title="bbox 1930 3397 3565 3470">
     <span class='ocr_line' id='line_1_79' title="bbox 1930 3397 3565 3470; baseline 0.001 -17"><span class='ocrx_word' id='word_1_515' title='bbox 1930 3399 2211 3470; x_wconf 90' lang='lat' dir='ltr'>religione</span> <span class='ocrx_word' id='word_1_516' title='bbox 2239 3397 2596 3462; x_wconf 90' lang='lat' dir='ltr'>damnatum,</span> <span class='ocrx_word' id='word_1_517' title='bbox 2615 3413 2744 3450; x_wconf 92' lang='lat' dir='ltr'>cum</span> <span class='ocrx_word' id='word_1_518' title='bbox 2772 3413 2944 3467; x_wconf 91' lang='lat' dir='ltr'>super</span> <span class='ocrx_word' id='word_1_519' title='bbox 2962 3397 3064 3451; x_wconf 91' lang='lat' dir='ltr'>hac</span> <span class='ocrx_word' id='word_1_520' title='bbox 3083 3403 3246 3468; x_wconf 88' lang='lat' dir='ltr'>parte</span> <span class='ocrx_word' id='word_1_521' title='bbox 3270 3405 3325 3453; x_wconf 90' lang='lat' dir='ltr'>et</span> <span class='ocrx_word' id='word_1_522' title='bbox 3345 3400 3565 3469; x_wconf 74' lang='lat' dir='ltr'>praede-</span> 
     </span>
    </p>
   </div>
   <div class='ocr_carea' id='block_1_80' title="bbox 1933 3490 3561 3562">
    <p class='ocr_par' dir='ltr' id='par_1_80' title="bbox 1933 3490 3561 3562">
     <span class='ocr_line' id='line_1_80' title="bbox 1933 3490 3561 3562; baseline -0.001 -14"><span class='ocrx_word' id='word_1_523' title='bbox 1933 3509 2122 3548; x_wconf 91' lang='lat' dir='ltr'>cessor</span> <span class='ocrx_word' id='word_1_524' title='bbox 2133 3507 2294 3546; x_wconf 89' lang='lat' dir='ltr'>meus</span> <span class='ocrx_word' id='word_1_525' title='bbox 2309 3507 2424 3544; x_wconf 91' lang='lat' dir='ltr'>non</span> <span class='ocrx_word' id='word_1_526' title='bbox 2444 3490 2630 3544; x_wconf 92' lang='lat' dir='ltr'>solum</span> <span class='ocrx_word' id='word_1_527' title='bbox 2647 3490 2883 3544; x_wconf 88' lang='lat' dir='ltr'>minime</span> <span class='ocrx_word' id='word_1_528' title='bbox 2900 3506 3118 3544; x_wconf 91' lang='lat' dir='ltr'>nomen</span> <span class='ocrx_word' id='word_1_529' title='bbox 3141 3491 3262 3560; x_wconf 84' lang='lat' dir='ltr'>ejus</span> <span class='ocrx_word' id='word_1_530' title='bbox 3281 3492 3561 3562; x_wconf 88' lang='lat' dir='ltr'>attigerit,</span> 
     </span>
    </p>
   </div>
   <div class='ocr_carea' id='block_1_81' title="bbox 1933 3581 3558 3657">
    <p class='ocr_par' dir='ltr' id='par_1_81' title="bbox 1933 3581 3558 3657">
     <span class='ocr_line' id='line_1_81' title="bbox 1933 3581 3558 3657; baseline -0.002 -16"><span class='ocrx_word' id='word_1_531' title='bbox 1933 3587 2032 3641; x_wconf 91' lang='lat' dir='ltr'>sed</span> <span class='ocrx_word' id='word_1_532' title='bbox 2084 3586 2316 3655; x_wconf 90' lang='lat' dir='ltr'>insuper</span> <span class='ocrx_word' id='word_1_533' title='bbox 2356 3584 2585 3654; x_wconf 88' lang='lat' dir='ltr'>quando</span> <span class='ocrx_word' id='word_1_534' title='bbox 2635 3581 2912 3654; x_wconf 90' lang='lat' dir='ltr'>principia</span> <span class='ocrx_word' id='word_1_535' title='bbox 2957 3583 3196 3654; x_wconf 87' lang='lat' dir='ltr'>adeptus</span> <span class='ocrx_word' id='word_1_536' title='bbox 3236 3585 3412 3655; x_wconf 72' lang='lat' dir='ltr'>regiae</span> <span class='ocrx_word' id='word_1_537' title='bbox 3457 3603 3558 3657; x_wconf 90' lang='lat' dir='ltr'>po-</span> 
     </span>
    </p>
   </div>
   <div class='ocr_carea' id='block_1_82' title="bbox 1933 3675 3559 3750">
    <p class='ocr_par' dir='ltr' id='par_1_82' title="bbox 1933 3675 3559 3750">
     <span class='ocr_line' id='line_1_82' title="bbox 1933 3675 3559 3750; baseline 0.001 -17"><span class='ocrx_word' id='word_1_538' title='bbox 1933 3681 2151 3734; x_wconf 86' lang='lat' dir='ltr'>testatis</span> <span class='ocrx_word' id='word_1_539' title='bbox 2194 3677 2462 3743; x_wconf 85' lang='lat' dir='ltr'>exercuit,</span> <span class='ocrx_word' id='word_1_540' title='bbox 2489 3677 2545 3731; x_wconf 90' lang='lat' dir='ltr'>in</span> <span class='ocrx_word' id='word_1_541' title='bbox 2586 3677 2704 3748; x_wconf 86' lang='lat' dir='ltr'>ejus</span> <span class='ocrx_word' id='word_1_542' title='bbox 2740 3692 2797 3730; x_wconf 86' lang='lat' dir='ltr'>se</span> <span class='ocrx_word' id='word_1_543' title='bbox 2843 3675 3131 3747; x_wconf 90' lang='lat' dir='ltr'>rescripsit</span> <span class='ocrx_word' id='word_1_544' title='bbox 3169 3678 3399 3749; x_wconf 89' lang='lat' dir='ltr'>imperii</span> <span class='ocrx_word' id='word_1_545' title='bbox 3425 3695 3559 3750; x_wconf 82' lang='lat' dir='ltr'>pro-</span> 
     </span>
    </p>
   </div>
   <div class='ocr_carea' id='block_1_83' title="bbox 1934 3769 3562 3843">
    <p class='ocr_par' dir='ltr' id='par_1_83' title="bbox 1934 3769 3562 3843">
     <span class='ocr_line' id='line_1_83' title="bbox 1934 3769 3562 3843; baseline 0.001 -16"><span class='ocrx_word' id='word_1_546' title='bbox 1934 3773 2189 3827; x_wconf 88' lang='lat' dir='ltr'>motione</span> <span class='ocrx_word' id='word_1_547' title='bbox 2224 3771 2488 3843; x_wconf 88' lang='lat' dir='ltr'>gaudere,</span> <span class='ocrx_word' id='word_1_548' title='bbox 2522 3775 2578 3824; x_wconf 91' lang='lat' dir='ltr'>et</span> <span class='ocrx_word' id='word_1_549' title='bbox 2606 3787 2714 3840; x_wconf 88' lang='lat' dir='ltr'>ego</span> <span class='ocrx_word' id='word_1_550' title='bbox 2747 3769 2904 3824; x_wconf 89' lang='lat' dir='ltr'>nulla</span> <span class='ocrx_word' id='word_1_551' title='bbox 2933 3770 3108 3841; x_wconf 88' lang='lat' dir='ltr'>ipsius</span> <span class='ocrx_word' id='word_1_552' title='bbox 3135 3787 3390 3842; x_wconf 90' lang='lat' dir='ltr'>unquam</span> <span class='ocrx_word' id='word_1_553' title='bbox 3422 3773 3562 3828; x_wconf 89' lang='lat' dir='ltr'>scri-</span> 
     </span>
    </p>
   </div>
   <div class='ocr_carea' id='block_1_84' title="bbox 1935 3863 3561 3938">
    <p class='ocr_par' dir='ltr' id='par_1_84' title="bbox 1935 3863 3561 3938">
     <span class='ocr_line' id='line_1_84' title="bbox 1935 3863 3561 3938; baseline 0 -17"><span class='ocrx_word' id='word_1_554' title='bbox 1935 3871 2032 3938; x_wconf 89' lang='lat' dir='ltr'>pta</span> <span class='ocrx_word' id='word_1_555' title='bbox 2071 3865 2392 3938; x_wconf 88' lang='lat' dir='ltr'>percipiens</span> <span class='ocrx_word' id='word_1_556' title='bbox 2434 3863 2758 3918; x_wconf 88' lang='lat' dir='ltr'>honoriﬁcis</span> <span class='ocrx_word' id='word_1_557' title='bbox 2786 3863 2994 3918; x_wconf 89' lang='lat' dir='ltr'>nostris</span> <span class='ocrx_word' id='word_1_558' title='bbox 3019 3881 3150 3918; x_wconf 92' lang='lat' dir='ltr'>eum</span> <span class='ocrx_word' id='word_1_559' title='bbox 3184 3865 3386 3919; x_wconf 89' lang='lat' dir='ltr'>litteris</span> <span class='ocrx_word' id='word_1_560' title='bbox 3415 3867 3561 3922; x_wconf 87' lang='lat' dir='ltr'>salu-</span> 
     </span>
    </p>
   </div>
   <div class='ocr_carea' id='block_1_85' title="bbox 1934 3957 3564 4031">
    <p class='ocr_par' dir='ltr' id='par_1_85' title="bbox 1934 3957 3564 4031">
     <span class='ocr_line' id='line_1_85' title="bbox 1934 3957 3564 4031; baseline 0.001 -17"><span class='ocrx_word' id='word_1_561' title='bbox 1934 3964 2056 4014; x_wconf 87' lang='lat' dir='ltr'>tare</span> <span class='ocrx_word' id='word_1_562' title='bbox 2084 3957 2439 4013; x_wconf 84' lang='lat' dir='ltr'>curaverim?</span> <span class='ocrx_word' id='word_1_563' title='bbox 2467 3958 2914 4011; x_wconf 73' lang='lat' dir='ltr'>Przedecessores</span> <span class='ocrx_word' id='word_1_564' title='bbox 2958 3958 3075 4011; x_wconf 90' lang='lat' dir='ltr'>mei</span> <span class='ocrx_word' id='word_1_565' title='bbox 3118 3959 3435 4014; x_wconf 90' lang='lat' dir='ltr'>sacerdotes</span> <span class='ocrx_word' id='word_1_566' title='bbox 3467 3961 3564 4031; x_wconf 90' lang='lat' dir='ltr'>qui</span> 
     </span>
    </p>
   </div>
   <div class='ocr_carea' id='block_1_86' title="bbox 1935 4050 3564 4125">
    <p class='ocr_par' dir='ltr' id='par_1_86' title="bbox 1935 4050 3564 4125">
     <span class='ocr_line' id='line_1_86' title="bbox 1935 4050 3564 4125; baseline 0.001 -18"><span class='ocrx_word' id='word_1_567' title='bbox 1935 4051 2459 4125; x_wconf 67' lang='lat' dir='ltr'>praavaricatoribus</span> <span class='ocrx_word' id='word_1_568' title='bbox 2509 4067 2566 4105; x_wconf 89' lang='lat' dir='ltr'>se</span> <span class='ocrx_word' id='word_1_569' title='bbox 2631 4050 3078 4106; x_wconf 88' lang='lat' dir='ltr'>communicasse</span> <span class='ocrx_word' id='word_1_570' title='bbox 3141 4053 3377 4123; x_wconf 90' lang='lat' dir='ltr'>propria</span> <span class='ocrx_word' id='word_1_571' title='bbox 3429 4070 3564 4109; x_wconf 89' lang='lat' dir='ltr'>voce</span> 
     </span>
    </p>
   </div>
   <div class='ocr_carea' id='block_1_87' title="bbox 1935 4145 3566 4215">
    <p class='ocr_par' dir='ltr' id='par_1_87' title="bbox 1935 4145 3566 4215">
     <span class='ocr_line' id='line_1_87' title="bbox 1935 4145 3566 4215; baseline 0.001 -13"><span class='ocrx_word' id='word_1_572' title='bbox 1935 4146 2179 4202; x_wconf 88' lang='lat' dir='ltr'>confessi</span> <span class='ocrx_word' id='word_1_573' title='bbox 2205 4150 2356 4213; x_wconf 90' lang='lat' dir='ltr'>sunt,</span> <span class='ocrx_word' id='word_1_574' title='bbox 2387 4161 2420 4198; x_wconf 93' lang='lat' dir='ltr'>a</span> <span class='ocrx_word' id='word_1_575' title='bbox 2451 4145 2856 4199; x_wconf 87' lang='lat' dir='ltr'>communione</span> <span class='ocrx_word' id='word_1_576' title='bbox 2885 4160 2981 4199; x_wconf 88' lang='lat' dir='ltr'>eos</span> <span class='ocrx_word' id='word_1_577' title='bbox 3007 4145 3315 4215; x_wconf 90' lang='lat' dir='ltr'>apostolica</span> <span class='ocrx_word' id='word_1_578' title='bbox 3343 4146 3566 4204; x_wconf 91' lang='lat' dir='ltr'>submo-</span> 
     </span>
    </p>
   </div>
   <div class='ocr_carea' id='block_1_88' title="bbox 1937 4237 3568 4310">
    <p class='ocr_par' dir='ltr' id='par_1_88' title="bbox 1937 4237 3568 4310">
     <span class='ocr_line' id='line_1_88' title="bbox 1937 4237 3568 4310; baseline 0.002 -17"><span class='ocrx_word' id='word_1_579' title='bbox 1937 4245 2154 4296; x_wconf 90' lang='lat' dir='ltr'>verunt.</span> <span class='ocrx_word' id='word_1_580' title='bbox 2187 4239 2243 4294; x_wconf 92' lang='lat' dir='ltr'>Si</span> <span class='ocrx_word' id='word_1_581' title='bbox 2274 4239 2351 4292; x_wconf 79' lang='lat' dir='ltr'>ita</span> <span class='ocrx_word' id='word_1_582' title='bbox 2375 4238 2560 4310; x_wconf 90' lang='lat' dir='ltr'>placet</span> <span class='ocrx_word' id='word_1_583' title='bbox 2590 4254 2648 4292; x_wconf 92' lang='lat' dir='ltr'>se</span> <span class='ocrx_word' id='word_1_584' title='bbox 2674 4237 2910 4292; x_wconf 88' lang='lat' dir='ltr'>miscere</span> <span class='ocrx_word' id='word_1_585' title='bbox 2939 4239 3238 4306; x_wconf 90' lang='lat' dir='ltr'>damnatis,</span> <span class='ocrx_word' id='word_1_586' title='bbox 3264 4240 3427 4295; x_wconf 91' lang='lat' dir='ltr'>nobis</span> <span class='ocrx_word' id='word_1_587' title='bbox 3454 4258 3568 4296; x_wconf 84' lang='lat' dir='ltr'>non</span> 
     </span>
    </p>
   </div>
   <div class='ocr_carea' id='block_1_89' title="bbox 1935 4331 3570 4406">
    <p class='ocr_par' dir='ltr' id='par_1_89' title="bbox 1935 4331 3570 4406">
     <span class='ocr_line' id='line_1_89' title="bbox 1935 4331 3570 4406; baseline 0.001 -18"><span class='ocrx_word' id='word_1_588' title='bbox 1935 4337 2123 4406; x_wconf 89' lang='lat' dir='ltr'>potest</span> <span class='ocrx_word' id='word_1_589' title='bbox 2175 4331 2441 4404; x_wconf 85' lang='lat' dir='ltr'>imputari</span> <span class='ocrx_word' id='word_1_590' title='bbox 2498 4332 2543 4385; x_wconf 91' lang='lat' dir='ltr'>si</span> <span class='ocrx_word' id='word_1_591' title='bbox 2593 4332 2662 4385; x_wconf 90' lang='lat' dir='ltr'>ab</span> <span class='ocrx_word' id='word_1_592' title='bbox 2715 4333 2798 4385; x_wconf 87' lang='lat' dir='ltr'>eis</span> <span class='ocrx_word' id='word_1_593' title='bbox 2845 4331 2980 4386; x_wconf 90' lang='lat' dir='ltr'>velit</span> <span class='ocrx_word' id='word_1_594' title='bbox 3035 4333 3356 4401; x_wconf 90' lang='lat' dir='ltr'>abscedere,</span> <span class='ocrx_word' id='word_1_595' title='bbox 3412 4338 3570 4390; x_wconf 91' lang='lat' dir='ltr'>tanto</span> 
     </span>
    </p>
   </div>
   <div class='ocr_carea' id='block_1_90' title="bbox 1938 4425 3568 4500">
    <p class='ocr_par' dir='ltr' id='par_1_90' title="bbox 1938 4425 3568 4500">
     <span class='ocr_line' id='line_1_90' title="bbox 1938 4425 3568 4500; baseline 0 -18"><span class='ocrx_word' id='word_1_596' title='bbox 1938 4429 2124 4498; x_wconf 88' lang='lat' dir='ltr'>magis</span> <span class='ocrx_word' id='word_1_597' title='bbox 2149 4445 2181 4481; x_wconf 92' lang='lat' dir='ltr'>a</span> <span class='ocrx_word' id='word_1_598' title='bbox 2206 4427 2370 4481; x_wconf 90' lang='lat' dir='ltr'>nobis</span> <span class='ocrx_word' id='word_1_599' title='bbox 2401 4442 2517 4480; x_wconf 90' lang='lat' dir='ltr'>non</span> <span class='ocrx_word' id='word_1_600' title='bbox 2549 4429 2733 4496; x_wconf 91' lang='lat' dir='ltr'>potest</span> <span class='ocrx_word' id='word_1_601' title='bbox 2760 4441 2879 4480; x_wconf 89' lang='lat' dir='ltr'>esse</span> <span class='ocrx_word' id='word_1_602' title='bbox 2908 4425 3228 4493; x_wconf 89' lang='lat' dir='ltr'>damnatus,</span> <span class='ocrx_word' id='word_1_603' title='bbox 3253 4429 3351 4483; x_wconf 92' lang='lat' dir='ltr'>sed</span> <span class='ocrx_word' id='word_1_604' title='bbox 3381 4430 3568 4500; x_wconf 90' lang='lat' dir='ltr'>potius</span> 
     </span>
    </p>
   </div>
   <div class='ocr_carea' id='block_1_91' title="bbox 196 4518 3568 4597">
    <p class='ocr_par' dir='ltr' id='par_1_91' title="bbox 196 4518 3568 4597">
     <span class='ocr_line' id='line_1_91' title="bbox 196 4518 3568 4597; baseline 0.001 -25"><span class='ocrx_word' id='word_1_605' title='bbox 196 4518 548 4590; x_wconf 86' lang='lat' dir='ltr'>gerendum,</span> <span class='ocrx_word' id='word_1_606' title='bbox 571 4520 696 4574; x_wconf 87' lang='lat' dir='ltr'>utsi</span> <span class='ocrx_word' id='word_1_607' title='bbox 723 4537 854 4575; x_wconf 91' lang='lat' dir='ltr'>eum</span> <span class='ocrx_word' id='word_1_608' title='bbox 878 4521 1135 4592; x_wconf 88' lang='lat' dir='ltr'>legitime</span> <span class='ocrx_word' id='word_1_609' title='bbox 1153 4522 1316 4577; x_wconf 90' lang='lat' dir='ltr'>vellet</span> <span class='ocrx_word' id='word_1_610' title='bbox 1342 4522 1553 4577; x_wconf 87' lang='lat' dir='ltr'>absolvi</span> <span class='ocrx_word' id='word_1_611' title='bbox 1580 4522 1839 4592; x_wconf 90' lang='lat' dir='ltr'>legitima</span> <span class='ocrx_word' id='word_1_612' title='bbox 1858 4525 1916 4597; x_wconf 85' lang='lat' dir='ltr'><strong>D</strong></span> <span class='ocrx_word' id='word_1_613' title='bbox 1942 4521 2012 4575; x_wconf 91' lang='lat' dir='ltr'>ad</span> <span class='ocrx_word' id='word_1_614' title='bbox 2038 4519 2282 4591; x_wconf 88' lang='lat' dir='ltr'>gratiam</span> <span class='ocrx_word' id='word_1_615' title='bbox 2320 4519 2558 4572; x_wconf 66' lang='lat' dir='ltr'>sincerae</span> <span class='ocrx_word' id='word_1_616' title='bbox 2586 4518 3004 4573; x_wconf 90' lang='lat' dir='ltr'>communionis</span> <span class='ocrx_word' id='word_1_617' title='bbox 3035 4519 3337 4575; x_wconf 90' lang='lat' dir='ltr'>admissus.</span> <span class='ocrx_word' id='word_1_618' title='bbox 3368 4521 3453 4575; x_wconf 80' lang='lat' dir='ltr'>Ad</span> <span class='ocrx_word' id='word_1_619' title='bbox 3481 4539 3568 4577; x_wconf 89' lang='lat' dir='ltr'>se-</span> 
     </span>
    </p>
   </div>
   <div class='ocr_carea' id='block_1_92' title="bbox 195 4612 1838 4686">
    <p class='ocr_par' dir='ltr' id='par_1_92' title="bbox 195 4612 1838 4686">
     <span class='ocr_line' id='line_1_92' title="bbox 195 4612 1838 4686; baseline 0.001 -18"><span class='ocrx_word' id='word_1_620' title='bbox 195 4612 571 4668; x_wconf 87' lang='lat' dir='ltr'>ecclesiastici</span> <span class='ocrx_word' id='word_1_621' title='bbox 627 4615 842 4669; x_wconf 91' lang='lat' dir='ltr'>tenoris</span> <span class='ocrx_word' id='word_1_622' title='bbox 894 4615 1176 4670; x_wconf 89' lang='lat' dir='ltr'>absolutio</span> <span class='ocrx_word' id='word_1_623' title='bbox 1219 4615 1559 4686; x_wconf 91' lang='lat' dir='ltr'>proveniret,</span> <span class='ocrx_word' id='word_1_624' title='bbox 1605 4621 1662 4670; x_wconf 92' lang='lat' dir='ltr'>et</span> <span class='ocrx_word' id='word_1_625' title='bbox 1718 4616 1838 4670; x_wconf 65' lang='lat' dir='ltr'>haec</span> 
     </span>
    </p>
   </div>
   <div class='ocr_carea' id='block_1_93' title="bbox 196 4706 1838 4779">
    <p class='ocr_par' dir='ltr' id='par_1_93' title="bbox 196 4706 1838 4779">
     <span class='ocr_line' id='line_1_93' title="bbox 196 4706 1838 4779; baseline 0.002 -20"><span class='ocrx_word' id='word_1_626' title='bbox 196 4706 405 4760; x_wconf 91' lang='lat' dir='ltr'>omnia</span> <span class='ocrx_word' id='word_1_627' title='bbox 434 4723 560 4778; x_wconf 63' lang='lat' dir='ltr'>quae</span> <span class='ocrx_word' id='word_1_628' title='bbox 588 4708 846 4779; x_wconf 90' lang='lat' dir='ltr'>superius</span> <span class='ocrx_word' id='word_1_629' title='bbox 875 4709 1021 4764; x_wconf 91' lang='lat' dir='ltr'>dicta</span> <span class='ocrx_word' id='word_1_630' title='bbox 1061 4715 1190 4764; x_wconf 89' lang='lat' dir='ltr'>sunt</span> <span class='ocrx_word' id='word_1_631' title='bbox 1226 4711 1539 4764; x_wconf 90' lang='lat' dir='ltr'>secundum</span> <span class='ocrx_word' id='word_1_632' title='bbox 1577 4710 1838 4764; x_wconf 70' lang='lat' dir='ltr'>Ecclesia:</span> 
     </span>
    </p>
   </div>
   <div class='ocr_carea' id='block_1_94' title="bbox 199 4799 1840 4874">
    <p class='ocr_par' dir='ltr' id='par_1_94' title="bbox 199 4799 1840 4874">
     <span class='ocr_line' id='line_1_94' title="bbox 199 4799 1840 4874; baseline 0.002 -22"><span class='ocrx_word' id='word_1_633' title='bbox 199 4799 506 4853; x_wconf 89' lang='lat' dir='ltr'>tramitem</span> <span class='ocrx_word' id='word_1_634' title='bbox 551 4807 911 4857; x_wconf 88' lang='lat' dir='ltr'>servarentur</span> <span class='ocrx_word' id='word_1_635' title='bbox 943 4819 954 4857; x_wconf 92' lang='lat'><strong>:</strong></span> <span class='ocrx_word' id='word_1_636' title='bbox 991 4803 1274 4874; x_wconf 63' lang='lat' dir='ltr'>praecipue</span> <span class='ocrx_word' id='word_1_637' title='bbox 1305 4819 1435 4857; x_wconf 90' lang='lat' dir='ltr'>cum</span> <span class='ocrx_word' id='word_1_638' title='bbox 1463 4803 1530 4858; x_wconf 92' lang='lat' dir='ltr'>de</span> <span class='ocrx_word' id='word_1_639' title='bbox 1575 4802 1840 4858; x_wconf 69' lang='lat' dir='ltr'>secunda:</span> 
     </span>
    </p>
   </div>
   <div class='ocr_carea' id='block_1_95' title="bbox 197 4892 1838 4967">
    <p class='ocr_par' dir='ltr' id='par_1_95' title="bbox 197 4892 1838 4967">
     <span class='ocr_line' id='line_1_95' title="bbox 197 4892 1838 4967; baseline 0.002 -22"><span class='ocrx_word' id='word_1_640' title='bbox 197 4892 362 4946; x_wconf 82' lang='lat' dir='ltr'>sedis</span> <span class='ocrx_word' id='word_1_641' title='bbox 401 4897 670 4964; x_wconf 88' lang='lat' dir='ltr'>ageretur</span> <span class='ocrx_word' id='word_1_642' title='bbox 705 4895 974 4962; x_wconf 90' lang='lat' dir='ltr'>antistite,</span> <span class='ocrx_word' id='word_1_643' title='bbox 1009 4912 1113 4950; x_wconf 89' lang='lat' dir='ltr'>nec</span> <span class='ocrx_word' id='word_1_644' title='bbox 1153 4895 1224 4950; x_wconf 89' lang='lat' dir='ltr'>ab</span> <span class='ocrx_word' id='word_1_645' title='bbox 1262 4896 1524 4951; x_wconf 87' lang='lat' dir='ltr'>inferiore</span> <span class='ocrx_word' id='word_1_646' title='bbox 1567 4896 1838 4967; x_wconf 87' lang='lat' dir='ltr'>qualibet,</span> 
     </span>
    </p>
   </div>
   <div class='ocr_carea' id='block_1_96' title="bbox 200 4985 1839 5061">
    <p class='ocr_par' dir='ltr' id='par_1_96' title="bbox 200 4985 1839 5061">
     <span class='ocr_line' id='line_1_96' title="bbox 200 4985 1839 5061; baseline 0.001 -21"><span class='ocrx_word' id='word_1_647' title='bbox 200 4985 304 5040; x_wconf 85' lang='lat' dir='ltr'>sed</span> <span class='ocrx_word' id='word_1_648' title='bbox 327 5002 362 5038; x_wconf 92' lang='lat' dir='ltr'>a</span> <span class='ocrx_word' id='word_1_649' title='bbox 379 4986 563 5057; x_wconf 92' lang='lat' dir='ltr'>prima</span> <span class='ocrx_word' id='word_1_650' title='bbox 584 4988 714 5042; x_wconf 89' lang='lat' dir='ltr'>sede</span> <span class='ocrx_word' id='word_1_651' title='bbox 737 4989 869 5059; x_wconf 89' lang='lat' dir='ltr'>jure</span> <span class='ocrx_word' id='word_1_652' title='bbox 899 4989 1076 5060; x_wconf 89' lang='lat' dir='ltr'>possit</span> <span class='ocrx_word' id='word_1_653' title='bbox 1105 4989 1336 5045; x_wconf 91' lang='lat' dir='ltr'>absolvi.</span> <span class='ocrx_word' id='word_1_654' title='bbox 1364 4989 1604 5045; x_wconf 88' lang='lat' dir='ltr'>Inferior</span> <span class='ocrx_word' id='word_1_655' title='bbox 1627 4989 1839 5061; x_wconf 87' lang='lat' dir='ltr'>quippe</span> 
     </span>
    </p>
   </div>
   <div class='ocr_carea' id='block_1_97' title="bbox 197 5078 1843 5154">
    <p class='ocr_par' dir='ltr' id='par_1_97' title="bbox 197 5078 1843 5154">
     <span class='ocr_line' id='line_1_97' title="bbox 197 5078 1843 5154; baseline 0.002 -22"><span class='ocrx_word' id='word_1_656' title='bbox 197 5078 498 5151; x_wconf 85' lang='lat' dir='ltr'>potiorem</span> <span class='ocrx_word' id='word_1_657' title='bbox 555 5080 851 5136; x_wconf 89' lang='lat' dir='ltr'>absolvere</span> <span class='ocrx_word' id='word_1_658' title='bbox 896 5100 1011 5137; x_wconf 92' lang='lat' dir='ltr'>non</span> <span class='ocrx_word' id='word_1_659' title='bbox 1061 5086 1264 5154; x_wconf 90' lang='lat' dir='ltr'>potest,</span> <span class='ocrx_word' id='word_1_660' title='bbox 1308 5084 1428 5138; x_wconf 88' lang='lat' dir='ltr'>sola</span> <span class='ocrx_word' id='word_1_661' title='bbox 1475 5099 1610 5154; x_wconf 91' lang='lat' dir='ltr'>ergo</span> <span class='ocrx_word' id='word_1_662' title='bbox 1654 5083 1843 5154; x_wconf 91' lang='lat' dir='ltr'>potior</span> 
     </span>
    </p>
   </div>
   <div class='ocr_carea' id='block_1_98' title="bbox 197 5172 1842 5232">
    <p class='ocr_par' dir='ltr' id='par_1_98' title="bbox 197 5172 1842 5232">
     <span class='ocr_line' id='line_1_98' title="bbox 197 5172 1842 5232; baseline 0.002 -6"><span class='ocrx_word' id='word_1_663' title='bbox 197 5172 542 5228; x_wconf 88' lang='lat' dir='ltr'>inferiorem</span> <span class='ocrx_word' id='word_1_664' title='bbox 569 5177 971 5232; x_wconf 87' lang='lat' dir='ltr'>convenienter</span> <span class='ocrx_word' id='word_1_665' title='bbox 994 5177 1252 5232; x_wconf 90' lang='lat' dir='ltr'>absolvit.</span> <span class='ocrx_word' id='word_1_666' title='bbox 1286 5177 1529 5232; x_wconf 90' lang='lat' dir='ltr'>Proinde</span> <span class='ocrx_word' id='word_1_667' title='bbox 1561 5176 1842 5231; x_wconf 83' lang='lat' dir='ltr'>inferioris</span> 
     </span>
    </p>
   </div>
   <div class='ocr_carea' id='block_1_99' title="bbox 202 5266 1842 5342">
    <p class='ocr_par' dir='ltr' id='par_1_99' title="bbox 202 5266 1842 5342">
     <span class='ocr_line' id='line_1_99' title="bbox 202 5266 1842 5342; baseline 0.003 -22"><span class='ocrx_word' id='word_1_668' title='bbox 202 5266 320 5321; x_wconf 91' lang='lat' dir='ltr'>loci</span> <span class='ocrx_word' id='word_1_669' title='bbox 353 5268 646 5338; x_wconf 80' lang='lat' dir='ltr'>pontiﬁces</span> <span class='ocrx_word' id='word_1_670' title='bbox 676 5270 776 5342; x_wconf 91' lang='lat' dir='ltr'>qui</span> <span class='ocrx_word' id='word_1_671' title='bbox 818 5272 1145 5326; x_wconf 88' lang='lat' dir='ltr'>nullatenus</span> <span class='ocrx_word' id='word_1_672' title='bbox 1171 5288 1228 5325; x_wconf 87' lang='lat' dir='ltr'>se</span> <span class='ocrx_word' id='word_1_673' title='bbox 1257 5276 1529 5327; x_wconf 89' lang='lat' dir='ltr'>noverant</span> <span class='ocrx_word' id='word_1_674' title='bbox 1565 5271 1842 5342; x_wconf 89' lang='lat' dir='ltr'>potiorem</span> 
     </span>
    </p>
   </div>
   <div class='ocr_carea' id='block_1_100' title="bbox 199 5359 1841 5438">
    <p class='ocr_par' dir='ltr' id='par_1_100' title="bbox 199 5359 1841 5438">
     <span class='ocr_line' id='line_1_100' title="bbox 199 5359 1841 5438; baseline 0.002 -23"><span class='ocrx_word' id='word_1_675' title='bbox 199 5359 325 5415; x_wconf 79' lang='lat' dir='ltr'>sibi</span> <span class='ocrx_word' id='word_1_676' title='bbox 354 5361 471 5416; x_wconf 87' lang='lat' dir='ltr'>sine</span> <span class='ocrx_word' id='word_1_677' title='bbox 496 5363 678 5433; x_wconf 88' lang='lat' dir='ltr'>prima</span> <span class='ocrx_word' id='word_1_678' title='bbox 705 5364 840 5418; x_wconf 90' lang='lat' dir='ltr'>sede</span> <span class='ocrx_word' id='word_1_679' title='bbox 862 5381 1022 5435; x_wconf 88' lang='lat' dir='ltr'>posse</span> <span class='ocrx_word' id='word_1_680' title='bbox 1045 5367 1344 5433; x_wconf 87' lang='lat' dir='ltr'>resolvere,</span> <span class='ocrx_word' id='word_1_681' title='bbox 1365 5365 1646 5438; x_wconf 51' lang='lat' dir='ltr'>praecipue</span> <span class='ocrx_word' id='word_1_682' title='bbox 1669 5381 1841 5437; x_wconf 89' lang='lat' dir='ltr'>quem</span> 
     </span>
    </p>
   </div>
   <div class='ocr_carea' id='block_1_101' title="bbox 201 5454 1846 5530">
    <p class='ocr_par' dir='ltr' id='par_1_101' title="bbox 201 5454 1846 5530">
     <span class='ocr_line' id='line_1_101' title="bbox 201 5454 1846 5530; baseline 0.002 -22"><span class='ocrx_word' id='word_1_683' title='bbox 201 5454 339 5524; x_wconf 76' lang='lat' dir='ltr'>ejus</span> <span class='ocrx_word' id='word_1_684' title='bbox 370 5457 650 5511; x_wconf 88' lang='lat' dir='ltr'>sententia</span> <span class='ocrx_word' id='word_1_685' title='bbox 692 5465 964 5513; x_wconf 88' lang='lat' dir='ltr'>noverant</span> <span class='ocrx_word' id='word_1_686' title='bbox 1014 5459 1351 5530; x_wconf 84' lang='lat' dir='ltr'>obligatum,</span> <span class='ocrx_word' id='word_1_687' title='bbox 1387 5458 1846 5530; x_wconf 63' lang='lat' dir='ltr'>praevaricatoria</span> 
     </span>
    </p>
   </div>
   <div class='ocr_carea' id='block_1_102' title="bbox 199 5547 1842 5624">
    <p class='ocr_par' dir='ltr' id='par_1_102' title="bbox 199 5547 1842 5624">
     <span class='ocr_line' id='line_1_102' title="bbox 199 5547 1842 5624; baseline 0.002 -22"><span class='ocrx_word' id='word_1_688' title='bbox 199 5547 572 5605; x_wconf 82' lang='lat' dir='ltr'>absolutione</span> <span class='ocrx_word' id='word_1_689' title='bbox 628 5553 814 5622; x_wconf 90' lang='lat' dir='ltr'>potius</span> <span class='ocrx_word' id='word_1_690' title='bbox 871 5569 982 5607; x_wconf 87' lang='lat' dir='ltr'>non</span> <span class='ocrx_word' id='word_1_691' title='bbox 1037 5553 1195 5606; x_wconf 85' lang='lat' dir='ltr'>illum</span> <span class='ocrx_word' id='word_1_692' title='bbox 1258 5553 1484 5624; x_wconf 87' lang='lat' dir='ltr'>penitus</span> <span class='ocrx_word' id='word_1_693' title='bbox 1547 5557 1842 5617; x_wconf 82' lang='lat' dir='ltr'>exuerunt,</span> 
     </span>
    </p>
   </div>
   <div class='ocr_carea' id='block_1_103' title="bbox 205 5637 1845 5718">
    <p class='ocr_par' dir='ltr' id='par_1_103' title="bbox 205 5637 1845 5718">
     <span class='ocr_line' id='line_1_103' title="bbox 205 5637 1845 5718; baseline 0.002 -23"><span class='ocrx_word' id='word_1_694' title='bbox 205 5641 315 5695; x_wconf 81' lang='lat' dir='ltr'>sed</span> <span class='ocrx_word' id='word_1_695' title='bbox 372 5642 834 5714; x_wconf 62' lang='lat' dir='ltr'>praevaricatione</span> <span class='ocrx_word' id='word_1_696' title='bbox 879 5637 1094 5718; x_wconf 85' lang='lat' dir='ltr'>potius</span> <span class='ocrx_word' id='word_1_697' title='bbox 1160 5650 1496 5701; x_wconf 84' lang='lat' dir='ltr'>nexuerunt.</span> <span class='ocrx_word' id='word_1_698' title='bbox 1559 5647 1637 5700; x_wconf 92' lang='lat' dir='ltr'>Ita</span> <span class='ocrx_word' id='word_1_699' title='bbox 1697 5644 1845 5700; x_wconf 80' lang='lat' dir='ltr'>Petri</span> 
     </span>
    </p>
   </div>
   <div class='ocr_carea' id='block_1_104' title="bbox 200 5735 1846 5811">
    <p class='ocr_par' dir='ltr' id='par_1_104' title="bbox 200 5735 1846 5811">
     <span class='ocr_line' id='line_1_104' title="bbox 200 5735 1846 5811; baseline 0.002 -23"><span class='ocrx_word' id='word_1_700' title='bbox 200 5735 500 5791; x_wconf 83' lang='lat' dir='ltr'>absolutio</span> <span class='ocrx_word' id='word_1_701' title='bbox 576 5755 643 5792; x_wconf 80' lang='lat' dir='ltr'>ex</span> <span class='ocrx_word' id='word_1_702' title='bbox 716 5743 957 5811; x_wconf 91' lang='lat' dir='ltr'>utroque</span> <span class='ocrx_word' id='word_1_703' title='bbox 1033 5757 1142 5794; x_wconf 88' lang='lat' dir='ltr'>non</span> <span class='ocrx_word' id='word_1_704' title='bbox 1225 5744 1459 5806; x_wconf 90' lang='lat' dir='ltr'>constat,</span> <span class='ocrx_word' id='word_1_705' title='bbox 1537 5739 1669 5811; x_wconf 90' lang='lat' dir='ltr'>quia</span> <span class='ocrx_word' id='word_1_706' title='bbox 1746 5755 1846 5793; x_wconf 89' lang='lat' dir='ltr'>nec</span> 
     </span>
    </p>
   </div>
   <div class='ocr_carea' id='block_1_105' title="bbox 204 5830 1844 5904">
    <p class='ocr_par' dir='ltr' id='par_1_105' title="bbox 204 5830 1844 5904">
     <span class='ocr_line' id='line_1_105' title="bbox 204 5830 1844 5904; baseline 0.004 -23"><span class='ocrx_word' id='word_1_707' title='bbox 204 5830 675 5900; x_wconf 64' lang='lat' dir='ltr'>praevaricatoria</span> <span class='ocrx_word' id='word_1_708' title='bbox 709 5833 1065 5888; x_wconf 90' lang='lat' dir='ltr'>absolutione</span> <span class='ocrx_word' id='word_1_709' title='bbox 1098 5834 1183 5888; x_wconf 91' lang='lat' dir='ltr'>rei</span> <span class='ocrx_word' id='word_1_710' title='bbox 1222 5850 1386 5888; x_wconf 91' lang='lat' dir='ltr'>reum</span> <span class='ocrx_word' id='word_1_711' title='bbox 1423 5833 1714 5889; x_wconf 91' lang='lat' dir='ltr'>absolvere</span> <span class='ocrx_word' id='word_1_712' title='bbox 1742 5850 1844 5904; x_wconf 83' lang='lat' dir='ltr'>po-</span> 
     </span>
    </p>
   </div>
   <div class='ocr_carea' id='block_1_106' title="bbox 203 5925 1843 5998">
    <p class='ocr_par' dir='ltr' id='par_1_106' title="bbox 203 5925 1843 5998">
     <span class='ocr_line' id='line_1_106' title="bbox 203 5925 1843 5998; baseline 0.002 -21"><span class='ocrx_word' id='word_1_713' title='bbox 203 5926 470 5980; x_wconf 87' lang='lat' dir='ltr'>tuerunt.</span> <span class='ocrx_word' id='word_1_714' title='bbox 515 5930 565 5978; x_wconf 90' lang='lat' dir='ltr'>et</span> <span class='ocrx_word' id='word_1_715' title='bbox 616 5925 859 5996; x_wconf 87' lang='lat' dir='ltr'>depulsis</span> <span class='ocrx_word' id='word_1_716' title='bbox 905 5927 1158 5997; x_wconf 89' lang='lat' dir='ltr'>undique</span> <span class='ocrx_word' id='word_1_717' title='bbox 1210 5927 1572 5998; x_wconf 85' lang='lat' dir='ltr'>pontiﬁcibus</span> <span class='ocrx_word' id='word_1_718' title='bbox 1612 5927 1843 5981; x_wconf 84' lang='lat' dir='ltr'>catholi-</span> 
     </span>
    </p>
   </div>
   <div class='ocr_carea' id='block_1_107' title="bbox 1940 4611 3567 4685">
    <p class='ocr_par' dir='ltr' id='par_1_107' title="bbox 1940 4611 3567 4685">
     <span class='ocr_line' id='line_1_107' title="bbox 1940 4611 3567 4685; baseline 0.001 -17"><span class='ocrx_word' id='word_1_719' title='bbox 1940 4617 2140 4668; x_wconf 89' lang='lat' dir='ltr'>uatum</span> <span class='ocrx_word' id='word_1_720' title='bbox 2183 4611 2435 4683; x_wconf 91' lang='lat' dir='ltr'>pertinet</span> <span class='ocrx_word' id='word_1_721' title='bbox 2481 4613 2819 4679; x_wconf 81' lang='lat' dir='ltr'>Romanum,</span> <span class='ocrx_word' id='word_1_722' title='bbox 2849 4615 2913 4665; x_wconf 92' lang='lat' dir='ltr'>ut</span> <span class='ocrx_word' id='word_1_723' title='bbox 2957 4627 3184 4666; x_wconf 90' lang='lat' dir='ltr'>memor</span> <span class='ocrx_word' id='word_1_724' title='bbox 3226 4612 3359 4667; x_wconf 87' lang='lat' dir='ltr'>ﬁdei</span> <span class='ocrx_word' id='word_1_725' title='bbox 3397 4631 3567 4685; x_wconf 91' lang='lat' dir='ltr'>quam</span> 
     </span>
    </p>
   </div>
   <div class='ocr_carea' id='block_1_108' title="bbox 1943 4703 3573 4780">
    <p class='ocr_par' dir='ltr' id='par_1_108' title="bbox 1943 4703 3573 4780">
     <span class='ocr_line' id='line_1_108' title="bbox 1943 4703 3573 4780; baseline 0.002 -19"><span class='ocrx_word' id='word_1_726' title='bbox 1943 4724 1976 4761; x_wconf 91' lang='lat' dir='ltr'>a</span> <span class='ocrx_word' id='word_1_727' title='bbox 2039 4705 2370 4778; x_wconf 89' lang='lat' dir='ltr'>parentibus</span> <span class='ocrx_word' id='word_1_728' title='bbox 2443 4721 2500 4759; x_wconf 93' lang='lat' dir='ltr'>se</span> <span class='ocrx_word' id='word_1_729' title='bbox 2575 4703 2883 4774; x_wconf 88' lang='lat' dir='ltr'>suscepisse</span> <span class='ocrx_word' id='word_1_730' title='bbox 2960 4705 3247 4772; x_wconf 88' lang='lat' dir='ltr'>meminit,</span> <span class='ocrx_word' id='word_1_731' title='bbox 3312 4710 3573 4780; x_wconf 89' lang='lat' dir='ltr'>contagia</span> 
     </span>
    </p>
   </div>
   <div class='ocr_carea' id='block_1_109' title="bbox 1942 4797 3569 4869">
    <p class='ocr_par' dir='ltr' id='par_1_109' title="bbox 1942 4797 3569 4869">
     <span class='ocr_line' id='line_1_109' title="bbox 1942 4797 3569 4869; baseline 0.002 -15"><span class='ocrx_word' id='word_1_732' title='bbox 1942 4801 2080 4856; x_wconf 88' lang='lat' dir='ltr'>vitet</span> <span class='ocrx_word' id='word_1_733' title='bbox 2121 4797 2538 4854; x_wconf 90' lang='lat' dir='ltr'>communionis</span> <span class='ocrx_word' id='word_1_734' title='bbox 2583 4803 2849 4864; x_wconf 75' lang='lat' dir='ltr'>externae,</span> <span class='ocrx_word' id='word_1_735' title='bbox 2899 4813 3086 4869; x_wconf 88' lang='lat' dir='ltr'>neque</span> <span class='ocrx_word' id='word_1_736' title='bbox 3141 4799 3213 4853; x_wconf 92' lang='lat' dir='ltr'>ob</span> <span class='ocrx_word' id='word_1_737' title='bbox 3254 4800 3362 4854; x_wconf 92' lang='lat' dir='ltr'>hoc</span> <span class='ocrx_word' id='word_1_738' title='bbox 3409 4818 3569 4858; x_wconf 88' lang='lat' dir='ltr'>com-</span> 
     </span>
    </p>
   </div>
   <div class='ocr_carea' id='block_1_110' title="bbox 1942 4890 3572 4964">
    <p class='ocr_par' dir='ltr' id='par_1_110' title="bbox 1942 4890 3572 4964">
     <span class='ocr_line' id='line_1_110' title="bbox 1942 4890 3572 4964; baseline 0.003 -16"><span class='ocrx_word' id='word_1_739' title='bbox 1942 4893 2232 4948; x_wconf 91' lang='lat' dir='ltr'>munionis</span> <span class='ocrx_word' id='word_1_740' title='bbox 2279 4892 2429 4947; x_wconf 89' lang='lat' dir='ltr'>sedis</span> <span class='ocrx_word' id='word_1_741' title='bbox 2477 4890 2794 4962; x_wconf 69' lang='lat' dir='ltr'>apostolica:</span> <span class='ocrx_word' id='word_1_742' title='bbox 2845 4891 3019 4962; x_wconf 93' lang='lat' dir='ltr'>(quob</span> <span class='ocrx_word' id='word_1_743' title='bbox 3087 4892 3250 4964; x_wconf 90' lang='lat' dir='ltr'>absit)</span> <span class='ocrx_word' id='word_1_744' title='bbox 3299 4895 3572 4952; x_wconf 87' lang='lat' dir='ltr'>reddatur</span> 
     </span>
    </p>
   </div>
   <div class='ocr_carea' id='block_1_111' title="bbox 1942 4983 3568 5059">
    <p class='ocr_par' dir='ltr' id='par_1_111' title="bbox 1942 4983 3568 5059">
     <span class='ocr_line' id='line_1_111' title="bbox 1942 4983 3568 5059; baseline 0.002 -17"><span class='ocrx_word' id='word_1_745' title='bbox 1942 4991 2226 5054; x_wconf 85' lang='lat' dir='ltr'>externus,</span> <span class='ocrx_word' id='word_1_746' title='bbox 2257 4990 2315 5041; x_wconf 90' lang='lat' dir='ltr'>et</span> <span class='ocrx_word' id='word_1_747' title='bbox 2337 4984 2557 5040; x_wconf 87' lang='lat' dir='ltr'>veniam</span> <span class='ocrx_word' id='word_1_748' title='bbox 2583 4983 2688 5039; x_wconf 91' lang='lat' dir='ltr'>sibi</span> <span class='ocrx_word' id='word_1_749' title='bbox 2715 4983 2836 5038; x_wconf 90' lang='lat' dir='ltr'>dari</span> <span class='ocrx_word' id='word_1_750' title='bbox 2870 4983 3080 5040; x_wconf 91' lang='lat' dir='ltr'>debere</span> <span class='ocrx_word' id='word_1_751' title='bbox 3118 4994 3436 5059; x_wconf 70' lang='lat' dir='ltr'>praeponat.</span> <span class='ocrx_word' id='word_1_752' title='bbox 3465 4991 3568 5046; x_wconf 87' lang='lat' dir='ltr'>Le-</span> 
     </span>
    </p>
   </div>
   <div class='ocr_carea' id='block_1_112' title="bbox 1944 5078 3573 5152">
    <p class='ocr_par' dir='ltr' id='par_1_112' title="bbox 1944 5078 3573 5152">
     <span class='ocr_line' id='line_1_112' title="bbox 1944 5078 3573 5152; baseline 0.003 -17"><span class='ocrx_word' id='word_1_753' title='bbox 1944 5086 2128 5152; x_wconf 88' lang='lat' dir='ltr'>gatur,</span> <span class='ocrx_word' id='word_1_754' title='bbox 2162 5098 2228 5135; x_wconf 82' lang='lat' dir='ltr'>ex</span> <span class='ocrx_word' id='word_1_755' title='bbox 2254 5097 2366 5152; x_wconf 93' lang='lat' dir='ltr'>quo</span> <span class='ocrx_word' id='word_1_756' title='bbox 2401 5085 2485 5135; x_wconf 91' lang='lat' dir='ltr'>est</span> <span class='ocrx_word' id='word_1_757' title='bbox 2518 5079 2719 5150; x_wconf 90' lang='lat' dir='ltr'>religio</span> <span class='ocrx_word' id='word_1_758' title='bbox 2744 5078 3079 5148; x_wconf 89' lang='lat' dir='ltr'>Christiana,</span> <span class='ocrx_word' id='word_1_759' title='bbox 3108 5082 3196 5135; x_wconf 90' lang='lat' dir='ltr'>vel</span> <span class='ocrx_word' id='word_1_760' title='bbox 3225 5087 3375 5138; x_wconf 91' lang='lat' dir='ltr'>certe</span> <span class='ocrx_word' id='word_1_761' title='bbox 3407 5084 3573 5139; x_wconf 87' lang='lat' dir='ltr'>detur</span> 
     </span>
    </p>
   </div>
   <div class='ocr_carea' id='block_1_113' title="bbox 1947 5173 3571 5249">
    <p class='ocr_par' dir='ltr' id='par_1_113' title="bbox 1947 5173 3571 5249">
     <span class='ocr_line' id='line_1_113' title="bbox 1947 5173 3571 5249; baseline 0.001 -19"><span class='ocrx_word' id='word_1_762' title='bbox 1947 5175 2267 5246; x_wconf 85' lang='lat' dir='ltr'>exemplum</span> <span class='ocrx_word' id='word_1_763' title='bbox 2295 5173 2354 5228; x_wconf 90' lang='lat' dir='ltr'>in</span> <span class='ocrx_word' id='word_1_764' title='bbox 2379 5173 2618 5228; x_wconf 88' lang='lat' dir='ltr'>Ecclesia</span> <span class='ocrx_word' id='word_1_765' title='bbox 2643 5173 2740 5226; x_wconf 90' lang='lat' dir='ltr'>Dei</span> <span class='ocrx_word' id='word_1_766' title='bbox 2766 5189 2798 5226; x_wconf 88' lang='lat' dir='ltr'>a</span> <span class='ocrx_word' id='word_1_767' title='bbox 2817 5173 3164 5244; x_wconf 91' lang='lat' dir='ltr'>quibuslibet</span> <span class='ocrx_word' id='word_1_768' title='bbox 3191 5177 3571 5249; x_wconf 87' lang='lat' dir='ltr'>pontiﬁcibus,</span> 
     </span>
    </p>
   </div>
   <div class='ocr_carea' id='block_1_114' title="bbox 1942 5265 3574 5340">
    <p class='ocr_par' dir='ltr' id='par_1_114' title="bbox 1942 5265 3574 5340">
     <span class='ocr_line' id='line_1_114' title="bbox 1942 5265 3574 5340; baseline 0.002 -17"><span class='ocrx_word' id='word_1_769' title='bbox 1942 5274 2039 5323; x_wconf 89' lang='lat' dir='ltr'>aut</span> <span class='ocrx_word' id='word_1_770' title='bbox 2085 5269 2154 5322; x_wconf 88' lang='lat' dir='ltr'>ab</span> <span class='ocrx_word' id='word_1_771' title='bbox 2199 5268 2336 5340; x_wconf 91' lang='lat' dir='ltr'>ipsis</span> <span class='ocrx_word' id='word_1_772' title='bbox 2379 5267 2671 5338; x_wconf 87' lang='lat' dir='ltr'>apostolis,</span> <span class='ocrx_word' id='word_1_773' title='bbox 2717 5267 2786 5321; x_wconf 89' lang='lat' dir='ltr'>ab</span> <span class='ocrx_word' id='word_1_774' title='bbox 2830 5265 2951 5338; x_wconf 91' lang='lat' dir='ltr'>ipso</span> <span class='ocrx_word' id='word_1_775' title='bbox 2996 5268 3242 5339; x_wconf 89' lang='lat' dir='ltr'>denique</span> <span class='ocrx_word' id='word_1_776' title='bbox 3288 5270 3574 5326; x_wconf 89' lang='lat' dir='ltr'>Salvatore</span> 
     </span>
    </p>
   </div>
   <div class='ocr_carea' id='block_1_115' title="bbox 1945 5359 3573 5432">
    <p class='ocr_par' dir='ltr' id='par_1_115' title="bbox 1945 5359 3573 5432">
     <span class='ocr_line' id='line_1_115' title="bbox 1945 5359 3573 5432; baseline 0.002 -17"><span class='ocrx_word' id='word_1_777' title='bbox 1945 5362 2165 5418; x_wconf 90' lang='lat' dir='ltr'>veniam</span> <span class='ocrx_word' id='word_1_778' title='bbox 2195 5378 2310 5416; x_wconf 92' lang='lat' dir='ltr'>non</span> <span class='ocrx_word' id='word_1_779' title='bbox 2348 5359 2763 5432; x_wconf 87' lang='lat' dir='ltr'>corrigentibus</span> <span class='ocrx_word' id='word_1_780' title='bbox 2806 5361 2974 5416; x_wconf 85' lang='lat' dir='ltr'>fuisse</span> <span class='ocrx_word' id='word_1_781' title='bbox 3019 5377 3357 5416; x_wconf 89' lang='lat' dir='ltr'>concessam.</span> <span class='ocrx_word' id='word_1_782' title='bbox 3396 5364 3573 5419; x_wconf 82' lang='lat' dir='ltr'>Audi-</span> 
     </span>
    </p>
   </div>
   <div class='ocr_carea' id='block_1_116' title="bbox 1946 5454 3576 5525">
    <p class='ocr_par' dir='ltr' id='par_1_116' title="bbox 1946 5454 3576 5525">
     <span class='ocr_line' id='line_1_116' title="bbox 1946 5454 3576 5525; baseline 0.002 -15"><span class='ocrx_word' id='word_1_783' title='bbox 1946 5461 2066 5511; x_wconf 91' lang='lat' dir='ltr'>tum</span> <span class='ocrx_word' id='word_1_784' title='bbox 2093 5459 2284 5510; x_wconf 87' lang='lat' dir='ltr'>autem</span> <span class='ocrx_word' id='word_1_785' title='bbox 2329 5454 2430 5508; x_wconf 90' lang='lat' dir='ltr'>sub</span> <span class='ocrx_word' id='word_1_786' title='bbox 2459 5454 2582 5525; x_wconf 88' lang='lat' dir='ltr'>ipso</span> <span class='ocrx_word' id='word_1_787' title='bbox 2627 5454 2789 5522; x_wconf 66' lang='lat' dir='ltr'>caalo,</span> <span class='ocrx_word' id='word_1_788' title='bbox 2819 5471 2924 5509; x_wconf 93' lang='lat' dir='ltr'>nec</span> <span class='ocrx_word' id='word_1_789' title='bbox 2955 5455 3164 5524; x_wconf 86' lang='lat' dir='ltr'>legitur</span> <span class='ocrx_word' id='word_1_790' title='bbox 3199 5455 3437 5510; x_wconf 92' lang='lat' dir='ltr'>omnino</span> <span class='ocrx_word' id='word_1_791' title='bbox 3472 5474 3576 5514; x_wconf 91' lang='lat' dir='ltr'>nec</span> 
     </span>
    </p>
   </div>
   <div class='ocr_carea' id='block_1_117' title="bbox 1947 5547 3578 5621">
    <p class='ocr_par' dir='ltr' id='par_1_117' title="bbox 1947 5547 3578 5621">
     <span class='ocr_line' id='line_1_117' title="bbox 1947 5547 3578 5621; baseline 0.002 -18"><span class='ocrx_word' id='word_1_792' title='bbox 1947 5551 2174 5619; x_wconf 91' lang='lat' dir='ltr'>dicitur,</span> <span class='ocrx_word' id='word_1_793' title='bbox 2209 5547 2360 5621; x_wconf 90' lang='lat' dir='ltr'>quod</span> <span class='ocrx_word' id='word_1_794' title='bbox 2406 5564 2605 5602; x_wconf 89' lang='lat' dir='ltr'>eorum</span> <span class='ocrx_word' id='word_1_795' title='bbox 2637 5565 2773 5602; x_wconf 88' lang='lat' dir='ltr'>voce</span> <span class='ocrx_word' id='word_1_796' title='bbox 2826 5547 3204 5618; x_wconf 88' lang='lat' dir='ltr'>depromitur,</span> <span class='ocrx_word' id='word_1_797' title='bbox 3233 5549 3368 5603; x_wconf 88' lang='lat' dir='ltr'>Date</span> <span class='ocrx_word' id='word_1_798' title='bbox 3418 5551 3578 5606; x_wconf 89' lang='lat' dir='ltr'>nobis</span> 
     </span>
    </p>
   </div>
   <div class='ocr_carea' id='block_1_118' title="bbox 1947 5641 3572 5716">
    <p class='ocr_par' dir='ltr' id='par_1_118' title="bbox 1947 5641 3572 5716">
     <span class='ocr_line' id='line_1_118' title="bbox 1947 5641 3572 5716; baseline 0.002 -19"><span class='ocrx_word' id='word_1_799' title='bbox 1947 5643 2191 5711; x_wconf 86' lang='lat' dir='ltr'>veniam,</span> <span class='ocrx_word' id='word_1_800' title='bbox 2225 5645 2286 5696; x_wconf 92' lang='lat' dir='ltr'>ut</span> <span class='ocrx_word' id='word_1_801' title='bbox 2324 5645 2550 5697; x_wconf 89' lang='lat' dir='ltr'>tantum</span> <span class='ocrx_word' id='word_1_802' title='bbox 2579 5659 2682 5697; x_wconf 93' lang='lat' dir='ltr'>nos</span> <span class='ocrx_word' id='word_1_803' title='bbox 2712 5642 2769 5696; x_wconf 94' lang='lat' dir='ltr'>in</span> <span class='ocrx_word' id='word_1_804' title='bbox 2799 5656 2988 5695; x_wconf 92' lang='lat' dir='ltr'>errore</span> <span class='ocrx_word' id='word_1_805' title='bbox 3020 5641 3307 5696; x_wconf 87' lang='lat' dir='ltr'>duremus.</span> <span class='ocrx_word' id='word_1_806' title='bbox 3338 5643 3396 5698; x_wconf 91' lang='lat' dir='ltr'>ld</span> <span class='ocrx_word' id='word_1_807' title='bbox 3427 5661 3572 5716; x_wconf 85' lang='lat' dir='ltr'>quo-</span> 
     </span>
    </p>
   </div>
   <div class='ocr_carea' id='block_1_119' title="bbox 1947 5733 3577 5810">
    <p class='ocr_par' dir='ltr' id='par_1_119' title="bbox 1947 5733 3577 5810">
     <span class='ocr_line' id='line_1_119' title="bbox 1947 5733 3577 5810; baseline 0.002 -19"><span class='ocrx_word' id='word_1_808' title='bbox 1947 5755 2057 5810; x_wconf 90' lang='lat' dir='ltr'>que</span> <span class='ocrx_word' id='word_1_809' title='bbox 2085 5753 2291 5808; x_wconf 89' lang='lat' dir='ltr'>parum</span> <span class='ocrx_word' id='word_1_810' title='bbox 2319 5741 2423 5791; x_wconf 90' lang='lat' dir='ltr'>est.</span> <span class='ocrx_word' id='word_1_811' title='bbox 2458 5735 2773 5791; x_wconf 84' lang='lat' dir='ltr'>Ostendant</span> <span class='ocrx_word' id='word_1_812' title='bbox 2798 5733 2896 5805; x_wconf 88' lang='lat' dir='ltr'>qui</span> <span class='ocrx_word' id='word_1_813' title='bbox 2929 5733 3090 5788; x_wconf 91' lang='lat' dir='ltr'>nobis</span> <span class='ocrx_word' id='word_1_814' title='bbox 3115 5752 3361 5791; x_wconf 89' lang='lat' dir='ltr'>canones</span> <span class='ocrx_word' id='word_1_815' title='bbox 3392 5737 3577 5795; x_wconf 81' lang='lat' dir='ltr'>nitun-</span> 
     </span>
    </p>
   </div>
   <div class='ocr_carea' id='block_1_120' title="bbox 1949 5826 3575 5904">
    <p class='ocr_par' dir='ltr' id='par_1_120' title="bbox 1949 5826 3575 5904">
     <span class='ocr_line' id='line_1_120' title="bbox 1949 5826 3575 5904; baseline 0.002 -18"><span class='ocrx_word' id='word_1_816' title='bbox 1949 5838 2039 5886; x_wconf 93' lang='lat' dir='ltr'>tur</span> <span class='ocrx_word' id='word_1_817' title='bbox 2061 5846 2370 5903; x_wconf 84' lang='lat' dir='ltr'>Opponere,</span> <span class='ocrx_word' id='word_1_818' title='bbox 2403 5829 2609 5900; x_wconf 88' lang='lat' dir='ltr'>quibus</span> <span class='ocrx_word' id='word_1_819' title='bbox 2636 5829 2740 5882; x_wconf 92' lang='lat' dir='ltr'>hoc</span> <span class='ocrx_word' id='word_1_820' title='bbox 2765 5826 3095 5897; x_wconf 87' lang='lat' dir='ltr'>canonibus,</span> <span class='ocrx_word' id='word_1_821' title='bbox 3119 5829 3324 5901; x_wconf 88' lang='lat' dir='ltr'>quibus</span> <span class='ocrx_word' id='word_1_822' title='bbox 3343 5834 3575 5904; x_wconf 88' lang='lat' dir='ltr'>regulis,</span> 
     </span>
    </p>
   </div>
   <div class='ocr_carea' id='block_1_121' title="bbox 1949 5921 3580 5998">
    <p class='ocr_par' dir='ltr' id='par_1_121' title="bbox 1949 5921 3580 5998">
     <span class='ocr_line' id='line_1_121' title="bbox 1949 5921 3580 5998; baseline 0.002 -20"><span class='ocrx_word' id='word_1_823' title='bbox 1949 5943 2059 5998; x_wconf 88' lang='lat' dir='ltr'>qua</span> <span class='ocrx_word' id='word_1_824' title='bbox 2109 5925 2370 5988; x_wconf 84' lang='lat' dir='ltr'>lectione,</span> <span class='ocrx_word' id='word_1_825' title='bbox 2401 5938 2584 5992; x_wconf 88' lang='lat' dir='ltr'>quove</span> <span class='ocrx_word' id='word_1_826' title='bbox 2626 5921 2989 5989; x_wconf 88' lang='lat' dir='ltr'>documento,</span> <span class='ocrx_word' id='word_1_827' title='bbox 3032 5923 3146 5976; x_wconf 87' lang='lat' dir='ltr'>sive</span> <span class='ocrx_word' id='word_1_828' title='bbox 3197 5941 3229 5978; x_wconf 92' lang='lat' dir='ltr'>a</span> <span class='ocrx_word' id='word_1_829' title='bbox 3273 5928 3580 5996; x_wconf 87' lang='lat' dir='ltr'>majoribus</span> 
     </span>
    </p>
   </div>
  </div>
