  <div class='ocr_page' id='page_1' title='image "/cluster/home/n/w/nwhite01/storage/ocr_20150623/130/hvd.32044054759915/507.png"; bbox 0 0 4062 6188; ppageno 0'>
   <div class='ocr_carea' id='block_1_1' title="bbox 590 277 690 329">
    <p class='ocr_par' dir='ltr' id='par_1_1' title="bbox 590 277 690 329">
     <span class='ocr_line' id='line_1_1' title="bbox 590 277 690 329; baseline 0 -1"><span class='ocrx_word' id='word_1_1' title='bbox 590 277 690 329; x_wconf 70' lang='grc'><strong>955</strong></span> 
     </span>
    </p>
   </div>
   <div class='ocr_carea' id='block_1_2' title="bbox 1487 269 3816 339">
    <p class='ocr_par' dir='ltr' id='par_1_2' title="bbox 1487 269 3816 339">
     <span class='ocr_line' id='line_1_2' title="bbox 1487 269 3816 339; baseline 0.005 -11"><span class='ocrx_word' id='word_1_2' title='bbox 1487 271 1766 329; x_wconf 82' lang='lat' dir='ltr'>APPEND.</span> <span class='ocrx_word' id='word_1_3' title='bbox 1810 271 1895 328; x_wconf 87' lang='lat' dir='ltr'>AD</span> <span class='ocrx_word' id='word_1_4' title='bbox 1929 271 2090 328; x_wconf 67' lang='lat' dir='ltr'>SEC.</span> <span class='ocrx_word' id='word_1_5' title='bbox 2130 272 2212 327; x_wconf 84' lang='lat' dir='ltr'>IX.</span> <span class='ocrx_word' id='word_1_6' title='bbox 2247 302 2314 311; x_wconf 90' lang='lat'>—</span> <span class='ocrx_word' id='word_1_7' title='bbox 2352 271 2587 330; x_wconf 82' lang='lat' dir='ltr'>lSlDORl</span> <span class='ocrx_word' id='word_1_8' title='bbox 2623 269 3043 330; x_wconf 80' lang='lat' dir='ltr'>MERCATORIS</span> <span class='ocrx_word' id='word_1_9' title='bbox 3745 288 3816 339; x_wconf 78' lang='lat'>956</span> 
     </span>
    </p>
   </div>
   <div class='ocr_carea' id='block_1_3' title="bbox 590 379 3820 464">
    <p class='ocr_par' dir='ltr' id='par_1_3' title="bbox 590 379 3820 464">
     <span class='ocr_line' id='line_1_3' title="bbox 590 379 3820 464; baseline 0.004 -30"><span class='ocrx_word' id='word_1_10' title='bbox 590 381 814 447; x_wconf 87' lang='lat' dir='ltr'>nostris,</span> <span class='ocrx_word' id='word_1_11' title='bbox 843 381 959 434; x_wconf 83' lang='lat' dir='ltr'>sive</span> <span class='ocrx_word' id='word_1_12' title='bbox 987 381 1058 434; x_wconf 87' lang='lat' dir='ltr'>ab</span> <span class='ocrx_word' id='word_1_13' title='bbox 1085 381 1219 451; x_wconf 86' lang='lat' dir='ltr'>ipsis</span> <span class='ocrx_word' id='word_1_14' title='bbox 1245 379 1516 452; x_wconf 84' lang='lat' dir='ltr'>apostolis</span> <span class='ocrx_word' id='word_1_15' title='bbox 1554 396 1698 452; x_wconf 92' lang='lat' dir='ltr'>quos</span> <span class='ocrx_word' id='word_1_16' title='bbox 1725 380 1976 451; x_wconf 79' lang='lat' dir='ltr'>potiores</span> <span class='ocrx_word' id='word_1_17' title='bbox 2002 380 2208 434; x_wconf 90' lang='lat' dir='ltr'>merito</span> <span class='ocrx_word' id='word_1_18' title='bbox 2230 391 2289 464; x_wconf 74' lang='grc' dir='ltr'>Α</span> <span class='ocrx_word' id='word_1_19' title='bbox 2310 385 2621 437; x_wconf 81' lang='lat' dir='ltr'>exsecutus.</span> <span class='ocrx_word' id='word_1_20' title='bbox 2653 381 2818 435; x_wconf 87' lang='lat' dir='ltr'>Nobis</span> <span class='ocrx_word' id='word_1_21' title='bbox 2847 381 2970 436; x_wconf 83' lang='lat' dir='ltr'>ausi</span> <span class='ocrx_word' id='word_1_22' title='bbox 2997 384 3128 434; x_wconf 90' lang='lat' dir='ltr'>sunt</span> <span class='ocrx_word' id='word_1_23' title='bbox 3155 379 3338 434; x_wconf 88' lang='lat' dir='ltr'>facere</span> <span class='ocrx_word' id='word_1_24' title='bbox 3371 397 3617 440; x_wconf 89' lang='lat' dir='ltr'>canonum</span> <span class='ocrx_word' id='word_1_25' title='bbox 3638 393 3820 446; x_wconf 85' lang='lat' dir='ltr'>mentio-</span> 
     </span>
    </p>
   </div>
   <div class='ocr_carea' id='block_1_4' title="bbox 583 473 2211 545">
    <p class='ocr_par' dir='ltr' id='par_1_4' title="bbox 583 473 2211 545">
     <span class='ocr_line' id='line_1_4' title="bbox 583 473 2211 545; baseline 0 -17"><span class='ocrx_word' id='word_1_26' title='bbox 583 474 753 528; x_wconf 87' lang='lat' dir='ltr'>fuisse</span> <span class='ocrx_word' id='word_1_27' title='bbox 784 489 898 527; x_wconf 92' lang='lat' dir='ltr'>non</span> <span class='ocrx_word' id='word_1_28' title='bbox 929 473 1164 528; x_wconf 91' lang='lat' dir='ltr'>dubium</span> <span class='ocrx_word' id='word_1_29' title='bbox 1194 478 1296 540; x_wconf 90' lang='lat' dir='ltr'>est,</span> <span class='ocrx_word' id='word_1_30' title='bbox 1327 491 1426 528; x_wconf 91' lang='lat' dir='ltr'>seu</span> <span class='ocrx_word' id='word_1_31' title='bbox 1457 473 1528 527; x_wconf 91' lang='lat' dir='ltr'>ab</span> <span class='ocrx_word' id='word_1_32' title='bbox 1575 473 1698 545; x_wconf 90' lang='lat' dir='ltr'>ipso</span> <span class='ocrx_word' id='word_1_33' title='bbox 1741 473 1978 528; x_wconf 88' lang='lat' dir='ltr'>Domino</span> <span class='ocrx_word' id='word_1_34' title='bbox 2022 474 2211 529; x_wconf 89' lang='lat' dir='ltr'>Salva-</span> 
     </span>
    </p>
   </div>
   <div class='ocr_carea' id='block_1_5' title="bbox 582 565 2211 636">
    <p class='ocr_par' dir='ltr' id='par_1_5' title="bbox 582 565 2211 636">
     <span class='ocr_line' id='line_1_5' title="bbox 582 565 2211 636; baseline 0.001 -15"><span class='ocrx_word' id='word_1_35' title='bbox 582 572 702 621; x_wconf 92' lang='lat' dir='ltr'>tore</span> <span class='ocrx_word' id='word_1_36' title='bbox 732 566 831 636; x_wconf 85' lang='lat' dir='ltr'>qui</span> <span class='ocrx_word' id='word_1_37' title='bbox 851 565 1209 636; x_wconf 90' lang='lat' dir='ltr'>judicaturus</span> <span class='ocrx_word' id='word_1_38' title='bbox 1247 567 1500 621; x_wconf 80' lang='lat' dir='ltr'>creditur</span> <span class='ocrx_word' id='word_1_39' title='bbox 1526 567 1679 621; x_wconf 88' lang='lat' dir='ltr'>vivos</span> <span class='ocrx_word' id='word_1_40' title='bbox 1707 573 1763 621; x_wconf 92' lang='lat' dir='ltr'>et</span> <span class='ocrx_word' id='word_1_41' title='bbox 1797 572 2071 635; x_wconf 87' lang='lat' dir='ltr'>mortuos,</span> <span class='ocrx_word' id='word_1_42' title='bbox 2097 569 2211 622; x_wconf 84' lang='lat' dir='ltr'>sive</span> 
     </span>
    </p>
   </div>
   <div class='ocr_carea' id='block_1_6' title="bbox 581 660 2210 730">
    <p class='ocr_par' dir='ltr' id='par_1_6' title="bbox 581 660 2210 730">
     <span class='ocr_line' id='line_1_6' title="bbox 581 660 2210 730; baseline 0.002 -17"><span class='ocrx_word' id='word_1_43' title='bbox 581 661 793 714; x_wconf 90' lang='lat' dir='ltr'>factum</span> <span class='ocrx_word' id='word_1_44' title='bbox 834 662 919 713; x_wconf 87' lang='lat' dir='ltr'>est</span> <span class='ocrx_word' id='word_1_45' title='bbox 947 676 1202 730; x_wconf 87' lang='lat' dir='ltr'>unquam</span> <span class='ocrx_word' id='word_1_46' title='bbox 1230 660 1316 713; x_wconf 89' lang='lat' dir='ltr'>vel</span> <span class='ocrx_word' id='word_1_47' title='bbox 1350 661 1677 715; x_wconf 88' lang='lat' dir='ltr'>faciendum</span> <span class='ocrx_word' id='word_1_48' title='bbox 1724 677 1845 714; x_wconf 89' lang='lat' dir='ltr'>esse</span> <span class='ocrx_word' id='word_1_49' title='bbox 1888 661 2210 716; x_wconf 83' lang='lat' dir='ltr'>mandatur.</span> 
     </span>
    </p>
   </div>
   <div class='ocr_carea' id='block_1_7' title="bbox 583 753 2214 824">
    <p class='ocr_par' dir='ltr' id='par_1_7' title="bbox 583 753 2214 824">
     <span class='ocr_line' id='line_1_7' title="bbox 583 753 2214 824; baseline 0.001 -17"><span class='ocrx_word' id='word_1_50' title='bbox 583 753 826 807; x_wconf 86' lang='lat' dir='ltr'>Mortuos</span> <span class='ocrx_word' id='word_1_51' title='bbox 879 753 1176 807; x_wconf 90' lang='lat' dir='ltr'>suscitasse</span> <span class='ocrx_word' id='word_1_52' title='bbox 1243 754 1487 824; x_wconf 80' lang='lat' dir='ltr'>legimus</span> <span class='ocrx_word' id='word_1_53' title='bbox 1548 754 1856 808; x_wconf 76' lang='lat' dir='ltr'>Christum.</span> <span class='ocrx_word' id='word_1_54' title='bbox 1918 755 1976 807; x_wconf 88' lang='lat' dir='ltr'>ln</span> <span class='ocrx_word' id='word_1_55' title='bbox 2021 770 2214 809; x_wconf 91' lang='lat' dir='ltr'>errore</span> 
     </span>
    </p>
   </div>
   <div class='ocr_carea' id='block_1_8' title="bbox 584 846 2212 917">
    <p class='ocr_par' dir='ltr' id='par_1_8' title="bbox 584 846 2212 917">
     <span class='ocr_line' id='line_1_8' title="bbox 584 846 2212 917; baseline 0.001 -17"><span class='ocrx_word' id='word_1_56' title='bbox 584 849 840 900; x_wconf 91' lang='lat' dir='ltr'>mortuos</span> <span class='ocrx_word' id='word_1_57' title='bbox 867 846 1166 901; x_wconf 81' lang='lat' dir='ltr'>absolvisse</span> <span class='ocrx_word' id='word_1_58' title='bbox 1194 863 1310 901; x_wconf 91' lang='lat' dir='ltr'>non</span> <span class='ocrx_word' id='word_1_59' title='bbox 1343 846 1607 917; x_wconf 86' lang='lat' dir='ltr'>legimus.</span> <span class='ocrx_word' id='word_1_60' title='bbox 1650 848 1714 901; x_wconf 85' lang='lat' dir='ltr'>Et</span> <span class='ocrx_word' id='word_1_61' title='bbox 1741 847 1836 917; x_wconf 88' lang='lat' dir='ltr'><strong>qui</strong></span> <span class='ocrx_word' id='word_1_62' title='bbox 1863 847 1968 900; x_wconf 90' lang='lat' dir='ltr'>hoc</span> <span class='ocrx_word' id='word_1_63' title='bbox 1995 852 2212 901; x_wconf 89' lang='lat' dir='ltr'>certam</span> 
     </span>
    </p>
   </div>
   <div class='ocr_carea' id='block_1_9' title="bbox 585 939 2210 1011">
    <p class='ocr_par' dir='ltr' id='par_1_9' title="bbox 585 939 2210 1011">
     <span class='ocr_line' id='line_1_9' title="bbox 585 939 2210 1011; baseline 0.001 -19"><span class='ocrx_word' id='word_1_64' title='bbox 585 939 830 993; x_wconf 80' lang='lat' dir='ltr'>faciendi</span> <span class='ocrx_word' id='word_1_65' title='bbox 858 940 1008 993; x_wconf 87' lang='lat' dir='ltr'>solus</span> <span class='ocrx_word' id='word_1_66' title='bbox 1049 940 1249 994; x_wconf 86' lang='lat' dir='ltr'>habuit</span> <span class='ocrx_word' id='word_1_67' title='bbox 1273 943 1636 1011; x_wconf 90' lang='lat' dir='ltr'>potestatem,</span> <span class='ocrx_word' id='word_1_68' title='bbox 1663 939 1828 994; x_wconf 90' lang='lat' dir='ltr'>beato</span> <span class='ocrx_word' id='word_1_69' title='bbox 1854 941 2025 994; x_wconf 89' lang='lat' dir='ltr'>Petro</span> <span class='ocrx_word' id='word_1_70' title='bbox 2054 940 2210 1011; x_wconf 89' lang='lat' dir='ltr'>prin-</span> 
     </span>
    </p>
   </div>
   <div class='ocr_carea' id='block_1_10' title="bbox 584 1032 2214 1104">
    <p class='ocr_par' dir='ltr' id='par_1_10' title="bbox 584 1032 2214 1104">
     <span class='ocr_line' id='line_1_10' title="bbox 584 1032 2214 1104; baseline 0 -18"><span class='ocrx_word' id='word_1_71' title='bbox 584 1032 840 1102; x_wconf 87' lang='lat' dir='ltr'>cipaliter</span> <span class='ocrx_word' id='word_1_72' title='bbox 871 1033 1103 1087; x_wconf 80' lang='lat' dir='ltr'>mandat</span> <span class='ocrx_word' id='word_1_73' title='bbox 1143 1033 1396 1103; x_wconf 86' lang='lat' dir='ltr'>apostolo</span> <span class='ocrx_word' id='word_1_74' title='bbox 1432 1049 1445 1086; x_wconf 88' lang='lat'><strong>:</strong></span> <span class='ocrx_word' id='word_1_75' title='bbox 1480 1055 1506 1083; x_wconf 86' lang='grc'><strong>‹‹</strong></span> <span class='ocrx_word' id='word_1_76' title='bbox 1554 1033 1690 1096; x_wconf 80' lang='lat' dir='ltr'>Quae</span> <span class='ocrx_word' id='word_1_77' title='bbox 1739 1033 2002 1103; x_wconf 80' lang='lat' dir='ltr'>ligaveris</span> <span class='ocrx_word' id='word_1_78' title='bbox 2042 1049 2214 1104; x_wconf 85' lang='lat' dir='ltr'>super</span> 
     </span>
    </p>
   </div>
   <div class='ocr_carea' id='block_1_11' title="bbox 586 1126 2214 1197">
    <p class='ocr_par' dir='ltr' id='par_1_11' title="bbox 586 1126 2214 1197">
     <span class='ocr_line' id='line_1_11' title="bbox 586 1126 2214 1197; baseline 0 -17"><span class='ocrx_word' id='word_1_79' title='bbox 586 1132 819 1192; x_wconf 87' lang='lat' dir='ltr'>terram,</span> <span class='ocrx_word' id='word_1_80' title='bbox 838 1126 1015 1196; x_wconf 89' lang='lat' dir='ltr'>ligata</span> <span class='ocrx_word' id='word_1_81' title='bbox 1045 1131 1213 1180; x_wconf 91' lang='lat' dir='ltr'>erunt</span> <span class='ocrx_word' id='word_1_82' title='bbox 1236 1131 1292 1180; x_wconf 87' lang='lat' dir='ltr'>et</span> <span class='ocrx_word' id='word_1_83' title='bbox 1312 1126 1371 1180; x_wconf 91' lang='lat' dir='ltr'>in</span> <span class='ocrx_word' id='word_1_84' title='bbox 1390 1126 1548 1195; x_wconf 71' lang='lat' dir='ltr'>coelo,</span> <span class='ocrx_word' id='word_1_85' title='bbox 1568 1132 1622 1180; x_wconf 89' lang='lat' dir='ltr'>et</span> <span class='ocrx_word' id='word_1_86' title='bbox 1643 1142 1770 1197; x_wconf 69' lang='lat' dir='ltr'>qua:</span> <span class='ocrx_word' id='word_1_87' title='bbox 1793 1126 2024 1180; x_wconf 91' lang='lat' dir='ltr'>solveris</span> <span class='ocrx_word' id='word_1_88' title='bbox 2044 1142 2214 1196; x_wconf 86' lang='lat' dir='ltr'>super</span> 
     </span>
    </p>
   </div>
   <div class='ocr_carea' id='block_1_12' title="bbox 588 1219 2211 1289">
    <p class='ocr_par' dir='ltr' id='par_1_12' title="bbox 588 1219 2211 1289">
     <span class='ocr_line' id='line_1_12' title="bbox 588 1219 2211 1289; baseline -0.002 -17"><span class='ocrx_word' id='word_1_89' title='bbox 588 1223 800 1272; x_wconf 86' lang='lat' dir='ltr'>terram</span> <span class='ocrx_word' id='word_1_90' title='bbox 839 1225 1009 1272; x_wconf 89' lang='lat' dir='ltr'>erunt</span> <span class='ocrx_word' id='word_1_91' title='bbox 1050 1220 1236 1272; x_wconf 89' lang='lat' dir='ltr'>soluta</span> <span class='ocrx_word' id='word_1_92' title='bbox 1280 1224 1336 1274; x_wconf 91' lang='lat' dir='ltr'>et</span> <span class='ocrx_word' id='word_1_93' title='bbox 1382 1219 1439 1272; x_wconf 92' lang='lat' dir='ltr'>in</span> <span class='ocrx_word' id='word_1_94' title='bbox 1489 1219 1626 1273; x_wconf 61' lang='lat' dir='ltr'>caelo</span> <span class='ocrx_word' id='word_1_95' title='bbox 1655 1221 1870 1286; x_wconf 80' lang='lat' dir='ltr'>(Matth.</span> <span class='ocrx_word' id='word_1_96' title='bbox 1905 1235 2016 1286; x_wconf 73' lang='lat' dir='ltr'>xvr,</span> <span class='ocrx_word' id='word_1_97' title='bbox 2050 1221 2154 1289; x_wconf 88' lang='lat' dir='ltr'>t8).</span> <span class='ocrx_word' id='word_1_98' title='bbox 2183 1237 2211 1270; x_wconf 89' lang='lat'><strong>»</strong></span> 
     </span>
    </p>
   </div>
   <div class='ocr_carea' id='block_1_13' title="bbox 589 1311 2212 1381">
    <p class='ocr_par' dir='ltr' id='par_1_13' title="bbox 589 1311 2212 1381">
     <span class='ocr_line' id='line_1_13' title="bbox 589 1311 2212 1381; baseline 0 -15"><span class='ocrx_word' id='word_1_99' title='bbox 589 1313 772 1381; x_wconf 80' lang='lat' dir='ltr'>Super</span> <span class='ocrx_word' id='word_1_100' title='bbox 796 1316 1029 1375; x_wconf 89' lang='lat' dir='ltr'>terram,</span> <span class='ocrx_word' id='word_1_101' title='bbox 1059 1311 1264 1381; x_wconf 86' lang='lat' dir='ltr'>inquit,</span> <span class='ocrx_word' id='word_1_102' title='bbox 1293 1328 1428 1365; x_wconf 90' lang='lat' dir='ltr'>nam</span> <span class='ocrx_word' id='word_1_103' title='bbox 1466 1311 1523 1366; x_wconf 92' lang='lat' dir='ltr'>in</span> <span class='ocrx_word' id='word_1_104' title='bbox 1562 1312 1666 1366; x_wconf 92' lang='lat' dir='ltr'>hac</span> <span class='ocrx_word' id='word_1_105' title='bbox 1697 1312 1966 1381; x_wconf 87' lang='lat' dir='ltr'>ligatione</span> <span class='ocrx_word' id='word_1_106' title='bbox 2011 1312 2212 1366; x_wconf 87' lang='lat' dir='ltr'>defun-</span> 
     </span>
    </p>
   </div>
   <div class='ocr_carea' id='block_1_14' title="bbox 587 1404 2216 1475">
    <p class='ocr_par' dir='ltr' id='par_1_14' title="bbox 587 1404 2216 1475">
     <span class='ocr_line' id='line_1_14' title="bbox 587 1404 2216 1475; baseline -0.001 -16"><span class='ocrx_word' id='word_1_107' title='bbox 587 1410 740 1460; x_wconf 91' lang='lat' dir='ltr'>ctum</span> <span class='ocrx_word' id='word_1_108' title='bbox 787 1420 1083 1474; x_wconf 84' lang='lat' dir='ltr'>nunquam</span> <span class='ocrx_word' id='word_1_109' title='bbox 1123 1404 1260 1458; x_wconf 83' lang='lat' dir='ltr'>dicit</span> <span class='ocrx_word' id='word_1_110' title='bbox 1295 1404 1526 1458; x_wconf 91' lang='lat' dir='ltr'>absolvi.</span> <span class='ocrx_word' id='word_1_111' title='bbox 1555 1405 1710 1468; x_wconf 86' lang='lat' dir='ltr'>Quod</span> <span class='ocrx_word' id='word_1_112' title='bbox 1745 1421 1882 1475; x_wconf 86' lang='lat' dir='ltr'>ergo</span> <span class='ocrx_word' id='word_1_113' title='bbox 1920 1421 2216 1475; x_wconf 88' lang='lat' dir='ltr'>nunquam</span> 
     </span>
    </p>
   </div>
   <div class='ocr_carea' id='block_1_15' title="bbox 587 1497 2217 1568">
    <p class='ocr_par' dir='ltr' id='par_1_15' title="bbox 587 1497 2217 1568">
     <span class='ocr_line' id='line_1_15' title="bbox 587 1497 2217 1568; baseline -0.002 -14"><span class='ocrx_word' id='word_1_114' title='bbox 587 1499 797 1554; x_wconf 86' lang='lat' dir='ltr'>factum</span> <span class='ocrx_word' id='word_1_115' title='bbox 824 1502 909 1551; x_wconf 90' lang='lat' dir='ltr'>est</span> <span class='ocrx_word' id='word_1_116' title='bbox 928 1499 1012 1549; x_wconf 87' lang='lat' dir='ltr'>vel</span> <span class='ocrx_word' id='word_1_117' title='bbox 1043 1500 1234 1551; x_wconf 90' lang='lat' dir='ltr'>mente</span> <span class='ocrx_word' id='word_1_118' title='bbox 1263 1497 1590 1568; x_wconf 88' lang='lat' dir='ltr'>conspicere</span> <span class='ocrx_word' id='word_1_119' title='bbox 1619 1497 2016 1563; x_wconf 84' lang='lat' dir='ltr'>formidamus,</span> <span class='ocrx_word' id='word_1_120' title='bbox 2041 1498 2217 1551; x_wconf 86' lang='lat' dir='ltr'>scien-</span> 
     </span>
    </p>
   </div>
   <div class='ocr_carea' id='block_1_16' title="bbox 592 1589 2213 1661">
    <p class='ocr_par' dir='ltr' id='par_1_16' title="bbox 592 1589 2213 1661">
     <span class='ocr_line' id='line_1_16' title="bbox 592 1589 2213 1661; baseline -0.001 -16"><span class='ocrx_word' id='word_1_121' title='bbox 592 1597 673 1645; x_wconf 85' lang='lat' dir='ltr'>tes</span> <span class='ocrx_word' id='word_1_122' title='bbox 711 1591 768 1643; x_wconf 91' lang='lat' dir='ltr'>in</span> <span class='ocrx_word' id='word_1_123' title='bbox 815 1589 1002 1643; x_wconf 93' lang='lat' dir='ltr'>divino</span> <span class='ocrx_word' id='word_1_124' title='bbox 1039 1590 1253 1659; x_wconf 91' lang='lat' dir='ltr'>judicio</span> <span class='ocrx_word' id='word_1_125' title='bbox 1297 1607 1414 1644; x_wconf 93' lang='lat' dir='ltr'>non</span> <span class='ocrx_word' id='word_1_126' title='bbox 1459 1607 1618 1661; x_wconf 86' lang='lat' dir='ltr'>posse</span> <span class='ocrx_word' id='word_1_127' title='bbox 1664 1590 1889 1660; x_wconf 80' lang='lat' dir='ltr'>penitus</span> <span class='ocrx_word' id='word_1_128' title='bbox 1938 1591 2213 1645; x_wconf 87' lang='lat' dir='ltr'>excusari.</span> 
     </span>
    </p>
   </div>
   <div class='ocr_carea' id='block_1_17' title="bbox 591 1683 2217 1754">
    <p class='ocr_par' dir='ltr' id='par_1_17' title="bbox 591 1683 2217 1754">
     <span class='ocr_line' id='line_1_17' title="bbox 591 1683 2217 1754; baseline -0.002 -15"><span class='ocrx_word' id='word_1_129' title='bbox 591 1685 647 1739; x_wconf 90' lang='lat' dir='ltr'>Si</span> <span class='ocrx_word' id='word_1_130' title='bbox 668 1690 881 1751; x_wconf 92' lang='lat' dir='ltr'>autem,</span> <span class='ocrx_word' id='word_1_131' title='bbox 903 1683 1056 1753; x_wconf 91' lang='lat' dir='ltr'>quod</span> <span class='ocrx_word' id='word_1_132' title='bbox 1077 1699 1226 1736; x_wconf 91' lang='lat' dir='ltr'>nunc</span> <span class='ocrx_word' id='word_1_133' title='bbox 1246 1683 1633 1754; x_wconf 65' lang='lat' dir='ltr'>praetendunt,</span> <span class='ocrx_word' id='word_1_134' title='bbox 1653 1700 1686 1737; x_wconf 91' lang='lat' dir='ltr'>a</span> <span class='ocrx_word' id='word_1_135' title='bbox 1702 1684 1953 1737; x_wconf 83' lang='lat' dir='ltr'>Romana</span> <span class='ocrx_word' id='word_1_136' title='bbox 1974 1683 2217 1738; x_wconf 87' lang='lat' dir='ltr'>Ecclesia</span> 
     </span>
    </p>
   </div>
   <div class='ocr_carea' id='block_1_18' title="bbox 2315 474 3822 546">
    <p class='ocr_par' dir='ltr' id='par_1_18' title="bbox 2315 474 3822 546">
     <span class='ocr_line' id='line_1_18' title="bbox 2315 474 3822 546; baseline 0.007 -18"><span class='ocrx_word' id='word_1_137' title='bbox 2315 491 2467 540; x_wconf 90' lang='lat' dir='ltr'>nem,</span> <span class='ocrx_word' id='word_1_138' title='bbox 2502 478 2700 529; x_wconf 90' lang='lat' dir='ltr'>contra</span> <span class='ocrx_word' id='word_1_139' title='bbox 2730 491 2870 545; x_wconf 92' lang='lat' dir='ltr'>quos</span> <span class='ocrx_word' id='word_1_140' title='bbox 2899 491 2996 546; x_wconf 77' lang='lat' dir='ltr'>vos</span> <span class='ocrx_word' id='word_1_141' title='bbox 3025 489 3260 544; x_wconf 87' lang='lat' dir='ltr'>semper</span> <span class='ocrx_word' id='word_1_142' title='bbox 3295 474 3653 533; x_wconf 85' lang='lat' dir='ltr'>ambitionibus</span> <span class='ocrx_word' id='word_1_143' title='bbox 3675 481 3822 539; x_wconf 80' lang='lat' dir='ltr'>illicitis</span> 
     </span>
    </p>
   </div>
   <div class='ocr_carea' id='block_1_19' title="bbox 2312 567 3826 638">
    <p class='ocr_par' dir='ltr' id='par_1_19' title="bbox 2312 567 3826 638">
     <span class='ocr_line' id='line_1_19' title="bbox 2312 567 3826 638; baseline -0.002 -17"><span class='ocrx_word' id='word_1_144' title='bbox 2312 568 2546 622; x_wconf 89' lang='lat' dir='ltr'>tenendi</span> <span class='ocrx_word' id='word_1_145' title='bbox 2574 584 2694 622; x_wconf 90' lang='lat' dir='ltr'>esse</span> <span class='ocrx_word' id='word_1_146' title='bbox 2720 569 3126 621; x_wconf 86' lang='lat' dir='ltr'>monstrantur.</span> <span class='ocrx_word' id='word_1_147' title='bbox 3157 567 3275 630; x_wconf 92' lang='lat' dir='ltr'>Qua</span> <span class='ocrx_word' id='word_1_148' title='bbox 3300 567 3355 621; x_wconf 92' lang='lat' dir='ltr'>in</span> <span class='ocrx_word' id='word_1_149' title='bbox 3381 569 3572 638; x_wconf 87' lang='lat' dir='ltr'>synodo</span> <span class='ocrx_word' id='word_1_150' title='bbox 3597 573 3667 626; x_wconf 86' lang='lat' dir='ltr'>vel</span> <span class='ocrx_word' id='word_1_151' title='bbox 3688 590 3826 631; x_wconf 80' lang='lat' dir='ltr'>secun.</span> 
     </span>
    </p>
   </div>
   <div class='ocr_carea' id='block_1_20' title="bbox 2315 659 3825 732">
    <p class='ocr_par' dir='ltr' id='par_1_20' title="bbox 2315 659 3825 732">
     <span class='ocr_line' id='line_1_20' title="bbox 2315 659 3825 732; baseline 0.006 -17"><span class='ocrx_word' id='word_1_152' title='bbox 2315 661 2453 715; x_wconf 91' lang='lat' dir='ltr'>dum</span> <span class='ocrx_word' id='word_1_153' title='bbox 2481 661 2641 731; x_wconf 87' lang='lat' dir='ltr'>cujus</span> <span class='ocrx_word' id='word_1_154' title='bbox 2667 661 2871 732; x_wconf 83' lang='lat' dir='ltr'>synodi</span> <span class='ocrx_word' id='word_1_155' title='bbox 2909 661 3156 714; x_wconf 88' lang='lat' dir='ltr'>formam</span> <span class='ocrx_word' id='word_1_156' title='bbox 3181 659 3592 717; x_wconf 83' lang='lat' dir='ltr'>Alexandrinum</span> <span class='ocrx_word' id='word_1_157' title='bbox 3620 666 3825 724; x_wconf 79' lang='lat' dir='ltr'>Joannem</span> 
     </span>
    </p>
   </div>
   <div class='ocr_carea' id='block_1_21' title="bbox 2315 753 3826 824">
    <p class='ocr_par' dir='ltr' id='par_1_21' title="bbox 2315 753 3826 824">
     <span class='ocr_line' id='line_1_21' title="bbox 2315 753 3826 824; baseline 0.005 -16"><span class='ocrx_word' id='word_1_158' title='bbox 2315 754 2385 808; x_wconf 93' lang='lat' dir='ltr'>de</span> <span class='ocrx_word' id='word_1_159' title='bbox 2427 754 2668 808; x_wconf 87' lang='lat' dir='ltr'>Ecclesia</span> <span class='ocrx_word' id='word_1_160' title='bbox 2712 754 2801 807; x_wconf 92' lang='lat' dir='ltr'>cui</span> <span class='ocrx_word' id='word_1_161' title='bbox 2846 753 3138 808; x_wconf 91' lang='lat' dir='ltr'>ordinatus</span> <span class='ocrx_word' id='word_1_162' title='bbox 3187 753 3369 808; x_wconf 85' lang='lat' dir='ltr'>fuerat</span> <span class='ocrx_word' id='word_1_163' title='bbox 3408 756 3728 824; x_wconf 78' lang='lat' dir='ltr'>expulerunt?</span> <span class='ocrx_word' id='word_1_164' title='bbox 3753 760 3826 824; x_wconf 82' lang='lat' dir='ltr'>Qui</span> 
     </span>
    </p>
   </div>
   <div class='ocr_carea' id='block_1_22' title="bbox 2314 845 3826 915">
    <p class='ocr_par' dir='ltr' id='par_1_22' title="bbox 2314 845 3826 915">
     <span class='ocr_line' id='line_1_22' title="bbox 2314 845 3826 915; baseline 0.004 -14"><span class='ocrx_word' id='word_1_165' title='bbox 2314 847 2483 902; x_wconf 89' lang='lat' dir='ltr'>nullis</span> <span class='ocrx_word' id='word_1_166' title='bbox 2529 847 2712 900; x_wconf 90' lang='lat' dir='ltr'>causis</span> <span class='ocrx_word' id='word_1_167' title='bbox 2747 845 3122 915; x_wconf 90' lang='lat' dir='ltr'>evidentibus,</span> <span class='ocrx_word' id='word_1_168' title='bbox 3153 862 3259 900; x_wconf 92' lang='lat' dir='ltr'>nec</span> <span class='ocrx_word' id='word_1_169' title='bbox 3301 851 3426 900; x_wconf 85' lang='lat' dir='ltr'>ante</span> <span class='ocrx_word' id='word_1_170' title='bbox 3469 855 3740 914; x_wconf 81' lang='lat' dir='ltr'>conventus,</span> <span class='ocrx_word' id='word_1_171' title='bbox 3758 870 3826 907; x_wconf 83' lang='lat' dir='ltr'>nec</span> 
     </span>
    </p>
   </div>
   <div class='ocr_carea' id='block_1_23' title="bbox 2314 939 3826 1014">
    <p class='ocr_par' dir='ltr' id='par_1_23' title="bbox 2314 939 3826 1014">
     <span class='ocr_line' id='line_1_23' title="bbox 2314 939 3826 1014; baseline 0.001 -19"><span class='ocrx_word' id='word_1_172' title='bbox 2314 944 2508 1012; x_wconf 88' lang='lat' dir='ltr'>postea</span> <span class='ocrx_word' id='word_1_173' title='bbox 2535 942 2889 1010; x_wconf 82' lang='lat' dir='ltr'>provocatus,</span> <span class='ocrx_word' id='word_1_174' title='bbox 2919 939 3094 992; x_wconf 89' lang='lat' dir='ltr'>etiam</span> <span class='ocrx_word' id='word_1_175' title='bbox 3125 939 3182 992; x_wconf 90' lang='lat' dir='ltr'>in</span> <span class='ocrx_word' id='word_1_176' title='bbox 3207 939 3416 1009; x_wconf 90' lang='lat' dir='ltr'>judicio</span> <span class='ocrx_word' id='word_1_177' title='bbox 3456 945 3739 1012; x_wconf 89' lang='lat' dir='ltr'>competenti</span> <span class='ocrx_word' id='word_1_178' title='bbox 3757 962 3826 1014; x_wconf 58' lang='lat' dir='ltr'>po.</span> 
     </span>
    </p>
   </div>
   <div class='ocr_carea' id='block_1_24' title="bbox 2314 1032 3826 1104">
    <p class='ocr_par' dir='ltr' id='par_1_24' title="bbox 2314 1032 3826 1104">
     <span class='ocr_line' id='line_1_24' title="bbox 2314 1032 3826 1104; baseline 0.001 -16"><span class='ocrx_word' id='word_1_179' title='bbox 2314 1034 2424 1088; x_wconf 91' lang='lat' dir='ltr'>tuit</span> <span class='ocrx_word' id='word_1_180' title='bbox 2461 1033 2726 1087; x_wconf 88' lang='lat' dir='ltr'>accusari.</span> <span class='ocrx_word' id='word_1_181' title='bbox 2762 1032 2922 1096; x_wconf 86' lang='lat' dir='ltr'>Quod</span> <span class='ocrx_word' id='word_1_182' title='bbox 2954 1032 2999 1085; x_wconf 91' lang='lat' dir='ltr'>si</span> <span class='ocrx_word' id='word_1_183' title='bbox 3028 1032 3225 1086; x_wconf 89' lang='lat' dir='ltr'>dicunt</span> <span class='ocrx_word' id='word_1_184' title='bbox 3256 1048 3269 1085; x_wconf 90' lang='lat'>:</span> <span class='ocrx_word' id='word_1_185' title='bbox 3301 1033 3585 1103; x_wconf 84' lang='lat' dir='ltr'>Imperator</span> <span class='ocrx_word' id='word_1_186' title='bbox 3608 1034 3692 1088; x_wconf 87' lang='lat' dir='ltr'>hoc</span> <span class='ocrx_word' id='word_1_187' title='bbox 3723 1037 3826 1104; x_wconf 85' lang='lat' dir='ltr'>fecit,</span> 
     </span>
    </p>
   </div>
   <div class='ocr_carea' id='block_1_25' title="bbox 2318 1125 3830 1198">
    <p class='ocr_par' dir='ltr' id='par_1_25' title="bbox 2318 1125 3830 1198">
     <span class='ocr_line' id='line_1_25' title="bbox 2318 1125 3830 1198; baseline 0.001 -17"><span class='ocrx_word' id='word_1_188' title='bbox 2318 1127 2425 1181; x_wconf 89' lang='lat' dir='ltr'>hoc</span> <span class='ocrx_word' id='word_1_189' title='bbox 2443 1125 2628 1195; x_wconf 90' lang='lat' dir='ltr'>ipsum</span> <span class='ocrx_word' id='word_1_190' title='bbox 2652 1125 2858 1196; x_wconf 86' lang='lat' dir='ltr'>quibus</span> <span class='ocrx_word' id='word_1_191' title='bbox 2886 1125 3217 1192; x_wconf 90' lang='lat' dir='ltr'>eanonibus,</span> <span class='ocrx_word' id='word_1_192' title='bbox 3241 1125 3440 1196; x_wconf 91' lang='lat' dir='ltr'>quibus</span> <span class='ocrx_word' id='word_1_193' title='bbox 3459 1127 3644 1196; x_wconf 86' lang='lat' dir='ltr'>regulis</span> <span class='ocrx_word' id='word_1_194' title='bbox 3659 1133 3722 1182; x_wconf 88' lang='lat' dir='ltr'>est</span> <span class='ocrx_word' id='word_1_195' title='bbox 3736 1145 3830 1198; x_wconf 55' lang='lat' dir='ltr'>pra.»</span> 
     </span>
    </p>
   </div>
   <div class='ocr_carea' id='block_1_26' title="bbox 2316 1218 3830 1291">
    <p class='ocr_par' dir='ltr' id='par_1_26' title="bbox 2316 1218 3830 1291">
     <span class='ocr_line' id='line_1_26' title="bbox 2316 1218 3830 1291; baseline -0.001 -16"><span class='ocrx_word' id='word_1_196' title='bbox 2316 1221 2582 1291; x_wconf 79' lang='lat' dir='ltr'>ceptum?</span> <span class='ocrx_word' id='word_1_197' title='bbox 2601 1221 2714 1274; x_wconf 86' lang='lat' dir='ltr'>Cur</span> <span class='ocrx_word' id='word_1_198' title='bbox 2738 1219 2871 1273; x_wconf 87' lang='lat' dir='ltr'>huic</span> <span class='ocrx_word' id='word_1_199' title='bbox 2900 1223 3018 1272; x_wconf 89' lang='lat' dir='ltr'>tam</span> <span class='ocrx_word' id='word_1_200' title='bbox 3045 1235 3216 1288; x_wconf 87' lang='lat' dir='ltr'>pravo</span> <span class='ocrx_word' id='word_1_201' title='bbox 3237 1218 3380 1272; x_wconf 89' lang='lat' dir='ltr'>facto</span> <span class='ocrx_word' id='word_1_202' title='bbox 3401 1221 3650 1273; x_wconf 81' lang='lat' dir='ltr'>consensit</span> <span class='ocrx_word' id='word_1_203' title='bbox 3668 1222 3830 1274; x_wconf 83' lang='lat' dir='ltr'>Aeacius</span> 
     </span>
    </p>
   </div>
   <div class='ocr_carea' id='block_1_27' title="bbox 2316 1309 3832 1383">
    <p class='ocr_par' dir='ltr' id='par_1_27' title="bbox 2316 1309 3832 1383">
     <span class='ocr_line' id='line_1_27' title="bbox 2316 1309 3832 1383; baseline -0.001 -15"><span class='ocrx_word' id='word_1_204' title='bbox 2316 1331 2445 1368; x_wconf 91' lang='lat' dir='ltr'>cum</span> <span class='ocrx_word' id='word_1_205' title='bbox 2473 1313 2778 1368; x_wconf 83' lang='lat' dir='ltr'>auctoritas</span> <span class='ocrx_word' id='word_1_206' title='bbox 2807 1312 2994 1366; x_wconf 89' lang='lat' dir='ltr'>divina</span> <span class='ocrx_word' id='word_1_207' title='bbox 3023 1312 3169 1366; x_wconf 87' lang='lat' dir='ltr'>dicat</span> <span class='ocrx_word' id='word_1_208' title='bbox 3199 1328 3211 1365; x_wconf 92' lang='lat'><strong>:</strong></span> <span class='ocrx_word' id='word_1_209' title='bbox 3245 1309 3428 1383; x_wconf 80' lang='lat'>237</span> <span class='ocrx_word' id='word_1_210' title='bbox 3457 1312 3566 1366; x_wconf 88' lang='lat' dir='ltr'>Non</span> <span class='ocrx_word' id='word_1_211' title='bbox 3601 1313 3743 1366; x_wconf 88' lang='lat' dir='ltr'>solum</span> <span class='ocrx_word' id='word_1_212' title='bbox 3768 1315 3832 1383; x_wconf 83' lang='lat' dir='ltr'>qui</span> 
     </span>
    </p>
   </div>
   <div class='ocr_carea' id='block_1_28' title="bbox 2318 1404 3830 1476">
    <p class='ocr_par' dir='ltr' id='par_1_28' title="bbox 2318 1404 3830 1476">
     <span class='ocr_line' id='line_1_28' title="bbox 2318 1404 3830 1476; baseline -0.003 -15"><span class='ocrx_word' id='word_1_213' title='bbox 2318 1407 2530 1462; x_wconf 90' lang='lat' dir='ltr'>faciunt</span> <span class='ocrx_word' id='word_1_214' title='bbox 2564 1423 2731 1476; x_wconf 87' lang='lat' dir='ltr'>prava</span> <span class='ocrx_word' id='word_1_215' title='bbox 2758 1422 2883 1460; x_wconf 91' lang='lat' dir='ltr'>reos</span> <span class='ocrx_word' id='word_1_216' title='bbox 2926 1421 3066 1471; x_wconf 91' lang='lat' dir='ltr'>esse,</span> <span class='ocrx_word' id='word_1_217' title='bbox 3097 1404 3195 1458; x_wconf 90' lang='lat' dir='ltr'>sed</span> <span class='ocrx_word' id='word_1_218' title='bbox 3223 1405 3391 1458; x_wconf 89' lang='lat' dir='ltr'>etiam</span> <span class='ocrx_word' id='word_1_219' title='bbox 3433 1406 3523 1475; x_wconf 92' lang='lat' dir='ltr'>qui</span> <span class='ocrx_word' id='word_1_220' title='bbox 3563 1405 3830 1459; x_wconf 82' lang='lat' dir='ltr'>consentiunt</span> 
     </span>
    </p>
   </div>
   <div class='ocr_carea' id='block_1_29' title="bbox 2315 1496 3833 1566">
    <p class='ocr_par' dir='ltr' id='par_1_29' title="bbox 2315 1496 3833 1566">
     <span class='ocr_line' id='line_1_29' title="bbox 2315 1496 3833 1566; baseline -0.003 -12"><span class='ocrx_word' id='word_1_221' title='bbox 2315 1498 2672 1554; x_wconf 84' lang='lat' dir='ltr'>facientibus.</span> <span class='ocrx_word' id='word_1_222' title='bbox 2707 1498 2921 1562; x_wconf 86' lang='lat' dir='ltr'>Quibus</span> <span class='ocrx_word' id='word_1_223' title='bbox 2948 1497 3281 1562; x_wconf 89' lang='lat' dir='ltr'>eanonibus,</span> <span class='ocrx_word' id='word_1_224' title='bbox 3321 1496 3572 1566; x_wconf 86' lang='lat' dir='ltr'>quibusve</span> <span class='ocrx_word' id='word_1_225' title='bbox 3592 1498 3757 1566; x_wconf 82' lang='lat' dir='ltr'>regulis</span> <span class='ocrx_word' id='word_1_226' title='bbox 3773 1501 3833 1552; x_wconf 62' lang='lat' dir='ltr'>tia-</span> 
     </span>
    </p>
   </div>
   <div class='ocr_carea' id='block_1_30' title="bbox 2319 1589 3832 1660">
    <p class='ocr_par' dir='ltr' id='par_1_30' title="bbox 2319 1589 3832 1660">
     <span class='ocr_line' id='line_1_30' title="bbox 2319 1589 3832 1660; baseline -0.003 -14"><span class='ocrx_word' id='word_1_227' title='bbox 2319 1591 2547 1646; x_wconf 92' lang='lat' dir='ltr'>lendion</span> <span class='ocrx_word' id='word_1_228' title='bbox 2575 1591 2829 1644; x_wconf 84' lang='lat' dir='ltr'>exclusus</span> <span class='ocrx_word' id='word_1_229' title='bbox 2855 1595 2956 1656; x_wconf 90' lang='lat' dir='ltr'>est,</span> <span class='ocrx_word' id='word_1_230' title='bbox 2989 1591 3074 1644; x_wconf 88' lang='lat' dir='ltr'>vel</span> <span class='ocrx_word' id='word_1_231' title='bbox 3120 1589 3288 1660; x_wconf 88' lang='lat' dir='ltr'>primi</span> <span class='ocrx_word' id='word_1_232' title='bbox 3332 1589 3544 1644; x_wconf 87' lang='lat' dir='ltr'>urbium</span> <span class='ocrx_word' id='word_1_233' title='bbox 3575 1590 3832 1644; x_wconf 85' lang='lat' dir='ltr'>diversanim</span> 
     </span>
    </p>
   </div>
   <div class='ocr_carea' id='block_1_31' title="bbox 2317 1682 3834 1753">
    <p class='ocr_par' dir='ltr' id='par_1_31' title="bbox 2317 1682 3834 1753">
     <span class='ocr_line' id='line_1_31' title="bbox 2317 1682 3834 1753; baseline -0.003 -14"><span class='ocrx_word' id='word_1_234' title='bbox 2317 1683 2572 1739; x_wconf 86' lang='lat' dir='ltr'>catholici</span> <span class='ocrx_word' id='word_1_235' title='bbox 2595 1683 2949 1737; x_wconf 82' lang='lat' dir='ltr'>sacerdotes?</span> <span class='ocrx_word' id='word_1_236' title='bbox 2966 1699 3076 1753; x_wconf 91' lang='lat' dir='ltr'>qua</span> <span class='ocrx_word' id='word_1_237' title='bbox 3097 1682 3401 1736; x_wconf 87' lang='lat' dir='ltr'>traditione</span> <span class='ocrx_word' id='word_1_238' title='bbox 3421 1683 3666 1752; x_wconf 87' lang='lat' dir='ltr'>majorum</span> <span class='ocrx_word' id='word_1_239' title='bbox 3687 1685 3834 1752; x_wconf 69' lang='lat' dir='ltr'>aposto</span> 
     </span>
    </p>
   </div>
   <div class='ocr_carea' id='block_1_32' title="bbox 591 1759 3835 1846">
    <p class='ocr_par' dir='ltr' id='par_1_32' title="bbox 591 1759 3835 1846">
     <span class='ocr_line' id='line_1_32' title="bbox 591 1759 3835 1846; baseline -0.002 -15"><span class='ocrx_word' id='word_1_240' title='bbox 591 1795 648 1832; x_wconf 91' lang='lat' dir='ltr'>se</span> <span class='ocrx_word' id='word_1_241' title='bbox 673 1775 901 1831; x_wconf 83' lang='lat' dir='ltr'>divisuri</span> <span class='ocrx_word' id='word_1_242' title='bbox 929 1781 1079 1841; x_wconf 89' lang='lat' dir='ltr'>sunt,</span> <span class='ocrx_word' id='word_1_243' title='bbox 1112 1776 1171 1829; x_wconf 93' lang='lat' dir='ltr'>id</span> <span class='ocrx_word' id='word_1_244' title='bbox 1193 1776 1540 1846; x_wconf 86' lang='lat' dir='ltr'>jamdudum</span> <span class='ocrx_word' id='word_1_245' title='bbox 1577 1776 1775 1831; x_wconf 87' lang='lat' dir='ltr'>fecisse</span> <span class='ocrx_word' id='word_1_246' title='bbox 1802 1780 2213 1844; x_wconf 88' lang='lat' dir='ltr'>monstrantur,</span> <span class='ocrx_word' id='word_1_247' title='bbox 2237 1759 2292 1830; x_wconf 85' lang='grc' dir='ltr'>Β</span> <span class='ocrx_word' id='word_1_248' title='bbox 2317 1778 2483 1832; x_wconf 87' lang='lat' dir='ltr'>licam</span> <span class='ocrx_word' id='word_1_249' title='bbox 2523 1777 2714 1830; x_wconf 90' lang='lat' dir='ltr'>sedem</span> <span class='ocrx_word' id='word_1_250' title='bbox 2752 1777 2808 1830; x_wconf 92' lang='lat' dir='ltr'>in</span> <span class='ocrx_word' id='word_1_251' title='bbox 2847 1776 3064 1846; x_wconf 90' lang='lat' dir='ltr'>judicio</span> <span class='ocrx_word' id='word_1_252' title='bbox 3103 1775 3346 1830; x_wconf 88' lang='lat' dir='ltr'>vocant?</span> <span class='ocrx_word' id='word_1_253' title='bbox 3368 1777 3450 1828; x_wconf 95' lang='lat' dir='ltr'>An</span> <span class='ocrx_word' id='word_1_254' title='bbox 3493 1775 3710 1829; x_wconf 71' lang='lat' dir='ltr'>secundae</span> <span class='ocrx_word' id='word_1_255' title='bbox 3737 1773 3835 1828; x_wconf 82' lang='lat' dir='ltr'>sedis</span> 
     </span>
    </p>
   </div>
   <div class='ocr_carea' id='block_1_33' title="bbox 591 1869 2216 1940">
    <p class='ocr_par' dir='ltr' id='par_1_33' title="bbox 591 1869 2216 1940">
     <span class='ocr_line' id='line_1_33' title="bbox 591 1869 2216 1940; baseline -0.001 -16"><span class='ocrx_word' id='word_1_256' title='bbox 591 1885 656 1924; x_wconf 92' lang='lat' dir='ltr'>eo</span> <span class='ocrx_word' id='word_1_257' title='bbox 685 1870 875 1924; x_wconf 91' lang='lat' dir='ltr'>minus</span> <span class='ocrx_word' id='word_1_258' title='bbox 907 1884 1035 1922; x_wconf 91' lang='lat' dir='ltr'>vere</span> <span class='ocrx_word' id='word_1_259' title='bbox 1063 1869 1243 1922; x_wconf 90' lang='lat' dir='ltr'>miror</span> <span class='ocrx_word' id='word_1_260' title='bbox 1268 1869 1312 1922; x_wconf 90' lang='lat' dir='ltr'>si</span> <span class='ocrx_word' id='word_1_261' title='bbox 1349 1869 1735 1940; x_wconf 83' lang='lat' dir='ltr'>ignorantiam</span> <span class='ocrx_word' id='word_1_262' title='bbox 1766 1885 1923 1923; x_wconf 91' lang='lat' dir='ltr'>suam</span> <span class='ocrx_word' id='word_1_263' title='bbox 1948 1869 2070 1940; x_wconf 90' lang='lat' dir='ltr'>ipse</span> <span class='ocrx_word' id='word_1_264' title='bbox 2098 1885 2216 1923; x_wconf 85' lang='lat' dir='ltr'>non</span> 
     </span>
    </p>
   </div>
   <div class='ocr_carea' id='block_1_34' title="bbox 588 1960 2216 2034">
    <p class='ocr_par' dir='ltr' id='par_1_34' title="bbox 588 1960 2216 2034">
     <span class='ocr_line' id='line_1_34' title="bbox 588 1960 2216 2034; baseline -0.001 -16"><span class='ocrx_word' id='word_1_265' title='bbox 588 1961 859 2034; x_wconf 89' lang='lat' dir='ltr'>perspicit</span> <span class='ocrx_word' id='word_1_266' title='bbox 897 1960 992 2032; x_wconf 89' lang='lat' dir='ltr'>qui</span> <span class='ocrx_word' id='word_1_267' title='bbox 1037 1961 1170 2016; x_wconf 90' lang='lat' dir='ltr'>dicit</span> <span class='ocrx_word' id='word_1_268' title='bbox 1211 1961 1476 2016; x_wconf 86' lang='lat' dir='ltr'>Acacium</span> <span class='ocrx_word' id='word_1_269' title='bbox 1523 1961 1592 2015; x_wconf 90' lang='lat' dir='ltr'>ab</span> <span class='ocrx_word' id='word_1_270' title='bbox 1639 1979 1754 2016; x_wconf 89' lang='lat' dir='ltr'>uno</span> <span class='ocrx_word' id='word_1_271' title='bbox 1799 1978 1916 2016; x_wconf 90' lang='lat' dir='ltr'>non</span> <span class='ocrx_word' id='word_1_272' title='bbox 1966 1961 2216 2032; x_wconf 89' lang='lat' dir='ltr'>potuisse</span> 
     </span>
    </p>
   </div>
   <div class='ocr_carea' id='block_1_35' title="bbox 588 2054 2214 2125">
    <p class='ocr_par' dir='ltr' id='par_1_35' title="bbox 588 2054 2214 2125">
     <span class='ocr_line' id='line_1_35' title="bbox 588 2054 2214 2125; baseline -0.001 -15"><span class='ocrx_word' id='word_1_273' title='bbox 588 2055 870 2110; x_wconf 89' lang='lat' dir='ltr'>damnari.</span> <span class='ocrx_word' id='word_1_274' title='bbox 921 2056 1076 2109; x_wconf 87' lang='lat' dir='ltr'>Itane</span> <span class='ocrx_word' id='word_1_275' title='bbox 1127 2070 1241 2109; x_wconf 90' lang='lat' dir='ltr'>non</span> <span class='ocrx_word' id='word_1_276' title='bbox 1289 2054 1559 2125; x_wconf 89' lang='lat' dir='ltr'>perspicit</span> <span class='ocrx_word' id='word_1_277' title='bbox 1607 2055 1919 2109; x_wconf 90' lang='lat' dir='ltr'>secundum</span> <span class='ocrx_word' id='word_1_278' title='bbox 1968 2055 2214 2109; x_wconf 90' lang='lat' dir='ltr'>formam</span> 
     </span>
    </p>
   </div>
   <div class='ocr_carea' id='block_1_36' title="bbox 588 2147 2214 2220">
    <p class='ocr_par' dir='ltr' id='par_1_36' title="bbox 588 2147 2214 2220">
     <span class='ocr_line' id='line_1_36' title="bbox 588 2147 2214 2220; baseline -0.001 -17"><span class='ocrx_word' id='word_1_279' title='bbox 588 2148 790 2220; x_wconf 89' lang='lat' dir='ltr'>synodi</span> <span class='ocrx_word' id='word_1_280' title='bbox 825 2147 1294 2202; x_wconf 85' lang='lat' dir='ltr'>Chalcedonensis</span> <span class='ocrx_word' id='word_1_281' title='bbox 1336 2147 1597 2202; x_wconf 87' lang='lat' dir='ltr'>Acacium</span> <span class='ocrx_word' id='word_1_282' title='bbox 1643 2148 1812 2202; x_wconf 89' lang='lat' dir='ltr'>fuisse</span> <span class='ocrx_word' id='word_1_283' title='bbox 1856 2148 2214 2216; x_wconf 90' lang='lat' dir='ltr'>damnatum,</span> 
     </span>
    </p>
   </div>
   <div class='ocr_carea' id='block_1_37' title="bbox 593 2240 2216 2312">
    <p class='ocr_par' dir='ltr' id='par_1_37' title="bbox 593 2240 2216 2312">
     <span class='ocr_line' id='line_1_37' title="bbox 593 2240 2216 2312; baseline -0.001 -16"><span class='ocrx_word' id='word_1_284' title='bbox 593 2259 696 2296; x_wconf 93' lang='lat' dir='ltr'>nec</span> <span class='ocrx_word' id='word_1_285' title='bbox 739 2241 891 2295; x_wconf 90' lang='lat' dir='ltr'>novit</span> <span class='ocrx_word' id='word_1_286' title='bbox 928 2245 1025 2294; x_wconf 91' lang='lat' dir='ltr'>aut</span> <span class='ocrx_word' id='word_1_287' title='bbox 1055 2258 1112 2295; x_wconf 88' lang='lat' dir='ltr'>se</span> <span class='ocrx_word' id='word_1_288' title='bbox 1160 2255 1322 2295; x_wconf 89' lang='lat' dir='ltr'>nosse</span> <span class='ocrx_word' id='word_1_289' title='bbox 1369 2240 1708 2309; x_wconf 90' lang='lat' dir='ltr'>dissimulat,</span> <span class='ocrx_word' id='word_1_290' title='bbox 1741 2246 1979 2311; x_wconf 90' lang='lat' dir='ltr'>quantos</span> <span class='ocrx_word' id='word_1_291' title='bbox 2023 2241 2216 2312; x_wconf 90' lang='lat' dir='ltr'>utique</span> 
     </span>
    </p>
   </div>
   <div class='ocr_carea' id='block_1_38' title="bbox 587 2333 2218 2407">
    <p class='ocr_par' dir='ltr' id='par_1_38' title="bbox 587 2333 2218 2407">
     <span class='ocr_line' id='line_1_38' title="bbox 587 2333 2218 2407; baseline 0 -18"><span class='ocrx_word' id='word_1_292' title='bbox 587 2351 691 2407; x_wconf 90' lang='lat' dir='ltr'>per</span> <span class='ocrx_word' id='word_1_293' title='bbox 709 2350 1080 2388; x_wconf 90' lang='lat' dir='ltr'>numerosam</span> <span class='ocrx_word' id='word_1_294' title='bbox 1109 2333 1450 2387; x_wconf 90' lang='lat' dir='ltr'>sententiam</span> <span class='ocrx_word' id='word_1_295' title='bbox 1481 2334 1793 2388; x_wconf 89' lang='lat' dir='ltr'>sacerdotes</span> <span class='ocrx_word' id='word_1_296' title='bbox 1818 2334 2028 2388; x_wconf 88' lang='lat' dir='ltr'>erroris</span> <span class='ocrx_word' id='word_1_297' title='bbox 2047 2334 2218 2404; x_wconf 88' lang='lat' dir='ltr'>hujus</span> 
     </span>
    </p>
   </div>
   <div class='ocr_carea' id='block_1_39' title="bbox 591 2426 2214 2498">
    <p class='ocr_par' dir='ltr' id='par_1_39' title="bbox 591 2426 2214 2498">
     <span class='ocr_line' id='line_1_39' title="bbox 591 2426 2214 2498; baseline -0.001 -16"><span class='ocrx_word' id='word_1_298' title='bbox 591 2431 850 2482; x_wconf 86' lang='lat' dir='ltr'>auctores</span> <span class='ocrx_word' id='word_1_299' title='bbox 877 2430 1097 2480; x_wconf 88' lang='lat' dir='ltr'>constat</span> <span class='ocrx_word' id='word_1_300' title='bbox 1125 2426 1296 2480; x_wconf 89' lang='lat' dir='ltr'>fuisse</span> <span class='ocrx_word' id='word_1_301' title='bbox 1335 2426 1655 2493; x_wconf 91' lang='lat' dir='ltr'>damnatos,</span> <span class='ocrx_word' id='word_1_302' title='bbox 1689 2427 1832 2481; x_wconf 91' lang='lat' dir='ltr'>sicut</span> <span class='ocrx_word' id='word_1_303' title='bbox 1868 2427 1927 2481; x_wconf 92' lang='lat' dir='ltr'>in</span> <span class='ocrx_word' id='word_1_304' title='bbox 1958 2443 2214 2498; x_wconf 88' lang='lat' dir='ltr'>unaqua-</span> 
     </span>
    </p>
   </div>
   <div class='ocr_carea' id='block_1_40' title="bbox 588 2519 2220 2592">
    <p class='ocr_par' dir='ltr' id='par_1_40' title="bbox 588 2519 2220 2592">
     <span class='ocr_line' id='line_1_40' title="bbox 588 2519 2220 2592; baseline 0.001 -20"><span class='ocrx_word' id='word_1_305' title='bbox 588 2537 698 2592; x_wconf 87' lang='lat' dir='ltr'>que</span> <span class='ocrx_word' id='word_1_306' title='bbox 750 2520 948 2574; x_wconf 74' lang='lat' dir='ltr'>lueresi</span> <span class='ocrx_word' id='word_1_307' title='bbox 1001 2537 1035 2573; x_wconf 91' lang='lat' dir='ltr'>a</span> <span class='ocrx_word' id='word_1_308' title='bbox 1082 2519 1360 2589; x_wconf 90' lang='lat' dir='ltr'>principio</span> <span class='ocrx_word' id='word_1_309' title='bbox 1416 2519 1752 2575; x_wconf 65' lang='lat' dir='ltr'>Christianae</span> <span class='ocrx_word' id='word_1_310' title='bbox 1818 2519 2112 2590; x_wconf 81' lang='lat' dir='ltr'>religionis</span> <span class='ocrx_word' id='word_1_311' title='bbox 2164 2525 2220 2574; x_wconf 91' lang='lat' dir='ltr'>et</span> 
     </span>
    </p>
   </div>
   <div class='ocr_carea' id='block_1_41' title="bbox 588 2612 2216 2669">
    <p class='ocr_par' dir='ltr' id='par_1_41' title="bbox 588 2612 2216 2669">
     <span class='ocr_line' id='line_1_41' title="bbox 588 2612 2216 2669; baseline -0.002 0"><span class='ocrx_word' id='word_1_312' title='bbox 588 2615 801 2669; x_wconf 85' lang='lat' dir='ltr'>factum</span> <span class='ocrx_word' id='word_1_313' title='bbox 855 2613 1024 2666; x_wconf 86' lang='lat' dir='ltr'>fuisse</span> <span class='ocrx_word' id='word_1_314' title='bbox 1081 2616 1137 2666; x_wconf 91' lang='lat' dir='ltr'>et</span> <span class='ocrx_word' id='word_1_315' title='bbox 1190 2612 1312 2666; x_wconf 87' lang='lat' dir='ltr'>ﬁeri</span> <span class='ocrx_word' id='word_1_316' title='bbox 1369 2612 1668 2666; x_wconf 85' lang='lat' dir='ltr'>manifesta</span> <span class='ocrx_word' id='word_1_317' title='bbox 1731 2629 1926 2667; x_wconf 88' lang='lat' dir='ltr'>rerum</span> <span class='ocrx_word' id='word_1_318' title='bbox 1994 2613 2216 2668; x_wconf 84' lang='lat' dir='ltr'>ratione</span> 
     </span>
    </p>
   </div>
   <div class='ocr_carea' id='block_1_42' title="bbox 595 2705 2215 2776">
    <p class='ocr_par' dir='ltr' id='par_1_42' title="bbox 595 2705 2215 2776">
     <span class='ocr_line' id='line_1_42' title="bbox 595 2705 2215 2776; baseline -0.001 -15"><span class='ocrx_word' id='word_1_319' title='bbox 595 2710 968 2774; x_wconf 88' lang='lat' dir='ltr'>monstratur,</span> <span class='ocrx_word' id='word_1_320' title='bbox 986 2705 1578 2776; x_wconf 62' lang='lat' dir='ltr'>praedecessoremque</span> <span class='ocrx_word' id='word_1_321' title='bbox 1605 2720 1798 2760; x_wconf 88' lang='lat' dir='ltr'>meum</span> <span class='ocrx_word' id='word_1_322' title='bbox 1824 2711 2215 2760; x_wconf 86' lang='lat' dir='ltr'>exsecutorem</span> 
     </span>
    </p>
   </div>
   <div class='ocr_carea' id='block_1_43' title="bbox 590 2797 2218 2862">
    <p class='ocr_par' dir='ltr' id='par_1_43' title="bbox 590 2797 2218 2862">
     <span class='ocr_line' id='line_1_43' title="bbox 590 2797 2218 2862; baseline -0.001 -8"><span class='ocrx_word' id='word_1_323' title='bbox 590 2799 761 2854; x_wconf 87' lang='lat' dir='ltr'>fuisse</span> <span class='ocrx_word' id='word_1_324' title='bbox 810 2798 1010 2852; x_wconf 84' lang='lat' dir='ltr'>veteris</span> <span class='ocrx_word' id='word_1_325' title='bbox 1061 2797 1372 2862; x_wconf 86' lang='lat' dir='ltr'>constituti,</span> <span class='ocrx_word' id='word_1_326' title='bbox 1421 2814 1537 2852; x_wconf 92' lang='lat' dir='ltr'>non</span> <span class='ocrx_word' id='word_1_327' title='bbox 1584 2814 1747 2852; x_wconf 67' lang='lat' dir='ltr'>nova:</span> <span class='ocrx_word' id='word_1_328' title='bbox 1803 2797 2218 2852; x_wconf 88' lang='lat' dir='ltr'>constitutionis</span> 
     </span>
    </p>
   </div>
   <div class='ocr_carea' id='block_1_44' title="bbox 591 2889 2218 2961">
    <p class='ocr_par' dir='ltr' id='par_1_44' title="bbox 591 2889 2218 2961">
     <span class='ocr_line' id='line_1_44' title="bbox 591 2889 2218 2961; baseline -0.001 -15"><span class='ocrx_word' id='word_1_329' title='bbox 591 2897 898 2946; x_wconf 89' lang='lat' dir='ltr'>auctorem.</span> <span class='ocrx_word' id='word_1_330' title='bbox 925 2889 1086 2953; x_wconf 91' lang='lat' dir='ltr'>Quod</span> <span class='ocrx_word' id='word_1_331' title='bbox 1115 2905 1231 2943; x_wconf 91' lang='lat' dir='ltr'>non</span> <span class='ocrx_word' id='word_1_332' title='bbox 1253 2889 1436 2943; x_wconf 90' lang='lat' dir='ltr'>solum</span> <span class='ocrx_word' id='word_1_333' title='bbox 1459 2889 1688 2960; x_wconf 70' lang='lat' dir='ltr'>praesuli</span> <span class='ocrx_word' id='word_1_334' title='bbox 1708 2890 2017 2961; x_wconf 88' lang='lat' dir='ltr'>apostolico</span> <span class='ocrx_word' id='word_1_335' title='bbox 2036 2890 2218 2945; x_wconf 87' lang='lat' dir='ltr'>facere</span> 
     </span>
    </p>
   </div>
   <div class='ocr_carea' id='block_1_45' title="bbox 590 2981 2220 3053">
    <p class='ocr_par' dir='ltr' id='par_1_45' title="bbox 590 2981 2220 3053">
     <span class='ocr_line' id='line_1_45' title="bbox 590 2981 2220 3053; baseline -0.001 -15"><span class='ocrx_word' id='word_1_336' title='bbox 590 2984 744 3050; x_wconf 90' lang='lat' dir='ltr'>licet,</span> <span class='ocrx_word' id='word_1_337' title='bbox 784 2982 995 3036; x_wconf 91' lang='lat' dir='ltr'>scilicet</span> <span class='ocrx_word' id='word_1_338' title='bbox 1044 2981 1360 3051; x_wconf 89' lang='lat' dir='ltr'>cuicunque</span> <span class='ocrx_word' id='word_1_339' title='bbox 1407 2981 1685 3052; x_wconf 90' lang='lat' dir='ltr'>pontiﬁci,</span> <span class='ocrx_word' id='word_1_340' title='bbox 1727 2985 1792 3036; x_wconf 90' lang='lat' dir='ltr'>ut</span> <span class='ocrx_word' id='word_1_341' title='bbox 1835 2982 2122 3053; x_wconf 90' lang='lat' dir='ltr'>quoslibet</span> <span class='ocrx_word' id='word_1_342' title='bbox 2163 2989 2220 3037; x_wconf 91' lang='lat' dir='ltr'>et</span> 
     </span>
    </p>
   </div>
   <div class='ocr_carea' id='block_1_46' title="bbox 591 3074 2216 3147">
    <p class='ocr_par' dir='ltr' id='par_1_46' title="bbox 591 3074 2216 3147">
     <span class='ocr_line' id='line_1_46' title="bbox 591 3074 2216 3147; baseline 0 -17"><span class='ocrx_word' id='word_1_343' title='bbox 591 3075 1122 3146; x_wconf 90' lang='lat' dir='ltr'>quemlibetlocum,</span> <span class='ocrx_word' id='word_1_344' title='bbox 1141 3074 1450 3128; x_wconf 92' lang='lat' dir='ltr'>secundum</span> <span class='ocrx_word' id='word_1_345' title='bbox 1466 3075 1728 3146; x_wconf 89' lang='lat' dir='ltr'>regulam</span> <span class='ocrx_word' id='word_1_346' title='bbox 1745 3075 2025 3130; x_wconf 62' lang='lat' dir='ltr'>haereseos</span> <span class='ocrx_word' id='word_1_347' title='bbox 2043 3075 2216 3147; x_wconf 90' lang='lat' dir='ltr'>ipsius</span> 
     </span>
    </p>
   </div>
   <div class='ocr_carea' id='block_1_47' title="bbox 591 3167 2213 3224">
    <p class='ocr_par' dir='ltr' id='par_1_47' title="bbox 591 3167 2213 3224">
     <span class='ocr_line' id='line_1_47' title="bbox 591 3167 2213 3224; baseline 0.001 -2"><span class='ocrx_word' id='word_1_348' title='bbox 591 3175 720 3224; x_wconf 85' lang='lat' dir='ltr'>ante</span> <span class='ocrx_word' id='word_1_349' title='bbox 746 3168 1026 3222; x_wconf 81' lang='lat' dir='ltr'>damnatae</span> <span class='ocrx_word' id='word_1_350' title='bbox 1053 3183 1084 3218; x_wconf 89' lang='lat' dir='ltr'>a</span> <span class='ocrx_word' id='word_1_351' title='bbox 1114 3167 1390 3221; x_wconf 90' lang='lat' dir='ltr'>catholica</span> <span class='ocrx_word' id='word_1_352' title='bbox 1423 3167 1830 3222; x_wconf 90' lang='lat' dir='ltr'>communione</span> <span class='ocrx_word' id='word_1_353' title='bbox 1870 3167 2213 3224; x_wconf 90' lang='lat' dir='ltr'>discernant.</span> 
     </span>
    </p>
   </div>
   <div class='ocr_carea' id='block_1_48' title="bbox 659 3260 2218 3332">
    <p class='ocr_par' dir='ltr' id='par_1_48' title="bbox 659 3260 2218 3332">
     <span class='ocr_line' id='line_1_48' title="bbox 659 3260 2218 3332; baseline -0.001 -15"><span class='ocrx_word' id='word_1_354' title='bbox 659 3261 887 3318; x_wconf 90' lang='lat' dir='ltr'>Aeacius</span> <span class='ocrx_word' id='word_1_355' title='bbox 912 3261 1123 3332; x_wconf 90' lang='lat' dir='ltr'>quippe</span> <span class='ocrx_word' id='word_1_356' title='bbox 1155 3277 1268 3314; x_wconf 91' lang='lat' dir='ltr'>non</span> <span class='ocrx_word' id='word_1_357' title='bbox 1295 3260 1402 3314; x_wconf 90' lang='lat' dir='ltr'>fuit</span> <span class='ocrx_word' id='word_1_358' title='bbox 1442 3260 1572 3314; x_wconf 90' lang='lat' dir='ltr'>novi</span> <span class='ocrx_word' id='word_1_359' title='bbox 1597 3261 1681 3315; x_wconf 86' lang='lat' dir='ltr'>vel</span> <span class='ocrx_word' id='word_1_360' title='bbox 1705 3261 1918 3332; x_wconf 90' lang='lat' dir='ltr'>proprii</span> <span class='ocrx_word' id='word_1_361' title='bbox 1958 3261 2218 3316; x_wconf 89' lang='lat' dir='ltr'>inventor</span> 
     </span>
    </p>
   </div>
   <div class='ocr_carea' id='block_1_49' title="bbox 589 3354 2211 3424">
    <p class='ocr_par' dir='ltr' id='par_1_49' title="bbox 589 3354 2211 3424">
     <span class='ocr_line' id='line_1_49' title="bbox 589 3354 2211 3424; baseline -0.002 -13"><span class='ocrx_word' id='word_1_362' title='bbox 589 3355 818 3419; x_wconf 89' lang='lat' dir='ltr'>erroris,</span> <span class='ocrx_word' id='word_1_363' title='bbox 850 3360 908 3408; x_wconf 91' lang='lat' dir='ltr'>ut</span> <span class='ocrx_word' id='word_1_364' title='bbox 934 3355 991 3408; x_wconf 92' lang='lat' dir='ltr'>in</span> <span class='ocrx_word' id='word_1_365' title='bbox 1023 3370 1152 3407; x_wconf 91' lang='lat' dir='ltr'>eum</span> <span class='ocrx_word' id='word_1_366' title='bbox 1187 3370 1329 3407; x_wconf 90' lang='lat' dir='ltr'>nova</span> <span class='ocrx_word' id='word_1_367' title='bbox 1355 3354 1491 3408; x_wconf 89' lang='lat' dir='ltr'>scita</span> <span class='ocrx_word' id='word_1_368' title='bbox 1525 3354 1917 3424; x_wconf 88' lang='lat' dir='ltr'>procederent,</span> <span class='ocrx_word' id='word_1_369' title='bbox 1951 3354 2050 3409; x_wconf 93' lang='lat' dir='ltr'>sed</span> <span class='ocrx_word' id='word_1_370' title='bbox 2077 3355 2211 3409; x_wconf 90' lang='lat' dir='ltr'>alio-</span> 
     </span>
    </p>
   </div>
   <div class='ocr_carea' id='block_1_50' title="bbox 587 3446 2215 3519">
    <p class='ocr_par' dir='ltr' id='par_1_50' title="bbox 587 3446 2215 3519">
     <span class='ocr_line' id='line_1_50' title="bbox 587 3446 2215 3519; baseline -0.001 -14"><span class='ocrx_word' id='word_1_371' title='bbox 587 3465 715 3505; x_wconf 90' lang='lat' dir='ltr'>rum</span> <span class='ocrx_word' id='word_1_372' title='bbox 756 3446 997 3502; x_wconf 85' lang='lat' dir='ltr'>facinori</span> <span class='ocrx_word' id='word_1_373' title='bbox 1041 3464 1199 3501; x_wconf 89' lang='lat' dir='ltr'>suam</span> <span class='ocrx_word' id='word_1_374' title='bbox 1241 3446 1702 3502; x_wconf 90' lang='lat' dir='ltr'>communionem</span> <span class='ocrx_word' id='word_1_375' title='bbox 1748 3447 1992 3503; x_wconf 89' lang='lat' dir='ltr'>miscuit.</span> <span class='ocrx_word' id='word_1_376' title='bbox 2026 3450 2215 3519; x_wconf 81' lang='lat' dir='ltr'>Itaque</span> 
     </span>
    </p>
   </div>
   <div class='ocr_carea' id='block_1_51' title="bbox 585 3540 2212 3610">
    <p class='ocr_par' dir='ltr' id='par_1_51' title="bbox 585 3540 2212 3610">
     <span class='ocr_line' id='line_1_51' title="bbox 585 3540 2212 3610; baseline -0.001 -12"><span class='ocrx_word' id='word_1_377' title='bbox 585 3559 813 3598; x_wconf 89' lang='lat' dir='ltr'>necesse</span> <span class='ocrx_word' id='word_1_378' title='bbox 840 3544 924 3595; x_wconf 91' lang='lat' dir='ltr'>est</span> <span class='ocrx_word' id='word_1_379' title='bbox 963 3543 1023 3593; x_wconf 90' lang='lat' dir='ltr'>ut</span> <span class='ocrx_word' id='word_1_380' title='bbox 1065 3540 1123 3594; x_wconf 92' lang='lat' dir='ltr'>in</span> <span class='ocrx_word' id='word_1_381' title='bbox 1166 3541 1322 3594; x_wconf 91' lang='lat' dir='ltr'>illam</span> <span class='ocrx_word' id='word_1_382' title='bbox 1361 3540 1640 3594; x_wconf 85' lang='lat' dir='ltr'>recideret</span> <span class='ocrx_word' id='word_1_383' title='bbox 1667 3541 1822 3610; x_wconf 90' lang='lat' dir='ltr'>justa</span> <span class='ocrx_word' id='word_1_384' title='bbox 1865 3541 2048 3596; x_wconf 90' lang='lat' dir='ltr'>lanice</span> <span class='ocrx_word' id='word_1_385' title='bbox 2089 3557 2212 3596; x_wconf 84' lang='lat' dir='ltr'>sen-</span> 
     </span>
    </p>
   </div>
   <div class='ocr_carea' id='block_1_52' title="bbox 587 3633 2210 3705">
    <p class='ocr_par' dir='ltr' id='par_1_52' title="bbox 587 3633 2210 3705">
     <span class='ocr_line' id='line_1_52' title="bbox 587 3633 2210 3705; baseline -0.001 -15"><span class='ocrx_word' id='word_1_386' title='bbox 587 3635 818 3690; x_wconf 87' lang='lat' dir='ltr'>tentiam</span> <span class='ocrx_word' id='word_1_387' title='bbox 859 3650 1032 3705; x_wconf 87' lang='lat' dir='ltr'>quam</span> <span class='ocrx_word' id='word_1_388' title='bbox 1079 3649 1206 3687; x_wconf 93' lang='lat' dir='ltr'>cum</span> <span class='ocrx_word' id='word_1_389' title='bbox 1255 3633 1370 3687; x_wconf 90' lang='lat' dir='ltr'>suis</span> <span class='ocrx_word' id='word_1_390' title='bbox 1415 3633 1829 3687; x_wconf 88' lang='lat' dir='ltr'>successoribus</span> <span class='ocrx_word' id='word_1_391' title='bbox 1872 3649 1974 3703; x_wconf 91' lang='lat' dir='ltr'>per</span> <span class='ocrx_word' id='word_1_392' title='bbox 2016 3635 2210 3689; x_wconf 91' lang='lat' dir='ltr'>conni-</span> 
     </span>
    </p>
   </div>
   <div class='ocr_carea' id='block_1_53' title="bbox 588 3726 2215 3798">
    <p class='ocr_par' dir='ltr' id='par_1_53' title="bbox 588 3726 2215 3798">
     <span class='ocr_line' id='line_1_53' title="bbox 588 3726 2215 3798; baseline -0.001 -16"><span class='ocrx_word' id='word_1_393' title='bbox 588 3728 833 3782; x_wconf 91' lang='lat' dir='ltr'>ventiam</span> <span class='ocrx_word' id='word_1_394' title='bbox 865 3726 1192 3798; x_wconf 88' lang='lat' dir='ltr'>synodalem</span> <span class='ocrx_word' id='word_1_395' title='bbox 1221 3730 1540 3797; x_wconf 89' lang='lat' dir='ltr'>susceperat</span> <span class='ocrx_word' id='word_1_396' title='bbox 1565 3730 1758 3780; x_wconf 90' lang='lat' dir='ltr'>auctor</span> <span class='ocrx_word' id='word_1_397' title='bbox 1787 3726 2014 3781; x_wconf 90' lang='lat' dir='ltr'>erroris.</span> <span class='ocrx_word' id='word_1_398' title='bbox 2045 3727 2215 3782; x_wconf 89' lang='lat' dir='ltr'>Nobis</span> 
     </span>
    </p>
   </div>
   <div class='ocr_carea' id='block_1_54' title="bbox 587 3819 2211 3894">
    <p class='ocr_par' dir='ltr' id='par_1_54' title="bbox 587 3819 2211 3894">
     <span class='ocr_line' id='line_1_54' title="bbox 587 3819 2211 3894; baseline -0.001 -18"><span class='ocrx_word' id='word_1_399' title='bbox 587 3826 886 3894; x_wconf 90' lang='lat' dir='ltr'>opponunt</span> <span class='ocrx_word' id='word_1_400' title='bbox 923 3835 1192 3886; x_wconf 90' lang='lat' dir='ltr'>canones,</span> <span class='ocrx_word' id='word_1_401' title='bbox 1220 3819 1357 3873; x_wconf 91' lang='lat' dir='ltr'>dum</span> <span class='ocrx_word' id='word_1_402' title='bbox 1390 3819 1653 3874; x_wconf 90' lang='lat' dir='ltr'>nesciunt</span> <span class='ocrx_word' id='word_1_403' title='bbox 1699 3819 1835 3890; x_wconf 91' lang='lat' dir='ltr'>quid</span> <span class='ocrx_word' id='word_1_404' title='bbox 1878 3821 2211 3890; x_wconf 89' lang='lat' dir='ltr'>loquantur.</span> 
     </span>
    </p>
   </div>
   <div class='ocr_carea' id='block_1_55' title="bbox 586 3912 2214 3985">
    <p class='ocr_par' dir='ltr' id='par_1_55' title="bbox 586 3912 2214 3985">
     <span class='ocr_line' id='line_1_55' title="bbox 586 3912 2214 3985; baseline -0.002 -15"><span class='ocrx_word' id='word_1_405' title='bbox 586 3916 790 3970; x_wconf 86' lang='lat' dir='ltr'>Contra</span> <span class='ocrx_word' id='word_1_406' title='bbox 819 3929 961 3985; x_wconf 87' lang='lat' dir='ltr'>quos</span> <span class='ocrx_word' id='word_1_407' title='bbox 987 3913 1093 3967; x_wconf 89' lang='lat' dir='ltr'>hoc</span> <span class='ocrx_word' id='word_1_408' title='bbox 1118 3913 1226 3984; x_wconf 91' lang='lat' dir='ltr'>ipsi</span> <span class='ocrx_word' id='word_1_409' title='bbox 1249 3913 1442 3966; x_wconf 89' lang='lat' dir='ltr'>venire</span> <span class='ocrx_word' id='word_1_410' title='bbox 1473 3928 1532 3965; x_wconf 90' lang='lat' dir='ltr'>se</span> <span class='ocrx_word' id='word_1_411' title='bbox 1560 3912 1813 3982; x_wconf 89' lang='lat' dir='ltr'>produnt</span> <span class='ocrx_word' id='word_1_412' title='bbox 1838 3913 1993 3983; x_wconf 91' lang='lat' dir='ltr'>quod</span> <span class='ocrx_word' id='word_1_413' title='bbox 2014 3913 2214 3984; x_wconf 77' lang='lat' dir='ltr'>primae</span> 
     </span>
    </p>
   </div>
   <div class='ocr_carea' id='block_1_56' title="bbox 587 4004 2215 4077">
    <p class='ocr_par' dir='ltr' id='par_1_56' title="bbox 587 4004 2215 4077">
     <span class='ocr_line' id='line_1_56' title="bbox 587 4004 2215 4077; baseline -0.003 -13"><span class='ocrx_word' id='word_1_414' title='bbox 587 4009 708 4064; x_wconf 85' lang='lat' dir='ltr'>sedi</span> <span class='ocrx_word' id='word_1_415' title='bbox 752 4024 890 4061; x_wconf 91' lang='lat' dir='ltr'>sana</span> <span class='ocrx_word' id='word_1_416' title='bbox 938 4011 1201 4076; x_wconf 89' lang='lat' dir='ltr'>rectaque</span> <span class='ocrx_word' id='word_1_417' title='bbox 1245 4004 1505 4059; x_wconf 88' lang='lat' dir='ltr'>suadenti</span> <span class='ocrx_word' id='word_1_418' title='bbox 1556 4021 1754 4075; x_wconf 89' lang='lat' dir='ltr'>parere</span> <span class='ocrx_word' id='word_1_419' title='bbox 1797 4005 2058 4077; x_wconf 86' lang='lat' dir='ltr'>fugiunt;</span> <span class='ocrx_word' id='word_1_420' title='bbox 2106 4006 2215 4077; x_wconf 91' lang='lat' dir='ltr'>ipsi</span> 
     </span>
    </p>
   </div>
   <div class='ocr_carea' id='block_1_57' title="bbox 587 4098 2213 4169">
    <p class='ocr_par' dir='ltr' id='par_1_57' title="bbox 587 4098 2213 4169">
     <span class='ocr_line' id='line_1_57' title="bbox 587 4098 2213 4169; baseline -0.002 -13"><span class='ocrx_word' id='word_1_421' title='bbox 587 4105 720 4156; x_wconf 88' lang='lat' dir='ltr'>sunt</span> <span class='ocrx_word' id='word_1_422' title='bbox 759 4115 1026 4165; x_wconf 90' lang='lat' dir='ltr'>canones,</span> <span class='ocrx_word' id='word_1_423' title='bbox 1053 4099 1150 4169; x_wconf 90' lang='lat' dir='ltr'>qui</span> <span class='ocrx_word' id='word_1_424' title='bbox 1191 4098 1598 4169; x_wconf 88' lang='lat' dir='ltr'>appellationes</span> <span class='ocrx_word' id='word_1_425' title='bbox 1642 4098 1816 4153; x_wconf 90' lang='lat' dir='ltr'>totius</span> <span class='ocrx_word' id='word_1_426' title='bbox 1845 4098 2105 4152; x_wconf 65' lang='lat' dir='ltr'>Ecclesiae</span> <span class='ocrx_word' id='word_1_427' title='bbox 2142 4099 2213 4152; x_wconf 89' lang='lat' dir='ltr'>ad</span> 
     </span>
    </p>
   </div>
   <div class='ocr_carea' id='block_1_58' title="bbox 589 4189 2213 4264">
    <p class='ocr_par' dir='ltr' id='par_1_58' title="bbox 589 4189 2213 4264">
     <span class='ocr_line' id='line_1_58' title="bbox 589 4189 2213 4264; baseline -0.001 -17"><span class='ocrx_word' id='word_1_428' title='bbox 589 4195 758 4264; x_wconf 89' lang='lat' dir='ltr'>hujus</span> <span class='ocrx_word' id='word_1_429' title='bbox 795 4192 944 4246; x_wconf 89' lang='lat' dir='ltr'>sedis</span> <span class='ocrx_word' id='word_1_430' title='bbox 987 4207 1227 4244; x_wconf 83' lang='lat' dir='ltr'>examen</span> <span class='ocrx_word' id='word_1_431' title='bbox 1267 4190 1499 4244; x_wconf 84' lang='lat' dir='ltr'>voluere</span> <span class='ocrx_word' id='word_1_432' title='bbox 1544 4189 1773 4245; x_wconf 91' lang='lat' dir='ltr'>deferri.</span> <span class='ocrx_word' id='word_1_433' title='bbox 1805 4191 1888 4244; x_wconf 87' lang='lat' dir='ltr'>Ab</span> <span class='ocrx_word' id='word_1_434' title='bbox 1929 4191 2053 4261; x_wconf 90' lang='lat' dir='ltr'>ipsa</span> <span class='ocrx_word' id='word_1_435' title='bbox 2082 4208 2213 4246; x_wconf 91' lang='lat' dir='ltr'>vero</span> 
     </span>
    </p>
   </div>
   <div class='ocr_carea' id='block_1_59' title="bbox 591 4282 2212 4356">
    <p class='ocr_par' dir='ltr' id='par_1_59' title="bbox 591 4282 2212 4356">
     <span class='ocr_line' id='line_1_59' title="bbox 591 4282 2212 4356; baseline 0 -17"><span class='ocrx_word' id='word_1_436' title='bbox 591 4301 872 4356; x_wconf 90' lang='lat' dir='ltr'>nusquam</span> <span class='ocrx_word' id='word_1_437' title='bbox 924 4299 1153 4353; x_wconf 89' lang='lat' dir='ltr'>prorsus</span> <span class='ocrx_word' id='word_1_438' title='bbox 1193 4282 1469 4352; x_wconf 91' lang='lat' dir='ltr'>appellari</span> <span class='ocrx_word' id='word_1_439' title='bbox 1515 4282 1722 4337; x_wconf 90' lang='lat' dir='ltr'>debere</span> <span class='ocrx_word' id='word_1_440' title='bbox 1771 4289 2100 4351; x_wconf 83' lang='lat' dir='ltr'>sanxerunt,</span> <span class='ocrx_word' id='word_1_441' title='bbox 2147 4301 2212 4339; x_wconf 89' lang='lat' dir='ltr'>ac</span> 
     </span>
    </p>
   </div>
   <div class='ocr_carea' id='block_1_60' title="bbox 589 4375 2211 4451">
    <p class='ocr_par' dir='ltr' id='par_1_60' title="bbox 589 4375 2211 4451">
     <span class='ocr_line' id='line_1_60' title="bbox 589 4375 2211 4451; baseline 0 -18"><span class='ocrx_word' id='word_1_442' title='bbox 589 4395 693 4451; x_wconf 91' lang='lat' dir='ltr'>per</span> <span class='ocrx_word' id='word_1_443' title='bbox 719 4380 823 4432; x_wconf 90' lang='lat' dir='ltr'>hoc</span> <span class='ocrx_word' id='word_1_444' title='bbox 858 4377 1014 4430; x_wconf 89' lang='lat' dir='ltr'>illam</span> <span class='ocrx_word' id='word_1_445' title='bbox 1058 4376 1127 4429; x_wconf 91' lang='lat' dir='ltr'>de</span> <span class='ocrx_word' id='word_1_446' title='bbox 1166 4379 1288 4429; x_wconf 89' lang='lat' dir='ltr'>tota</span> <span class='ocrx_word' id='word_1_447' title='bbox 1328 4375 1569 4429; x_wconf 88' lang='lat' dir='ltr'>Ecclesia</span> <span class='ocrx_word' id='word_1_448' title='bbox 1604 4375 1882 4445; x_wconf 91' lang='lat' dir='ltr'>judicare,</span> <span class='ocrx_word' id='word_1_449' title='bbox 1917 4377 2096 4447; x_wconf 91' lang='lat' dir='ltr'>ipsam</span> <span class='ocrx_word' id='word_1_450' title='bbox 2142 4379 2211 4433; x_wconf 88' lang='lat' dir='ltr'>ad</span> 
     </span>
    </p>
   </div>
   <div class='ocr_carea' id='block_1_61' title="bbox 2237 3119 2291 3191">
    <p class='ocr_par' dir='ltr' id='par_1_61' title="bbox 2237 3119 2291 3191">
     <span class='ocr_line' id='line_1_61' title="bbox 2237 3119 2291 3191; baseline 0 0"><span class='ocrx_word' id='word_1_451' title='bbox 2237 3119 2291 3191; x_wconf 88' lang='lat' dir='ltr'>C</span> 
     </span>
    </p>
   </div>
   <div class='ocr_carea' id='block_1_62' title="bbox 2315 1865 3832 1938">
    <p class='ocr_par' dir='ltr' id='par_1_62' title="bbox 2315 1865 3832 1938">
     <span class='ocr_line' id='line_1_62' title="bbox 2315 1865 3832 1938; baseline -0.003 -14"><span class='ocrx_word' id='word_1_452' title='bbox 2315 1869 2610 1935; x_wconf 89' lang='lat' dir='ltr'>antistites,</span> <span class='ocrx_word' id='word_1_453' title='bbox 2639 1873 2696 1923; x_wconf 93' lang='lat' dir='ltr'>et</span> <span class='ocrx_word' id='word_1_454' title='bbox 2739 1869 2922 1922; x_wconf 71' lang='lat' dir='ltr'>tertia:</span> <span class='ocrx_word' id='word_1_455' title='bbox 2970 1869 3268 1938; x_wconf 63' lang='lat' dir='ltr'>caeterique</span> <span class='ocrx_word' id='word_1_456' title='bbox 3313 1868 3455 1922; x_wconf 91' lang='lat' dir='ltr'>bene</span> <span class='ocrx_word' id='word_1_457' title='bbox 3479 1867 3574 1922; x_wconf 90' lang='lat' dir='ltr'>sibi</span> <span class='ocrx_word' id='word_1_458' title='bbox 3603 1865 3832 1921; x_wconf 82' lang='lat' dir='ltr'>eonsciisa-</span> 
     </span>
    </p>
   </div>
   <div class='ocr_carea' id='block_1_63' title="bbox 2316 1959 3835 2032">
    <p class='ocr_par' dir='ltr' id='par_1_63' title="bbox 2316 1959 3835 2032">
     <span class='ocr_line' id='line_1_63' title="bbox 2316 1959 3835 2032; baseline -0.005 -14"><span class='ocrx_word' id='word_1_459' title='bbox 2316 1963 2571 2018; x_wconf 89' lang='lat' dir='ltr'>cerdotes</span> <span class='ocrx_word' id='word_1_460' title='bbox 2615 1961 2958 2029; x_wconf 89' lang='lat' dir='ltr'>debuerunt,</span> <span class='ocrx_word' id='word_1_461' title='bbox 3003 1963 3059 2015; x_wconf 91' lang='lat' dir='ltr'>et</span> <span class='ocrx_word' id='word_1_462' title='bbox 3107 1961 3205 2031; x_wconf 91' lang='lat' dir='ltr'>qui</span> <span class='ocrx_word' id='word_1_463' title='bbox 3256 1960 3536 2032; x_wconf 90' lang='lat' dir='ltr'>religionis</span> <span class='ocrx_word' id='word_1_464' title='bbox 3581 1959 3726 2014; x_wconf 81' lang='lat' dir='ltr'>existit</span> <span class='ocrx_word' id='word_1_465' title='bbox 3765 1959 3835 2012; x_wconf 84' lang='lat' dir='ltr'>ini-</span> 
     </span>
    </p>
   </div>
   <div class='ocr_carea' id='block_1_64' title="bbox 2317 2050 3836 2125">
    <p class='ocr_par' dir='ltr' id='par_1_64' title="bbox 2317 2050 3836 2125">
     <span class='ocr_line' id='line_1_64' title="bbox 2317 2050 3836 2125; baseline -0.004 -15"><span class='ocrx_word' id='word_1_466' title='bbox 2317 2056 2515 2122; x_wconf 91' lang='lat' dir='ltr'>micus,</span> <span class='ocrx_word' id='word_1_467' title='bbox 2543 2053 2752 2125; x_wconf 91' lang='lat' dir='ltr'>depelli</span> <span class='ocrx_word' id='word_1_468' title='bbox 2777 2071 2896 2109; x_wconf 91' lang='lat' dir='ltr'>non</span> <span class='ocrx_word' id='word_1_469' title='bbox 2921 2053 3156 2108; x_wconf 82' lang='lat' dir='ltr'>debuit?</span> <span class='ocrx_word' id='word_1_470' title='bbox 3175 2053 3435 2108; x_wconf 86' lang='lat' dir='ltr'>Viderint</span> <span class='ocrx_word' id='word_1_471' title='bbox 3460 2069 3585 2124; x_wconf 91' lang='lat' dir='ltr'>ergo</span> <span class='ocrx_word' id='word_1_472' title='bbox 3607 2052 3646 2106; x_wconf 90' lang='lat' dir='ltr'>si</span> <span class='ocrx_word' id='word_1_473' title='bbox 3661 2050 3836 2106; x_wconf 68' lang='lat' dir='ltr'>aliosha</span> 
     </span>
    </p>
   </div>
   <div class='ocr_carea' id='block_1_65' title="bbox 2316 2146 3835 2218">
    <p class='ocr_par' dir='ltr' id='par_1_65' title="bbox 2316 2146 3835 2218">
     <span class='ocr_line' id='line_1_65' title="bbox 2316 2146 3835 2218; baseline -0.004 -16"><span class='ocrx_word' id='word_1_474' title='bbox 2316 2148 2453 2203; x_wconf 91' lang='lat' dir='ltr'>bent</span> <span class='ocrx_word' id='word_1_475' title='bbox 2501 2163 2762 2214; x_wconf 89' lang='lat' dir='ltr'>canones,</span> <span class='ocrx_word' id='word_1_476' title='bbox 2816 2147 3020 2218; x_wconf 90' lang='lat' dir='ltr'>quibus</span> <span class='ocrx_word' id='word_1_477' title='bbox 3067 2162 3195 2200; x_wconf 90' lang='lat' dir='ltr'>suas</span> <span class='ocrx_word' id='word_1_478' title='bbox 3253 2146 3489 2218; x_wconf 85' lang='lat' dir='ltr'>ineptias</span> <span class='ocrx_word' id='word_1_479' title='bbox 3539 2148 3835 2215; x_wconf 82' lang='lat' dir='ltr'>exsequantur.</span> 
     </span>
    </p>
   </div>
   <div class='ocr_carea' id='block_1_66' title="bbox 2316 2235 3837 2310">
    <p class='ocr_par' dir='ltr' id='par_1_66' title="bbox 2316 2235 3837 2310">
     <span class='ocr_line' id='line_1_66' title="bbox 2316 2235 3837 2310; baseline -0.005 -14"><span class='ocrx_word' id='word_1_480' title='bbox 2316 2243 2597 2296; x_wconf 66' lang='lat' dir='ltr'>Caeterum</span> <span class='ocrx_word' id='word_1_481' title='bbox 2625 2241 2716 2294; x_wconf 91' lang='lat' dir='ltr'>isti</span> <span class='ocrx_word' id='word_1_482' title='bbox 2738 2239 2836 2310; x_wconf 91' lang='lat' dir='ltr'>qui</span> <span class='ocrx_word' id='word_1_483' title='bbox 2860 2239 3025 2308; x_wconf 91' lang='lat' dir='ltr'>sacri,</span> <span class='ocrx_word' id='word_1_484' title='bbox 3052 2239 3152 2310; x_wconf 87' lang='lat' dir='ltr'>qui</span> <span class='ocrx_word' id='word_1_485' title='bbox 3176 2239 3555 2307; x_wconf 88' lang='lat' dir='ltr'>ecclesiastici,</span> <span class='ocrx_word' id='word_1_486' title='bbox 3575 2237 3657 2310; x_wconf 90' lang='lat' dir='ltr'>qui</span> <span class='ocrx_word' id='word_1_487' title='bbox 3676 2235 3837 2306; x_wconf 82' lang='lat' dir='ltr'>legitimi</span> 
     </span>
    </p>
   </div>
   <div class='ocr_carea' id='block_1_67' title="bbox 2316 2328 3835 2404">
    <p class='ocr_par' dir='ltr' id='par_1_67' title="bbox 2316 2328 3835 2404">
     <span class='ocr_line' id='line_1_67' title="bbox 2316 2328 3835 2404; baseline -0.005 -16"><span class='ocrx_word' id='word_1_488' title='bbox 2316 2335 2693 2402; x_wconf 88' lang='lat' dir='ltr'>celebrantur,</span> <span class='ocrx_word' id='word_1_489' title='bbox 2723 2349 2838 2388; x_wconf 91' lang='lat' dir='ltr'>non</span> <span class='ocrx_word' id='word_1_490' title='bbox 2866 2334 3047 2387; x_wconf 90' lang='lat' dir='ltr'>solum</span> <span class='ocrx_word' id='word_1_491' title='bbox 3081 2333 3272 2388; x_wconf 89' lang='lat' dir='ltr'>sedem</span> <span class='ocrx_word' id='word_1_492' title='bbox 3303 2332 3645 2404; x_wconf 89' lang='lat' dir='ltr'>apostolicam</span> <span class='ocrx_word' id='word_1_493' title='bbox 3664 2331 3718 2384; x_wconf 89' lang='lat' dir='ltr'>ad</span> <span class='ocrx_word' id='word_1_494' title='bbox 3732 2328 3835 2399; x_wconf 87' lang='lat' dir='ltr'>judi-</span> 
     </span>
    </p>
   </div>
   <div class='ocr_carea' id='block_1_68' title="bbox 2316 2422 3840 2497">
    <p class='ocr_par' dir='ltr' id='par_1_68' title="bbox 2316 2422 3840 2497">
     <span class='ocr_line' id='line_1_68' title="bbox 2316 2422 3840 2497; baseline -0.005 -15"><span class='ocrx_word' id='word_1_495' title='bbox 2316 2428 2468 2482; x_wconf 92' lang='lat' dir='ltr'>cium</span> <span class='ocrx_word' id='word_1_496' title='bbox 2505 2443 2704 2481; x_wconf 87' lang='lat' dir='ltr'>vocare</span> <span class='ocrx_word' id='word_1_497' title='bbox 2738 2443 2852 2481; x_wconf 91' lang='lat' dir='ltr'>non</span> <span class='ocrx_word' id='word_1_498' title='bbox 2897 2430 3163 2497; x_wconf 84' lang='lat' dir='ltr'>possunt;</span> <span class='ocrx_word' id='word_1_499' title='bbox 3209 2431 3267 2481; x_wconf 92' lang='lat' dir='ltr'>et</span> <span class='ocrx_word' id='word_1_500' title='bbox 3310 2422 3840 2494; x_wconf 70' lang='lat' dir='ltr'>Constantinopolitano:</span> 
     </span>
    </p>
   </div>
   <div class='ocr_carea' id='block_1_69' title="bbox 2316 2515 3841 2591">
    <p class='ocr_par' dir='ltr' id='par_1_69' title="bbox 2316 2515 3841 2591">
     <span class='ocr_line' id='line_1_69' title="bbox 2316 2515 3841 2591; baseline -0.007 -16"><span class='ocrx_word' id='word_1_501' title='bbox 2316 2521 2556 2576; x_wconf 91' lang='lat' dir='ltr'>civitatis</span> <span class='ocrx_word' id='word_1_502' title='bbox 2597 2520 2914 2591; x_wconf 91' lang='lat' dir='ltr'>episc0pus,</span> <span class='ocrx_word' id='word_1_503' title='bbox 2945 2536 3073 2591; x_wconf 67' lang='lat' dir='ltr'>quae.</span> <span class='ocrx_word' id='word_1_504' title='bbox 3129 2519 3328 2590; x_wconf 89' lang='lat' dir='ltr'>utique</span> <span class='ocrx_word' id='word_1_505' title='bbox 3374 2535 3472 2590; x_wconf 88' lang='lat' dir='ltr'>per</span> <span class='ocrx_word' id='word_1_506' title='bbox 3505 2534 3712 2572; x_wconf 88' lang='lat' dir='ltr'>canones</span> <span class='ocrx_word' id='word_1_507' title='bbox 3743 2515 3841 2567; x_wconf 82' lang='lat' dir='ltr'>inter</span> 
     </span>
    </p>
   </div>
   <div class='ocr_carea' id='block_1_70' title="bbox 2318 2607 3842 2683">
    <p class='ocr_par' dir='ltr' id='par_1_70' title="bbox 2318 2607 3842 2683">
     <span class='ocr_line' id='line_1_70' title="bbox 2318 2607 3842 2683; baseline -0.006 -15"><span class='ocrx_word' id='word_1_508' title='bbox 2318 2614 2478 2668; x_wconf 85' lang='lat' dir='ltr'>sedes</span> <span class='ocrx_word' id='word_1_509' title='bbox 2533 2613 2756 2668; x_wconf 90' lang='lat' dir='ltr'>nullum</span> <span class='ocrx_word' id='word_1_510' title='bbox 2820 2627 3030 2667; x_wconf 90' lang='lat' dir='ltr'>nomen</span> <span class='ocrx_word' id='word_1_511' title='bbox 3086 2613 3326 2683; x_wconf 89' lang='lat' dir='ltr'>accepit,</span> <span class='ocrx_word' id='word_1_512' title='bbox 3373 2611 3429 2666; x_wconf 92' lang='lat' dir='ltr'>in</span> <span class='ocrx_word' id='word_1_513' title='bbox 3475 2607 3842 2665; x_wconf 82' lang='lat' dir='ltr'>communionem</span> 
     </span>
    </p>
   </div>
   <div class='ocr_carea' id='block_1_71' title="bbox 2317 2700 3841 2776">
    <p class='ocr_par' dir='ltr' id='par_1_71' title="bbox 2317 2700 3841 2776">
     <span class='ocr_line' id='line_1_71' title="bbox 2317 2700 3841 2776; baseline -0.007 -16"><span class='ocrx_word' id='word_1_514' title='bbox 2317 2707 2573 2761; x_wconf 85' lang='lat' dir='ltr'>recidens</span> <span class='ocrx_word' id='word_1_515' title='bbox 2623 2705 2976 2776; x_wconf 86' lang='lat' dir='ltr'>perﬁdorum</span> <span class='ocrx_word' id='word_1_516' title='bbox 3024 2721 3138 2759; x_wconf 92' lang='lat' dir='ltr'>non</span> <span class='ocrx_word' id='word_1_517' title='bbox 3198 2704 3399 2759; x_wconf 90' lang='lat' dir='ltr'>debuit</span> <span class='ocrx_word' id='word_1_518' title='bbox 3445 2700 3755 2758; x_wconf 82' lang='lat' dir='ltr'>submoveri?</span> <span class='ocrx_word' id='word_1_519' title='bbox 3786 2702 3841 2750; x_wconf 83' lang='lat' dir='ltr'>An</span> 
     </span>
    </p>
   </div>
   <div class='ocr_carea' id='block_1_72' title="bbox 2315 2792 3842 2871">
    <p class='ocr_par' dir='ltr' id='par_1_72' title="bbox 2315 2792 3842 2871">
     <span class='ocr_line' id='line_1_72' title="bbox 2315 2792 3842 2871; baseline -0.007 -17"><span class='ocrx_word' id='word_1_520' title='bbox 2315 2801 2414 2871; x_wconf 91' lang='lat' dir='ltr'>qui</span> <span class='ocrx_word' id='word_1_521' title='bbox 2452 2799 2673 2854; x_wconf 91' lang='lat' dir='ltr'>homini</span> <span class='ocrx_word' id='word_1_522' title='bbox 2716 2799 2985 2853; x_wconf 90' lang='lat' dir='ltr'>mentitus</span> <span class='ocrx_word' id='word_1_523' title='bbox 3034 2797 3240 2852; x_wconf 89' lang='lat' dir='ltr'>dicitur</span> <span class='ocrx_word' id='word_1_524' title='bbox 3283 2796 3616 2868; x_wconf 81' lang='lat' dir='ltr'>imperatori.</span> <span class='ocrx_word' id='word_1_525' title='bbox 3641 2797 3686 2848; x_wconf 88' lang='lat' dir='ltr'>et</span> <span class='ocrx_word' id='word_1_526' title='bbox 3720 2792 3842 2860; x_wconf 86' lang='lat' dir='ltr'>impe-</span> 
     </span>
    </p>
   </div>
   <div class='ocr_carea' id='block_1_73' title="bbox 2317 2887 3844 2960">
    <p class='ocr_par' dir='ltr' id='par_1_73' title="bbox 2317 2887 3844 2960">
     <span class='ocr_line' id='line_1_73' title="bbox 2317 2887 3844 2960; baseline -0.009 -13"><span class='ocrx_word' id='word_1_527' title='bbox 2317 2898 2566 2947; x_wconf 87' lang='lat' dir='ltr'>ratorem</span> <span class='ocrx_word' id='word_1_528' title='bbox 2622 2891 2830 2945; x_wconf 62' lang='lat' dir='ltr'>laesisse</span> <span class='ocrx_word' id='word_1_529' title='bbox 2884 2889 3262 2960; x_wconf 88' lang='lat' dir='ltr'>perhibentur</span> <span class='ocrx_word' id='word_1_530' title='bbox 3331 2889 3532 2960; x_wconf 89' lang='lat' dir='ltr'>depelli</span> <span class='ocrx_word' id='word_1_531' title='bbox 3593 2887 3844 2945; x_wconf 86' lang='lat' dir='ltr'>debuerunt,</span> 
     </span>
    </p>
   </div>
   <div class='ocr_carea' id='block_1_74' title="bbox 2316 2975 3846 3054">
    <p class='ocr_par' dir='ltr' id='par_1_74' title="bbox 2316 2975 3846 3054">
     <span class='ocr_line' id='line_1_74' title="bbox 2316 2975 3846 3054; baseline -0.008 -15"><span class='ocrx_word' id='word_1_532' title='bbox 2316 2990 2373 3040; x_wconf 90' lang='lat' dir='ltr'>et</span> <span class='ocrx_word' id='word_1_533' title='bbox 2416 2985 2476 3039; x_wconf 89' lang='lat' dir='ltr'>in</span> <span class='ocrx_word' id='word_1_534' title='bbox 2526 2986 2703 3039; x_wconf 91' lang='lat' dir='ltr'>Deum</span> <span class='ocrx_word' id='word_1_535' title='bbox 2744 2984 2840 3054; x_wconf 90' lang='lat' dir='ltr'>qui</span> <span class='ocrx_word' id='word_1_536' title='bbox 2881 3000 3138 3038; x_wconf 89' lang='lat' dir='ltr'>summus</span> <span class='ocrx_word' id='word_1_537' title='bbox 3183 2989 3269 3037; x_wconf 89' lang='lat' dir='ltr'>est</span> <span class='ocrx_word' id='word_1_538' title='bbox 3327 2983 3621 3054; x_wconf 84' lang='lat' dir='ltr'>imperator</span> <span class='ocrx_word' id='word_1_539' title='bbox 3658 2975 3846 3033; x_wconf 79' lang='lat' dir='ltr'>Acacium</span> 
     </span>
    </p>
   </div>
   <div class='ocr_carea' id='block_1_75' title="bbox 2318 3067 3844 3148">
    <p class='ocr_par' dir='ltr' id='par_1_75' title="bbox 2318 3067 3844 3148">
     <span class='ocr_line' id='line_1_75' title="bbox 2318 3067 3844 3148; baseline -0.009 -15"><span class='ocrx_word' id='word_1_540' title='bbox 2318 3077 2744 3148; x_wconf 88' lang='lat' dir='ltr'>delinquentem</span> <span class='ocrx_word' id='word_1_541' title='bbox 2805 3077 3196 3148; x_wconf 90' lang='lat' dir='ltr'>sinceramque</span> <span class='ocrx_word' id='word_1_542' title='bbox 3247 3075 3684 3131; x_wconf 90' lang='lat' dir='ltr'>communionem</span> <span class='ocrx_word' id='word_1_543' title='bbox 3728 3067 3844 3123; x_wconf 82' lang='lat' dir='ltr'>divini</span> 
     </span>
    </p>
   </div>
   <div class='ocr_carea' id='block_1_76' title="bbox 2317 3166 3842 3233">
    <p class='ocr_par' dir='ltr' id='par_1_76' title="bbox 2317 3166 3842 3233">
     <span class='ocr_line' id='line_1_76' title="bbox 2317 3166 3842 3233; baseline -0.005 -9"><span class='ocrx_word' id='word_1_544' title='bbox 2317 3171 2654 3226; x_wconf 87' lang='lat' dir='ltr'>sacramenti</span> <span class='ocrx_word' id='word_1_545' title='bbox 2692 3170 3014 3225; x_wconf 89' lang='lat' dir='ltr'>studentem</span> <span class='ocrx_word' id='word_1_546' title='bbox 3057 3171 3295 3224; x_wconf 90' lang='lat' dir='ltr'>miscere</span> <span class='ocrx_word' id='word_1_547' title='bbox 3329 3186 3458 3224; x_wconf 90' lang='lat' dir='ltr'>cum</span> <span class='ocrx_word' id='word_1_548' title='bbox 3505 3166 3686 3233; x_wconf 85' lang='lat' dir='ltr'>inﬁdis,</span> <span class='ocrx_word' id='word_1_549' title='bbox 3709 3177 3842 3217; x_wconf 86' lang='lat' dir='ltr'>secun-</span> 
     </span>
    </p>
   </div>
   <div class='ocr_carea' id='block_1_77' title="bbox 2315 3258 3846 3334">
    <p class='ocr_par' dir='ltr' id='par_1_77' title="bbox 2315 3258 3846 3334">
     <span class='ocr_line' id='line_1_77' title="bbox 2315 3258 3846 3334; baseline -0.008 -16"><span class='ocrx_word' id='word_1_550' title='bbox 2315 3265 2449 3319; x_wconf 91' lang='lat' dir='ltr'>dum</span> <span class='ocrx_word' id='word_1_551' title='bbox 2471 3264 2750 3334; x_wconf 87' lang='lat' dir='ltr'>synodum</span> <span class='ocrx_word' id='word_1_552' title='bbox 2773 3280 2885 3334; x_wconf 89' lang='lat' dir='ltr'>qua</span> <span class='ocrx_word' id='word_1_553' title='bbox 2914 3267 2999 3316; x_wconf 88' lang='lat' dir='ltr'>est</span> <span class='ocrx_word' id='word_1_554' title='bbox 3028 3263 3296 3317; x_wconf 88' lang='lat' dir='ltr'>damnata</span> <span class='ocrx_word' id='word_1_555' title='bbox 3333 3262 3560 3333; x_wconf 86' lang='lat' dir='ltr'>perﬁdia</span> <span class='ocrx_word' id='word_1_556' title='bbox 3580 3276 3675 3313; x_wconf 92' lang='lat' dir='ltr'>non</span> <span class='ocrx_word' id='word_1_557' title='bbox 3697 3258 3846 3326; x_wconf 67' lang='lat' dir='ltr'>aperte</span> 
     </span>
    </p>
   </div>
   <div class='ocr_carea' id='block_1_78' title="bbox 2315 3347 3847 3427">
    <p class='ocr_par' dir='ltr' id='par_1_78' title="bbox 2315 3347 3847 3427">
     <span class='ocr_line' id='line_1_78' title="bbox 2315 3347 3847 3427; baseline -0.006 -16"><span class='ocrx_word' id='word_1_558' title='bbox 2315 3357 2412 3412; x_wconf 91' lang='lat' dir='ltr'>bat</span> <span class='ocrx_word' id='word_1_559' title='bbox 2439 3356 2701 3411; x_wconf 76' lang='lat' dir='ltr'>excludi?</span> <span class='ocrx_word' id='word_1_560' title='bbox 2728 3357 2835 3412; x_wconf 89' lang='lat' dir='ltr'>Sed</span> <span class='ocrx_word' id='word_1_561' title='bbox 2858 3356 3032 3410; x_wconf 91' lang='lat' dir='ltr'>velint</span> <span class='ocrx_word' id='word_1_562' title='bbox 3057 3355 3242 3410; x_wconf 91' lang='lat' dir='ltr'>nolint</span> <span class='ocrx_word' id='word_1_563' title='bbox 3272 3356 3451 3427; x_wconf 89' lang='lat' dir='ltr'>ipsius</span> <span class='ocrx_word' id='word_1_564' title='bbox 3465 3351 3661 3426; x_wconf 90' lang='lat' dir='ltr'>judicio</span> <span class='ocrx_word' id='word_1_565' title='bbox 3685 3347 3847 3416; x_wconf 71' lang='lat' dir='ltr'>antiqua</span> 
     </span>
    </p>
   </div>
   <div class='ocr_carea' id='block_1_79' title="bbox 2314 3437 3845 3509">
    <p class='ocr_par' dir='ltr' id='par_1_79' title="bbox 2314 3437 3845 3509">
     <span class='ocr_line' id='line_1_79' title="bbox 2314 3437 3845 3509; baseline -0.009 -5"><span class='ocrx_word' id='word_1_566' title='bbox 2314 3467 2600 3504; x_wconf 92' lang='lat' dir='ltr'>canonum</span> <span class='ocrx_word' id='word_1_567' title='bbox 2652 3449 3048 3503; x_wconf 90' lang='lat' dir='ltr'>constitutione</span> <span class='ocrx_word' id='word_1_568' title='bbox 3095 3448 3500 3503; x_wconf 87' lang='lat' dir='ltr'>ﬁrmabuntur.</span> <span class='ocrx_word' id='word_1_569' title='bbox 3542 3445 3638 3501; x_wconf 90' lang='lat' dir='ltr'>Sed</span> <span class='ocrx_word' id='word_1_570' title='bbox 3670 3437 3845 3509; x_wconf 81' lang='lat' dir='ltr'>religiosi</span> 
     </span>
    </p>
   </div>
   <div class='ocr_carea' id='block_1_80' title="bbox 2314 3541 3846 3614">
    <p class='ocr_par' dir='ltr' id='par_1_80' title="bbox 2314 3541 3846 3614">
     <span class='ocr_line' id='line_1_80' title="bbox 2314 3541 3846 3614; baseline -0.007 -17"><span class='ocrx_word' id='word_1_571' title='bbox 2314 3543 2417 3597; x_wconf 89' lang='lat' dir='ltr'>viri</span> <span class='ocrx_word' id='word_1_572' title='bbox 2463 3548 2632 3614; x_wconf 89' lang='lat' dir='ltr'>atque</span> <span class='ocrx_word' id='word_1_573' title='bbox 2675 3541 2907 3612; x_wconf 90' lang='lat' dir='ltr'>perfecti</span> <span class='ocrx_word' id='word_1_574' title='bbox 2957 3541 3270 3596; x_wconf 90' lang='lat' dir='ltr'>secundum</span> <span class='ocrx_word' id='word_1_575' title='bbox 3331 3557 3565 3596; x_wconf 90' lang='lat' dir='ltr'>canones</span> <span class='ocrx_word' id='word_1_576' title='bbox 3605 3545 3846 3592; x_wconf 82' lang='lat' dir='ltr'>concessam</span> 
     </span>
    </p>
   </div>
   <div class='ocr_carea' id='block_1_81' title="bbox 2313 3627 3844 3706">
    <p class='ocr_par' dir='ltr' id='par_1_81' title="bbox 2313 3627 3844 3706">
     <span class='ocr_line' id='line_1_81' title="bbox 2313 3627 3844 3706; baseline -0.003 -16"><span class='ocrx_word' id='word_1_577' title='bbox 2313 3635 2433 3691; x_wconf 91' lang='lat' dir='ltr'>sedi</span> <span class='ocrx_word' id='word_1_578' title='bbox 2445 3635 2769 3706; x_wconf 75' lang='lat' dir='ltr'>apostolicae</span> <span class='ocrx_word' id='word_1_579' title='bbox 2782 3637 3114 3706; x_wconf 89' lang='lat' dir='ltr'>potestatem</span> <span class='ocrx_word' id='word_1_580' title='bbox 3129 3633 3403 3688; x_wconf 89' lang='lat' dir='ltr'>nimirum</span> <span class='ocrx_word' id='word_1_581' title='bbox 3416 3636 3669 3688; x_wconf 87' lang='lat' dir='ltr'>conantur</span> <span class='ocrx_word' id='word_1_582' title='bbox 3677 3627 3844 3696; x_wconf 63' lang='lat' dir='ltr'>eripere,</span> 
     </span>
    </p>
   </div>
   <div class='ocr_carea' id='block_1_82' title="bbox 2315 3713 3847 3799">
    <p class='ocr_par' dir='ltr' id='par_1_82' title="bbox 2315 3713 3847 3799">
     <span class='ocr_line' id='line_1_82' title="bbox 2315 3713 3847 3799; baseline -0.01 -16"><span class='ocrx_word' id='word_1_583' title='bbox 2315 3737 2373 3784; x_wconf 91' lang='lat' dir='ltr'>et</span> <span class='ocrx_word' id='word_1_584' title='bbox 2387 3729 2611 3784; x_wconf 92' lang='lat' dir='ltr'>sibimet</span> <span class='ocrx_word' id='word_1_585' title='bbox 2630 3745 2759 3783; x_wconf 91' lang='lat' dir='ltr'>eam</span> <span class='ocrx_word' id='word_1_586' title='bbox 2777 3732 2969 3782; x_wconf 91' lang='lat' dir='ltr'>contra</span> <span class='ocrx_word' id='word_1_587' title='bbox 2987 3744 3236 3782; x_wconf 88' lang='lat' dir='ltr'>canones</span> <span class='ocrx_word' id='word_1_588' title='bbox 3257 3743 3531 3799; x_wconf 91' lang='lat' dir='ltr'>usurpare</span> <span class='ocrx_word' id='word_1_589' title='bbox 3548 3713 3847 3779; x_wconf 73' lang='lat' dir='ltr'>contendunt?</span> 
     </span>
    </p>
   </div>
   <div class='ocr_carea' id='block_1_83' title="bbox 2315 3811 3845 3892">
    <p class='ocr_par' dir='ltr' id='par_1_83' title="bbox 2315 3811 3845 3892">
     <span class='ocr_line' id='line_1_83' title="bbox 2315 3811 3845 3892; baseline -0.009 -16"><span class='ocrx_word' id='word_1_590' title='bbox 2315 3822 2358 3876; x_wconf 92' lang='grc' dir='ltr'>Ο</span> <span class='ocrx_word' id='word_1_591' title='bbox 2385 3838 2668 3876; x_wconf 90' lang='lat' dir='ltr'>canonum</span> <span class='ocrx_word' id='word_1_592' title='bbox 2695 3820 2994 3892; x_wconf 90' lang='lat' dir='ltr'>magistros</span> <span class='ocrx_word' id='word_1_593' title='bbox 3019 3825 3191 3891; x_wconf 90' lang='lat' dir='ltr'>atque</span> <span class='ocrx_word' id='word_1_594' title='bbox 3218 3821 3499 3887; x_wconf 89' lang='lat' dir='ltr'>custodes,</span> <span class='ocrx_word' id='word_1_595' title='bbox 3528 3817 3669 3872; x_wconf 89' lang='lat' dir='ltr'>nobis</span> <span class='ocrx_word' id='word_1_596' title='bbox 3690 3811 3845 3868; x_wconf 86' lang='lat' dir='ltr'>nullum</span> 
     </span>
    </p>
   </div>
   <div class='ocr_carea' id='block_1_84' title="bbox 2312 3900 3849 3970">
    <p class='ocr_par' dir='ltr' id='par_1_84' title="bbox 2312 3900 3849 3970">
     <span class='ocr_line' id='line_1_84' title="bbox 2312 3900 3849 3970; baseline -0.012 0"><span class='ocrx_word' id='word_1_597' title='bbox 2312 3915 2398 3970; x_wconf 86' lang='lat' dir='ltr'>fas</span> <span class='ocrx_word' id='word_1_598' title='bbox 2417 3921 2500 3970; x_wconf 90' lang='lat' dir='ltr'>est</span> <span class='ocrx_word' id='word_1_599' title='bbox 2525 3915 2668 3969; x_wconf 91' lang='lat' dir='ltr'>inire</span> <span class='ocrx_word' id='word_1_600' title='bbox 2698 3919 2987 3969; x_wconf 87' lang='lat' dir='ltr'>certamen</span> <span class='ocrx_word' id='word_1_601' title='bbox 3014 3931 3146 3968; x_wconf 93' lang='lat' dir='ltr'>cum</span> <span class='ocrx_word' id='word_1_602' title='bbox 3171 3914 3499 3969; x_wconf 90' lang='lat' dir='ltr'>hominibus</span> <span class='ocrx_word' id='word_1_603' title='bbox 3522 3900 3849 3967; x_wconf 73' lang='lat' dir='ltr'>communionis</span> 
     </span>
    </p>
   </div>
   <div class='ocr_carea' id='block_1_85' title="bbox 2312 3997 3847 4079">
    <p class='ocr_par' dir='ltr' id='par_1_85' title="bbox 2312 3997 3847 4079">
     <span class='ocr_line' id='line_1_85' title="bbox 2312 3997 3847 4079; baseline -0.01 -17"><span class='ocrx_word' id='word_1_604' title='bbox 2312 4008 2532 4076; x_wconf 62' lang='lat' dir='ltr'>aliena),</span> <span class='ocrx_word' id='word_1_605' title='bbox 2601 4007 2790 4062; x_wconf 89' lang='lat' dir='ltr'>divina</span> <span class='ocrx_word' id='word_1_606' title='bbox 2864 4007 3153 4079; x_wconf 90' lang='lat' dir='ltr'>Scriptura</span> <span class='ocrx_word' id='word_1_607' title='bbox 3223 4007 3582 4077; x_wconf 79' lang='lat' dir='ltr'>praedicante,</span> <span class='ocrx_word' id='word_1_608' title='bbox 3633 3997 3847 4055; x_wconf 86' lang='lat' dir='ltr'>hominem</span> 
     </span>
    </p>
   </div>
   <div class='ocr_carea' id='block_1_86' title="bbox 2313 4091 3849 4171">
    <p class='ocr_par' dir='ltr' id='par_1_86' title="bbox 2313 4091 3849 4171">
     <span class='ocr_line' id='line_1_86' title="bbox 2313 4091 3849 4171; baseline -0.007 -15"><span class='ocrx_word' id='word_1_609' title='bbox 2313 4101 2644 4156; x_wconf 79' lang='lat' dir='ltr'>haereticum</span> <span class='ocrx_word' id='word_1_610' title='bbox 2674 4105 2800 4171; x_wconf 88' lang='lat' dir='ltr'>post</span> <span class='ocrx_word' id='word_1_611' title='bbox 2829 4100 3077 4171; x_wconf 89' lang='lat' dir='ltr'>primam</span> <span class='ocrx_word' id='word_1_612' title='bbox 3110 4105 3168 4154; x_wconf 92' lang='lat' dir='ltr'>et</span> <span class='ocrx_word' id='word_1_613' title='bbox 3191 4100 3497 4155; x_wconf 88' lang='lat' dir='ltr'>secundam</span> <span class='ocrx_word' id='word_1_614' title='bbox 3525 4091 3849 4165; x_wconf 81' lang='lat' dir='ltr'>correptiunem</span> 
     </span>
    </p>
   </div>
   <div class='ocr_carea' id='block_1_87' title="bbox 2315 4179 3849 4264">
    <p class='ocr_par' dir='ltr' id='par_1_87' title="bbox 2315 4179 3849 4264">
     <span class='ocr_line' id='line_1_87' title="bbox 2315 4179 3849 4264; baseline 0.001 -18"><span class='ocrx_word' id='word_1_615' title='bbox 2315 4193 2520 4248; x_wconf 88' lang='lat' dir='ltr'>devita.</span> <span class='ocrx_word' id='word_1_616' title='bbox 2549 4194 2738 4249; x_wconf 88' lang='lat' dir='ltr'>Sciens</span> <span class='ocrx_word' id='word_1_617' title='bbox 2765 4193 2914 4264; x_wconf 89' lang='lat' dir='ltr'>quod</span> <span class='ocrx_word' id='word_1_618' title='bbox 2942 4193 3271 4263; x_wconf 89' lang='lat' dir='ltr'>hujusmodi</span> <span class='ocrx_word' id='word_1_619' title='bbox 3292 4192 3579 4262; x_wconf 85' lang='lat' dir='ltr'>delinquat</span> <span class='ocrx_word' id='word_1_620' title='bbox 3605 4179 3849 4260; x_wconf 70' lang='lat' dir='ltr'>proprinu‘</span> 
     </span>
    </p>
   </div>
   <div class='ocr_carea' id='block_1_88' title="bbox 2313 4273 3849 4358">
    <p class='ocr_par' dir='ltr' id='par_1_88' title="bbox 2313 4273 3849 4358">
     <span class='ocr_line' id='line_1_88' title="bbox 2313 4273 3849 4358; baseline -0.007 -17"><span class='ocrx_word' id='word_1_621' title='bbox 2313 4287 2458 4342; x_wconf 90' lang='lat' dir='ltr'>dicio</span> <span class='ocrx_word' id='word_1_622' title='bbox 2476 4287 2908 4342; x_wconf 88' lang='lat' dir='ltr'>condemnatus.</span> <span class='ocrx_word' id='word_1_623' title='bbox 2923 4288 3063 4341; x_wconf 87' lang='lat' dir='ltr'>Ecce</span> <span class='ocrx_word' id='word_1_624' title='bbox 3083 4291 3451 4358; x_wconf 87' lang='lat' dir='ltr'>cognoscant,</span> <span class='ocrx_word' id='word_1_625' title='bbox 3476 4284 3602 4355; x_wconf 87' lang='lat' dir='ltr'>quia</span> <span class='ocrx_word' id='word_1_626' title='bbox 3613 4295 3709 4335; x_wconf 91' lang='lat' dir='ltr'>non</span> <span class='ocrx_word' id='word_1_627' title='bbox 3722 4273 3849 4330; x_wconf 81' lang='lat' dir='ltr'>solum</span> 
     </span>
    </p>
   </div>
   <div class='ocr_carea' id='block_1_89' title="bbox 2310 4368 3846 4450">
    <p class='ocr_par' dir='ltr' id='par_1_89' title="bbox 2310 4368 3846 4450">
     <span class='ocr_line' id='line_1_89' title="bbox 2310 4368 3846 4450; baseline -0.005 -16"><span class='ocrx_word' id='word_1_628' title='bbox 2310 4379 2380 4434; x_wconf 90' lang='lat' dir='ltr'>ab</span> <span class='ocrx_word' id='word_1_629' title='bbox 2402 4380 2530 4446; x_wconf 92' lang='lat' dir='ltr'>alio,</span> <span class='ocrx_word' id='word_1_630' title='bbox 2551 4381 2647 4435; x_wconf 92' lang='lat' dir='ltr'>sed</span> <span class='ocrx_word' id='word_1_631' title='bbox 2664 4397 2694 4434; x_wconf 90' lang='lat' dir='ltr'>a</span> <span class='ocrx_word' id='word_1_632' title='bbox 2713 4397 2770 4434; x_wconf 90' lang='lat' dir='ltr'>se</span> <span class='ocrx_word' id='word_1_633' title='bbox 2793 4380 3021 4450; x_wconf 92' lang='lat' dir='ltr'>proprie</span> <span class='ocrx_word' id='word_1_634' title='bbox 3041 4395 3270 4450; x_wconf 91' lang='lat' dir='ltr'>quoque</span> <span class='ocrx_word' id='word_1_635' title='bbox 3289 4380 3588 4433; x_wconf 88' lang='lat' dir='ltr'>damnetur</span> <span class='ocrx_word' id='word_1_636' title='bbox 3605 4368 3846 4428; x_wconf 47' lang='lat' dir='ltr'>haereticus:</span> 
     </span>
    </p>
   </div>
   <div class='ocr_carea' id='block_1_90' title="bbox 589 4464 3846 4560">
    <p class='ocr_par' dir='ltr' id='par_1_90' title="bbox 589 4464 3846 4560">
     <span class='ocr_line' id='line_1_90' title="bbox 589 4464 3846 4560; baseline -0.003 -32"><span class='ocrx_word' id='word_1_637' title='bbox 589 4472 802 4528; x_wconf 89' lang='lat' dir='ltr'>nullius</span> <span class='ocrx_word' id='word_1_638' title='bbox 845 4484 1171 4525; x_wconf 88' lang='lat' dir='ltr'>commeare</span> <span class='ocrx_word' id='word_1_639' title='bbox 1211 4467 1514 4538; x_wconf 89' lang='lat' dir='ltr'>judicium,</span> <span class='ocrx_word' id='word_1_640' title='bbox 1543 4485 1644 4523; x_wconf 91' lang='lat' dir='ltr'>nec</span> <span class='ocrx_word' id='word_1_641' title='bbox 1692 4469 1761 4523; x_wconf 90' lang='lat' dir='ltr'>de</span> <span class='ocrx_word' id='word_1_642' title='bbox 1801 4471 1921 4540; x_wconf 89' lang='lat' dir='ltr'>ejus</span> <span class='ocrx_word' id='word_1_643' title='bbox 1959 4487 2214 4542; x_wconf 88' lang='lat' dir='ltr'>unquam</span> <span class='ocrx_word' id='word_1_644' title='bbox 2233 4488 2292 4560; x_wconf 86' lang='lat' dir='ltr'><strong>D</strong></span> <span class='ocrx_word' id='word_1_645' title='bbox 2315 4473 2454 4528; x_wconf 88' lang='lat' dir='ltr'>illud</span> <span class='ocrx_word' id='word_1_646' title='bbox 2482 4478 2672 4528; x_wconf 90' lang='lat' dir='ltr'>autem</span> <span class='ocrx_word' id='word_1_647' title='bbox 2701 4473 2872 4527; x_wconf 89' lang='lat' dir='ltr'>nimis</span> <span class='ocrx_word' id='word_1_648' title='bbox 2898 4476 2984 4527; x_wconf 88' lang='lat' dir='ltr'>est</span> <span class='ocrx_word' id='word_1_649' title='bbox 3013 4472 3335 4542; x_wconf 88' lang='lat' dir='ltr'>impudens,</span> <span class='ocrx_word' id='word_1_650' title='bbox 3370 4471 3518 4543; x_wconf 87' lang='lat' dir='ltr'>quod</span> <span class='ocrx_word' id='word_1_651' title='bbox 3550 4464 3846 4560; x_wconf 87' lang='lat' dir='ltr'>Acacium</span> 
     </span>
    </p>
   </div>
   <div class='ocr_carea' id='block_1_91' title="bbox 588 4561 2215 4641">
    <p class='ocr_par' dir='ltr' id='par_1_91' title="bbox 588 4561 2215 4641">
     <span class='ocr_line' id='line_1_91' title="bbox 588 4561 2215 4641; baseline -0.002 -19"><span class='ocrx_word' id='word_1_652' title='bbox 588 4568 984 4641; x_wconf 61' lang='lat' dir='ltr'>praeceperunt</span> <span class='ocrx_word' id='word_1_653' title='bbox 1017 4562 1234 4634; x_wconf 89' lang='lat' dir='ltr'>judicio</span> <span class='ocrx_word' id='word_1_654' title='bbox 1270 4561 1538 4632; x_wconf 88' lang='lat' dir='ltr'>judicari,</span> <span class='ocrx_word' id='word_1_655' title='bbox 1568 4563 2022 4635; x_wconf 89' lang='lat' dir='ltr'>sententiamque</span> <span class='ocrx_word' id='word_1_656' title='bbox 2065 4565 2215 4619; x_wconf 90' lang='lat' dir='ltr'>illius</span> 
     </span>
    </p>
   </div>
   <div class='ocr_carea' id='block_1_92' title="bbox 587 4655 2210 4729">
    <p class='ocr_par' dir='ltr' id='par_1_92' title="bbox 587 4655 2210 4729">
     <span class='ocr_line' id='line_1_92' title="bbox 587 4655 2210 4729; baseline -0.004 -12"><span class='ocrx_word' id='word_1_657' title='bbox 587 4660 1006 4717; x_wconf 88' lang='lat' dir='ltr'>constituerunt</span> <span class='ocrx_word' id='word_1_658' title='bbox 1076 4673 1193 4711; x_wconf 90' lang='lat' dir='ltr'>non</span> <span class='ocrx_word' id='word_1_659' title='bbox 1254 4657 1517 4726; x_wconf 89' lang='lat' dir='ltr'>oportere</span> <span class='ocrx_word' id='word_1_660' title='bbox 1589 4655 1834 4724; x_wconf 87' lang='lat' dir='ltr'>dissolvi,</span> <span class='ocrx_word' id='word_1_661' title='bbox 1892 4658 2053 4728; x_wconf 91' lang='lat' dir='ltr'>cujus</span> <span class='ocrx_word' id='word_1_662' title='bbox 2114 4675 2210 4729; x_wconf 91' lang='lat' dir='ltr'>po-</span> 
     </span>
    </p>
   </div>
   <div class='ocr_carea' id='block_1_93' title="bbox 589 4749 2215 4822">
    <p class='ocr_par' dir='ltr' id='par_1_93' title="bbox 589 4749 2215 4822">
     <span class='ocr_line' id='line_1_93' title="bbox 589 4749 2215 4822; baseline -0.002 -12"><span class='ocrx_word' id='word_1_663' title='bbox 589 4755 702 4810; x_wconf 91' lang='lat' dir='ltr'>tius</span> <span class='ocrx_word' id='word_1_664' title='bbox 731 4753 955 4806; x_wconf 89' lang='lat' dir='ltr'>decreta</span> <span class='ocrx_word' id='word_1_665' title='bbox 983 4749 1275 4822; x_wconf 90' lang='lat' dir='ltr'>sequenda</span> <span class='ocrx_word' id='word_1_666' title='bbox 1294 4749 1654 4804; x_wconf 87' lang='lat' dir='ltr'>mandarunt.</span> <span class='ocrx_word' id='word_1_667' title='bbox 1684 4751 1744 4804; x_wconf 92' lang='lat' dir='ltr'>ln</span> <span class='ocrx_word' id='word_1_668' title='bbox 1772 4749 1876 4804; x_wconf 89' lang='lat' dir='ltr'>hac</span> <span class='ocrx_word' id='word_1_669' title='bbox 1901 4751 2024 4822; x_wconf 91' lang='lat' dir='ltr'>ipsa</span> <span class='ocrx_word' id='word_1_670' title='bbox 2048 4767 2215 4806; x_wconf 90' lang='lat' dir='ltr'>causa</span> 
     </span>
    </p>
   </div>
   <div class='ocr_carea' id='block_1_94' title="bbox 587 4843 2210 4911">
    <p class='ocr_par' dir='ltr' id='par_1_94' title="bbox 587 4843 2210 4911">
     <span class='ocr_line' id='line_1_94' title="bbox 587 4843 2210 4911; baseline -0.004 -7"><span class='ocrx_word' id='word_1_671' title='bbox 587 4847 912 4904; x_wconf 90' lang='lat' dir='ltr'>Timotheus</span> <span class='ocrx_word' id='word_1_672' title='bbox 959 4843 1392 4909; x_wconf 85' lang='lat' dir='ltr'>Alexandrinus,</span> <span class='ocrx_word' id='word_1_673' title='bbox 1438 4846 1494 4896; x_wconf 88' lang='lat' dir='ltr'>et</span> <span class='ocrx_word' id='word_1_674' title='bbox 1538 4843 1737 4897; x_wconf 86' lang='lat' dir='ltr'>Petrus</span> <span class='ocrx_word' id='word_1_675' title='bbox 1789 4843 2210 4911; x_wconf 63' lang='lat' dir='ltr'>Antiochmnus,</span> 
     </span>
    </p>
   </div>
   <div class='ocr_carea' id='block_1_95' title="bbox 587 4935 2210 5007">
    <p class='ocr_par' dir='ltr' id='par_1_95' title="bbox 587 4935 2210 5007">
     <span class='ocr_line' id='line_1_95' title="bbox 587 4935 2210 5007; baseline -0.003 -10"><span class='ocrx_word' id='word_1_676' title='bbox 587 4943 804 5007; x_wconf 88' lang='lat' dir='ltr'>Petrus,</span> <span class='ocrx_word' id='word_1_677' title='bbox 836 4937 1055 5006; x_wconf 82' lang='lat' dir='ltr'>Paulus,</span> <span class='ocrx_word' id='word_1_678' title='bbox 1084 4938 1350 5002; x_wconf 81' lang='lat' dir='ltr'>Joannes,</span> <span class='ocrx_word' id='word_1_679' title='bbox 1380 4941 1436 4990; x_wconf 90' lang='lat' dir='ltr'>et</span> <span class='ocrx_word' id='word_1_680' title='bbox 1464 4935 1650 4990; x_wconf 63' lang='lat' dir='ltr'>caeteri</span> <span class='ocrx_word' id='word_1_681' title='bbox 1677 4953 1795 4990; x_wconf 90' lang='lat' dir='ltr'>non</span> <span class='ocrx_word' id='word_1_682' title='bbox 1835 4937 2016 4991; x_wconf 90' lang='lat' dir='ltr'>solum</span> <span class='ocrx_word' id='word_1_683' title='bbox 2047 4954 2210 5004; x_wconf 89' lang='lat' dir='ltr'>unus,</span> 
     </span>
    </p>
   </div>
   <div class='ocr_carea' id='block_1_96' title="bbox 586 5028 2214 5104">
    <p class='ocr_par' dir='ltr' id='par_1_96' title="bbox 586 5028 2214 5104">
     <span class='ocr_line' id='line_1_96' title="bbox 586 5028 2214 5104; baseline -0.004 -13"><span class='ocrx_word' id='word_1_684' title='bbox 586 5035 686 5090; x_wconf 83' lang='lat' dir='ltr'>sed</span> <span class='ocrx_word' id='word_1_685' title='bbox 745 5033 934 5104; x_wconf 88' lang='lat' dir='ltr'>plures</span> <span class='ocrx_word' id='word_1_686' title='bbox 992 5045 1204 5084; x_wconf 90' lang='lat' dir='ltr'>nomen</span> <span class='ocrx_word' id='word_1_687' title='bbox 1281 5028 1576 5084; x_wconf 90' lang='lat' dir='ltr'>sacerdotii</span> <span class='ocrx_word' id='word_1_688' title='bbox 1653 5029 2042 5100; x_wconf 72' lang='lat' dir='ltr'>praeferentes,</span> <span class='ocrx_word' id='word_1_689' title='bbox 2093 5031 2214 5086; x_wconf 88' lang='lat' dir='ltr'>sola</span> 
     </span>
    </p>
   </div>
   <div class='ocr_carea' id='block_1_97' title="bbox 586 5121 2212 5197">
    <p class='ocr_par' dir='ltr' id='par_1_97' title="bbox 586 5121 2212 5197">
     <span class='ocr_line' id='line_1_97' title="bbox 586 5121 2212 5197; baseline -0.004 -12"><span class='ocrx_word' id='word_1_690' title='bbox 586 5128 736 5184; x_wconf 88' lang='lat' dir='ltr'>sedis</span> <span class='ocrx_word' id='word_1_691' title='bbox 767 5123 1084 5197; x_wconf 80' lang='lat' dir='ltr'>apostolicae</span> <span class='ocrx_word' id='word_1_692' title='bbox 1127 5126 1259 5176; x_wconf 89' lang='lat' dir='ltr'>sunt</span> <span class='ocrx_word' id='word_1_693' title='bbox 1304 5121 1639 5176; x_wconf 90' lang='lat' dir='ltr'>auctoritate</span> <span class='ocrx_word' id='word_1_694' title='bbox 1686 5122 1907 5194; x_wconf 90' lang='lat' dir='ltr'>dejecti,</span> <span class='ocrx_word' id='word_1_695' title='bbox 1938 5124 2099 5194; x_wconf 90' lang='lat' dir='ltr'>cujus</span> <span class='ocrx_word' id='word_1_696' title='bbox 2128 5124 2212 5178; x_wconf 90' lang='lat' dir='ltr'>rei</span> 
     </span>
    </p>
   </div>
   <div class='ocr_carea' id='block_1_98' title="bbox 587 5216 2213 5289">
    <p class='ocr_par' dir='ltr' id='par_1_98' title="bbox 587 5216 2213 5289">
     <span class='ocr_line' id='line_1_98' title="bbox 587 5216 2213 5289; baseline -0.004 -11"><span class='ocrx_word' id='word_1_697' title='bbox 587 5222 743 5279; x_wconf 89' lang='lat' dir='ltr'>testis</span> <span class='ocrx_word' id='word_1_698' title='bbox 786 5219 957 5275; x_wconf 83' lang='lat' dir='ltr'>etiam</span> <span class='ocrx_word' id='word_1_699' title='bbox 1001 5218 1234 5272; x_wconf 91' lang='lat' dir='ltr'>docetur</span> <span class='ocrx_word' id='word_1_700' title='bbox 1258 5216 1376 5286; x_wconf 90' lang='lat' dir='ltr'>ipse</span> <span class='ocrx_word' id='word_1_701' title='bbox 1419 5216 1649 5271; x_wconf 88' lang='lat' dir='ltr'>Aeacius</span> <span class='ocrx_word' id='word_1_702' title='bbox 1685 5218 1783 5288; x_wconf 89' lang='lat' dir='ltr'>qui</span> <span class='ocrx_word' id='word_1_703' title='bbox 1815 5219 2213 5289; x_wconf 68' lang='lat' dir='ltr'>prmeeptionis</span> 
     </span>
    </p>
   </div>
   <div class='ocr_carea' id='block_1_99' title="bbox 583 5309 2208 5390">
    <p class='ocr_par' dir='ltr' id='par_1_99' title="bbox 583 5309 2208 5390">
     <span class='ocr_line' id='line_1_99' title="bbox 583 5309 2208 5390; baseline -0.006 -17"><span class='ocrx_word' id='word_1_704' title='bbox 583 5318 754 5388; x_wconf 89' lang='lat' dir='ltr'>hujus</span> <span class='ocrx_word' id='word_1_705' title='bbox 780 5313 988 5369; x_wconf 83' lang='lat' dir='ltr'>exstitit</span> <span class='ocrx_word' id='word_1_706' title='bbox 1016 5313 1322 5390; x_wconf 68' lang='lat' dir='ltr'>exsecutor.</span> <span class='ocrx_word' id='word_1_707' title='bbox 1354 5309 1515 5374; x_wconf 90' lang='lat' dir='ltr'>Quod</span> <span class='ocrx_word' id='word_1_708' title='bbox 1546 5311 1740 5382; x_wconf 91' lang='lat' dir='ltr'>utique</span> <span class='ocrx_word' id='word_1_709' title='bbox 1770 5310 1915 5365; x_wconf 91' lang='lat' dir='ltr'>sicut</span> <span class='ocrx_word' id='word_1_710' title='bbox 1944 5312 2208 5382; x_wconf 85' lang='lat' dir='ltr'>apostoli-</span> 
     </span>
    </p>
   </div>
   <div class='ocr_carea' id='block_1_100' title="bbox 583 5403 2208 5479">
    <p class='ocr_par' dir='ltr' id='par_1_100' title="bbox 583 5403 2208 5479">
     <span class='ocr_line' id='line_1_100' title="bbox 583 5403 2208 5479; baseline -0.006 -13"><span class='ocrx_word' id='word_1_711' title='bbox 583 5428 709 5466; x_wconf 89' lang='lat' dir='ltr'>cam</span> <span class='ocrx_word' id='word_1_712' title='bbox 741 5410 935 5464; x_wconf 86' lang='lat' dir='ltr'>sedem</span> <span class='ocrx_word' id='word_1_713' title='bbox 969 5407 1132 5479; x_wconf 84' lang='lat' dir='ltr'>juxta</span> <span class='ocrx_word' id='word_1_714' title='bbox 1169 5405 1415 5459; x_wconf 86' lang='lat' dir='ltr'>formam</span> <span class='ocrx_word' id='word_1_715' title='bbox 1447 5403 1771 5475; x_wconf 83' lang='lat' dir='ltr'>synodicam</span> <span class='ocrx_word' id='word_1_716' title='bbox 1797 5404 1996 5458; x_wconf 84' lang='lat' dir='ltr'>fecisse</span> <span class='ocrx_word' id='word_1_717' title='bbox 2029 5404 2208 5458; x_wconf 90' lang='lat' dir='ltr'>mani-</span> 
     </span>
    </p>
   </div>
   <div class='ocr_carea' id='block_1_101' title="bbox 581 5496 2208 5571">
    <p class='ocr_par' dir='ltr' id='par_1_101' title="bbox 581 5496 2208 5571">
     <span class='ocr_line' id='line_1_101' title="bbox 581 5496 2208 5571; baseline -0.006 -12"><span class='ocrx_word' id='word_1_718' title='bbox 581 5505 791 5559; x_wconf 90' lang='lat' dir='ltr'>festum</span> <span class='ocrx_word' id='word_1_719' title='bbox 820 5507 922 5571; x_wconf 89' lang='lat' dir='ltr'>est,</span> <span class='ocrx_word' id='word_1_720' title='bbox 951 5502 1028 5557; x_wconf 90' lang='lat' dir='ltr'>sic</span> <span class='ocrx_word' id='word_1_721' title='bbox 1063 5499 1355 5554; x_wconf 89' lang='lat' dir='ltr'>neminem</span> <span class='ocrx_word' id='word_1_722' title='bbox 1384 5498 1662 5552; x_wconf 89' lang='lat' dir='ltr'>resultare</span> <span class='ocrx_word' id='word_1_723' title='bbox 1693 5496 1942 5568; x_wconf 88' lang='lat' dir='ltr'>potuisse</span> <span class='ocrx_word' id='word_1_724' title='bbox 1969 5497 2208 5551; x_wconf 91' lang='lat' dir='ltr'>certissi-</span> 
     </span>
    </p>
   </div>
   <div class='ocr_carea' id='block_1_102' title="bbox 583 5590 2208 5666">
    <p class='ocr_par' dir='ltr' id='par_1_102' title="bbox 583 5590 2208 5666">
     <span class='ocr_line' id='line_1_102' title="bbox 583 5590 2208 5666; baseline -0.005 -14"><span class='ocrx_word' id='word_1_725' title='bbox 583 5614 764 5652; x_wconf 87' lang='lat' dir='ltr'>mum.</span> <span class='ocrx_word' id='word_1_726' title='bbox 786 5599 898 5651; x_wconf 80' lang='lat' dir='ltr'>Hoc</span> <span class='ocrx_word' id='word_1_727' title='bbox 918 5595 1092 5666; x_wconf 87' lang='lat' dir='ltr'>igitur</span> <span class='ocrx_word' id='word_1_728' title='bbox 1119 5592 1294 5648; x_wconf 86' lang='lat' dir='ltr'>modo</span> <span class='ocrx_word' id='word_1_729' title='bbox 1322 5591 1581 5646; x_wconf 90' lang='lat' dir='ltr'>recidens</span> <span class='ocrx_word' id='word_1_730' title='bbox 1602 5590 1659 5644; x_wconf 92' lang='lat' dir='ltr'>in</span> <span class='ocrx_word' id='word_1_731' title='bbox 1688 5590 2030 5645; x_wconf 88' lang='lat' dir='ltr'>consortium</span> <span class='ocrx_word' id='word_1_732' title='bbox 2052 5591 2208 5645; x_wconf 91' lang='lat' dir='ltr'>dam-</span> 
     </span>
    </p>
   </div>
   <div class='ocr_carea' id='block_1_103' title="bbox 585 5682 2207 5754">
    <p class='ocr_par' dir='ltr' id='par_1_103' title="bbox 585 5682 2207 5754">
     <span class='ocr_line' id='line_1_103' title="bbox 585 5682 2207 5754; baseline -0.004 -10"><span class='ocrx_word' id='word_1_733' title='bbox 585 5694 845 5744; x_wconf 87' lang='lat' dir='ltr'>natorum</span> <span class='ocrx_word' id='word_1_734' title='bbox 888 5693 974 5741; x_wconf 90' lang='lat' dir='ltr'>est</span> <span class='ocrx_word' id='word_1_735' title='bbox 1013 5687 1316 5740; x_wconf 90' lang='lat' dir='ltr'>damnatus</span> <span class='ocrx_word' id='word_1_736' title='bbox 1341 5682 1588 5751; x_wconf 85' lang='lat' dir='ltr'>Aeacius,</span> <span class='ocrx_word' id='word_1_737' title='bbox 1617 5683 1713 5754; x_wconf 92' lang='lat' dir='ltr'>qui</span> <span class='ocrx_word' id='word_1_738' title='bbox 1741 5699 1941 5738; x_wconf 90' lang='lat' dir='ltr'>eorum</span> <span class='ocrx_word' id='word_1_739' title='bbox 1971 5683 2207 5738; x_wconf 90' lang='lat' dir='ltr'>damna-</span> 
     </span>
    </p>
   </div>
   <div class='ocr_carea' id='block_1_104' title="bbox 585 5775 2212 5850">
    <p class='ocr_par' dir='ltr' id='par_1_104' title="bbox 585 5775 2212 5850">
     <span class='ocr_line' id='line_1_104' title="bbox 585 5775 2212 5850; baseline -0.005 -12"><span class='ocrx_word' id='word_1_740' title='bbox 585 5779 796 5838; x_wconf 76' lang='lat' dir='ltr'>tionem</span> <span class='ocrx_word' id='word_1_741' title='bbox 862 5784 1173 5850; x_wconf 89' lang='lat' dir='ltr'>antequam</span> <span class='ocrx_word' id='word_1_742' title='bbox 1236 5775 1626 5847; x_wconf 67' lang='lat' dir='ltr'>praevaricator</span> <span class='ocrx_word' id='word_1_743' title='bbox 1697 5776 1978 5844; x_wconf 85' lang='lat' dir='ltr'>existeret,</span> <span class='ocrx_word' id='word_1_744' title='bbox 2029 5777 2212 5832; x_wconf 85' lang='lat' dir='ltr'>fuerat</span> 
     </span>
    </p>
   </div>
   <div class='ocr_carea' id='block_1_105' title="bbox 2319 4548 3846 4638">
    <p class='ocr_par' dir='ltr' id='par_1_105' title="bbox 2319 4548 3846 4638">
     <span class='ocr_line' id='line_1_105' title="bbox 2319 4548 3846 4638; baseline -0.006 -18"><span class='ocrx_word' id='word_1_745' title='bbox 2319 4567 2471 4620; x_wconf 90' lang='lat' dir='ltr'>niam</span> <span class='ocrx_word' id='word_1_746' title='bbox 2515 4567 2825 4638; x_wconf 88' lang='lat' dir='ltr'>postulasse</span> <span class='ocrx_word' id='word_1_747' title='bbox 2867 4566 3226 4636; x_wconf 86' lang='lat' dir='ltr'>conﬁngunt,</span> <span class='ocrx_word' id='word_1_748' title='bbox 3269 4570 3326 4618; x_wconf 91' lang='lat' dir='ltr'>et</span> <span class='ocrx_word' id='word_1_749' title='bbox 3368 4581 3469 4619; x_wconf 91' lang='lat' dir='ltr'>nos</span> <span class='ocrx_word' id='word_1_750' title='bbox 3510 4559 3745 4616; x_wconf 79' lang='lat' dir='ltr'>exstitisse</span> <span class='ocrx_word' id='word_1_751' title='bbox 3777 4548 3846 4604; x_wconf 67' lang='grc' dir='ltr'>(Μ’</span> 
     </span>
    </p>
   </div>
   <div class='ocr_carea' id='block_1_106' title="bbox 2313 4659 2506 4714">
    <p class='ocr_par' dir='ltr' id='par_1_106' title="bbox 2313 4659 2506 4714">
     <span class='ocr_line' id='line_1_106' title="bbox 2313 4659 2506 4714; baseline 0 0"><span class='ocrx_word' id='word_1_752' title='bbox 2313 4659 2506 4714; x_wconf 89' lang='lat' dir='ltr'>ﬁciles.</span> 
     </span>
    </p>
   </div>
   <div class='ocr_carea' id='block_1_107' title="bbox 2383 4747 3846 4808">
    <p class='ocr_par' dir='ltr' id='par_1_107' title="bbox 2383 4747 3846 4808">
     <span class='ocr_line' id='line_1_107' title="bbox 2383 4747 3846 4808; baseline -0.008 -2"><span class='ocrx_word' id='word_1_753' title='bbox 2383 4753 2561 4808; x_wconf 87' lang='lat' dir='ltr'>Testis</span> <span class='ocrx_word' id='word_1_754' title='bbox 2605 4758 2690 4808; x_wconf 91' lang='lat' dir='ltr'>est</span> <span class='ocrx_word' id='word_1_755' title='bbox 2733 4754 2910 4808; x_wconf 88' lang='lat' dir='ltr'>frater</span> <span class='ocrx_word' id='word_1_756' title='bbox 2953 4756 3136 4808; x_wconf 86' lang='lat' dir='ltr'>vester</span> <span class='ocrx_word' id='word_1_757' title='bbox 3177 4753 3260 4808; x_wconf 90' lang='lat' dir='ltr'>vir</span> <span class='ocrx_word' id='word_1_758' title='bbox 3307 4749 3534 4808; x_wconf 88' lang='lat' dir='ltr'>illustris</span> <span class='ocrx_word' id='word_1_759' title='bbox 3578 4747 3704 4803; x_wconf 87' lang='lat' dir='ltr'>ﬁlius</span> <span class='ocrx_word' id='word_1_760' title='bbox 3740 4750 3846 4795; x_wconf 73' lang='lat' dir='ltr'>meus</span> 
     </span>
    </p>
   </div>
   <div class='ocr_carea' id='block_1_108' title="bbox 2313 4836 3848 4918">
    <p class='ocr_par' dir='ltr' id='par_1_108' title="bbox 2313 4836 3848 4918">
     <span class='ocr_line' id='line_1_108' title="bbox 2313 4836 3848 4918; baseline -0.005 -19"><span class='ocrx_word' id='word_1_761' title='bbox 2313 4847 2764 4912; x_wconf 86' lang='lat' dir='ltr'>Andromachus,</span> <span class='ocrx_word' id='word_1_762' title='bbox 2797 4847 2895 4918; x_wconf 90' lang='lat' dir='ltr'>qui</span> <span class='ocrx_word' id='word_1_763' title='bbox 2919 4853 2974 4901; x_wconf 88' lang='lat' dir='ltr'>et</span> <span class='ocrx_word' id='word_1_764' title='bbox 3004 4863 3037 4900; x_wconf 91' lang='lat' dir='ltr'>a</span> <span class='ocrx_word' id='word_1_765' title='bbox 3068 4846 3229 4900; x_wconf 90' lang='lat' dir='ltr'>nobis</span> <span class='ocrx_word' id='word_1_766' title='bbox 3252 4847 3602 4901; x_wconf 90' lang='lat' dir='ltr'>abundanter</span> <span class='ocrx_word' id='word_1_767' title='bbox 3623 4836 3848 4896; x_wconf 62' lang='lat' dir='ltr'>instruct“s</span> 
     </span>
    </p>
   </div>
   <div class='ocr_carea' id='block_1_109' title="bbox 2315 4926 3845 5012">
    <p class='ocr_par' dir='ltr' id='par_1_109' title="bbox 2315 4926 3845 5012">
     <span class='ocr_line' id='line_1_109' title="bbox 2315 4926 3845 5012; baseline -0.008 -19"><span class='ocrx_word' id='word_1_768' title='bbox 2315 4942 2420 5007; x_wconf 90' lang='lat' dir='ltr'>est,</span> <span class='ocrx_word' id='word_1_769' title='bbox 2453 4943 2517 4994; x_wconf 90' lang='lat' dir='ltr'>ut</span> <span class='ocrx_word' id='word_1_770' title='bbox 2557 4941 2953 4995; x_wconf 87' lang='lat' dir='ltr'>cohortaretur</span> <span class='ocrx_word' id='word_1_771' title='bbox 2977 4940 3241 4994; x_wconf 85' lang='lat' dir='ltr'>Acacium</span> <span class='ocrx_word' id='word_1_772' title='bbox 3276 4939 3526 5012; x_wconf 89' lang='lat' dir='ltr'>deposita</span> <span class='ocrx_word' id='word_1_773' title='bbox 3555 4926 3845 4992; x_wconf 66' lang='lat' dir='ltr'>obstinatione</span> 
     </span>
    </p>
   </div>
   <div class='ocr_carea' id='block_1_110' title="bbox 2314 5030 3844 5104">
    <p class='ocr_par' dir='ltr' id='par_1_110' title="bbox 2314 5030 3844 5104">
     <span class='ocr_line' id='line_1_110' title="bbox 2314 5030 3844 5104; baseline -0.001 -17"><span class='ocrx_word' id='word_1_774' title='bbox 2314 5033 2661 5104; x_wconf 89' lang='lat' dir='ltr'>resipiscere,</span> <span class='ocrx_word' id='word_1_775' title='bbox 2691 5037 2748 5088; x_wconf 90' lang='lat' dir='ltr'>et</span> <span class='ocrx_word' id='word_1_776' title='bbox 2774 5033 2842 5087; x_wconf 92' lang='lat' dir='ltr'>ad</span> <span class='ocrx_word' id='word_1_777' title='bbox 2872 5033 3019 5087; x_wconf 89' lang='lat' dir='ltr'>sedis</span> <span class='ocrx_word' id='word_1_778' title='bbox 3056 5033 3379 5103; x_wconf 72' lang='lat' dir='ltr'>apostolicae</span> <span class='ocrx_word' id='word_1_779' title='bbox 3420 5044 3655 5088; x_wconf 85' lang='lat' dir='ltr'>remeare</span> <span class='ocrx_word' id='word_1_780' title='bbox 3685 5030 3844 5078; x_wconf 68' lang='lat'>001150&quot;</span> 
     </span>
    </p>
   </div>
   <div class='ocr_carea' id='block_1_111' title="bbox 2313 5111 3846 5198">
    <p class='ocr_par' dir='ltr' id='par_1_111' title="bbox 2313 5111 3846 5198">
     <span class='ocr_line' id='line_1_111' title="bbox 2313 5111 3846 5198; baseline -0.007 -18"><span class='ocrx_word' id='word_1_781' title='bbox 2313 5127 2477 5195; x_wconf 90' lang='lat' dir='ltr'>tium,</span> <span class='ocrx_word' id='word_1_782' title='bbox 2502 5127 2712 5198; x_wconf 91' lang='lat' dir='ltr'>quippe</span> <span class='ocrx_word' id='word_1_783' title='bbox 2730 5143 2787 5181; x_wconf 86' lang='lat' dir='ltr'>se</span> <span class='ocrx_word' id='word_1_784' title='bbox 2815 5127 2918 5180; x_wconf 88' lang='lat' dir='ltr'>sub</span> <span class='ocrx_word' id='word_1_785' title='bbox 2939 5127 3310 5197; x_wconf 87' lang='lat' dir='ltr'>jurejurando</span> <span class='ocrx_word' id='word_1_786' title='bbox 3341 5125 3560 5196; x_wconf 85' lang='lat' dir='ltr'>magnis</span> <span class='ocrx_word' id='word_1_787' title='bbox 3583 5136 3694 5177; x_wconf 88' lang='lat' dir='ltr'>cum</span> <span class='ocrx_word' id='word_1_788' title='bbox 3709 5111 3846 5170; x_wconf 74' lang='lat' dir='ltr'>eodem</span> 
     </span>
    </p>
   </div>
   <div class='ocr_carea' id='block_1_112' title="bbox 2314 5207 3846 5292">
    <p class='ocr_par' dir='ltr' id='par_1_112' title="bbox 2314 5207 3846 5292">
     <span class='ocr_line' id='line_1_112' title="bbox 2314 5207 3846 5292; baseline -0.005 -18"><span class='ocrx_word' id='word_1_789' title='bbox 2314 5220 2706 5274; x_wconf 89' lang='lat' dir='ltr'>molitionibus</span> <span class='ocrx_word' id='word_1_790' title='bbox 2745 5221 2928 5292; x_wconf 87' lang='lat' dir='ltr'>egisse</span> <span class='ocrx_word' id='word_1_791' title='bbox 2973 5225 3230 5287; x_wconf 89' lang='lat' dir='ltr'>testatur,</span> <span class='ocrx_word' id='word_1_792' title='bbox 3258 5237 3361 5274; x_wconf 90' lang='lat' dir='ltr'>nec</span> <span class='ocrx_word' id='word_1_793' title='bbox 3401 5220 3470 5274; x_wconf 92' lang='lat' dir='ltr'>ad</span> <span class='ocrx_word' id='word_1_794' title='bbox 3509 5234 3569 5274; x_wconf 89' lang='lat' dir='ltr'>ea</span> <span class='ocrx_word' id='word_1_795' title='bbox 3606 5227 3714 5286; x_wconf 63' lang='lat' dir='ltr'>qua!</span> <span class='ocrx_word' id='word_1_796' title='bbox 3747 5207 3846 5260; x_wconf 58' lang='lat' dir='ltr'>rec“</span> 
     </span>
    </p>
   </div>
   <div class='ocr_carea' id='block_1_113' title="bbox 2312 5299 3843 5384">
    <p class='ocr_par' dir='ltr' id='par_1_113' title="bbox 2312 5299 3843 5384">
     <span class='ocr_line' id='line_1_113' title="bbox 2312 5299 3843 5384; baseline -0.01 -18"><span class='ocrx_word' id='word_1_797' title='bbox 2312 5319 2443 5368; x_wconf 91' lang='lat' dir='ltr'>sunt</span> <span class='ocrx_word' id='word_1_798' title='bbox 2470 5313 2717 5384; x_wconf 89' lang='lat' dir='ltr'>potuisse</span> <span class='ocrx_word' id='word_1_799' title='bbox 2747 5313 2986 5379; x_wconf 88' lang='lat' dir='ltr'>deﬂecti,</span> <span class='ocrx_word' id='word_1_800' title='bbox 3014 5314 3156 5367; x_wconf 90' lang='lat' dir='ltr'>sicut</span> <span class='ocrx_word' id='word_1_801' title='bbox 3181 5330 3370 5368; x_wconf 88' lang='lat' dir='ltr'>rerum</span> <span class='ocrx_word' id='word_1_802' title='bbox 3404 5311 3658 5384; x_wconf 89' lang='lat' dir='ltr'>probatur</span> <span class='ocrx_word' id='word_1_803' title='bbox 3683 5299 3843 5384; x_wconf 51' lang='lat' dir='ltr'>effectu.</span> 
     </span>
    </p>
   </div>
   <div class='ocr_carea' id='block_1_114' title="bbox 2313 5383 3845 5478">
    <p class='ocr_par' dir='ltr' id='par_1_114' title="bbox 2313 5383 3845 5478">
     <span class='ocr_line' id='line_1_114' title="bbox 2313 5383 3845 5478; baseline -0.006 -17"><span class='ocrx_word' id='word_1_804' title='bbox 2313 5383 2485 5461; x_wconf 14' lang='lat' dir='ltr'>Certe,</span> <span class='ocrx_word' id='word_1_805' title='bbox 2517 5407 2839 5477; x_wconf 88' lang='lat' dir='ltr'>proferatur</span> <span class='ocrx_word' id='word_1_806' title='bbox 2861 5407 3138 5477; x_wconf 90' lang='lat' dir='ltr'>judicium</span> <span class='ocrx_word' id='word_1_807' title='bbox 3171 5383 3419 5478; x_wconf 16' lang='lat' dir='ltr'>quando,</span> <span class='ocrx_word' id='word_1_808' title='bbox 3439 5401 3660 5465; x_wconf 88' lang='lat' dir='ltr'>miserit,</span> <span class='ocrx_word' id='word_1_809' title='bbox 3684 5383 3845 5466; x_wconf 66' lang='lat' dir='ltr'>quando</span> 
     </span>
    </p>
   </div>
   <div class='ocr_carea' id='block_1_115' title="bbox 2312 5487 3844 5576">
    <p class='ocr_par' dir='ltr' id='par_1_115' title="bbox 2312 5487 3844 5576">
     <span class='ocr_line' id='line_1_115' title="bbox 2312 5487 3844 5576; baseline -0.001 -23"><span class='ocrx_word' id='word_1_810' title='bbox 2312 5499 2537 5554; x_wconf 90' lang='lat' dir='ltr'>veniam</span> <span class='ocrx_word' id='word_1_811' title='bbox 2565 5500 2870 5571; x_wconf 91' lang='lat' dir='ltr'>postularit</span> <span class='ocrx_word' id='word_1_812' title='bbox 2888 5499 3425 5571; x_wconf 88' lang='lat' dir='ltr'>correptionemque</span> <span class='ocrx_word' id='word_1_813' title='bbox 3447 5511 3599 5552; x_wconf 88' lang='lat' dir='ltr'>suam</span> <span class='ocrx_word' id='word_1_814' title='bbox 3617 5487 3746 5546; x_wconf 82' lang='lat' dir='ltr'>nobis</span> <span class='ocrx_word' id='word_1_815' title='bbox 3761 5493 3844 5576; x_wconf 50' lang='grc' dir='ltr'>Ρηξ</span> 
     </span>
    </p>
   </div>
   <div class='ocr_carea' id='block_1_116' title="bbox 2311 5570 3844 5661">
    <p class='ocr_par' dir='ltr' id='par_1_116' title="bbox 2311 5570 3844 5661">
     <span class='ocr_line' id='line_1_116' title="bbox 2311 5570 3844 5661; baseline -0.005 -15"><span class='ocrx_word' id='word_1_816' title='bbox 2311 5593 2530 5647; x_wconf 91' lang='lat' dir='ltr'>miserit</span> <span class='ocrx_word' id='word_1_817' title='bbox 2560 5570 2961 5661; x_wconf 85' lang='lat' dir='ltr'>exhibendam,</span> <span class='ocrx_word' id='word_1_818' title='bbox 2991 5570 3100 5647; x_wconf 89' lang='lat' dir='ltr'>nisi</span> <span class='ocrx_word' id='word_1_819' title='bbox 3125 5593 3269 5648; x_wconf 87' lang='lat' dir='ltr'>forte</span> <span class='ocrx_word' id='word_1_820' title='bbox 3299 5593 3449 5647; x_wconf 87' lang='lat' dir='ltr'>hunc</span> <span class='ocrx_word' id='word_1_821' title='bbox 3476 5589 3702 5645; x_wconf 88' lang='lat' dir='ltr'>animum</span> <span class='ocrx_word' id='word_1_822' title='bbox 3727 5570 3844 5648; x_wconf 62' lang='grc' dir='ltr'>εδείί</span> 
     </span>
    </p>
   </div>
   <div class='ocr_carea' id='block_1_117' title="bbox 2311 5675 3840 5764">
    <p class='ocr_par' dir='ltr' id='par_1_117' title="bbox 2311 5675 3840 5764">
     <span class='ocr_line' id='line_1_117' title="bbox 2311 5675 3840 5764; baseline -0.007 -25"><span class='ocrx_word' id='word_1_823' title='bbox 2311 5701 2483 5757; x_wconf 90' lang='lat' dir='ltr'>quem</span> <span class='ocrx_word' id='word_1_824' title='bbox 2509 5702 2854 5741; x_wconf 89' lang='lat' dir='ltr'>successores</span> <span class='ocrx_word' id='word_1_825' title='bbox 2872 5686 2993 5757; x_wconf 89' lang='lat' dir='ltr'>ejus</span> <span class='ocrx_word' id='word_1_826' title='bbox 3013 5686 3220 5740; x_wconf 89' lang='lat' dir='ltr'>habere</span> <span class='ocrx_word' id='word_1_827' title='bbox 3241 5684 3614 5757; x_wconf 89' lang='lat' dir='ltr'>perspicimus.</span> <span class='ocrx_word' id='word_1_828' title='bbox 3635 5677 3693 5731; x_wconf 89' lang='lat' dir='ltr'>Ut</span> <span class='ocrx_word' id='word_1_829' title='bbox 3709 5675 3840 5764; x_wconf 36' lang='lat' dir='ltr'>talus“</span> 
     </span>
    </p>
   </div>
   <div class='ocr_carea' id='block_1_118' title="bbox 2313 5767 3838 5852">
    <p class='ocr_par' dir='ltr' id='par_1_118' title="bbox 2313 5767 3838 5852">
     <span class='ocr_line' id='line_1_118' title="bbox 2313 5767 3838 5852; baseline -0.011 -20"><span class='ocrx_word' id='word_1_830' title='bbox 2313 5779 2355 5832; x_wconf 87' lang='lat' dir='ltr'>si</span> <span class='ocrx_word' id='word_1_831' title='bbox 2388 5779 2611 5834; x_wconf 84' lang='lat' dir='ltr'>veniam</span> <span class='ocrx_word' id='word_1_832' title='bbox 2654 5781 2964 5850; x_wconf 89' lang='lat' dir='ltr'>postularet</span> <span class='ocrx_word' id='word_1_833' title='bbox 3002 5779 3272 5852; x_wconf 86' lang='lat' dir='ltr'>impendi,</span> <span class='ocrx_word' id='word_1_834' title='bbox 3302 5777 3375 5833; x_wconf 90' lang='lat' dir='ltr'>sic</span> <span class='ocrx_word' id='word_1_835' title='bbox 3403 5777 3507 5831; x_wconf 89' lang='lat' dir='ltr'>sibi</span> <span class='ocrx_word' id='word_1_836' title='bbox 3532 5772 3692 5838; x_wconf 83' lang='lat' dir='ltr'>vellet,</span> <span class='ocrx_word' id='word_1_837' title='bbox 3719 5767 3838 5818; x_wconf 78' lang='lat' dir='ltr'>utul-</span> 
     </span>
    </p>
   </div>
  </div>
