4062 6188
209 306 310 361 957

1428 302 1900 363 DECRETALIUM
1940 304 2326 360 COLLECTIO.

3462 310 3566 365 958

209 412 513 468 hilominus
538 412 597 467 in
613 428 808 468 errore
836 411 1195 485 persisteret;
1224 413 1323 468 ubi
1354 414 1551 485 utique
1579 431 1693 469 non
1718 418 1834 468 tam
1856 427 1916 500 Α
1934 417 2052 467 ster
2075 416 2132 467 et
2160 411 2447 467 Hirenaus
2475 411 2580 468 viri
2604 411 2928 468 consulares
2955 414 3128 484 atque
3153 428 3353 470 eorum
3383 417 3565 472 comi-

207 523 238 561 a
267 506 434 560 nobis
459 505 635 577 recipi
667 506 973 575 videretur,
1005 524 1175 578 quam
1222 523 1323 562 nos
1368 508 1557 579 potius
1583 507 1642 561 in
1669 523 1829 562 suam

206 599 498 654 traducere
525 600 885 670 pravitatem.
911 599 1095 664 Quem
1118 606 1337 655 reatum
1362 617 1419 655 se
1445 600 1857 673 confessurum‘

204 693 446 747 asseruit
468 699 603 747 ante
633 694 967 748 certamen?
994 694 1049 749 Si
1077 699 1269 748 reatus
1289 696 1392 762 est,
1419 694 1618 765 utique
1659 692 1833 748 corri-

203 785 448 856 piendus
476 789 578 840 est.
620 786 677 841 Si
716 786 1120 857 corrigendum
1156 804 1271 841 non
1312 791 1530 857 putant,
1557 786 1838 840 fallaciter

204 894 259 933 se
284 885 509 933 reatum
555 880 860 949 perhibent
898 879 1183 950 protiteri;
1217 880 1326 934 nisi
1354 879 1507 951 quod
1535 883 1622 933 est
1647 879 1831 933 infeli-

202 972 339 1038 cius,
372 988 504 1026 cum
532 975 589 1026 et
620 972 867 1027 fatentur
892 977 1139 1042 reatum,
1167 979 1224 1028 et
1249 989 1365 1027 non
1392 973 1680 1028 aestimant
1704 988 1831 1028 cor-

204 1065 530 1136 rigendum.
563 1066 703 1120 lllud
732 1081 956 1137 quoque
980 1082 1077 1120 me
1110 1065 1294 1120 ridere
1320 1066 1507 1133 libuit,
1534 1066 1688 1137 quod
1712 1066 1792 1119 ait
1816 1083 1829 1120 :

202 1158 255 1211 Si
302 1173 539 1211 necesse
585 1158 757 1212 fuerit
798 1159 1024 1214 veniam
1067 1159 1373 1230 postulare,
1407 1164 1463 1213 et
1508 1158 1834 1214 existimans

205 1251 476 1305 nimirum
516 1257 652 1306 tunc
681 1269 739 1306 se
772 1252 990 1323 peccati
1018 1252 1242 1307 veniam
1284 1253 1601 1307 necessario
1634 1256 1830 1324 postu-

200 1343 342 1410 lare,
389 1344 437 1398 si
487 1345 538 1399 ei
578 1345 959 1399 concedamus
1002 1363 1075 1400 ne
1131 1363 1369 1417 peccare
1420 1346 1669 1414 desistat,
1714 1347 1831 1400 imo

201 1437 371 1492 etiam
400 1438 570 1509 (quod
608 1438 769 1507 absit)
804 1444 953 1493 certe
992 1455 1121 1493 cum
1166 1440 1371 1494 eodem
1410 1440 1833 1494 consentiamus

201 1546 302 1584 nos
316 1547 545 1602 quoque
563 1547 821 1602 peccare.
840 1532 1037 1587 Nescio
1054 1533 1205 1586 inter
1220 1549 1347 1604 quae
1363 1532 1561 1588 mundi
1577 1532 1833 1604 prodigia

198 1624 319 1678 haac
350 1640 459 1678 vox
490 1623 665 1695 possit
706 1624 951 1679 admitti.
986 1624 1215 1680 Remitti
1254 1626 1422 1696 culpa
1446 1626 1515 1680 de
1541 1625 1831 1697 praeterito

198 1722 383 1787 potest
409 1718 759 1779 correctione
806 1718 927 1773 sine
968 1718 1143 1773 dubio
1178 1718 1579 1789 subsequente.
1614 1718 1756 1773 Nam
1785 1718 1831 1772 si

1935 511 2018 560 tes
2059 503 2280 575 publica
2308 506 2611 576 legatione,
2641 506 2944 577 fungentes
2973 506 3045 561 ad
3081 506 3291 563 Urbem
3328 510 3566 579 reversi,

1934 598 2303 653 clementiam
2330 602 2577 654 vestram
2606 600 2873 672 quaesisse
2922 599 3209 667 dicuntur,
3242 617 3345 655 cur
3368 602 3440 657 ad
3467 620 3569 658 vos

1933 708 2079 746 meae
2094 691 2451 747 salutationis
2465 693 2677 764 scripta
2690 710 2806 748 non
2819 692 3071 749 miserim
3081 735 3095 748 .
3108 694 3230 748 Non
3251 710 3380 750 meo
3390 696 3570 752 fateor

1935 784 2215 839 instituto.
2269 785 2379 840 Sed
2436 802 2568 840 cum
2630 786 2830 841 directi
2901 786 3118 842 dudum
3188 787 3259 842 de
3312 789 3567 859 partibus

1933 877 2181 933 Orientis
2207 878 2293 933 vel
2320 877 2547 933 videndi
2585 895 2676 933 me
2720 879 3011 934 licentiam
3054 880 3161 935 sibi
3187 883 3387 936 vestris
3418 899 3563 954 prae-

1933 970 2285 1042 ceptionibus
2316 970 2685 1042 abnegatam,
2708 974 2827 1027 tota
2853 973 2999 1027 Urbe
3025 973 3394 1045 disperserint
3412 993 3445 1030 a
3470 977 3564 1032 lit-

1932 1064 2067 1132 teris
2092 1064 2303 1119 credidi
2322 1064 2769 1135 temperandum
2792 1082 2864 1119 ne
2892 1082 3162 1121 onerosus
3188 1068 3374 1139 potius
3395 1085 3565 1140 quam

1934 1156 2217 1212 ofﬁciosus
2244 1156 2568 1213 existerem.
2608 1158 2821 1214 Videtis
2859 1159 3037 1230 igitur
3080 1177 3197 1215 non
3240 1178 3372 1217 mea
3401 1162 3564 1218 dissi-

1932 1250 2245 1305 mulatione
2289 1252 2636 1322 provenisse,
2667 1252 2768 1306 sed
2810 1253 3187 1324 competentis
3232 1254 3403 1309 fuisse
3433 1272 3565 1310 cau-

1931 1344 2078 1411 telae,
2108 1361 2180 1398 ne
2208 1344 2602 1415 respuentibus
2628 1344 2836 1399 animis
2866 1346 3191 1401 molestiam
3220 1347 3563 1419 irrogarem.
3662 1402 3677 1417 κ

1934 1436 2044 1492 Sed
2081 1436 2180 1491 ubi
2210 1436 2527 1492 serenitatis
2556 1441 2667 1491 tua:
2692 1437 3088 1493 benevolentia
3112 1440 3387 1512 comperi,
3416 1458 3562 1513 prae-

1932 1529 2063 1583 fatis
2090 1529 2490 1594 indicantibus,
2521 1530 2861 1585 humilitatis
2886 1548 3031 1586 mea;
3062 1533 3375 1588 clementer
3399 1550 3566 1606 expe-

1930 1623 2065 1677 tisse
2105 1639 2433 1678 sermonem
2455 1623 2583 1694 jam
2608 1640 2810 1679 revera
2838 1625 3120 1696 perpendi
3160 1626 3564 1697 imputandum

1930 1731 2046 1770 non
2073 1715 2358 1770 immerito
2388 1716 2530 1771 mihi
2555 1717 2604 1771 si
2631 1722 2898 1787 tacerem,
2921 1718 3077 1789 quia,
3102 1719 3350 1791 gloriose
3380 1720 3483 1789 fili,
3506 1725 3563 1777 te

201 1808 469 1881 deinceps
496 1810 701 1865 sinitur
727 1827 994 1865 mansura
1019 1811 1374 1882 perversitas,
1405 1828 1523 1866 non
1552 1816 1638 1866 est
1664 1811 1828 1866 beni-
1849 1794 1908 1867 B
1932 1808 2076 1864 sicut
2104 1809 2296 1863 Romae
2324 1815 2491 1865 natus
2519 1811 2845 1865 Romanum
2877 1811 3215 1883 principem,
3244 1829 3396 1883 amo,
3414 1815 3560 1883 colo,

200 1903 389 1974 gnitas
429 1903 790 1971 remittentis,
821 1904 915 1958 sed
955 1904 1365 1959 consentientis
1406 1903 1676 1959 assensio.
1708 1904 1830 1960 Non

198 1995 409 2050 mirum
437 1996 484 2050 si
500 1996 593 2051 isti
614 1996 808 2051 sedem
829 1996 982 2051 beati
1002 1996 1151 2053 Petri
1177 1998 1416 2068 apostoli
1434 1997 1829 2069 blasphemare

195 2093 568 2159 praesumunt,
590 2090 691 2161 qui
718 2089 855 2144 talia
879 2095 1138 2161 portenta
1164 2091 1250 2146 vel
1278 2090 1451 2145 corde
1483 2094 1712 2162 gerunt,
1739 2092 1830 2145 vel

193 2198 293 2236 ore
330 2182 680 2248 diffundunt,
712 2185 771 2236 et
810 2199 917 2238 nos
956 2183 1191 2255 insuper
1225 2183 1500 2255 superbos
1536 2200 1657 2239 esse
1694 2201 1827 2256 pro-

193 2275 483 2342 nuntiant,
501 2292 631 2330 cum
648 2276 728 2330 eis
748 2276 942 2348 prima
969 2277 1149 2345 sedes,
1170 2276 1451 2348 quidquid
1476 2280 1562 2331 est
1581 2277 1825 2348 pietatis,

192 2384 313 2423 non
347 2368 577 2423 desistat
605 2368 828 2436 offerre,
861 2369 948 2424 illi
986 2386 1113 2424 eam
1155 2370 1274 2440 ipso
1314 2373 1580 2440 protervo
1625 2369 1829 2441 spiritu

192 2461 504 2533 subjugare
552 2478 716 2533 posse
763 2461 1076 2517 confidant.
1124 2462 1234 2518 Sed
1275 2468 1468 2533 captos
1506 2468 1696 2518 mente
1740 2464 1823 2518 fa-

192 2570 324 2608 cere
355 2554 455 2608 ista
488 2571 605 2609 non
634 2555 845 2609 mirum
874 2560 977 2609 est.
1012 2554 1064 2610 Si
1093 2554 1410 2626 phrenetici
1436 2556 1617 2610 solent
1644 2556 1825 2612 medi-

190 2652 390 2701 cantes
413 2663 639 2718 quoque
659 2648 814 2703 velut
832 2648 1023 2703 hostes
1041 2651 1239 2719 putare
1255 2650 1342 2702 vel
1364 2649 1601 2704 caedere.
1624 2650 1827 2714 Quaero

189 2745 391 2794 tamen
414 2740 695 2811 judicium
735 2741 807 2795 ab
844 2741 932 2795 his
972 2741 1122 2812 quod
1147 2741 1530 2812 prtetendunt,
1556 2741 1655 2795 ubi
1685 2758 1823 2796 nam

187 2833 372 2903 possit
402 2833 604 2903 agitari
638 2849 652 2887 :
689 2851 760 2888 an
789 2834 944 2906 apud
974 2834 1126 2906 ipsos
1164 2839 1225 2888 ut
1248 2834 1427 2889 iidem
1470 2834 1583 2889 sint
1608 2834 1824 2889 inimici

187 2929 244 2979 et
274 2929 455 2979 testes
495 2930 551 2979 et
584 2926 854 2996 judices?
898 2926 1010 2981 Sed
1052 2927 1150 2981 tali
1185 2927 1401 2999 judicio
1444 2944 1547 2982 nec
1576 2928 1825 2981 humana

187 3018 413 3072 debent
437 3019 723 3073 committi
754 3018 1002 3091 negotia,
1031 3020 1245 3074 nedum
1275 3020 1478 3074 divinae
1502 3021 1646 3092 legis
1676 3022 1820 3075 inte-

1928 1901 2193 1974 suscipio,
2227 1905 2286 1957 et
2314 1903 2459 1958 sicut
2485 1902 2839 1959 Christianus
2864 1920 2996 1959 cum
3025 1920 3094 1959 eo
3122 1905 3218 1976 qui
3245 1906 3431 1961 zelum
3462 1908 3558 1963 Dei

1928 1994 2120 2064 habet,
2163 1996 2473 2051 secundum
2522 1996 2818 2051 scientiam
2864 1996 3117 2051 veritatis
3162 1996 3369 2054 habere
3410 1999 3560 2054 desi-

1928 2088 2084 2155 dero,
2137 2094 2193 2144 et
2242 2089 2649 2161 qualiscunque
2709 2090 3038 2161 apostolicae
3106 2090 3255 2146 sedis
3300 2091 3558 2164 vicarius,

1927 2182 2306 2254 quodcunque
2323 2183 2504 2253 plenae
2525 2182 2659 2238 fidei
2686 2183 2973 2238 catholica:
2994 2183 3189 2239 deesse
3205 2202 3555 2257 comperero,

1926 2291 2031 2346 pro
2045 2291 2176 2329 meo
2202 2274 2433 2330 modulo
2454 2276 2913 2347 suggestionibus
2929 2265 3267 2347 opportunis
3294 2280 3558 2351 supplere

1927 2367 2225 2422 contendo.
2255 2367 2608 2439 Dispensatio
2635 2368 2847 2424 etenim
2889 2369 3033 2425 mihi
3070 2370 3247 2426 divini
3280 2372 3560 2435 sermonis

1928 2460 2182 2531 injuncta
2211 2477 2224 2514 :
2254 2462 2348 2515 Vae
2377 2461 2523 2515 mihi
2549 2466 2654 2529 est,
2683 2462 2728 2515 si
2755 2478 2871 2517 non
2897 2462 3371 2534 evangelizavero.
3394 2465 3556 2530 Quod

1928 2570 2057 2609 cum
2073 2570 2169 2635 vas
2188 2554 2477 2609 electionis
2501 2554 2702 2609 beatus
2727 2556 2931 2610 Paulus
2959 2557 3244 2627 apostolus
3266 2557 3555 2628 formidet,

1925 2647 2155 2714 clamet,
2184 2648 2362 2702 multo
2401 2647 2583 2718 magis
2627 2647 2772 2702 mihi
2810 2649 3019 2719 exiguo
3064 2651 3440 2705 metuendum
3470 2655 3557 2706 est

1926 2740 1973 2794 si
1997 2739 2265 2794 divinitus
2288 2740 2647 2811 inspiratum,
2676 2746 2732 2796 et
2768 2748 3004 2812 paterna
3038 2742 3341 2798 devotione
3371 2749 3551 2798 trans-

1925 2833 2161 2888 missum
2190 2833 2526 2888 subtraxero
2555 2833 2933 2889 ministerium
2966 2835 3335 2905 praedicandi.
3368 2837 3552 2891 Pieta-

1926 2929 2041 2980 tem
2085 2931 2243 2980 tuam
2290 2942 2512 2998 precor,
2542 2943 2613 2981 ne
2660 2927 3051 2998 arrogantiam
3086 2927 3309 2998 judices
3352 2928 3556 2983 divina:

1923 3018 2165 3074 rationis
2189 3018 2461 3075 officium.
2488 3019 2666 3087 Absit,
2698 3036 2908 3090 quaeso,
2932 3037 2967 3074 a
2992 3021 3250 3076 Romano
3275 3020 3553 3093 principe,

186 3111 394 3182 gritas.
422 3112 478 3167 Si
507 3116 786 3183 quantum
821 3112 895 3167 ad
919 3112 1256 3184 religionem
1282 3113 1545 3184 pertinet,
1573 3130 1684 3167 non
1714 3112 1823 3167 nisi
1846 3157 1896 3184 η
1924 3114 1988 3166 ut
2016 3111 2334 3167 intimatam
2372 3111 2487 3166 suis
2528 3112 2754 3167 sedibus
2795 3113 3089 3168 veritatem
3134 3113 3442 3169 arbitretur
3466 3114 3554 3169 in-

185 3204 521 3276 apostolicm
552 3205 670 3259 sedi
691 3205 856 3276 juxta
885 3221 1133 3261 canones
1164 3205 1402 3259 debetur
1427 3222 1653 3259 summa
1672 3205 1825 3277 judi-

182 3297 256 3351 cii
311 3297 508 3353 totius.
554 3298 608 3353 Si
660 3303 939 3370 quantum
988 3298 1057 3353 ad
1107 3298 1293 3353 saeculi
1338 3301 1677 3369 potestatem
1730 3298 1821 3353 ille

181 3406 215 3444 a
240 3389 635 3462 pontificibus,
651 3396 708 3446 et
726 3391 1012 3463 praecipue
1039 3409 1073 3445 a
1092 3392 1244 3447 beati
1263 3391 1412 3446 Petri
1429 3392 1635 3446 vicario
1656 3391 1824 3447 debet

181 3499 539 3554 cognoscere
569 3500 698 3555 quae
725 3484 918 3539 divina
945 3490 1095 3553 sunt,
1126 3500 1243 3539 non
1268 3487 1454 3556 potest
1474 3484 1593 3556 ipse
1623 3485 1822 3539 eadem

170 3576 473 3647 judicare,
502 3593 608 3632 nec
629 3575 735 3631 sibi
766 3578 875 3632 hoc
905 3578 1206 3650 quisquam
1252 3577 1680 3650 potentissimus
1716 3594 1819 3631 saa-

176 3670 325 3737 culi,
352 3669 450 3741 qui
468 3674 661 3725 tamen
687 3671 1035 3726 Christianus
1058 3675 1161 3739 est,
1177 3671 1461 3726 vindicare
1484 3676 1820 3742 praesumat,

178 3764 296 3818 nisi
316 3763 660 3834 religionem
676 3764 909 3818 forsitan
932 3768 1353 3837 persequentes.
1370 3763 1513 3828 Quid
1536 3770 1726 3818 tamen
1744 3763 1823 3819 di-

176 3860 410 3924 cerent,
440 3856 484 3911 si
510 3874 627 3912 non
655 3858 865 3912 chartis
898 3858 1013 3912 suis
1040 3858 1100 3912 in
1130 3858 1394 3912 omnibus
1421 3857 1824 3912 vincerentur?

174 3949 442 4021 Ineptias
482 3950 679 4023 utique
722 3968 848 4006 suas
888 3950 994 4005 sibi
1038 3957 1281 4020 servent,
1309 3950 1418 4005 nisi
1462 3950 1819 4022 resipiscant,

173 4044 384 4116 potius
402 4043 716 4115 cogitantes
739 4044 944 4098 Christi
974 4060 1168 4099 vocem
1192 4061 1304 4098 non
1335 4061 1454 4099 esse
1478 4042 1821 4114 superﬂuam

174 4154 317 4209 quae
352 4136 701 4191 confessione
729 4137 882 4192 beati
910 4136 1059 4192 Petri
1099 4137 1341 4208 apostoli
1385 4137 1596 4192 inferni
1633 4142 1824 4209 portas

174 4230 455 4301 nunquid
479 4230 862 4301 praevalituras
881 4231 1139 4285 asseruit.
1163 4231 1521 4302 Quapropter
1538 4247 1651 4285 non
1674 4247 1826 4285 vere-

175 4339 347 4389 mur,
369 4338 443 4376 ne
462 4323 765 4393 apostolica
780 4323 1061 4378 sententia
1088 4324 1421 4389 resolvatur,
1440 4339 1616 4393 quam
1645 4327 1702 4378 et
1721 4339 1821 4375 vox

174 4415 424 4484 Christi,
440 4421 489 4469 et
508 4416 791 4485 majorum
806 4416 1058 4485 traditio,
1074 4420 1132 4470 et
1148 4432 1431 4470 canonum
1451 4415 1613 4470 fulcit
1638 4420 1821 4470 aucto-

1844 3157 1899 3231 C

1916 3203 2155 3274 juriam.

1995 3297 2111 3351 Duo
2136 3296 2351 3368 quippe
2382 3300 2533 3365 sunt,
2552 3298 2867 3368 imperator
2884 3300 3159 3370 Auguste,
3177 3300 3386 3372 quibus
3404 3301 3556 3373 prin-

1922 3389 2178 3461 cipaliter
2210 3390 2460 3445 mundus
2485 3390 2577 3444 hic
2604 3390 2844 3462 regitur,
2867 3392 3170 3448 auctoritas
3189 3410 3351 3449 sacra
3370 3395 3555 3465 ponti—

1923 3484 2116 3551 ﬁcum,
2148 3486 2205 3537 et
2236 3483 2446 3554 regalis
2489 3485 2754 3554 potestas.
2788 3485 2846 3537 In
2876 3484 3081 3555 quibus
3129 3490 3288 3540 tanto
3326 3487 3557 3558 gravius

1923 3578 2010 3631 est
2045 3576 2272 3647 pondus
2300 3576 2677 3646 sacerdotum,
2709 3580 2925 3647 quanto
2957 3577 3127 3633 etiam
3167 3595 3271 3651 pro
3301 3579 3435 3651 ipsis
3461 3597 3551 3636 re-

1924 3670 2091 3741 gibus
2111 3669 2405 3724 hominem
2430 3669 2488 3723 in
2512 3669 2703 3724 divino
2728 3669 3008 3725 reddituri
3034 3675 3168 3725 sunt
3186 3673 3447 3730 examine
3471 3691 3554 3730 ra—

1924 3763 2162 3818 tionem.
2194 3762 2349 3817 Nosti
2377 3762 2611 3831 etenim,
2642 3762 2723 3817 ﬁli
2752 3762 3212 3834 clementissime,
3240 3767 3393 3838 quod
3422 3767 3555 3823 licet

1921 3856 2231 3927 przesideas
2259 3856 2511 3911 humano
2556 3856 2754 3928 generi
2791 3857 3093 3927 dignitate,
3126 3875 3322 3913 rerum
3360 3865 3554 3916 tamen

1920 3948 2259 4021 praesulibus
2279 3948 2603 4004 divinarum
2628 3949 2863 4004 devotus
2882 3950 3027 4004 colla
3052 3950 3359 4020 submittis,
3382 3958 3555 4025 atque

1922 4042 1991 4096 ab
2018 4043 2098 4096 eis
2124 4059 2321 4097 causas
2346 4048 2461 4097 tua:
2494 4042 2691 4097 salutis
2732 4047 3013 4114 expectas,
3044 4044 3219 4116 inque
3260 4046 3555 4103 sumendis

1922 4135 2240 4191 caelestibus
2269 4137 2659 4202 sacramentis,
2691 4136 2905 4207 eisque,
2935 4142 3000 4191 ut
3047 4139 3337 4210 competit,
3365 4139 3552 4212 dispo-

1922 4229 2146 4299 nendis,
2179 4228 2340 4283 subdi
2375 4232 2427 4283 te
2455 4229 2661 4284 debere
2705 4230 3001 4300 cognoscis
3030 4232 3322 4303 religionis
3352 4234 3554 4290 ordine

1921 4323 2112 4395 potius
2152 4339 2323 4394 quam
2368 4339 2631 4393 praeesse.
2666 4325 2859 4394 Itaque
2888 4323 3041 4379 inter
3086 4324 3203 4378 haec
3242 4326 3470 4382 illorum
3499 4332 3553 4382 te

1923 4415 2173 4486 pendere
2197 4414 2433 4485 judicio.
2476 4416 2597 4470 Non
2637 4415 2765 4470 illos
2790 4416 2860 4470 ad
2890 4419 3047 4471 tuam
3077 4418 3219 4473 velle
3246 4419 3429 4491 redigi
3458 4437 3550 4474 vo-

175 4509 355 4577 ritas,
374 4513 440 4562 ut
460 4513 642 4564 totam
671 4509 859 4579 potius
888 4510 1189 4565 Ecclesium
1220 4525 1447 4579 semper
1476 4508 1595 4579 ipsa
1620 4508 1823 4579 dijudi-
1841 4522 1901 4594 D
1923 4508 2223 4561 luntatem.
2261 4507 2319 4561 Si
2364 4508 2516 4561 enim
2564 4514 2843 4579 quantum
2889 4509 2962 4563 ad
3006 4510 3266 4565 ordinem
3311 4512 3555 4583 pertinet

175 4606 296 4657 cet.
333 4602 446 4657 Sed
474 4603 726 4673 cogitent
748 4602 950 4673 magis,
968 4602 1012 4656 si
1037 4602 1164 4674 quis
1189 4602 1248 4656 in
1279 4602 1401 4673 ejus
1430 4601 1718 4672 religionis
1741 4608 1826 4657 est

173 4712 413 4763 sensus,
442 4712 512 4750 ne
545 4695 877 4767 pravitatem
916 4711 1074 4750 suam
1116 4695 1442 4749 nullatenus
1478 4695 1825 4765 deponentes

172 4788 353 4862 apud
386 4790 564 4843 Deum
596 4790 973 4860 hominesque
1014 4789 1161 4845 sedis
1200 4789 1523 4861 apostolicae
1551 4792 1825 4860 perpetua

172 4882 604 4939 constitutione
651 4883 1019 4937 damnentur.
1070 4883 1154 4937 Sic
1187 4888 1377 4937 autem
1417 4883 1623 4938 dicitur
1652 4882 1824 4936 fuisse

170 4976 516 5043 definitum,
537 4979 602 5029 ut
625 4976 892 5047 deinceps
913 4976 982 5030 de
1000 4976 1232 5047 negotio
1253 4976 1396 5031 nihil
1420 4975 1645 5030 dicatur
1663 4975 1823 5047 quasi

171 5070 271 5126 vel
308 5086 463 5123 nunc
501 5086 597 5124 eos
622 5069 1132 5140 (quemadmodum
1173 5069 1367 5138 nostis)
1395 5085 1524 5122 meo
1570 5068 1823 5123 duxerim

172 5162 434 5219 nomine
478 5163 801 5233 specialiter
843 5162 1230 5233 alloquendos.
1276 5163 1467 5233 Neque
1498 5163 1664 5232 plane
1695 5177 1822 5215 cum

170 5258 312 5313 istis
338 5272 453 5311 non
501 5255 916 5327 corrigentibus
962 5256 1207 5310 ineunda
1249 5256 1592 5324 congressio,
1625 5271 1821 5326 quem-

170 5350 505 5407 admodum
532 5366 663 5403 cum
689 5350 925 5404 aliarum
952 5366 1181 5422 quoque
1210 5349 1511 5403 haeresium
1533 5347 1823 5402 sectatori-

168 5446 297 5500 bus
330 5443 624 5498 dimicatio
658 5443 970 5497 renuenda.
1003 5444 1110 5497 Vos
1139 5446 1329 5497 autem
1356 5426 1538 5496 salvos
1570 5445 1625 5495 et
1645 5440 1825 5511 sospi-

166 5546 269 5594 tes
308 5537 692 5608 quantonitius
730 5536 840 5591 huc
887 5535 1111 5602 reverti,
1146 5535 1429 5590 continuis
1470 5534 1822 5589 divinitatem

171 5632 340 5686 votis
370 5632 708 5702 expetimus.

360 5726 605 5794 Epistola
632 5724 834 5781 θειαεῆ
865 5726 940 5780 ad
969 5726 1321 5778 Anastasium
1346 5724 1671 5791 Augustum.

262 5817 491 5875 Famuli
524 5821 725 5873 vestrae
757 5818 1002 5893 pietatis,
1032 5815 1132 5872 ﬁlii
1164 5815 1294 5882 mei,
1324 5814 1621 5870 Faustinus
1650 5812 1830 5884 magi-

1923 4600 2165 4673 publica:
2198 4599 2532 4670 disciplinae,
2560 4604 2962 4671 cognoscentes
2988 4602 3291 4672 imperium
3322 4603 3425 4659 tibi
3456 4622 3550 4661 su-

1924 4709 2101 4765 perna
2123 4692 2486 4763 dispositione
2504 4692 2771 4747 collatum
2795 4693 3019 4764 legibus
3040 4694 3172 4763 tuis,
3196 4695 3300 4767 ipsi
3321 4714 3553 4770 quoque

1923 4788 2129 4858 parent
2152 4785 2443 4857 religionis
2470 4784 2769 4852 antistites,
2790 4802 2862 4839 ne
2891 4787 2974 4840 vel
3002 4786 3060 4841 in
3088 4787 3259 4844 rebus
3288 4789 3556 4848 humanis

1926 4880 2167 4933 exclusae
2211 4878 2509 4933 videantur
2548 4877 2777 4932 obviare
2822 4881 3139 4949 sententiae,
3167 4898 3281 4953 quo
3322 4900 3461 4956 rogo
3498 4891 3555 4942 te

1926 4972 2091 5027 decet
2107 4971 2311 5026 affectu
2334 4970 2415 5025 eis
2432 4970 2686 5037 obedire,
2705 4971 2799 5042 qui
2822 4974 3204 5043 prorogandis
3217 4979 3552 5034 venerabili-

1926 5066 2029 5120 bus
2057 5070 2187 5119 sunt
2220 5063 2477 5119 attributi
2506 5064 2830 5134 mysteriis?
2858 5066 3095 5123 Proinde
3126 5069 3270 5126 sicut
3293 5088 3411 5127 non
3435 5074 3554 5129 leve

1926 5157 2227 5213 discrimen
2251 5156 2530 5211 incumbit
2548 5157 2906 5228 pontiﬁcibus
2925 5159 3143 5217 siluisse
3164 5180 3269 5234 pro
3290 5165 3552 5223 divinita-

1925 5252 1996 5306 tis
2016 5252 2168 5305 cultu
2185 5267 2313 5322 qum
2330 5249 2618 5321 congruit,
2640 5250 2718 5304 ita
2736 5250 2824 5305 his
2838 5252 3013 5323 (quod
3030 5255 3191 5326 absit)
3213 5273 3327 5313 non
3346 5260 3555 5315 medio-

1925 5362 2017 5399 cre
2058 5344 2370 5416 periculum
2407 5342 2506 5415 qui
2531 5360 2663 5398 cum
2691 5361 2892 5415 parere
2925 5346 3185 5415 debeant,
3214 5351 3551 5422 despiciunt.

1928 5439 1992 5492 Et
2017 5437 2065 5491 si
2100 5437 2314 5491 cunctis
2359 5436 2700 5507 generaliter
2743 5439 3128 5495 sacerdotibus
3168 5448 3315 5497 recte
3362 5445 3552 5503 divina

1926 5530 2300 5585 tractantibus
2315 5529 2565 5584 ﬁdelium
2585 5532 2845 5584 convenit
2860 5531 3029 5585 corda
3048 5532 3322 5604 submitti,
3340 5545 3552 5608 quanto

1927 5625 2115 5697 potius
2136 5623 2283 5679 sedis
2303 5623 2453 5678 illius
2480 5624 2705 5695 praesuli
2732 5640 3039 5678 consensus
3064 5630 3149 5680 est
3168 5628 3547 5705 adhibendus,

1928 5734 2101 5789 quem
2132 5716 2349 5771 cunctis
2394 5716 2774 5771 sacerdotibus
2813 5721 2869 5770 et
2910 5715 3172 5773 divinitas
3202 5737 3424 5778 summa
3451 5742 3547 5782 vo-

1929 5810 2035 5866 luit
2057 5810 2379 5884 pervenire,
2409 5814 2466 5866 et
2495 5809 2847 5880 subsequens
2873 5809 3130 5867 Ecclesiae
3162 5818 3441 5888 generalis
3461 5820 3556 5897 λιι.
