4062 6188
580 289 680 346 959

1474 281 1758 342 APPEND.
1801 289 1888 342 Al)
1926 276 2088 342 sine.
2131 288 2217 343 Ix.
2247 318 2314 328 —
2354 289 2592 344 lSlDORl
2632 280 3056 344 MERCATORIS
3755 303 3830 353 960

580 401 729 467 giter
765 397 948 468 pietas
993 393 1342 450 celebravit?
1396 395 1497 449 Ubi
1540 395 1722 466 pietas
1773 400 1871 459 tua
1915 395 2206 450 evidenter
2227 412 2286 482 Α
2309 396 2462 450 nulla
2490 395 2637 449 rima
2667 395 2978 466 pravitatis,
3004 394 3162 449 nulla
3195 412 3415 466 prorsus
3437 400 3726 470 contagione
3748 419 3834 458 ma-

579 491 816 544 advertit
838 505 1137 560 nunquam
1161 488 1415 560 quolibet
1441 491 1499 542 et
1521 488 1745 560 penitus
1786 489 2038 543 humano
2069 505 2202 543 con-

580 584 703 638 silio
742 585 960 638 elevare
1011 599 1068 637 se
1111 599 1460 652 quemquam
1512 598 1674 652 posse
1720 582 1866 636 illius
1906 582 2206 654 privilegio

578 677 666 731 vel
697 675 1038 731 confessioni
1067 692 1238 747 quem
1266 675 1473 730 Christi
1501 692 1603 728 vox
1632 675 1883 746 praetulit
1907 675 2204 730 universis.

578 771 712 834 Quae
746 769 991 824 Ecclesia
1017 769 1340 824 veneranda
1368 768 1620 823 confessa
1649 774 1924 839 superest,
1955 771 2013 823 et
2039 769 2210 823 habet

581 865 774 919 devota
796 863 1126 934 primatum.
1155 862 1356 933 lmpeti
1376 878 1489 916 non
1518 867 1757 933 possunt
1785 861 2048 916 humanis
2070 879 2210 932 prm-

582 957 1002 1029 sumptionibus
1042 973 1170 1027 quae
1216 955 1409 1009 divino
1449 960 1580 1009 sunt
1612 955 1833 1026 judicio
1879 955 2205 1010 constituta.

581 1052 738 1106 Vinci
761 1053 858 1105 aut
883 1049 1271 1122 quorumlibet
1292 1052 1568 1120 potestate
1597 1065 1711 1103 non
1744 1052 2000 1120 possunt.
2023 1051 2209 1120 Atque

581 1145 800 1200 utinam
831 1145 907 1199 sic
933 1149 1128 1198 contra
1158 1142 1470 1196 nitentibus
1500 1141 1814 1213 perniciosa
1855 1158 1969 1197 non
2001 1143 2073 1196 sit
2107 1159 2209 1196 au-

586 1239 766 1306 dacia,
796 1235 1278 1309 quemadmodum
1300 1236 1451 1306 quod
1478 1236 1547 1289 ab
1573 1235 1696 1306 ipso
1725 1252 1896 1289 sacra:
1917 1235 2210 1306 religionis

583 1335 808 1387 auctore
851 1329 1146 1402 praefixum
1192 1332 1294 1399 est,
1323 1345 1442 1382 non
1472 1332 1659 1400 potest
1696 1329 1809 1382 ulla
1835 1329 2040 1382 virtute
2073 1345 2206 1383 con-

581 1426 736 1481 velli.
788 1425 1235 1478 Firmamentum
1285 1422 1437 1476 enim
1491 1422 1588 1475 Dei
1633 1425 1760 1476 stat.
1806 1422 2210 1493 Nunquidnam

585 1536 715 1574 cum
731 1517 1012 1588 aliquibus
1024 1516 1227 1571 infesta
1238 1515 1439 1585 religio
1455 1519 1556 1581 est,
1573 1518 2012 1586 quantacunque
2027 1516 2213 1586 potuit

586 1612 837 1668 novitate
860 1610 1135 1682 superari,
1161 1612 1216 1664 et
1236 1625 1354 1664 non
1375 1608 1557 1680 magis
1578 1609 1699 1662 haec
1723 1609 1926 1664 invicta
1951 1625 2021 1680 pe
2031 1625 2213 1663 rman-

585 1705 675 1776 sit,
711 1722 822 1777 quo
853 1704 1131 1758 aestimata
1163 1706 1245 1757 est
1283 1718 1444 1772 posse
1489 1702 1902 1757 succumbere?
1944 1703 2213 1756 Desinant

2307 490 2544 544 culetur.
2573 490 2711 543 Nam
2739 489 2804 558 si,
2836 488 2992 560 quod
3018 491 3162 543 Deus
3202 494 3426 558 avertat,
3456 491 3593 562 quod
3628 493 3729 548 ﬁeri
3752 512 3837 552 non

2308 599 2472 654 posse
2503 583 2858 649 conﬁdimus,
2886 583 2996 637 tale
3035 583 3248 654 aliquid
3278 584 3599 654 proveniret,
3625 587 3698 641 vel
3725 590 3838 645 unde

2309 677 2574 748 cuiquam
2606 676 2866 730 resistere
2911 676 3255 730 auderemus
3285 678 3472 743 errori,
3503 679 3580 732 vel
3603 681 3729 734 unde
3751 698 3838 736 cor-

2308 770 2628 840 reptionem
2653 768 2974 823 errantibus
3001 770 3396 840 posceremus?
3422 771 3640 826 Proinde
3658 774 3695 826 si
3710 775 3841 844 pietas

2311 868 2405 917 tua
2433 862 2598 917 unius
2629 862 2874 917 civitatis
2899 863 3179 934 populum
3223 868 3392 935 negat
3414 881 3565 935 posse
3592 882 3706 935 pace
3731 883 3839 921 com-

2310 955 2464 1026 poni,
2495 957 2647 1027 quod
2673 972 2778 1011 nos
2804 956 2875 1010 de
2901 956 3075 1010 totius
3101 956 3252 1010 orbis
3274 962 3543 1012 terrarum
3569 975 3730 1013 sumus
3748 961 3839 1014 uni-

2311 1049 2577 1104 versitate
2613 1049 2838 1117 facturi,
2867 1050 2910 1104 si
2943 1050 3114 1120 (quod
3156 1049 3316 1120 absit)
3343 1054 3526 1105 nostra
3564 1051 3706 1106 fuerit
3736 1071 3841 1124 prae-

2310 1142 2657 1198 varicatione
2686 1143 2954 1213 deceptus
2967 1143 2994 1196 ?
3015 1143 3071 1197 Si
3092 1148 3244 1198 totus
3261 1149 3535 1198 correctus
3553 1150 3626 1199 est
3641 1147 3842 1204 mundus.

2311 1236 2548 1308 profana
2577 1236 2833 1307 primum
2872 1253 3105 1290 suorum
3149 1236 3444 1292 traditione
3482 1237 3719 1309 despecta,
3742 1255 3841 1310 quo-

2312 1329 2488 1384 modo
2518 1346 2631 1383 non
2657 1330 2980 1400 corrigatur
2998 1331 3166 1384 unius
3189 1330 3422 1384 civitatis
3446 1332 3680 1402 populus,
3700 1333 3733 1384 si
3751 1349 3846 1401 pra.»

2313 1422 2520 1477 dicatio
2544 1422 2674 1477 ﬁdei
2695 1422 2997 1477 succedat?
3019 1425 3185 1493 Ergo,
3205 1423 3444 1493 gloriose
3463 1423 3745 1493 imperator,
3758 1426 3844 1477 nolo

2315 1532 2421 1587 ego
2443 1516 2821 1571 Ecclesiarum
2839 1532 3062 1586 pacem,
3081 1533 3256 1587 quam
3279 1516 3500 1570 etiamsi
3521 1533 3636 1570 cum
3659 1517 3748 1570 mci
3764 1533 3846 1568 san-

2319 1609 2504 1680 guinis
2547 1609 2838 1680 impendio
2877 1609 3201 1680 provenisse
3233 1616 3442 1681 posset,
3471 1611 3746 1680 amplector.
3772 1609 3844 1662 Sed

2317 1719 2517 1774 precor
2542 1702 2854 1774 cujusmodi
2887 1702 3092 1757 debeat
3129 1719 3248 1757 esse
3288 1720 3394 1773 pax
3423 1702 3552 1773 ipsa,
3585 1720 3682 1757 non
3705 1706 3844 1756 utcun-

588 1816 745 1870 ergo,
773 1814 965 1869 quaeso
985 1802 1060 1866 te,
1085 1795 1437 1868 temporibus
1456 1795 1568 1850 tuis
1594 1795 1827 1867 quidam
1855 1812 1958 1867 per
1974 1795 2214 1850 occasio-
2233 1783 2290 1855 Β
2314 1812 2425 1867 que
2480 1795 2689 1850 scilicet
2732 1796 3010 1851 veraciter
3052 1796 3374 1853 Christiana
3417 1802 3595 1850 mente
3632 1796 3843 1849 libremus.

590 1909 720 1948 nem
743 1890 1230 1963 perturbationum
1259 1888 1638 1944 ecclesiastica
1658 1889 2083 1961 praecipitanter
2101 1906 2216 1943 am-

585 1987 706 2040 bire
741 2001 870 2056 quae
904 2000 1022 2038 non
1059 1983 1210 2051 licet,
1241 1999 1312 2037 ne
1344 1986 1400 2036 et
1446 1982 1545 2037 illa
1586 1999 1712 2053 quae
1754 1983 1900 2036 male
1942 1986 2216 2054 appetunt

586 2080 906 2135 nullatenus
961 2077 1414 2148 apprehendant,
1458 2079 1515 2130 et
1560 2077 1800 2130 modum
1850 2093 2018 2130 suum
2064 2076 2214 2148 apud

585 2175 768 2228 Deum
793 2176 851 2226 et
877 2170 1139 2225 homines
1164 2185 1280 2223 non
1306 2172 1560 2223 teneant.
1585 2170 1941 2240 QuaprOpter
1960 2169 2062 2224 sub
2087 2185 2215 2224 con-

585 2271 780 2338 spectu
801 2265 896 2320 Dei
913 2263 1130 2318 sincere
1155 2263 1425 2334 pietatem
1446 2264 1604 2316 tuam
1631 2263 1923 2333 deprecor,
1947 2263 2211 2331 obtestor,

586 2364 644 2415 et
672 2358 959 2423 exhortor,
994 2360 1055 2411 ut
1089 2354 1426 2427 petitionem
1469 2371 1654 2410 meam
1695 2372 1812 2409 non
1847 2355 2216 2427 indignanter

585 2452 853 2523 accipias;
877 2466 1016 2522 rogo
1037 2449 1269 2520 inquam
1292 2453 1356 2503 ut
1380 2465 1472 2504 me
1486 2449 1546 2503 in
1564 2449 1668 2503 hac
1682 2448 1797 2503 vita
1816 2449 2006 2520 potius
2021 2449 2215 2504 audias

587 2545 1006 2616 deprecantem,
1037 2558 1210 2614 quam
1256 2542 1425 2612 (quod
1466 2541 1627 2612 absit)
1667 2541 1730 2595 in
1781 2541 1969 2596 divino
1999 2541 2215 2612 judicio

587 2638 792 2694 sentias
807 2643 1187 2692 accusantem.
1206 2636 1315 2690 Nec
1336 2651 1428 2690 me
1445 2636 1600 2701 latet,
1615 2633 1931 2706 imperator
1942 2637 2211 2706 Auguste,

586 2732 742 2804 quod
784 2730 1013 2803 pietatis
1059 2732 1173 2782 tua:
1218 2728 1471 2784 studium
1515 2729 1687 2783 fuerit
1735 2728 1794 2782 in
1837 2727 2056 2799 privata
2084 2728 2210 2783 vita.

587 2825 800 2896 Optasti
828 2839 1058 2894 semper
1083 2823 1206 2877 ﬁeri
1230 2822 1513 2892 particeps
1542 2821 1931 2892 promissionis
1962 2827 2211 2878 aeternae.

659 2917 1019 2988 Quapropter
1062 2916 1179 2969 noli
1207 2915 1390 2982 irasci,
1423 2914 1467 2968 si
1495 2919 1550 2968 te
1579 2917 1773 2968 tamen
1812 2914 2009 2986 diligo,
2035 2920 2101 2970 ut
2127 2931 2213 2970 re-

592 3027 770 3083 gnum
803 3008 960 3081 quod
986 3008 1377 3080 temporaliter
1414 3012 1701 3062 assecutus
1727 3025 1807 3077 es,
1833 3008 2004 3063 velim
2033 3012 2088 3064 te
2115 3009 2211 3063 ha-

586 3105 720 3161 bere
748 3105 1110 3175 perpetuum,
1141 3106 1198 3156 et
1225 3101 1323 3172 qui
1360 3101 1612 3172 imperas
1658 3102 1883 3170 saeculo,
1914 3102 2095 3172 possis
2121 3118 2210 3157 re-

590 3164 767 3269 gnare
799 3164 928 3252 cum
969 3164 1209 3253 Christo.
1240 3164 1376 3249 :l‘uis
1418 3164 1568 3250 certe
1609 3195 1847 3266 legibus,
1870 3164 2210 3267 imperator,
2235 3164 2290 3238 Ο

588 3291 796 3363 pateris
827 3289 969 3344 nihil
996 3289 1215 3361 perire;
1250 3290 1503 3344 Romano
1547 3289 1766 3343 nomini
1795 3289 1934 3343 nulli
1963 3290 2214 3344 admittis

587 3386 851 3456 ingerere
900 3383 1330 3452 detrimentum,
1368 3383 1521 3438 itane
1562 3399 1762 3436 verum
1807 3387 1909 3451 est,
1952 3383 2215 3454 princeps

589 3479 840 3552 egregie,
859 3477 1011 3549 quod
1025 3494 1142 3532 non
1165 3478 1346 3531 solum
1367 3477 1671 3548 praesentia
1687 3477 1894 3532 Christi
1914 3477 2211 3546 beneﬁcia,

590 3575 684 3628 sed
707 3572 989 3628 desideras
1011 3576 1067 3626 et
1082 3571 1292 3636 futura,
1308 3575 1370 3624 ut
1389 3570 1670 3642 religioni,
1687 3576 1752 3625 ut
1770 3571 2014 3638 veritati,
2033 3571 2217 3625 utsin-

587 3666 810 3721 ceritati
851 3666 1139 3720 catholicae
1171 3663 1585 3719 communionis
1623 3670 1678 3718 et
1705 3663 1835 3718 ﬁdei
1862 3665 2216 3736 temporibus

586 3760 698 3816 tuis
711 3776 826 3815 non
841 3760 1073 3831 patiaris
1090 3775 1435 3830 quemquam
1457 3758 1666 3817 inferre
1681 3758 2043 3829 dispendium
2056 3758 2084 3812 ?
2099 3759 2216 3822 Qua

586 3853 810 3923 ﬁducia,
827 3871 964 3926 rogo
989 3859 1066 3923 te,
1087 3852 1200 3907 illic
1221 3853 1342 3923 ejus
1367 3853 1602 3924 praemia
1623 3851 1905 3923 petiturus
1931 3857 2034 3920 est,
2057 3852 2216 3924 cujus

586 3948 679 4004 hic
705 3950 914 4003 damna
948 3965 1066 4002 non
1104 3946 1417 4018 prohibes?
1462 3947 1582 4000 Non
1625 3946 1739 4001 sint
1785 3947 1993 4018 gravia,
2022 3963 2214 4018 quazso

583 4045 660 4110 te,
692 4059 819 4115 quae
850 4059 954 4113 pro
993 4046 1107 4096 tua:
1152 4040 1348 4094 salutis
1390 4039 1707 4095 aeternitate
1751 4040 2036 4094 dicuntur.
2067 4040 2214 4095 Scri-

585 4141 750 4207 ptum
800 4135 989 4206 legisti
1036 4151 1048 4188 :
1095 4133 1325 4189 Meliora
1375 4137 1506 4188 sunt
1552 4135 1791 4189 vulnera
1833 4134 2003 4188 amici
2047 4151 2217 4205 quam

588 4230 782 4283 oscula
811 4227 1047 4281 inimici.
1069 4229 1266 4291 Quaeso
1291 4227 1562 4298 pietatem
1588 4231 1766 4293 tuam,
1787 4232 1848 4282 ut
1873 4245 1984 4299 quo
2011 4227 2218 4282 affectu

588 4321 857 4376 dicuntur
885 4338 918 4375 a
947 4336 1059 4388 me,
1088 4337 1156 4374 eo
1189 4320 1302 4374 tuis
1341 4312 1595 4375 sensibus
1641 4320 1998 4377 intimentur.
2041 4323 2217 4376 Nemo

587 4416 852 4488 pietatem
889 4420 1048 4469 tuam
1088 4413 1258 4480 fallat,
1286 4429 1488 4467 verum
1531 4419 1615 4468 est
1661 4414 1815 4485 quod
1855 4413 2220 4486 singulariter

588 4525 694 4582 per
749 4508 1091 4581 prophetam
1163 4507 1455 4580 Scriptura
1521 4511 1760 4563 testatur
1817 4525 1829 4564 :

588 4603 852 4659 columba
886 4619 1035 4670 mea,
1075 4619 1186 4657 una
1215 4609 1298 4657 est
1327 4603 1580 4674 perfecta
1609 4619 1739 4657 mea
1767 4602 1946 4675 (Cant.
1976 4619 2049 4674 v1,
2081 4603 2156 4674 8),
2188 4627 2214 4654 »

590 4711 705 4752 una
748 4702 832 4752 est
867 4697 1190 4754 Christiana
1232 4697 1391 4766 ﬁdes,
1421 4711 1596 4768 quam
1623 4700 1928 4752 veneratur
1955 4697 2219 4753 universa

589 4790 834 4845 Ecclesia
853 4791 1157 4860 catholica;
1183 4790 1454 4845 catholica
1478 4794 1674 4844 autem
1699 4790 1976 4846 veraciter
1995 4791 2089 4845 illa
2113 4798 2215 4861 est,

589 4899 718 4956 quae
743 4884 812 4938 ab
840 4883 1098 4938 omnium
1139 4884 1489 4954 perﬁdorum
1533 4889 1703 4956 atque
1737 4884 1807 4938 ab
1849 4901 2048 4940 eorum
2089 4902 2215 4941 suc-

588 4977 897 5032 cessoribus
931 4983 1098 5048 atque
1139 4977 1513 5046 consortibus,
1545 4979 1786 5048 sincera,
1817 4997 1981 5051 pura,
2011 4980 2214 5035 imma-

587 5071 771 5128 culata
815 5070 1220 5126 communione
1260 5071 1435 5128 divisa
1491 5075 1596 5128 est.
1637 5073 1902 5145 Alioquin
1943 5092 2061 5130 non
2112 5075 2220 5130 erit

586 5165 852 5221 divinitus
877 5164 1146 5219 mandata
1174 5164 1460 5235 discretio,
1484 5167 1583 5222 sed
1603 5167 1920 5224 miseranda
1940 5168 2214 5243 confusio.

586 5259 696 5316 Nec
749 5261 865 5315 ulla
911 5273 1082 5314 causa
1125 5259 1249 5330 jam
1298 5262 1574 5332 superest,
1620 5262 1667 5316 si
1711 5261 1820 5318 hoc
1866 5261 1924 5316 in
1962 5261 2219 5336 quolibet

585 5353 847 5427 contagio
881 5352 1224 5409 voluerimus
1269 5353 1587 5423 admittere,
1619 5373 1690 5410 ne
1722 5357 1939 5411 cunctis
1981 5357 2215 5413 haeresi-

583 5447 688 5504 bus
707 5448 927 5504 aditum
943 5448 1298 5520 januamque
1319 5449 1660 5520 pandamus.
1682 5450 1830 5514 «Qui
1850 5451 2004 5505 enim
2023 5451 2082 5505 in
2105 5469 2216 5506 uno

584 5541 900 5611 offenderit,
923 5542 1183 5597 omnium
1205 5559 1338 5597 reus
1369 5545 1474 5610 est,
1501 5547 1558 5598 et
1583 5544 1684 5615 qui
1709 5543 1948 5599 minima
1974 5546 2213 5618 spernit,

584 5635 861 5704 paulatim
911 5635 1121 5690 decidit
1161 5638 1294 5707 (Jac.
1345 5639 1533 5704 11,10;
1576 5639 1740 5693 Ecch'.
1788 5657 1896 5711 XIX,
1933 5640 2000 5714 l),
2033 5663 2060 5690 »
2107 5641 2216 5698 hoc

589 5732 693 5793 est,
735 5729 888 5796 quod
945 5728 1105 5782 sedes
1153 5731 1453 5799 apostolica
1497 5746 1711 5802 magno
1762 5735 2111 5805 praetaxavit,
2154 5742 2219 5793 ut

589 5817 716 5885 quia
767 5819 982 5871 mundo
1015 5821 1172 5872 radix
1213 5826 1295 5874 est
1330 5823 1574 5890 Apostoli
1626 5824 1873 5892 gloriosa
1917 5830 2214 5892 confessio,

1886 4530 1912 4557 ‹‹
1967 4509 2089 4564 Una
2136 4514 2297 4613 estD

2318 1889 2479 1952 Quod
2509 1889 2663 1943 enim
2692 1892 2876 1961 potest
2919 1906 3038 1944 esse
3082 1906 3194 1960 pax
3222 1905 3375 1958 vera,
3405 1889 3489 1944 cui
3523 1889 3726 1943 Charitas
3749 1889 3844 1941 inte-

2317 1987 2537 2036 merata
2557 1983 2842 2037 defuerit?
2860 1983 3116 2038 Charitas
3131 1986 3323 2038 autem
3343 1983 3574 2054 qualiter
3588 1999 3689 2036 esse
3708 1981 3844 2034 debeat

2314 2076 2477 2131 nobis
2505 2076 2792 2131 evidenter
2812 2077 3109 2147 Apostolus
3125 2077 3428 2147 praedicat,
3445 2077 3540 2148 qui
3562 2077 3655 2130 ait:
3678 2099 3698 2122 ‹‹
3717 2075 3849 2130 Chan-

2317 2172 2399 2224 tas
2430 2169 2500 2223 de
2529 2170 2697 2224 corde
2728 2186 2872 2240 puro
2916 2173 2973 2224 et
3012 2170 3360 2225 conscientia
3399 2171 3560 2237 bona,
3589 2175 3635 2224 et
3664 2169 3748 2222 ﬁde
3770 2183 3845 2220 non

2315 2263 2448 2317 ficta
2476 2265 2522 2331 (Ι
2559 2265 2694 2318 Tim.
2729 2279 2767 2333 I,
2798 2266 2868 2333 5).
2908 2285 2934 2312 η
2974 2263 3290 2332 Quomodo,
3326 2281 3515 2335 quasso
3558 2267 3623 2328 te,
3652 2262 3709 2316 de
3737 2259 3847 2314 corde

2317 2355 2509 2428 238
2531 2356 2640 2411 erit
2662 2373 2826 2427 puro,
2848 2357 2895 2410 si
2918 2358 3182 2427 contagio
3205 2356 3490 2412 inﬁciatur
3507 2353 3847 2416 externo?0uo-

2316 2449 2490 2504 modo
2517 2450 2586 2504 de
2613 2449 2962 2504 conscientia
2997 2450 3144 2504 bona
3172 2450 3218 2503 si
3244 2450 3436 2522 pravis
3467 2450 3626 2504 fuerit
3649 2447 3849 2516 malisque

2317 2543 2654 2598 commista?
2677 2542 3177 2608 Quemadmodum
3203 2543 3317 2598 ﬁde
3347 2561 3462 2598 non
3487 2543 3602 2599 ﬁcta
3628 2541 3664 2595 si
3691 2542 3850 2593 maneat

2317 2637 2523 2692 sociata
2561 2653 2691 2691 cum
2721 2636 2998 2708 perfidis?
3042 2637 3179 2701 Quae
3229 2654 3363 2691 cum
3393 2655 3425 2692 a
3448 2637 3604 2692 nobis
3630 2650 3749 2705 saepe
3769 2632 3851 2701 jam

2318 2730 2468 2785 dicta
2505 2730 2636 2798 sint,
2667 2746 2891 2784 necesse
2934 2734 3020 2784 est
3056 2733 3248 2785 tamen
3291 2729 3671 2786 incessabiliter
3699 2722 3851 2784 iterari,

2317 2828 2375 2878 et
2396 2824 2591 2878 tandiu
2630 2841 2745 2877 non
2781 2827 2970 2878 tacere
3013 2824 3268 2895 quandiu
3312 2841 3522 2880 nomen
3565 2822 3694 2894 pacis
3713 2819 3853 2873 obten-

2319 2916 2492 2983 ditur,
2519 2922 2582 2970 ut
2611 2923 2872 2971 nostrum
2904 2933 3019 2971 non
3053 2917 3145 2986 sit,
3166 2920 3250 2985 ut,
3284 2917 3555 2972 invidiose
3575 2909 3855 2985 jactatur,fa-

2317 3026 2440 3065 cere
2467 3026 2687 3080 pacem.
2711 3010 2819 3064 Sed
2850 3010 3026 3064 talem
3052 3011 3194 3064 velle
3223 3011 3523 3065 doceamus
3551 3007 3705 3080 qualis
3722 3002 3854 3059 etsola

2315 3119 2426 3174 pax
2459 3119 2597 3170 esse,
2620 3107 2675 3158 et
2695 3107 3080 3174 praeterquam
3106 3121 3215 3174 pax
3243 3105 3403 3158 nulla
3432 3119 3546 3157 esse
3572 3101 3852 3156 monstratur.

2315 3197 2730 3268 Euthycianum
2757 3198 2967 3269 dogma
2994 3202 3191 3252 contra
3215 3198 3536 3268 apostolica:
3573 3193 3698 3249 sedis
3718 3193 3853 3246 caute-

2315 3291 2430 3343 lam
2459 3290 2774 3361 pervigilat,
2795 3291 2840 3344 si
2862 3290 3110 3345 creditur
3137 3291 3284 3344 salva
3312 3290 3449 3344 fidei
3474 3289 3729 3344 catholicae
3745 3294 3852 3354 posse

2315 3383 2545 3438 veritate
2582 3387 2860 3453 constare,
2892 3388 3206 3455 promatur,
3237 3389 3539 3449 asseratur,
3566 3386 3616 3436 et
3641 3375 3853 3451 quantisli-

2315 3477 2411 3531 bet
2451 3477 2663 3530 viribus
2714 3481 3017 3544 astruatur,
3066 3482 3128 3532 ut
3173 3494 3290 3532 non
3337 3477 3519 3532 solum
3556 3491 3647 3546 per
3678 3471 3856 3540 seipsum

2317 3587 2487 3641 quam
2515 3570 2815 3625 inimicum
2854 3571 2924 3625 sit
2951 3571 3083 3626 ﬁdei
3111 3571 3450 3626 Christiana:
3478 3569 3643 3642 possit
3678 3560 3856 3624 ostendi,

2317 3665 2412 3719 sed
2431 3667 2659 3735 quantae
2671 3669 2726 3719 et
2745 3681 2913 3736 quam
2933 3665 3170 3719 lethalcs
3197 3665 3448 3719 haereses
3469 3665 3523 3718 in
3542 3678 3631 3716 sua
3649 3657 3858 3714 contineat

2315 3758 2633 3812 'colluvione
2679 3759 3003 3813 monstrari.
3037 3758 3095 3814 Si
3145 3762 3361 3826 autem,
3390 3762 3455 3813 ut
3496 3755 3663 3827 magis
3697 3744 3860 3805 confidi-

2315 3869 2462 3920 mus,
2497 3869 2530 3906 a
2564 3851 2849 3906 catholicis
2882 3851 3148 3922 judicatis
3179 3852 3472 3906 mentibus
3506 3841 3856 3905 excludendum,

2319 3963 2509 4016 quaeso
2543 3949 2618 4015 te,
2648 3961 2749 3999 cur
2775 3962 2892 4000 non
2937 3945 3198 4017 contagia
3245 3946 3422 4000 simul
3464 3959 3647 3999 eorum
3683 3936 3759 4009 qui
3790 3934 3858 3987 hac

2316 4035 2629 4106 probantur
2648 4051 2767 4089 esse
2794 4035 3016 4105 polluti,
3044 4035 3350 4090 decernitis
3373 4030 3675 4095 refutanda,
3693 4039 3790 4080 cum
3809 4017 3859 4073 di-

2318 4129 2406 4178 cat
2434 4124 2732 4194 Apostolus
2757 4140 2768 4178 :
2806 4123 2914 4187 Qui
2944 4140 3056 4177 non
3086 4123 3269 4177 solum
3296 4140 3413 4178 non
3444 4119 3686 4177 facienda
3710 4111 3859 4169 faciunt

2317 4230 2440 4268 reos
2468 4213 2665 4282 videri,
2695 4213 2795 4267 sed
2826 4214 3000 4267 etiam
3041 4213 3134 4284 qui
3183 4213 3546 4267 consentiunt
3585 4201 3856 4262 facientibus.

2321 4303 2560 4357 Proinde
2578 4303 2720 4358 sicut
2734 4320 2846 4357 non
2865 4307 3049 4374 potest
3064 4303 3454 4375 perversitatis
3472 4293 3860 4356 communicato?e

2318 4395 2576 4463 suscepto
2603 4408 2720 4446 non
2745 4394 2957 4464 pariter
2985 4392 3329 4464 perversitas
3374 4387 3676 4464 approbari,
3699 4384 3768 4470 sic,
3785 4388 3859 4470 non

2318 4484 2506 4552 potest
2549 4482 2784 4536 refutari
2831 4481 3192 4552 perversitas,
3241 4482 3517 4553 complice
3564 4469 3862 4560 perversitate

2321 4570 2590 4624 admisso.
2639 4569 2880 4641 Legibus
2921 4576 3096 4639 certe,
3133 4573 3356 4639 fratres,
3392 4569 3676 4625 criminum
3713 4567 3861 4614 consul

2319 4662 2788 4731 susceptoresque
2807 4660 3264 4715 latrocinantium
3283 4659 3409 4730 pari
3419 4657 3732 4730 judiciorum
3748 4654 3860 4735 ρωηέ

2319 4748 2811 4820 constringuntur,
2834 4766 2936 4806 nec
2957 4765 3155 4821 expers
3177 4749 3454 4804 facinoris
3478 4745 3765 4802 (estimatur,
3782 4745 3858 4802 (Ιωσ

2319 4837 2448 4893 licet
2471 4837 2590 4908 ipse
2609 4855 2723 4893 non
2750 4839 2969 4909 fecerit,
2988 4839 3255 4893 facientes
3281 4843 3477 4892 tamen
3506 4827 3859 4890 familiaritatem

2318 4927 2614 4999 fmdusque
2652 4929 2948 5000 receperit.

2388 5018 2633 5074 Proinde
2671 4999 2800 5075 cum
2841 5019 3303 5076 Chalcedonense
3339 5018 3631 5075 concilium
3665 5024 3748 5083 pro
3770 4999 3858 5058 ὓάει

2321 5109 2607 5164 catholicas
2633 5112 2803 5181 atque
2824 5110 3144 5182 apostolicae
3171 5109 3402 5164 veritate
3435 5100 3857 5183 communiendi"?

2319 5200 2663 5256 celebratum
2682 5201 3051 5257 damnaverat
3066 5202 3376 5272 Eutychem
3405 5191 3700 5254 detestandi
3715 5187 3858 5241 furoris

2319 5294 2634 5359 auctorem,
2664 5308 2777 5345 non
2806 5291 2940 5346 satis
2960 5291 3178 5359 habuit,
3202 5290 3308 5345 nisi
3338 5293 3400 5344 ut
3425 5287 3624 5360 pariter
3644 5282 3742 5351 ejus
3758 5283 3854 5343 ‘1“0'

2317 5400 2427 5456 que
2462 5390 2788 5439 consortem
2833 5385 3163 5440 Dioscorum
3209 5390 3549 5455 caeterosque
3577 5365 3852 5456 propelleret

2317 5448 2433 5529 lioc
2474 5475 2652 5546 igitur
2696 5475 2863 5530 modo
2904 5475 3049 5530 sicut
3104 5476 3163 5528 in
3216 5448 3555 5546 unaquaque
3579 5448 3768 5522 haeresi
3800 5448 3852 5502 τε]

2316 5563 2525 5618 factum
2548 5580 2774 5636 semper
2792 5565 2877 5619 vel
2902 5564 3026 5619 ﬁeri
3053 5581 3166 5619 non
3189 5565 3430 5618 habetur
3450 5557 3762 5628 ambiguum.
3777 5553 3854 5598 5"“

2317 5669 2566 5708 cessores
2592 5671 2790 5710 eorum
2819 5656 3203 5722 Timotheum,
3231 5657 3480 5719 Petrum,
3501 5654 3656 5721 atque
3680 5642 3851 5722 allen?“

2317 5744 2735 5799 Antiochenum
2776 5746 3005 5800 Petrum
3049 5763 3164 5801 non
3191 5720 3399 5799 viritim
3428 5720 3644 5814 propter
3664 5720 3851 5814 είηεωοῗ

2318 5833 2588 5904 quosquis
2643 5851 2834 5888 rursus
2883 5834 3028 5889 facto
3074 5835 3326 5900 concilio,
3366 5834 3461 5886 sed
3512 5823 3685 5899 synodi
3727 5806 3851 5867 semel
