4062 6188
164 311 259 360 961

1394 307 1861 365 DECRETALIUM
1898 273 2284 364 COLLECTIO.

3426 313 3531 368 962

152 415 308 483 jacta
365 414 567 484 regula
609 418 1020 485 consequenter
1070 415 1235 470 elisit.
1290 415 1791 480 Quemadmodum
1813 427 1874 503 Α
1892 417 2234 488 Τθοθοᾳυοε
2253 415 2323 470 ab
2344 414 2558 471 eisdem
2577 414 2716 486 ipsis
2733 413 3016 471 damnatis
3029 414 3386 488 prasulibus,
3408 417 3533 490 qui-

161 525 300 578 crgo
345 525 464 562 non
508 509 798 564 evidenter
840 515 1078 581 apparet
1120 511 1294 566 etiam
1342 516 1574 567 cunctos
1625 512 1796 568 simili

158 605 360 657 tenore
399 602 734 673 constringi,
768 609 823 657 et
853 604 949 674 qui
977 621 1180 659 eorum
1209 606 1716 662 communicatores
1741 611 1799 662 et

159 695 470 765 complices
499 696 858 765 exstiterunt,
891 703 1060 769 atque
1086 715 1284 755 omnes
1303 701 1540 755 omnino
1558 717 1592 755 a
1611 702 1800 756 catho-

158 788 268 842 lica
293 792 469 859 atque
499 789 809 860 apostolica
837 792 1045 846 merito
1083 794 1495 850 communione
1526 794 1792 849 discerni.

159 881 300 936 Hinc
327 883 593 936 Acacium
623 900 849 955 quoque
870 885 1001 956 jure
1032 885 1273 942 dicimus
1294 904 1327 941 a
1345 894 1539 944 nostro
1561 905 1793 943 consor-

158 974 242 1029 tio
289 976 754 1032 submovendum
805 979 900 1049 qui
941 979 1144 1034 maluit
1187 980 1248 1033 in
1290 984 1499 1036 sortem
1554 981 1798 1036 transire

159 1069 416 1139 perﬁdia
435 1086 608 1141 quam
621 1071 680 1124 in
698 1073 989 1127 catholica
1009 1078 1182 1144 atque
1203 1075 1524 1145 apostolica
1544 1091 1798 1130 commu-

159 1163 350 1217 nionis
372 1163 694 1219 sinceritate
710 1170 996 1234 constare,
1020 1183 1151 1220 cum
1172 1167 1292 1222 fere
1312 1168 1622 1223 triennium
1644 1185 1718 1222 ne
1740 1169 1797 1223 id

156 1257 379 1310 veniret
394 1258 719 1328 apostolica
740 1259 887 1313 sedis
911 1259 1156 1330 epistolis
1179 1261 1448 1317 doceatur
1467 1267 1795 1334 competen-

51 1353 61 1361 ’
155 1355 243 1404 ter
289 1352 622 1406 instructus.
687 1355 993 1424 Postquam
1045 1371 1177 1409 vero
1231 1355 1656 1411 communionis
1713 1359 1798 1411 est

154 1444 338 1498 factus
359 1444 581 1513 aliena,
603 1461 718 1500 non
738 1447 925 1517 potuit
945 1464 1057 1502 non
1085 1448 1377 1534 catholipa
1399 1454 1457 1504 et
1476 1449 1794 1520 apostolica

155 1553 287 1590 mox
329 1537 598 1592 societate
625 1540 881 1609 pracidi,
914 1557 986 1595 ne
1016 1557 1117 1612 per
1150 1558 1282 1596 eum
1310 1543 1356 1596 si
1383 1543 1473 1596 vel
1497 1543 1792 1613 paululum

157 1647 528 1701 cessaremus,
550 1648 651 1687 nos
679 1649 906 1704 quoque
937 1634 1260 1690 videremur
1287 1635 1504 1690 subisse
1531 1637 1797 1708 contagia

157 1723 533 1794 perﬁdorum.
587 1726 701 1780 Sed
753 1743 950 1783 revera
999 1730 1087 1782 vel
1139 1729 1238 1784 tali
1294 1747 1592 1800 percussus
1630 1747 1794 1802 pana

1895 512 2002 566 bus
2015 510 2287 582 baptizati
2301 510 2532 565 fuerant
2547 509 2606 564 in
2625 510 2739 564 ﬁde
2755 509 3033 565 catholica
3049 514 3349 566 manentes
3374 512 3531 568 nulla

1899 605 2013 659 sint
2033 603 2418 674 exagitatione
2454 603 2688 658 turbati.
2717 604 2900 658 Taceo
2927 603 3078 675 quod
3106 604 3274 659 rebus
3299 603 3533 660 ludicris

1895 699 2201 770 populares
2220 698 2517 765 tumultus,
2541 714 2692 752 nunc
2712 699 2796 752 est
2818 701 3020 752 vestra
3034 698 3257 770 pietatis
3278 698 3529 754 auctori-

1894 795 1980 847 tas
2008 791 2326 860 refrenarit,
2353 795 2523 862 atque
2539 791 2666 846 ideo
2693 791 2874 846 multo
2889 791 3074 863 magis
3087 808 3191 863 pro
3209 793 3386 848 salute
3406 793 3529 848 ani-

1895 902 2124 940 marum
2136 901 2371 941 suarum
2382 884 2704 940 necessario
2719 884 2882 939 nobis
2895 885 3532 957 Constantinopolitana

1897 980 2136 1034 civitatis
2150 979 2548 1051 obtemperare
2559 978 2884 1046 multitudo,
2900 979 2945 1033 si
2962 995 3092 1034 eam
3106 979 3177 1034 ad
3191 979 3528 1035 catholicam

1897 1078 1952 1130 et
1972 1073 2344 1144 apostolicam
2373 1071 2841 1127 communionem
2862 1088 2958 1126 vos
2984 1072 3270 1144 principes
3288 1073 3528 1128 reduca-

1894 1167 1986 1222 tis.
2007 1167 2248 1237 Etenim,
2269 1167 2580 1238 imperator
2601 1167 2874 1237 Auguste,
2890 1164 2936 1219 si
2957 1168 3150 1220 contra
3170 1167 3329 1236 leges
3349 1167 3537 1237 publi-

1897 1277 1992 1316 cas
2027 1260 2239 1332 aliquid
2278 1260 2451 1332 (quod
2490 1258 2654 1331 absit)
2678 1259 2964 1331 quispiam
2989 1259 3226 1314 fortasse
3262 1263 3529 1329 tentaret,

1895 1355 2054 1408 nulla
2073 1353 2192 1424 pati
2218 1352 2439 1408 ratione
2473 1351 2747 1423 potuisses
2777 1352 2850 1407 ad
2868 1351 3106 1407 unitatis
3127 1368 3328 1422 puram
3348 1353 3529 1408 since-

1898 1464 2138 1518 ramque
2169 1447 2554 1502 devotionem.
2585 1447 2656 1501 Ut
2683 1445 2785 1501 tibi
2811 1445 2974 1517 plebs
2993 1446 3218 1500 subdita
3239 1446 3533 1517 redigatur

1898 1540 2259 1596 conscientia
2291 1545 2407 1596 tua
2447 1556 2566 1594 non
2607 1543 2775 1611 putas
2810 1539 3106 1595 interesse.
3143 1540 3452 1608 Postremo,
3483 1541 3531 1596 si

1899 1652 2046 1690 unus
2065 1635 2262 1706 populi
2284 1633 2524 1689 civitatis
2543 1633 2768 1688 animus
2796 1649 2912 1688 non
2937 1636 3176 1705 putatur
3196 1633 3427 1702 offendi,
3457 1650 3529 1688 ne

1897 1728 2107 1796 divina,
2152 1731 2214 1783 ut
2252 1745 2343 1782 res
2385 1727 2656 1800 postulat,
2697 1726 3073 1798 corrigantur,
3109 1730 3320 1797 quanto
3349 1729 3531 1798 magis

156 1819 421 1888 resipuit,
445 1819 857 1876 correctionem
877 1821 1154 1892 promisit,
1180 1823 1502 1880 emendavit
1516 1840 1793 1879 errorem.
1817 1833 1874 1905 B
1899 1840 1971 1878 ne
2017 1823 2205 1877 divina
2253 1821 2617 1877 offendantur
2671 1820 2937 1876 catholici
2988 1820 3233 1875 nominis
3288 1821 3528 1875 universi

150 1916 260 1966 Aut
285 1911 386 1966 ille
420 1914 690 1968 tractatus
726 1914 911 1969 lenius
950 1917 1135 1970 valeat
1169 1917 1433 1986 coerceri,
1495 1917 1595 1989 qui
1622 1917 1798 1972 etiam

153 2004 404 2059 verbera
451 2007 593 2060 dura
639 2024 753 2062 non
807 2009 1032 2064 sensit?
1080 2011 1200 2074 Quo
1239 2011 1297 2066 in
1327 2027 1428 2066 sua
1469 2011 1709 2082 perﬁdia
1744 2016 1800 2067 et

153 2098 540 2154 damnatione
578 2106 865 2171 manente,
904 2107 1022 2157 tam
1056 2104 1177 2174 ejus
1205 2104 1266 2159 in
1297 2105 1674 2160 ecclesiastica
1703 2121 1795 2162 re-

155 2192 436 2247 citatione
474 2209 587 2248 non
628 2199 811 2264 potest
852 2212 1064 2251 nomen
1089 2198 1313 2266 ascribi,
1347 2215 1522 2270 quam
1554 2204 1797 2256 externa

152 2286 500 2356 contagium
543 2289 963 2345 communionis
1009 2291 1253 2347 admitti.
1303 2293 1664 2365 Quapropter
1701 2297 1799 2349 aut

152 2379 436 2435 doceatur
451 2381 518 2435 ab
537 2382 798 2437 haeretica
817 2384 1249 2456 participatione
1262 2386 1534 2456 sincerus,
1551 2404 1797 2459 quorum

152 2474 200 2526 si
229 2474 333 2528 ille
363 2477 750 2532 communioni
781 2479 1130 2549 permiscuit,
1160 2485 1258 2535 aut
1283 2497 1415 2536 cum
1442 2481 1647 2538 iisdem
1679 2499 1795 2537 non

149 2572 351 2638 potest
372 2586 488 2624 non
509 2571 731 2642 repelli.
763 2572 821 2628 Si
839 2577 940 2627 aut
960 2577 1262 2629 susurrant
1280 2574 1526 2630 Orientis
1546 2575 1796 2648 episcopi

146 2662 223 2715 ad
255 2679 356 2717 eos
387 2663 552 2718 sedes
576 2666 882 2736 apostolica
907 2684 1025 2722 non
1052 2667 1160 2722 ista
1187 2669 1606 2740 conscripserit,
1630 2669 1795 2742 quasi

144 2757 242 2810 vel
271 2756 385 2827 ipsi
416 2757 486 2812 de
512 2759 842 2830 recipiendo
870 2761 1124 2832 legitime
1149 2763 1318 2818 Petro
1343 2764 1535 2819 sedem
1560 2767 1792 2836 aposto-

143 2849 330 2904 licam
361 2852 479 2905 suis
507 2851 710 2907 litteris
750 2854 989 2910 fecerint
1022 2856 1347 2925 certiorem,
1387 2858 1474 2912 vel
1501 2857 1674 2929 hujus
1698 2873 1793 2912 re-

145 2945 441 3015 ceptionis
467 2945 776 3002 inconditae
815 2966 931 3004 non
961 2950 1086 3020 jam
1112 2951 1324 3022 pariter
1360 2952 1668 3024 complices
1696 2968 1792 3008 ex-

141 3039 454 3107 stitissent,
504 3056 678 3112 quem
724 3041 870 3098 sicut
909 3060 1042 3099 vere
1072 3061 1188 3099 non
1217 3051 1454 3117 possunt
1484 3045 1690 3102 docere
1722 3046 1794 3101 ab

140 3132 427 3188 haeretica
451 3135 727 3205 pravitate
751 3136 925 3192 fuisse
950 3143 1280 3210 purgatum,
1308 3140 1392 3194 ita
1415 3156 1473 3196 se
1504 3139 1796 3196 haeretico-

1897 1915 2051 1987 piam
2080 1915 2272 1985 ﬁdem,
2302 1931 2407 1971 nec
2434 1915 2639 1970 ladere
2670 1913 2944 1970 debemus
2969 1913 3227 1984 omnino,
3259 1930 3366 1968 nec
3394 1930 3524 1985 pos-

1899 2010 2133 2064 sumus?
2168 2011 2238 2064 Et
2260 2015 2455 2064 tamen
2483 2009 2638 2065 idem
2659 2013 2852 2065 nostra
2882 2024 2941 2063 se
2971 2011 3216 2080 poscunt
3243 2008 3529 2064 voluntate

1898 2103 2108 2159 sanari.
2155 2102 2622 2176 Competentibus
2664 2118 2800 2174 ergo
2834 2102 3027 2157 sinant
3063 2101 3252 2156 curari
3281 2118 3341 2156 se
3367 2117 3530 2173 posse

1897 2196 2184 2254 remediis.
2211 2197 2479 2269 Alioquin
2503 2195 2673 2268 (quod
2694 2195 2856 2261 absit)
2877 2196 2940 2250 in
2961 2211 3161 2250 eorum
3181 2196 3528 2251 transeundo

1896 2291 2211 2363 perniciem
2237 2307 2368 2346 cum
2392 2290 2502 2345 illis
2521 2290 2711 2362 perire
2737 2306 3065 2361 possumus;
3097 2289 3250 2360 ipsos
3270 2306 3404 2345 vero
3422 2290 3530 2345 sal-

1896 2402 2029 2440 vare
2065 2403 2177 2440 non
2205 2401 2524 2457 possumus.
2563 2386 2688 2440 Jam
2715 2383 2808 2439 hic
2835 2383 2972 2455 quid
2998 2384 3070 2437 sit
3094 2384 3276 2454 magis
3295 2400 3532 2456 sequen-

1897 2479 2037 2534 dum
2065 2479 2169 2534 sub
2201 2478 2390 2534 divino
2420 2477 2642 2550 judicio
2667 2481 2869 2533 vestra
2895 2477 3253 2532 conscientia
3279 2477 3550 2548 derelin-_

1895 2589 2009 2645 quo
2038 2577 2229 2627 utrum
2254 2572 2399 2628 sicut
2417 2589 2520 2628 nos
2541 2575 2802 2644 optamus
2818 2571 3079 2626 similiter
3099 2587 3298 2626 omnes
3316 2576 3530 2628 certam

1893 2666 2197 2721 redeamus
2234 2667 2305 2721 ad
2343 2666 2537 2735 vitam,
2584 2682 2656 2720 an
2702 2664 2847 2720 sicut
2882 2665 2965 2720 illi
2994 2670 3254 2737 poscunt,
3285 2666 3525 2721 manife-

1895 2764 2043 2815 stam
2099 2761 2398 2816 redeamus
2436 2760 2510 2815 ad
2545 2764 2816 2815 mortem.
2861 2759 2970 2814 Sed
3021 2759 3206 2814 adhuc
3257 2761 3526 2831 apostoli-

1896 2870 2022 2909 cam
2041 2855 2214 2910 ﬁdem
2241 2853 2346 2910 sibi
2372 2853 2740 2909 medicinalia
2762 2855 3190 2926 suggerentem,
3226 2853 3532 2927 superbam

1896 2964 2095 3004 vocare
2125 2952 2608 3020 arrogantemque
2635 2947 3006 3003 contendunt.
3038 2947 3214 3003 Habet
3245 2947 3353 3002 hoc
3385 2963 3528 3020 qua-

1893 3042 2023 3097 litas
2055 3059 2203 3114 sape
2239 3042 2661 3114 languentium,
2697 3046 2761 3097 ut
2793 3044 3060 3097 accusent
3097 3041 3347 3098 medicos
3389 3058 3526 3098 con-

1899 3137 2056 3208 gruis
2086 3136 2574 3192 observationibus
2601 3135 2674 3190 ad
2699 3135 2947 3191 salubria
2978 3140 3325 3204 revocantes,
3353 3152 3532 3209 quam

144 3243 286 3281 ram
313 3228 645 3284 nullatenus
671 3233 942 3301 poterunt
981 3249 1250 3288 excusare
1290 3237 1596 3289 consortes.
1632 3233 1796 3298 Quod
1816 3207 1872 3282 C
1897 3236 1961 3286 ut
1983 3229 2094 3302 ipsi
2124 3247 2254 3285 suos
2283 3229 2486 3284 noxios
2512 3227 2800 3300 appetitus
2837 3228 3176 3300 depromere
3206 3229 3295 3285 vel
3329 3245 3530 3302 repro-

137 3323 193 3374 si
224 3321 491 3376 fortassis
515 3324 861 3381 astruxerint
891 3326 1048 3398 quod
1077 3327 1148 3382 ad
1186 3327 1559 3399 apostolicam
1599 3327 1798 3386 sedem

136 3414 221 3470 de
273 3414 632 3488 snseeptio’ne
670 3420 822 3474 Petri
867 3437 976 3491 per
1019 3421 1288 3476 Acacium
1323 3424 1525 3476 cuncta
1550 3438 1800 3477 consona

133 3525 294 3563 voce
322 3511 622 3565 retulerint
646 3529 748 3583 per
763 3514 1033 3568 eumdem
1053 3514 1282 3572 sibimet
1307 3531 1506 3571 omnes
1529 3515 1655 3588 pari
1674 3515 1797 3570 vice

131 3604 416 3657 sentiunt
443 3604 617 3658 fuisse
639 3607 999 3678 rescriptum,
1036 3609 1353 3680 apostolica
1373 3626 1508 3664 vero
1532 3609 1683 3664 sedis
1703 3627 1799 3666 au-

131 3696 412 3766 ctoritas,
439 3699 592 3769 quod
619 3700 837 3754 cunctis
863 3701 1126 3756 secundis
1153 3703 1489 3758 Christianis
1519 3709 1575 3759 et
1603 3705 1794 3759 Eccle-

128 3790 252 3844 siae
285 3791 521 3860 pralata
548 3792 617 3846 sit
642 3793 923 3848 universa
951 3799 1008 3849 et
1035 3811 1319 3851 canonum
1347 3797 1519 3852 series
1537 3800 1800 3869 paterno-

127 3899 288 3937 rum
317 3888 378 3937 et
405 3884 708 3956 multiplici
739 3887 1042 3943 traditione
1065 3889 1346 3945 ﬁrmatur.
1375 3890 1484 3947 Sed
1507 3891 1640 3946 licet
1664 3891 1798 3946 hinc

125 3978 238 4031 vel
277 3980 478 4031 utrum
504 3977 608 4033 sibi
634 3980 874 4051 quisque
902 3986 1100 4037 contra
1139 3983 1381 4039 Nicana
1420 3984 1620 4056 synodi
1661 4001 1793 4040 con-

123 4071 353 4127 stituta
397 4071 689 4142 quippiam
737 4075 923 4131 valeat
974 4093 1270 4149 usurpare,
1325 4078 1564 4150 collegio
1616 4083 1800 4150 potest

121 4181 309 4219 unus
336 4167 760 4222 communionis
799 4170 1026 4225 ostendi
1064 4187 1182 4226 non
1223 4172 1508 4228 mentibus
1547 4175 1797 4229 externa

1897 3325 2031 3379 bare
2103 3323 2481 3379 consentiant.
2558 3322 2618 3378 Si
2692 3339 2795 3376 nos
2868 3322 3100 3394 superbi
3168 3339 3366 3377 sumus
3433 3323 3532 3395 qui

1899 3419 2218 3473 animarum
2244 3415 2496 3473 remedia
2523 3415 2924 3471 convenientia
2949 3416 3362 3486 ministramus,
3390 3415 3532 3489 quid

1898 3511 2137 3568 vocandi
2169 3514 2302 3566 sunt
2347 3511 2446 3582 qui
2482 3509 2806 3565 resultant?
2841 3509 2898 3565 Si
2937 3526 3045 3565 nos
3075 3509 3308 3582 superbi
3335 3526 3530 3566 sumus

1897 3606 1996 3678 qui
2020 3605 2409 3662 obediendum
2433 3603 2684 3676 paternis
2711 3603 2952 3659 dicimus
2983 3603 3282 3675 institutis,
3310 3604 3411 3677 qui
3436 3620 3528 3660 re-

1898 3702 2197 3772 fragantur
2216 3715 2330 3772 quo
2355 3697 2678 3770 appellandi
2703 3701 2836 3753 sunt
2861 3697 3094 3753 nomine
3109 3699 3138 3752 Ἰ
3182 3697 3241 3754 Si
3266 3714 3369 3754 nos
3394 3698 3530 3754 elati

1898 3810 2114 3863 sumus,
2142 3793 2243 3866 qui
2273 3791 2530 3848 divinum
2557 3791 2776 3846 cultum
2802 3808 2948 3864 puro
2980 3795 3153 3863 atque
3191 3791 3410 3847 illibato
3440 3807 3532 3847 cu-

1897 3890 2086 3961 pimus
2104 3892 2303 3944 tenore
2321 3901 2568 3957 servare,
2591 3885 2691 3958 qui
2712 3889 2911 3941 contra
2929 3885 3283 3943 divinitatem
3304 3901 3529 3958 quoque

1897 3982 2170 4050 sentiunt,
2219 3981 2412 4037 dicant
2449 3979 2698 4053 qualiter
2734 3981 3177 4052 nuncupentur?
3215 3979 3303 4036 Sic
3339 3983 3397 4036 et
3427 3996 3531 4036 nos

1898 4075 2205 4148 caterique
2235 4074 2332 4148 qui
2355 4074 2418 4129 in
2439 4089 2633 4129 errore
2661 4076 2814 4143 sunt,
2842 4073 3129 4129 astimant
3153 4073 3307 4146 quod
3327 4089 3531 4130 eorum

1898 4188 2016 4226 non
2069 4169 2493 4226 consentiamus
2545 4167 2819 4237 insania,
2873 4166 2973 4223 ubi
3027 4173 3227 4224 tamen
3289 4167 3531 4240 Spiritus

1895 4264 2176 4336 superbia
2201 4263 2476 4320 veraciter
2505 4262 2775 4319 consistat
2812 4265 2869 4319 et
2903 4267 3142 4335 pugnet,
3174 4263 3386 4318 veritas
3410 4263 3532 4336 ipsa

1896 4359 2065 4415 dicat.

1894 4477 2030 4532 Item
2061 4475 2303 4534 Gelasius
2331 4475 2406 4530 ad
2431 4476 2702 4546 episcopos
2731 4473 3031 4546 Dardaniae
3058 4474 3319 4530 Acacium
3346 4490 3382 4528 a
3409 4473 3532 4529 sede

2092 4547 2391 4618 apostolica
2410 4545 2769 4616 competenter
2785 4547 2960 4613 fuisse
2978 4545 3320 4600 damnatum.

1968 4640 2357 4697 Dilectissimis
2381 4639 2652 4694 fratribus
2674 4637 2952 4693 universis
2972 4635 3252 4709 episcopis
3275 4653 3380 4710 per
3397 4638 3528 4695 Dar-

1896 4736 2128 4792 daniam
2157 4733 2477 4790 constitutis
2502 4733 2789 4788 Gausws.

1929 4830 2103 4885 Valde
2117 4828 2304 4884 mirati
2325 4826 2698 4898 sumus,quod
2712 4830 2900 4881 vestra
2913 4823 3136 4880 dilectio
3150 4823 3311 4898 quasi
3326 4843 3531 4884 novam

1897 4928 1953 4980 et
1969 4922 2146 4978 veluti
2159 4922 2456 4976 difﬁcilem
2473 4919 2872 4993 quaestionem,
2890 4923 2947 4974 et
2957 4917 3143 4974 adhuc
3159 4923 3437 4993 tanquam
3447 4922 3532 4978 in-

1896 5017 2156 5072 auditum
2178 5014 2479 5087 quidpiam
2504 5029 2673 5069 nosse
2695 5012 3051 5083 desideratis,
3067 5013 3221 5086 quod
3249 5015 3534 5072 Eutichia-

1900 5129 1988 5166 na
2007 5109 2345 5182 pestilentia
2373 5107 2910 5176 communicatores,
2934 5123 3053 5162 non
3078 5107 3355 5166 habentes
3375 5109 3530 5182 quod

1896 5222 2000 5277 pro
2037 5219 2157 5258 sua
2193 5201 2527 5274 perditionis
2567 5200 2965 5256 observatione
3006 5203 3387 5274 respondeant
3423 5203 3532 5258 fre-

1899 5298 2097 5370 quenti
2106 5297 2229 5369 jam
2249 5295 2473 5351 ratione
2497 5295 2738 5351 convicti
2759 5296 2882 5351 sola
2893 5297 3260 5352 contentione
3272 5295 3530 5350 submur-

1897 5398 2145 5462 murant,
2169 5408 2283 5447 non
2300 5391 2436 5463 quia
2449 5389 2769 5462 sitalicujus
2783 5389 3064 5444 momenti
3075 5389 3228 5461 quod
3246 5389 3528 5460 garriunt,

1900 5503 2004 5543 nec
2024 5485 2314 5543 inveniant
2333 5485 2565 5557 penitus
2587 5483 2728 5556 quid
2747 5485 3074 5556 loquantur,
3103 5482 3198 5536 ubi
3224 5482 3406 5554 magis
3433 5499 3531 5538 eos

1901 5581 2001 5654 qui
2011 5579 2300 5637 catholicis
2315 5579 2570 5634 sensibus
2581 5577 2829 5633 instituti
2841 5575 3186 5646 sunt,adhuc
3198 5575 3418 5631 harere
3429 5577 3532 5633 mi-

1898 5692 2114 5744 ramur,
2132 5691 2308 5747 quam
2318 5674 2448 5729 illos
2464 5672 2563 5745 qui
2580 5689 2612 5727 a
2623 5671 2858 5728 veritate
2869 5668 3222 5738 exciderunt,
3238 5675 3296 5725 et
3305 5671 3374 5725 ab
3390 5671 3532 5728 anti-

119 4258 443 4313 societatis
491 4261 717 4330 aperiri.
771 4265 934 4334 Apud
978 4265 1104 4319 illos
1145 4267 1192 4320 si
1217 4266 1346 4337 quis
1375 4266 1607 4321 conﬁdit
1628 4283 1794 4337 egre-

114 4354 348 4408 diatur
392 4353 452 4407 in
492 4354 705 4422 medio,
748 4360 805 4410 et
832 4359 1200 4429 apostolicam
1226 4360 1422 4416 sedem
1455 4360 1526 4414 de
1553 4365 1796 4431 utraque

111 4450 321 4519 parte
361 4448 618 4504 revincat
649 4453 708 4503 et
743 4449 1004 4507 instruat.
1051 4453 1304 4510 'l‘ollatur
1345 4471 1481 4526 ergo
1519 4472 1734 4511 nomen
1764 4471 1795 4509 e

107 4540 350 4597 medio
381 4543 536 4611 quod
566 4544 943 4600 Ecclesiarum
969 4546 1310 4603 discretione
1331 4550 1527 4620 procul
1551 4567 1584 4605 a
1608 4552 1796 4605 catho-
1816 4581 1875 4654 D

107 4637 259 4690 lica
323 4636 732 4692 communione
787 4643 1074 4710 operatur,
1139 4646 1202 4696 ut
1249 4642 1467 4698 sincera
1510 4661 1619 4716 pax
1661 4645 1796 4700 ﬁdei

101 4727 696 4802 communionisque
719 4735 1034 4802 reparatur,
1068 4739 1125 4790 et
1147 4736 1358 4791 unitas.
1387 4739 1456 4793 Et
1479 4743 1615 4793 tunc
1636 4737 1791 4811 quis-

100 4823 285 4895 quis
323 4827 590 4877 nostrum
615 4829 816 4880 contra
841 4815 1224 4884 venerandam
1251 4832 1336 4885 vel
1364 4830 1689 4900 insurrexit,
1709 4834 1794 4887 vel

95 4918 381 4974 nitatur
407 4915 706 4988 insurgere
726 4923 1084 4990 vetustatem,
1113 4928 1508 4995 competenter
1532 4931 1588 4980 et
1615 4925 1797 4996 legiti-

55 5051 58 5054 .
93 5028 238 5067 me
280 5010 671 5079 perquiratur.
701 5014 768 5067 Et
787 5013 900 5068 illic
919 5017 1220 5086 apparebit
1240 5018 1364 5089 quis
1384 5019 1641 5074 modesto
1658 5035 1793 5090 pro—

89 5104 342 5180 posito
371 5105 651 5159 custodiat
679 5106 922 5161 formam
963 5110 1442 5184 traditionemque
1484 5114 1792 5185 majorum,

85 5199 282 5273 quis
313 5213 495 5267 supra
525 5198 642 5253 hac
666 5200 1042 5258 irreverenter
1071 5205 1350 5276 insiliens,
1381 5207 1507 5278 quis
1534 5208 1796 5278 rapinam

83 5293 446 5366 aequalem
467 5308 631 5362 posse
658 5295 780 5349 ﬁeri
812 5295 1143 5352 arbitretur.
1169 5299 1333 5363 Quod
1357 5300 1404 5354 si
1430 5301 1572 5355 mihi
1601 5303 1796 5373 populi

77 5385 771 5457 Constantinopolitani
810 5406 1051 5461 persona
1079 5394 1445 5464 proponitur,
1482 5412 1587 5466 per
1620 5412 1796 5467 quam

77 5483 388 5541 dicatur
417 5496 630 5536 nomen
662 5483 932 5554 scandali,
960 5485 1018 5540 id
1057 5493 1142 5541 est
1167 5489 1350 5542 Acacii
1371 5505 1486 5543 non
1520 5506 1685 5560 posse
1706 5507 1796 5545 re-

71 5574 404 5642 moveri,
437 5573 498 5627 id
523 5578 627 5643 est,
652 5580 809 5631 taceo
835 5579 970 5649 quia
997 5583 1053 5633 et
1085 5581 1354 5636 haretico
1395 5582 1640 5654 quodam
1682 5585 1794 5640 Ma-

61 5667 402 5733 cedonio
432 5669 612 5738 pulso,
642 5673 699 5724 et
724 5671 979 5727 Nestorio
1016 5690 1202 5745 nuper
1241 5675 1420 5746 ejecto
1465 5677 1624 5748 plebs
1656 5679 1800 5734 Con-

64 5761 667 5833 stantinopolitana
677 5765 958 5821 catholica
968 5783 1306 5838 permanere
1315 5770 1611 5843 delegerit,
1625 5789 1799 5844 quam
1901 5789 2015 5846 qua
2025 5770 2283 5828 Ecclesia
2295 5769 2600 5825 traditione
2613 5770 2746 5824 sunt
2759 5765 2926 5836 devii,
2940 5765 3076 5838 prof
3075 5783 3212 5822 anas
3219 5773 3424 5824 Vocum
3437 5785 3534 5825 no.

55 5860 260 5931 ωδ]
275 5872 456 5911 orum
476 5858 782 5928 prasulum
802 5860 1206 5919 damnatorum
1224 5864 1797 5924 atfectioneretineri.
1899 5867 2100 5923 vitate:
2110 5870 2166 5922 et
2179 5865 2403 5934 ineptas
2419 5863 2648 5919 caduca
2672 5856 3061 5931 perversitatis
3081 5859 3390 5922 obtendere
3413 5859 3536 5936 Qui?

579 5954 847 6019 PATROL.
899 5959 1124 6024 CXXX.
3058 5962 3128 6020 31
