4062 6188
617 298 717 349 963
772 340 776 344 .

1493 290 1778 346 APPEND.
1819 291 1909 344 AD
1945 290 2104 345 suac.
2146 288 2232 344 1x.
2264 315 2332 326 -
2369 285 2610 341 1511mm
2647 249 3072 341 uenenoms
3770 297 3841 348 sisi

614 400 720 456 bus
748 415 846 456 eos
869 399 1064 455 retulit
1085 403 1273 454 vestra
1292 399 1518 454 dilectio
1537 399 1776 471 jactare.
1813 397 1944 453 Ideo
1975 397 2239 454 Acacium
2264 409 2320 480 Α
2340 395 2538 450 stituta
2561 398 2886 449 temerasse.
2911 394 3032 448 Non
3052 395 3243 446 autem
3263 406 3360 446 nos
3382 390 3507 448 latet
3523 392 3574 448 in
3591 397 3846 467 tempestate

613 511 729 549 non
752 500 948 564 putare
955 493 1085 565 jure
1099 492 1458 559 damnatum,
1475 493 1755 564 quodnon
1779 492 2007 563 speciali
2031 492 2245 563 synodo

615 588 874 642 videatur
909 587 1079 642 fuisse
1109 587 1378 658 dejectus,
1409 593 1466 641 et
1493 588 1726 658 insuper
1753 587 2100 641 dementiam
2131 604 2245 641 suae

616 681 885 735 vanitatis
914 681 1300 735 accumulatur
1335 680 1628 751 pueriliter
1655 681 1924 746 dicentes,
1961 680 2244 751 praecipue

612 775 941 845 pontiﬁcem
971 775 1143 846 regia:
1171 773 1428 828 civitatis.
1457 775 1816 845 Quapropter
1837 774 2136 828 stultitiam
2157 790 2244 827 re-

616 875 884 939 spuentes
907 867 1165 922 inanium
1190 869 1571 939 querelarum,
1597 884 1931 938 percurrere
1950 883 2050 921 vos
2073 883 2243 937 opor-

617 965 718 1028 tet,
746 961 816 1016 ab
855 962 988 1032 ipsis
1024 961 1207 1015 beatis
1233 961 1506 1032 apostolis
1530 967 1586 1014 et
1611 961 1966 1016 considerare
1998 961 2243 1032 pruden-

616 1060 722 1121 ter,
754 1055 1031 1124 quoniam
1063 1056 1252 1108 Patres
1283 1054 1459 1108 nostri
1501 1054 1781 1120 catholici,
1810 1054 2066 1108 videlicet
2097 1054 2247 1108 docti

616 1144 915 1214 pontiﬁces
959 1143 1015 1195 in
1053 1159 1396 1213 unaquaque
1443 1142 1642 1196 hmresi
1693 1142 1947 1212 quolibet
1984 1145 2247 1212 tempore

617 1237 900 1301 suscitata,
930 1235 1213 1307 quidquid
1246 1253 1348 1306 pro
1378 1237 1510 1303 ﬁde,
1547 1252 1649 1305 pro
1672 1237 1926 1301 veritate,
1960 1253 2060 1306 pro
2087 1252 2246 1290 com-

616 1330 891 1383 munione
915 1329 1196 1383 catholica
1223 1332 1394 1399 atque
1420 1330 1726 1399 apostolica
1753 1330 2068 1383 secundum
2100 1330 2246 1384 Scri-

616 1429 914 1494 pturaruni
931 1423 1214 1476 tramitem
1235 1422 1816 1493 praedicationemque
1839 1423 2124 1493 majorum
2143 1423 2251 1477 fac-

616 1520 676 1570 ta
704 1517 874 1572 semel
903 1517 1346 1587 congregatione
1368 1522 1698 1583 sanxerunt,
1729 1517 2123 1571 inconvulsum
2151 1534 2247 1571 vo-

622 1611 849 1664 luerunt
868 1610 1129 1680 deinceps
1151 1610 1378 1664 ﬁrmum
1401 1616 1692 1678 constare;
1717 1626 1821 1664 nec
1847 1611 1904 1663 in
1920 1611 2119 1664 eadem
2142 1611 2249 1666 hac

619 1720 790 1758 causa
812 1704 1002 1758 denuo
1034 1719 1163 1773 quae,
1195 1704 1426 1774 praefixa
1464 1703 1710 1770 fuerant,
1741 1704 2034 1758 retractari
2062 1705 2244 1774 quali-

2346 487 2751 560 persecutionis
2775 487 2996 542 Arianae
3026 485 3299 556 plurimos
3323 485 3582 556 pontiﬁces
3603 489 3659 543 de
3681 491 3844 554 exsiliis,

2345 598 2483 652 pace
2511 580 2750 648 reddita,
2781 580 3126 651 respirantes
3155 595 3259 650 per
3281 581 3452 633 certas
3475 581 3734 650 provincias
3754 600 3846 638 con.

2346 674 2596 746 gregalis
2635 690 2828 728 secum
2850 673 3122 728 fratribus
3149 672 3412 726 Ecclesias
3429 675 3747 744 composuisse
3766 679 3845 730 tur-

2343 769 2524 822 batas.
2550 769 2667 822 Non
2690 774 2883 822 tamen
2912 767 3108 822 utilius
3127 766 3322 837 synodi
3344 766 3559 821 Nicamae
3577 768 3792 838 quidquid
3805 770 3849 823 de

2345 861 2459 916 ﬁde
2487 868 2543 916 et
2569 860 2975 915 communione
3002 859 3280 914 catholica
3304 858 3626 925 deﬁuierant,
3653 860 3845 915 immuta-

2347 961 2495 1021 rent,
2537 971 2642 1009 nec
2687 971 2828 1008 nova
2856 969 3200 1024 quemquam
3234 952 3547 1023 prolapsum
3579 952 3848 1008 damnatione

2347 1049 2747 1120 percellerent.
2777 1048 2888 1102 Sed
2916 1047 3064 1100 illius
3095 1051 3310 1100 terrore
3331 1046 3543 1113 decreti,
3564 1045 3850 1116 nisiresipuis-

2347 1146 2492 1208 sent,
2506 1142 2832 1212 judicarent
2851 1141 3154 1194 damnatos
3173 1156 3315 1208 esse,
3333 1139 3521 1210 quibus
3536 1141 3849 1201 convenienter.

2350 1241 2412 1289 ut
2437 1235 2653 1290 dictum
2683 1241 2785 1303 est,
2815 1251 2882 1288 ex
2908 1238 3146 1305 paterna
3167 1232 3463 1287 traditione
3488 1233 3747 1304 perpensis,
3770 1250 3851 1286 cono

2347 1329 2576 1382 ﬁdimus
2589 1328 2740 1400 quod
2760 1329 2950 1382 nullus
2960 1327 3084 1398 jam
3099 1328 3367 1380 veraciter
3381 1325 3687 1382 Christianus
3699 1326 3852 1396 ignoret
3907 1337 3910 1340 ‘

2351 1422 2792 1493 uniuscujusque
2825 1421 3025 1492 synodi
3057 1421 3442 1485 constitutum,
3471 1419 3591 1490 quid
3620 1419 3852 1472 universalis

2352 1516 2605 1571 Ecclesize
2652 1515 2908 1587 probavit
2953 1531 3231 1581 assensus,
3270 1513 3477 1567 nullam
3512 1513 3668 1584 magis
3705 1514 3852 1582 assequi

2349 1610 2539 1664 sedem
2567 1625 2684 1679 prae
2727 1613 2944 1662 caeteris
2970 1614 3231 1678 oportere
3263 1623 3432 1677 quam
3462 1606 3691 1676 primam,
3713 1621 3802 1676 que
3822 1613 3854 1656 et

2349 1719 2823 1774 unamquamque
2865 1701 3146 1773 synodum
3178 1718 3278 1754 sua
3303 1700 3610 1754 auctoritate
3633 1699 3855 1759 conﬁrmat,

617 1796 716 1850 bet
743 1796 958 1850 recenti
1002 1796 1453 1867 priesumptione
1485 1796 1868 1866 permiserint,
1906 1797 2250 1868 sapientissi-
2271 1782 2327 1853 B
2353 1801 2411 1851 et
2435 1796 2769 1852 continuata
2800 1795 3190 1850 moderatione
3217 1794 3473 1860 custodit,
3499 1809 3592 1864 pro
3619 1809 3699 1846 suo
3718 1791 3855 1845 scilicet

617 1905 710 1943 me
749 1888 1134 1960 providentes,
1167 1890 1438 1961 quoniam
1473 1889 1515 1942 si
1547 1890 1776 1944 decreta
1799 1890 2105 1945 salubriter
2130 1891 2246 1945 cui-

618 1999 792 2054 quam
834 1984 1025 2038 liceret
1062 1983 1270 2037 iterare
1317 1983 1542 2037 nullum
1573 1987 1771 2038 contra
1796 1984 2052 2054 singulos
2078 2001 2247 2055 quos-

617 2093 727 2148 que
757 2093 988 2147 prorsus
1015 2093 1238 2131 errores
1257 2077 1454 2130 stabile
1473 2078 1799 2148 persisteret
1823 2077 2083 2132 Ecclesia:
2109 2095 2246 2133 con-

617 2169 899 2234 stitutum,
927 2187 991 2224 ac
1020 2186 1192 2240 super
1223 2170 1428 2224 iisdem
1455 2170 1744 2224 furoribus
1779 2171 2034 2226 recidivis
2064 2171 2251 2226 omnis

619 2265 847 2334 integra
873 2263 1130 2318 deﬁnitio
1153 2263 1500 2319 turbaretur.
1530 2265 1670 2318 Nam
1699 2263 1744 2318 si
1769 2264 2047 2320 limitibus
2073 2265 2250 2320 etiam

616 2357 868 2427 praeﬁxis
921 2356 1237 2428 positarum
1284 2358 1458 2412 semel
1510 2359 1869 2429 synodalium
1919 2360 2248 2430 regularum

617 2466 735 2505 non
763 2453 954 2504 essent
979 2451 1132 2505 elisae
1156 2457 1340 2522 pestes
1363 2452 1669 2522 resumptis
1702 2453 2103 2508 certaminibus
2121 2470 2251 2511 con:

615 2547 703 2598 tra
732 2544 1170 2599 fundamentum
1199 2561 1320 2600 sese
1351 2546 1603 2601 veritatis
1626 2549 1909 2614 attollere,
1945 2553 2002 2602 et
2027 2546 2247 2619 simpli-

616 2639 704 2693 cia
730 2655 975 2711 quaaque
1003 2638 1173 2694 corda
1201 2643 1519 2711 percutere.
1551 2640 1701 2704 Quid
1729 2641 1909 2709 ﬁeret,
1939 2641 1982 2696 si
2011 2641 2250 2697 subinde

615 2732 702 2787 fas
751 2738 896 2787 esset
947 2732 1180 2802 perﬁdis
1231 2733 1378 2786 inire
1427 2733 1781 2788 concilium?
1820 2735 1959 2789 Cum
1985 2735 2252 2806 quaelibet

619 2825 699 2879 illi
727 2825 1030 2879 manifesta
1058 2825 1132 2879 sit
1159 2824 1382 2892 veritas,
1417 2843 1718 2898 nunquam
1755 2827 1900 2882 desit
1932 2828 2089 2900 quod
2114 2845 2247 2899 per-

621 2918 834 2974 niciosa
860 2917 1158 2990 depromat
1183 2919 1396 2974 falsitas
1428 2920 1659 2974 tametsi
1679 2920 1905 2976 ratione
1938 2922 2022 2976 vel
2053 2925 2248 2977 aucto-

620 3011 787 3066 ritate
816 3010 1100 3078 deﬁciens,
1141 3012 1262 3066 sola
1289 3015 1477 3068 tamen
1503 3012 1816 3068 intentione
1857 3031 1972 3070 non
2003 3015 2248 3070 credens.

619 3106 753 3170 Qum
784 3106 1030 3175 majores
1064 3105 1243 3160 nostri
1279 3105 1468 3161 divina
1512 3106 1884 3177 inspiratione
1921 3114 2247 3178 cernentes,

619 3199 938 3254 necessarie
977 3203 1390 3270 praecaverunt,
1443 3217 1514 3254 ne
1557 3204 1753 3255 contra
1783 3218 2252 3275 unamquamque

621 3293 887 3348 hmresim
907 3293 1061 3364 quod
1089 3299 1214 3347 acta
1233 3295 1410 3348 semel
1436 3294 1684 3365 synodus
1705 3312 1808 3366 pro
1834 3295 1967 3364 ﬁde,
1987 3313 2249 3352 commu-

621 3389 809 3453 nione,
855 3389 914 3440 et
950 3386 1187 3441 veritate
1230 3386 1512 3442 catholica
1557 3391 1731 3458 atque
1768 3389 2082 3460 apostolica
2120 3407 2250 3460 pro-

622 3480 952 3552 mulgasset,
994 3496 1113 3534 non
1151 3479 1404 3536 sinerent
1436 3481 1593 3534 novis
1634 3487 1758 3552 post
1799 3483 1923 3537 hinc
1961 3483 2251 3538 recitatio-

625 3573 793 3627 nibus
838 3574 1068 3640 mutari,
1119 3589 1192 3626 ne
1240 3573 1426 3644 pravis
1466 3575 1686 3629 occasio
1723 3575 2093 3646 praeberetur,
2125 3593 2254 3648 quas

621 3665 1033 3721 medicinaliter
1063 3667 1294 3721 fuerant
1323 3671 1536 3722 statuta
1573 3668 1857 3739 pulsandi,
1887 3670 1985 3723 sed
2024 3676 2254 3725 auctore

624 3760 922 3831 cujuslibet
961 3759 1200 3814 insania:
1242 3777 1306 3814 ac
1337 3761 1552 3832 pariter
1578 3779 1766 3817 errore
1797 3763 2066 3818 damnato
2094 3763 2252 3818 sufﬁ-

624 3870 748 3909 cere
764 3853 1120 3925 judicarunt,
1145 3860 1209 3908 ut
1235 3854 1492 3926 quisquis
1518 3855 1824 3926 aliquando
1854 3857 2025 3928 hujus
2046 3857 2256 3912 erroris

625 3948 1075 4002 communicator
1107 3948 1394 4015 existeret,
1447 3948 1748 4020 principali
1780 3950 2065 4005 sententia
2094 3952 2252 4006 dam-

628 4041 874 4096 nationis
923 4041 1044 4110 ejus
1096 4045 1243 4096 esset
1287 4041 1609 4108 obstrictus,
1650 4043 1926 4114 quoniam
1958 4045 2257 4100 manifeste

629 4135 869 4206 quilibet
900 4133 987 4188 vel
1015 4133 1364 4205 professione
1403 4152 1502 4189 sua
1529 4136 1619 4190 vel
1651 4137 2054 4193 communione
2083 4139 2260 4209 possit

628 4227 914 4298 cognosci.
963 4228 1029 4282 Et
1073 4232 1135 4281 ut
1181 4226 1470 4283 brevitatis
1511 4244 1676 4283 causa
1724 4230 1917 4301 priora
1945 4236 2256 4299 taceamus,

630 4335 757 4391 quae
783 4319 1024 4390 diligens
1044 4319 1345 4390 inquisitor
1363 4320 1525 4376 facile
1550 4322 1761 4394 poterit
1785 4322 2126 4396 investigare
2154 4327 2256 4383 Sa-

2271 3152 2327 3227 C

2349 1891 2691 1962 principatu,
2742 1906 2911 1960 quem
2957 1889 3154 1944 beatus
3207 1890 3404 1943 Petrus
3442 1887 3689 1958 apostolus
3709 1883 3857 1939 Domini

2350 2000 2486 2038 voce
2517 1987 2888 2055 praeceptum.
2924 1982 3167 2037 Ecclesia
3187 1981 3549 2036 nihilominus
3565 1979 3856 2048 subsequente.

2350 2081 2407 2132 et
2437 2077 2617 2132 tenuit
2643 2093 2887 2147 semper,
2912 2079 2971 2130 et
2996 2076 3221 2130 retinet.
3250 2076 3379 2130 Herc
3400 2075 3529 2128 dum
3553 2072 3739 2128 Aeacius
3755 2069 3859 2124 certis

2349 2171 2720 2243 comperisset
2760 2169 2980 2224 incidiis
3021 2186 3055 2224 a
3100 2170 3335 2224 veritate
3371 2167 3649 2240 apostolica
3691 2164 3858 2218 deviasse

2349 2263 2563 2320 diutius
2593 2265 2700 2319 ista
2729 2281 2845 2318 non
2873 2263 3130 2329 credens,
3149 2263 3364 2334 quippe
3381 2278 3541 2333 quem
3562 2265 3860 2314 noveratexse-

2350 2362 2601 2413 cutorem
2653 2375 2804 2429 saepe
2857 2356 3190 2412 necessarias
3248 2354 3614 2427 dispositionis
3653 2369 3699 2406 se
3731 2356 3862 2404 contra

2349 2453 2646 2507 haereticos
2687 2451 2984 2515 exstitisse,
3031 2467 3133 2522 per
3163 2449 3480 2505 triennium
3508 2449 3614 2504 fere
3638 2443 3789 2501 litteris
3808 2441 3863 2496 de

2349 2547 2587 2601 stinatus
2615 2546 2882 2600 eumdem
2912 2560 3152 2600 monere
3183 2560 3300 2598 non
3333 2543 3558 2606 destitit,
3583 2540 3702 2595 sicut
3723 2552 3794 2608 per
3809 2534 3862 2588 di-

2347 2655 2541 2694 versos
2589 2639 2760 2694 missa
2795 2638 3152 2701 familiariter
3192 2637 3405 2709 scripta
3430 2638 3697 2691 testantur.
3729 2628 3867 2694 Quibus

2349 2733 2441 2788 ille
2473 2734 2607 2788 dum
2637 2733 2891 2804 primum
2940 2737 3214 2802 tanquam
3240 2731 3434 2786 debito
3458 2728 3673 2794 silentio,
3695 2723 3798 2779 nihil
3814 2736 3866 2774 re-

2349 2827 2635 2899 spondere
2662 2831 3028 2898 proponeret,
3050 2825 3286 2880 tandem
3319 2823 3609 2896 aliquando
3627 2815 3870 2875 missislitte

2351 2921 2430 2976 ris
2459 2921 2774 2992 proﬁtetur,
2805 2920 2904 2975 sed
2934 2918 3318 2974 Alexandrino
3351 2920 3512 2974 Petro
3537 2931 3685 2987 quem
3705 2909 3871 2980 expetita

2351 3014 2673 3086 apostolica
2719 3014 2876 3069 Sedis
2925 3012 3264 3068 auctoritate
3293 3015 3580 3067 exsecutor
3603 3007 3701 3080 ipso
3725 3014 3873 3075 quoque

2353 3109 2742 3175 damnaverat,
2772 3107 2984 3178 absque
3044 3106 3207 3162 Sedis
3242 3105 3563 3178 apostolica:
3590 3100 3751 3157 notitia
3772 3110 3870 3150 com-

2353 3203 2627 3258 munione
2672 3201 3034 3273 permistum,
3077 3199 3228 3254 beati
3268 3204 3464 3254 autem
3494 3195 3634 3253 Petri
3658 3192 3780 3248 sedes
3797 3201 3874 3258 qus

2351 3295 2802 3351 Alexandrinum
2819 3296 3050 3349 Petrum
3063 3310 3121 3349 se
3142 3291 3545 3348 tantummodo
3556 3291 3792 3344 damnasse
3803 3294 3874 3334 non

2355 3390 2525 3444 etiam
2546 3389 2773 3443 solvisse
2795 3391 3052 3455 noverat,
3075 3403 3189 3441 non
3214 3386 3452 3459 recepit,
3470 3391 3626 3457 atque
3643 3381 3744 3435 ideo
3754 3393 3803 3431 ne
3815 3387 3876 3444 per

2355 3481 2548 3556 239
2568 3481 2830 3538 Acacium
2846 3481 2904 3536 in
2918 3481 3069 3536 Petri
3089 3482 3438 3535 consortium
3461 3478 3741 3538 duceretur,
3753 3470 3873 3540 ipsum

2356 3593 2586 3650 quoque
2607 3592 2641 3630 a
2661 3592 2766 3630 sua
2785 3575 3190 3631 communione
3213 3574 3495 3629 submovit
3514 3578 3566 3626 et
3583 3566 3744 3632 multis
3758 3557 3878 3617 modis

2356 3671 2871 3741 transgressionem
2900 3687 2933 3723 a
2959 3686 3062 3724 sua
3100 3669 3367 3724 societate
3409 3666 3536 3722 fecit
3568 3663 3789 3717 alienum.
3820 3651 3877 3705 Ηίῖ

2356 3765 2400 3820 si
2427 3763 2774 3819 examinatio
2813 3764 3088 3835 quaeritur
3119 3763 3240 3834 jam
3271 3762 3494 3833 judicio
3532 3774 3639 3813 non
3664 3754 3748 3808 erit
3775 3762 3879 3818 opus,

2355 3863 2653 3930 postquam
2682 3857 2884 3912 litteris
2909 3857 3023 3912 suis
3042 3857 3162 3928 ipse
3181 3856 3470 3911 confessus
3489 3857 3585 3909 est.
3607 3850 3653 3906 Si
3669 3842 3878 3901 auctorita-

2355 3953 2430 4007 tis
2457 3951 2681 4023 pondus
2710 3951 3022 4022 inquiritur
3051 3949 3531 4006 Chalcedonensis
3559 3941 3730 4017 synodi
3753 3942 3882 4026 tenor?

2356 4045 2506 4100 illius
2541 4043 2884 4098 deﬁnitionis
2925 4043 3211 4098 exsecutio
3250 4042 3557 4115 reperitur,
3587 4051 3684 4108 quo
3709 4027 3883 4086 damnall

2357 4140 2469 4194 illic
2499 4137 2710 4193 erroris
2746 4139 3199 4192 communicator
3233 4136 3493 4199 effectus,
3521 4131 3723 4205 praeﬁxe
3746 4120 3883 4177 nihilo-

2360 4233 2548 4290 minus
2591 4231 2873 4304 particeps
2927 4229 3318 4286 damnationis
3370 4229 3654 4292 existeret,
3694 4211 3883 4291 quoniam

2361 4328 2511 4385 idem
2534 4330 2652 4404 ipse
2682 4343 2848 4383 error
2870 4327 2968 4397 qui
2997 4325 3176 4381 semel
3207 4328 3293 4379 est
3309 4340 3443 4380 cum
3465 4338 3562 4378 suo
3582 4319 3769 4375 auctore
3783 4308 3884 4404 dlﬂl'

628 4413 866 4468 bellium
883 4412 1176 4468 damnavit
1195 4413 1464 4485 synodus,
1489 4431 1642 4471 nunc
1660 4415 1769 4471 fuit
1784 4395 2035 4487 necesse,
2057 4423 2124 4474 ut
2138 4422 2261 4491 ejus
2363 4431 2531 4481 natus
2554 4395 2643 4481 ’ίη
2699 4395 2975 4498 participe
3027 4419 3312 4508 quolibet‘
3338 4433 3527 4490 prava:
3576 4395 3886 4469 communioni!

630 4511 934 4564 sectatores
968 4510 1158 4580 postea
1197 4508 1623 4580 damnarentur,
1654 4510 1906 4582 singulas
1935 4512 2145 4568 viritim
2173 4531 2262 4586 sy-
2284 4525 2343 4599 D
2368 4520 2656 4589 effectum,
2699 4525 2755 4574 et
2795 4515 3244 4574 exsecrationem
3285 4504 3376 4567 sui
3421 4513 3598 4584 gestat
3636 4510 3683 4560 et
3721 4504 3886 4599 penam.

631 4603 808 4658 nodos
837 4602 1135 4669 celebrari,
1166 4601 1265 4658 sed
1295 4619 1411 4674 pro,
1433 4608 1634 4660 tenore
1664 4606 2085 4662 constitutionis
2113 4608 2262 4662 anti-
2284 4591 2332 4599 ~
2367 4614 2490 4679 Quo
2509 4620 2711 4670 tenore
2725 4611 3053 4669 Timotheus
3065 4609 3235 4665 etiam
3256 4611 3433 4679 atque
3452 4606 3569 4677 ipse
3581 4591 3887 4658 Alexandrini”

631 4713 782 4769 quas,
813 4702 1049 4752 cunctos
1076 4698 1169 4769 qui
1194 4698 1281 4751 vel
1311 4697 1603 4769 pravitatis
1623 4699 1770 4754 illius
1793 4701 1880 4755 vel
1907 4703 2267 4758 communio-
2364 4710 2580 4776 Petrus,
2605 4708 2703 4780 qui
2719 4705 3022 4762 secundam
3040 4708 3193 4759 certe
3219 4701 3421 4756 sedem
3442 4696 3673 4755 tenuisse
3691 4683 3886 4780 fidem."

633 4791 720 4846 nis
774 4790 1034 4846 exstitere
1070 4791 1396 4863 participes,
1443 4792 1775 4848 universalis
1833 4796 2075 4850 Ecclesia
2125 4797 2267 4852 dixit

634 4900 755 4938 esse
781 4884 1131 4939 refutandos.
1166 4885 1256 4940 Sic
1282 4891 1516 4958 propter
1535 4887 1917 4958 blasphemias
1936 4890 2052 4945 Arii
2082 4892 2267 4946 forma

635 4977 766 5032 ﬁdei
835 4976 1371 5050 communionisque
1425 4980 1718 5036 catholica:
1769 4981 1994 5039 Nicasno
2051 4986 2268 5056 prolata

632 5075 938 5137 conventu,
970 5070 1208 5126 Arianos
1241 5088 1462 5140 omnes,
1499 5075 1583 5128 vel
1616 5075 1870 5148 quisquis
1903 5077 1962 5132 in
1987 5079 2137 5135 hanc
2165 5097 2265 5152 pe-

637 5169 781 5222 stem
809 5165 923 5220 sive
952 5180 1251 5232 consensu,
1279 5165 1394 5221 sive
1419 5169 1825 5225 communione
1853 5172 2126 5228 deciderit
2144 5174 2267 5229 sine

635 5256 1035 5314 retractatione
1052 5257 1349 5313 conclusit.
1365 5259 1452 5314 Sic
1468 5261 1833 5331 Eunomium,
1850 5265 2265 5336 Macedonium,

637 5353 957 5408 Nestorium
979 5351 1227 5423 synodus
1247 5354 1419 5406 semel
1444 5358 1606 5424 gesta
1623 5357 2012 5413 condemnans
2031 5361 2269 5416 ulterius

638 5448 708 5502 ad
735 5464 882 5502 nova
908 5445 1144 5500 concilia
1165 5447 1342 5500 veniri
1366 5464 1476 5501 non
1501 5449 1666 5516 sinat,
1696 5451 1796 5504 sed
1824 5453 2116 5508 universos
2132 5472 2270 5526 quo-

639 5558 862 5612 cunque
893 5541 1064 5594 modo
1095 5541 1152 5594 in
1181 5541 1281 5595 has
1307 5541 1694 5612 blasphemias
1724 5546 2036 5602 recidentes
2063 5550 2267 5606 tradito

641 5634 746 5689 sibi
778 5635 955 5688 limite
983 5634 1262 5705 synodali,
1303 5636 1568 5690 refutavit
1593 5638 1841 5694 Ecclesia
1870 5657 1977 5696 nec
2018 5660 2266 5714 unquam

641 5730 791 5780 recte
835 5727 1065 5782 cessisse
1107 5729 1469 5785 manifestum
1513 5735 1614 5798 est,
1653 5733 1907 5804 qualibet
1933 5737 2267 5794 necessitate

641 5823 876 5889 cogente
923 5821 1077 5874 novis
1121 5822 1353 5877 ausibus
1391 5841 1517 5896 quas
1556 5825 1780 5882 fuerant
1809 5828 2110 5887 salubriter
2140 5848 2268 5887 con-

2365 4802 2479 4857 non
2521 4768 2726 4874 repetit
2765 4818 2799 4856 a
2829 4797 3069 4872 synodo,
3101 4795 3200 4852 sed
3229 4793 3569 4851 auctoritate
3592 4768 3886 4874 ῐᾶηῑιίωωθδίῖ

2368 4895 2514 4951 sedis
2545 4859 2886 4967 apostolicre,
2917 4891 3036 4964 ipso
3056 4859 3294 4963 quoque
3326 4887 3530 4944 Acacio
3557 4875 3820 4956 postulante
3837 4859 3885 4914 ῖθ¹

2366 4992 2711 5062 exsequente
2742 4987 3056 5060 probantur
3081 5000 3202 5041 esse
3228 4980 3507 5038 damnati.
3539 4973 3685 5042 011οά
3707 4968 3742 5023 εί
3761 4968 3886 5058 “ww

2367 5083 2544 5139 errori
2584 5084 2670 5137 vel
2716 5079 3162 5154 pravaricationi
3206 5071 3697 5132 communicarent,
3734 5062 3890 5154 Aci?“

2369 5179 2601 5234 forsitan
2628 5146 2851 5233 dicatur
2869 5175 3184 5249 Oportuisse
3203 5178 3492 5238 constare,
3517 5163 3735 5222 breviter
3747 5146 3887 5249 Ρηξθ

2368 5290 2496 5328 mus
2525 5272 2599 5327 ad
2628 5272 2734 5326 ista
2765 5241 3125 5343 responsum.
3162 5271 3272 5323 Aut
3295 5266 3454 5320 enim
3485 5261 3586 5334 ipsi
3617 5250 3808 5313 doceant
3827 5241 3887 5332 Ρθξ

2367 5372 2522 5422 trum
2555 5366 2808 5438 legitime
2856 5364 3246 5435 veraciterque
3279 5362 3608 5433 purgatum,
3641 5355 3690 5405 et
3717 5343 3889 5442 abomi“

2369 5459 2708 5530 contagione
2725 5458 3127 5513 haereticorum
3150 5456 3254 5510 rite
3275 5453 3600 5514 discretum,
3617 5456 3728 5498 cum
3744 5438 3890 5530 2169'“:

2373 5553 2681 5608 municavit
2703 5553 2958 5620 Aeacius,
2995 5552 3041 5606 si
3067 5551 3190 5622 ejus
3215 5544 3734 5605 communicatorem
3758 5520 3890 5627 ριξυῡξ

2369 5647 2635 5703 Acacium
2655 5648 3007 5720 aliquatenus
3027 5642 3437 5707 excusandum,
3455 5643 3551 5693 aut
3567 5635 3607 5690 si
3627 5613 3893 5720 υιιηειειδεξι

2371 5758 2565 5796 verum
2586 5717 2988 5797 convenienter
3012 5745 3185 5811 atque
3204 5734 3465 5810 legitime
3486 5733 3693 5787 Petrum
3711 5728 3795 5774 non
3809 5717 3890 5780 l‘m'

2369 5835 2629 5890 baverint
2657 5835 2968 5906 expiatum.
