4062 6188
239 332 343 380 963i

1477 336 1948 394 DECRETALIUM
1986 338 2370 394 COLl.ECTlO.

3498 343 3598 394 986

310 436 511 491 Restat
538 444 600 491 ut
627 439 750 509 ejus
780 440 1163 512 inexpiationc
1208 443 1399 511 fuerit,
1436 449 1492 498 et
1518 447 1618 516 qui
1647 447 1702 500 ei
1724 461 1873 501 com-
1893 459 1953 533 Α
1973 447 2128 501 sione
2177 445 2519 517 supposuit?
2544 445 2667 510 Qua
2698 444 2916 518 synodo
2953 450 3037 501 tot
3072 445 3266 501 aliena
3305 445 3601 518 privilegia

235 529 549 584 municavit
576 529 837 586 infectus.
869 533 976 588 Nec
1002 533 1166 605 plane
1194 538 1468 604 tacemus,
1487 538 1641 609 quod
1667 546 1871 595 cuncta
1894 529 1953 533 ﬁ
1971 539 2248 594 nefandus
2278 539 2584 611 populator
2608 539 2924 594 invaserit?
2949 538 3059 596 Sed
3078 538 3207 594 libri
3235 555 3350 594 non
3379 540 3599 596 suftice-

235 638 343 692 per
376 625 657 678 mundum
687 626 843 679 novit
870 628 1133 696 Ecclesia,
1158 629 1429 700 quoniam
1456 647 1571 686 non
1603 647 1870 704 quorum-

232 715 374 769 libet
417 719 700 772 sententia
749 720 924 790 ligata
973 721 1307 792 pontificum
1351 725 1484 779 sede
1527 725 1679 780 beati
1719 727 1869 781 Petri

235 810 480 879 apostoli
531 810 612 864 vis
659 812 863 868 habeat
911 816 1130 880 resolvi,
1180 823 1371 887 utpote
1419 835 1546 889 qua;
1595 819 1665 873 de
1709 820 1867 874 omni

233 903 488 957 Ecclesia
530 905 611 958 fas
661 906 869 962 habeat
907 907 1222 978 judicandi,
1259 927 1444 982 neque
1486 912 1752 983 cuiquam
1798 913 1868 967 de

233 997 360 1065 ejus
393 997 560 1050 liceat
592 998 852 1068 judicare
895 1002 1134 1071 judicio.
1183 1003 1474 1074 Siquidem
1513 1005 1586 1059 ad
1613 1005 1769 1060 illam
1799 1006 1868 1060 de

230 1089 490 1159 qualibet
518 1093 716 1146 mundi
743 1098 904 1164 parte
938 1112 1192 1151 canones
1229 1098 1514 1168 appellare
1544 1100 1865 1167 voluerunt,

229 1182 302 1235 ab
333 1183 429 1236 illa
461 1188 651 1238 autem
693 1203 864 1242 nemo
911 1189 983 1243 sit
1024 1190 1308 1261 appellare
1357 1191 1681 1262 permissus.
1715 1193 1866 1257 Qua-

230 1282 471 1347 propter
508 1279 639 1331 satis
672 1285 891 1336 constet
935 1283 1198 1337 Acacium
1243 1285 1466 1339 nullum
1512 1286 1866 1356 pontificium

230 1369 498 1424 habuisse
540 1373 850 1427 sententias
892 1375 1042 1429 sedis
1082 1377 1406 1448 apostolicae
1454 1379 1576 1432 sine
1609 1379 1721 1434 ulla
1746 1380 1867 1450 ejus

229 1463 470 1518 notione
513 1465 784 1522 solvendi.
827 1468 948 1532 Qua
992 1476 1144 1524 certe
1188 1471 1404 1541 synodo
1449 1473 1554 1526 hoc
1585 1473 1680 1528 ille
1720 1490 1863 1545 prae-

231 1558 496 1627 sumpsit,
527 1559 675 1628 quod
706 1577 812 1615 nec
836 1561 906 1615 sit
935 1563 1005 1616 ab
1035 1565 1341 1634 apostolica
1370 1566 1501 1620 sede
1526 1568 1608 1620 fas
1633 1567 1865 1638 quidem

230 1649 474 1704 haberet
521 1652 764 1722 efﬁcere,
799 1655 959 1724 cujus
997 1657 1144 1711 sedis
1193 1658 1506 1730 episcopus,
1539 1660 1700 1730 cujus
1743 1677 1865 1714 me-

228 1744 598 1812 tropolitanos
627 1746 866 1801 civitatis
895 1749 1148 1804 antistes.
1177 1752 1370 1806 Nonne
1399 1754 1679 1824 parochiaa
1710 1755 1867 1808 Erra-

1967 639 2115 702 rent,
2165 633 2211 687 si
2255 633 2556 703 tragoedias
2603 633 2727 703 ejus
2773 648 2916 704 quas
2960 648 3066 704 per
3113 632 3383 687 Ecclesiae
3427 632 3602 704 totius

1970 725 2214 781 Orientis
2235 725 2488 780 exercuit
2510 725 2799 797 sigillatim
2831 723 3147 781 describere
3173 726 3495 781 moliamur.
3515 731 3602 782 An

1968 819 2107 874 illud
2136 819 2313 890 ipsius
2342 825 2751 890 argumentum
2783 819 2947 874 nobis
2976 819 3280 874 aestimavit
3307 835 3604 891 opponen-

1969 913 2126 979 dum,
2174 929 2286 983 quo
2340 912 2589 966 facinora
2641 929 2738 966 sua
2789 911 2847 966 in
2901 911 3257 984 imperialem
3306 912 3456 966 visus
3513 918 3600 968 est

1962 1005 2177 1076 jactare
2205 1021 2529 1077 personam.
2551 1007 2664 1060 Cur
2688 1003 2884 1075 igitur,
2904 1004 3133 1076 quando
3154 1005 3350 1071 voluit,
3375 1005 3600 1060 obsistit

1971 1099 2232 1154 Basilisco
2258 1103 2501 1170 tyranno
2542 1102 2694 1153 certe
2722 1103 2779 1153 et
2813 1097 3080 1152 hazretico
3110 1097 3482 1153 vehementer
3511 1099 3597 1154 in-

1971 1194 2113 1246 festo
2128 1193 2154 1246 ‘?
2171 1194 2283 1245 Cur
2306 1191 2412 1262 ipsi
2441 1191 2774 1263 imperatori
2799 1191 3034 1257 Zenoni,
3051 1191 3183 1262 quia
3199 1191 3389 1261 palam
3409 1192 3602 1247 Antio-

1969 1286 2152 1340 cheno
2199 1287 2362 1340 Petro
2412 1285 2832 1340 communicare
2875 1285 3078 1353 noluit,
3118 1300 3281 1338 suam
3326 1285 3598 1340 nimirum

1968 1378 2219 1433 subdidit
2257 1378 2629 1433 voluntatem.
2665 1379 2802 1432 Ecce
2830 1377 3016 1448 potuit
3053 1378 3115 1432 in
3145 1376 3271 1432 aliis
3300 1378 3599 1442 resultare,

1967 1474 2062 1527 sed
2093 1472 2297 1527 noluit.
2324 1474 2534 1527 Annon
2562 1464 2858 1542 Apostolus
2884 1471 3030 1526 dixit
3053 1487 3066 1525 :
3093 1490 3120 1522 «
3150 1471 3274 1526 Non
3295 1472 3482 1526 solum
3503 1473 3602 1543 qui

1966 1567 2200 1634 faciunt,
2225 1566 2320 1626 sed
2357 1566 2528 1620 etiam
2554 1566 2648 1636 qui
2675 1565 3040 1620 consentiunt
3068 1564 3407 1620 facientibus
3428 1566 3595 1635 (Rom.

1965 1677 2003 1727 1,
2036 1661 2120 1730 32)
2153 1680 2180 1709 »
2209 1667 2368 1713 reatu
2414 1661 2629 1730 pariter
2667 1664 2798 1713 sunt
2841 1658 3065 1712 irretiti.
3108 1657 3220 1713 Sed
3269 1661 3330 1712 ut
3368 1675 3433 1712 ea
3471 1675 3599 1730 quae

1966 1753 2132 1807 latius
2182 1753 2512 1824 explicanda
2566 1756 2699 1806 sunt
2749 1751 3098 1817 omittamus,
3141 1750 3424 1822 quidquid
3480 1751 3600 1823 ipse

228 1837 434 1889 clensis
463 1838 762 1893 Ecclesiae?
784 1841 841 1894 Si
873 1841 952 1895 illi
979 1849 1132 1897 certe
1162 1844 1322 1898 licuit
1345 1847 1464 1901 sine
1493 1848 1706 1918 synodo
1738 1865 1861 1902 sen-
1884 1831 1941 1904 Β
1966 1848 2117 1901 Zeno
2156 1846 2466 1917 imperator
2491 1845 2606 1900 suis
2638 1844 2840 1900 litteris
2870 1845 3176 1916 proﬁtetur
3204 1851 3408 1899 cuncta
3442 1861 3500 1899 se
3532 1861 3595 1900 ex

226 1931 468 1984 tentiam
511 1934 833 2002 apostolica:
883 1935 1040 1990 Sedis
1088 1938 1452 2010 abrumpere,
1497 1941 1654 1994 nulla
1702 1941 1864 1995 citius

226 2025 645 2079 consultatione
689 2027 944 2097 qumsita,
973 2029 1053 2084 ita
1084 2048 1154 2085 ne
1179 2048 1314 2087 vero
1341 2050 1457 2088 non
1484 2033 1640 2089 licuit
1665 2035 1865 2105 prima:

224 2118 349 2171 sedi
387 2119 842 2175 Chalcedonensi
886 2124 1084 2193 synodi
1132 2126 1458 2194 constituta,
1488 2127 1632 2182 sicut
1677 2128 1866 2183 decuit

223 2212 578 2281 exsequendi
609 2213 940 2283 hujusmodi
968 2220 1457 2288 praevaricatorem
1484 2238 1542 2275 se
1565 2223 1864 2276 auctorita-

220 2309 344 2358 tem
382 2304 724 2361 detrudere?
754 2308 868 2363 Sed
893 2326 996 2364 nec
1024 2311 1118 2365 illa
1157 2313 1514 2382 praeterimus
1542 2315 1694 2386 quod
1722 2332 1858 2387 apo-

223 2398 444 2452 stolica:
485 2400 614 2455 Sedi
649 2401 981 2472 frequenter
1009 2404 1206 2460 datum
1246 2410 1330 2460 est
1359 2424 1520 2462 more
1550 2409 1857 2480 majorum,

225 2491 402 2545 etiam
434 2492 555 2547 sine
585 2495 699 2548 ulla
724 2497 939 2566 synodo
981 2499 1331 2568 prmcidente
1363 2503 1682 2557 exsolvendi
1710 2505 1859 2574 quod

222 2586 482 2655 synodus
538 2587 736 2658 iniqua
795 2590 1179 2659 damnaverat,
1231 2599 1286 2648 et
1339 2595 1648 2650 damnandi
1703 2598 1860 2652 nulla

218 2680 490 2734 existenti
517 2683 752 2751 synodo,
773 2701 912 2754 quos
935 2687 1205 2756 oportuit,
1226 2687 1486 2743 habuerit
1505 2690 1856 2757 facultatem,

219 2780 433 2828 sanetae
460 2776 751 2830 memoriae
779 2779 988 2850 quippe
1005 2780 1372 2836 Athanasium
1396 2785 1646 2855 synodus
1665 2783 1860 2840 Orien-

217 2867 354 2921 talis
382 2867 691 2923 addixerat.
731 2871 906 2935 Quem
951 2878 1144 2928 tamen
1191 2880 1484 2948 exceptum
1519 2878 1678 2932 sedes
1717 2895 1855 2950 apo-

217 2961 440 3028 stolica,
475 2963 605 3033 quia
654 2964 1002 3021 damnationi
1048 2969 1367 3024 Graecorum
1409 2988 1524 3026 non
1556 2973 1856 3035 consensit,

217 3053 483 3108 absolvit.
542 3058 760 3110 Sanctae
807 3060 1102 3114 memorize
1154 3062 1530 3118 nihilominus
1580 3066 1856 3120 Joannem

214 3146 915 3220 Constantinopolitanum
957 3155 1202 3225 synodus
1245 3158 1413 3211 etiam
1450 3158 1857 3214 catholicorum

217 3243 533 3311 praesulum
566 3251 716 3299 certe
747 3245 1136 3315 damnaverat,
1166 3266 1339 3321 quem
1372 3251 1540 3305 simili
1570 3253 1740 3308 modo
1769 3271 1856 3309 se—

215 3334 322 3387 des
352 3338 658 3405 apostolica
703 3339 873 3394 etiam
904 3343 1039 3408 sola,
1069 3341 1206 3414 quia
1253 3360 1369 3398 non
1416 3346 1720 3415 consensit,
1752 3347 1852 3402 ab-

215 3428 404 3482 solvit.
434 3430 572 3483 Item
605 3438 866 3486 sanctum
893 3433 1246 3503 Flavianum,
1273 3438 1604 3508 pontiﬁcem
1630 3441 1852 3495 Greco-

214 3537 374 3586 rum,
390 3526 834 3594 congregatione
849 3526 1184 3583 damnatum
1210 3532 1329 3600 pari
1353 3535 1565 3602 tenore,
1583 3535 1852 3604 quoniam

212 3615 337 3668 sola
372 3615 536 3669 sedes
561 3619 855 3688 apostolica
894 3637 1011 3675 non
1049 3625 1357 3692 consensit,
1390 3626 1625 3681 absolvit
1666 3628 1854 3698 potius

211 3723 392 3778 quam
414 3709 526 3763 illic
547 3719 806 3782 receptus
837 3712 1040 3768 fuerat.
1073 3716 1396 3772 Dioscorum
1419 3720 1682 3774 secundas
1702 3721 1854 3776 sedis

212 3803 528 3871 praesulem
557 3822 657 3859 sua
688 3807 1024 3863 auctoritate
1064 3811 1372 3880 damnavit,
1402 3817 1460 3867 et
1490 3813 1720 3884 impiam
1760 3832 1850 3886 sy-

211 3897 438 3950 nodum
458 3914 571 3952 non
585 3901 992 3956 consentiendo
1009 3903 1296 3960 submovit
1311 3908 1427 3961 sola
1440 3915 1496 3963 et
1515 3909 1850 3964 auctoritate

210 3993 279 4043 ut
313 3991 568 4059 synodus
612 3993 1086 4051 Chalcedonensis
1123 3999 1287 4055 ﬁeret
1325 4002 1442 4056 sola
1487 4002 1754 4058 decrevit.
1787 4007 1848 4060 In

211 4099 335 4154 qua
383 4101 521 4156 ergo
564 4089 628 4140 ut
672 4089 788 4142 sola
827 4089 910 4143 vis
955 4091 1155 4146 habuit
1195 4093 1522 4150 absolvendi
1566 4114 1665 4153 eos
1706 4114 1850 4169 quos

212 4177 490 4247 synodica
521 4179 743 4235 decreta
771 4185 1150 4253 protulerant,
1179 4188 1258 4242 sie
1284 4190 1457 4243 etiam
1483 4191 1603 4246 sine
1633 4192 1848 4262 synodo

207 4270 275 4323 in
308 4271 415 4324 hac
443 4273 640 4327 eadem
666 4291 833 4329 causa
858 4277 1132 4347 plurimos
1171 4281 1343 4336 etiam
1385 4284 1850 4354 metropolitanos

209 4364 518 4419 damnasse
545 4369 924 4437 cognoscitur.
955 4372 1114 4435 Quod
1139 4373 1182 4426 si
1212 4375 1338 4445 quis
1371 4376 1492 4431 haec
1522 4377 1592 4431 ab
1619 4384 1846 4449 aposto-

205 4457 322 4512 lica
348 4459 496 4523 sede,
528 4466 592 4515 ut
616 4467 808 4516 sancta
833 4465 1050 4534 synodo
1078 4470 1202 4521 acta
1223 4469 1610 4539 reprehendit,
1642 4477 1850 4542 praster

1878 3201 1933 3276 C

1964 1939 2144 1995 Acacii
2187 1940 2424 2011 gessisse
2467 1938 2728 2004 concilio,
2762 1955 2867 1992 nec
2903 1938 3010 1992 hoc
3055 1937 3210 1992 enim
3253 1937 3458 1993 litteris
3484 1937 3598 1992 suis

1963 2035 2157 2088 fallere
2207 2033 2324 2104 ipse
2367 2050 2600 2105 quoque
2645 2036 2890 2088 testatur
2932 2031 3188 2088 Aeacius.
3226 2029 3335 2095 Qui
3376 2034 3432 2087 et
3468 2047 3600 2086 eum

1963 2128 2333 2182 nihilominus
2377 2127 2639 2182 universa
2679 2129 2834 2182 recta
2882 2125 3120 2198 gessisse
3151 2124 3506 2197 conscripsit,
3541 2129 3601 2180 et

1963 2241 2064 2279 suo
2090 2224 2328 2279 concilio
2353 2223 2476 2277 haec
2501 2222 2699 2276 eadem
2729 2225 2887 2292 gesta
2913 2236 3030 2275 non
3059 2219 3252 2274 tacuit.
3277 2219 3450 2284 Quasi
3468 2235 3598 2274 vero

1962 2321 2188 2372 tantum
2226 2319 2286 2372 in
2317 2315 2679 2371 Alexandrini
2723 2315 2874 2369 Petri
2919 2311 3329 2368 communione
3369 2312 3600 2368 Aeacius

1962 2412 2360 2484 praevaricator
2378 2408 2670 2475 exstiterit,
2697 2414 2752 2463 et
2775 2424 2889 2462 non
2912 2408 2971 2461 in
2993 2406 3263 2462 omnibus
3279 2423 3420 2478 quos
3441 2406 3594 2474 fecit,

1961 2507 2045 2561 vel
2074 2505 2318 2576 depulsis
2339 2502 2631 2558 catholicis
2651 2500 3033 2573 pontiﬁcibus,
3052 2516 3305 2572 unquam
3327 2506 3599 2570 tyrannos

1961 2599 2222 2654 Eeelesiis
2273 2597 2528 2668 prazponi
2583 2599 2647 2649 ut
2701 2595 2892 2649 taliter
2954 2593 3274 2665 praepositis
3331 2609 3597 2664 perversa

1960 2692 2366 2748 communione
2391 2689 2694 2762 permistus
2723 2693 2826 2743 est.
2861 2687 2971 2751 Qui
2997 2687 3103 2742 hoc
3128 2687 3250 2758 ipso
3281 2685 3596 2742 secundum

1959 2803 2206 2841 canones
2244 2785 2472 2840 fuerant
2510 2783 2582 2838 ab
2626 2781 2999 2837 ecclesiastica
3039 2779 3443 2835 communione
3475 2779 3594 2850 pel-

1959 2881 2111 2935 lendi
2140 2880 2292 2951 quod
2317 2894 2376 2932 se
2402 2877 2554 2950 passi
2582 2879 2717 2930 sunt
2739 2891 3088 2930 successores
3116 2873 3256 2928 vivis
3283 2873 3594 2928 sacerdoti-

1957 2975 2063 3028 bus
2091 2972 2368 3028 adhiberi.
2398 2971 2504 3035 Qui
2542 2976 2736 3025 autem
2766 2985 2884 3024 non
2913 2967 3219 3040 perspiciat
3243 2966 3598 3023 Christianos

1958 3069 2078 3140 qui,
2120 3065 2416 3122 catholicis
2467 3063 2831 3136 pontificibus
2883 3061 3119 3134 propria
3165 3059 3298 3116 sede
3339 3058 3593 3132 dejectis,

1959 3161 2185 3215 nonnisi
2207 3158 2460 3214 haeretici
2480 3159 2794 3230 potuerunt
2810 3152 3141 3211 introduci?
3161 3151 3381 3219 Quibus
3398 3156 3592 3210 tamen

1957 3253 2175 3310 cunctis
2204 3254 2289 3309 vel
2314 3258 2510 3307 auctor
2537 3251 2643 3306 fuit
2665 3249 2920 3316 Aeacius,
2943 3246 3324 3320 subrogandis
3347 3247 3434 3303 vel
3461 3246 3589 3303 sub-

1957 3348 2168 3419 rogatis
2221 3345 2676 3402 communicator
2725 3343 2992 3410 accessit;
3050 3341 3139 3396 his
3189 3342 3406 3414 itaque,
3456 3340 3591 3413 quia

1957 3441 2360 3498 communione
2387 3439 2788 3494 haereticorum
2817 3437 3142 3491 nullatenus
3167 3432 3587 3504 discrepabunt.

1956 3537 2069 3592 Cur
2096 3536 2276 3607 igitur
2303 3534 2391 3588 vel
2421 3549 2553 3588 cum
2591 3533 2714 3586 hinc
2750 3529 2874 3585 ﬁeri
2898 3529 3126 3596 viderit,
3158 3543 3272 3582 non
3304 3526 3448 3582 sicut
3486 3523 3594 3580 sub

1956 3630 2216 3684 Basilisco
2240 3629 2363 3700 jam
2391 3627 2624 3694 fecerat,
2655 3624 2727 3679 ad
2753 3622 3117 3695 apostolicam
3141 3621 3347 3678 Sedem
3373 3620 3588 3676 referre

1953 3725 2185 3792 curavit,
2217 3726 2283 3776 ut
2309 3722 2353 3775 si
2380 3722 2530 3775 solus
2566 3719 2686 3790 ipse
2719 3734 2833 3772 non
2863 3719 3088 3788 poterat
3111 3714 3432 3786 conjunctis
3455 3728 3583 3768 cum

1953 3817 2159 3873 eodem
2176 3815 2424 3871 consiliis
2446 3820 2618 3884 atque
2635 3811 2965 3866 tractatibus
2981 3809 3134 3880 apud
3155 3809 3582 3880 imperatorem,

1953 3929 2081 3984 quas
2112 3910 2336 3982 regioni
2377 3911 2786 3979 eompeterent,
2813 3904 3110 3975 allegaret.
3137 3901 3277 3957 Nam
3314 3901 3358 3956 si
3388 3900 3584 3957 Basili-

1951 4023 2076 4061 scus
2122 4007 2203 4072 (ut
2251 4004 2462 4058 dictum
2513 4004 2614 4070 est)
2661 4003 2940 4070 tyrannus
2987 3996 3313 4064 haereticus,
3360 3994 3585 4066 scriptis

1952 4098 2274 4172 apostolicae
2301 4096 2457 4153 Sedis
2481 4095 2851 4149 vehementer
2883 4091 3144 4157 infestus,
3167 4105 3202 4144 a
3223 4087 3481 4161 pluribus
3502 4101 3584 4144 re-
3667 4135 3672 4142 .

1950 4196 2182 4249 vocatus
2203 4191 2272 4246 ad
2302 4206 2434 4245 eum
2467 4186 2806 4255 accessibus,
2837 4187 3051 4256 quanto
3081 4183 3267 4254 magis
3294 4181 3585 4253 legitimus

1949 4287 2260 4359 imperator
2297 4284 2395 4356 qui
2438 4299 2495 4338 se
2531 4279 2874 4337 catholicum
2909 4277 3091 4332 videri
3129 4275 3372 4346 volebat,
3401 4275 3585 4348 potuit

1949 4397 2080 4436 cum
2113 4379 2422 4452 apostolica
2457 4377 2592 4432 sede
2634 4379 2969 4429 cunctorum
2998 4386 3226 4444 quoque
3255 4369 3579 4442 pontiﬁcum

1949 4475 2240 4530 moderata
2271 4471 2637 4544 suggestione
2663 4465 2939 4539 mitigeri,
2962 4464 3248 4537 praecipue
3277 4479 3409 4518 cum
3438 4463 3584 4533 ejus-

206 4550 373 4622 quod
404 4553 584 4622 prisca
626 4571 820 4610 rerum
857 4559 1191 4628 probatione
1235 4564 1608 4619 convincitur.
1638 4566 1845 4620 Iterum
1865 4575 1925 4648 D
1948 4569 2077 4624 dem
2117 4565 2306 4622 Acacii
2335 4570 2481 4620 esset
2516 4561 2775 4635 specialis
2802 4561 2997 4615 fautor
3027 4564 3084 4613 et
3119 4560 3357 4624 amator,
3387 4559 3446 4609 et
3483 4556 3579 4627 qui

203 4646 400 4700 multo
428 4647 612 4718 magis
650 4651 917 4706 Acacium
959 4671 1072 4708 non
1113 4656 1330 4712 licuisse
1371 4658 1656 4714 fatebitur.
1689 4660 1848 4715 Dicat

206 4755 358 4810 ergo
405 4756 519 4810 qua
570 4741 690 4812 ipse
738 4746 954 4815 synodo
1012 4750 1272 4804 secunda:
1322 4752 1469 4806 sedis
1515 4755 1845 4824 antistitem,

203 4832 678 4906 qualemcunque
705 4845 856 4893 certe
883 4841 1220 4898 catholicum
1250 4851 1308 4899 et
1331 4861 1362 4898 a
1392 4847 1681 4902 catholicis
1704 4848 1846 4902 ordi-

205 4931 438 4994 natum,
460 4944 564 4982 nec
589 4930 660 4984 de
682 4932 956 4989 catholica
982 4935 1094 4990 lide
1121 4942 1177 4991 et
1202 4940 1606 4995 communione
1635 4941 1848 5012 aliqua-

207 5024 388 5072 tenus
410 5020 732 5092 impetitum
748 5026 974 5082 duxerit
989 5030 1426 5101 excludendum,
1441 5038 1498 5089 et
1518 5035 1844 5090 haeretieum

207 5113 588 5170 manifestum
610 5118 840 5174 Petrum
864 5137 962 5174 sua
988 5140 1220 5196 quoque
1238 5128 1596 5182 exsecutione
1617 5127 1849 5183 damna-

203 5211 362 5272 tum,
383 5210 631 5279 pontifici
660 5213 936 5270 catholico
965 5219 1226 5288 permisit
1255 5221 1701 5293 subrogandum.
1725 5223 1843 5288 Qua

204 5301 435 5371 synodo
466 5305 649 5359 tertia:
684 5307 832 5362 sedis
871 5312 1188 5381 apostolicae
1227 5315 1555 5387 episcopum
1585 5321 1846 5372 sanctum

204 5395 626 5453 Calendionem
655 5399 790 5456 fecit
814 5406 1038 5475 expelli,
1058 5423 1122 5460 ac
1151 5407 1523 5465 nihilominus
1543 5411 1730 5466 eidem
1749 5413 1848 5466 Pe~

203 5497 372 5544 trum
402 5494 518 5545 tam
551 5493 882 5551 haereticum
922 5500 1308 5573 manifestum,
1343 5510 1407 5559 ut
1436 5505 1625 5561 eidem
1661 5505 1848 5578 palam

204 5600 323 5638 nec
353 5600 410 5638 se
435 5589 840 5645 communione
867 5595 1248 5663 praetenderet
1275 5615 1375 5652 sua
1404 5599 1579 5670 passis
1603 5599 1845 5673 disposi-

203 5677 371 5732 tione
414 5679 697 5736 substitui.
743 5683 866 5748 Qua
910 5687 1159 5760 denique
1200 5706 1303 5761 per
1339 5696 1522 5747 totum
1555 5693 1848 5750 Orientem

205 5772 438 5842 synodo
479 5774 673 5844 ejectis
701 5779 1052 5848 orthodoxis,
1081 5784 1236 5838 nullo
1265 5786 1503 5841 crimine
1531 5789 1848 5855 maculatis,

209 5881 422 5937 pravos
463 5884 718 5940 quosque
745 5877 798 5927 et
835 5874 1170 5933 criminibus
1213 5880 1496 5935 involutos
1526 5898 1625 5936 sua
1658 5883 1845 5956 provi-

1948 4662 2150 4717 litteris
2185 4660 2320 4727 suis,
2351 4665 2467 4714 tam
2499 4658 2684 4728 ipsum
2711 4653 2978 4710 Acacium
3009 4666 3182 4722 quam
3204 4655 3467 4704 sanetum
3490 4665 3582 4720 pa-

1947 4772 2080 4828 pam
2120 4753 2472 4824 Simplicium
2514 4748 2738 4821 magnis
2778 4745 3044 4801 laudibus
3085 4743 3398 4810 extulisset,
3430 4742 3580 4816 quod

1948 4849 2229 4905 haereticis
2259 4843 2713 4902 constantissime
2742 4839 3094 4897 restitissent.
3122 4838 3236 4892 Cur
3253 4839 3412 4892 tanto
3432 4840 3579 4892 tem-

1950 4961 2087 5016 pore
2115 4942 2347 4999 Aeacius
2384 4942 2534 4995 inter
2553 4938 2660 4993 ista
2684 4934 2974 5003 conticuit,
2993 4931 3099 4988 nisi
3119 4931 3251 5004 quia
3273 4930 3580 5004 prohibere

1949 5037 2180 5093 nolebat
2205 5036 2496 5090 ullatenus
2522 5048 2651 5104 quas
2673 5027 3029 5086 desiderabat
3047 5025 3281 5098 expleri.
3310 5026 3582 5081 Paremus

1949 5138 2142 5188 tamen
2183 5130 2381 5198 etiam,
2412 5128 2456 5182 si
2501 5126 2657 5182 nulla
2700 5122 2950 5196 synodus
2988 5119 3389 5194 praecessisset,
3419 5117 3581 5189 cuius

1949 5224 2256 5298 apostolica
2281 5222 2445 5278 sedes
2472 5226 2625 5276 recte
2656 5220 2820 5274 ﬁeret
2844 5215 3182 5272 exsecutrix.

1949 5322 2069 5375 erat
2099 5319 2167 5373 de
2196 5317 2396 5372 Acacio
2425 5315 2679 5387 synodus
2719 5309 3009 5368 ineunda?
3038 5305 3301 5379 Nunquid
3334 5319 3466 5360 cum
3492 5302 3579 5356 his

1950 5413 2049 5485 qui
2071 5413 2197 5484 jam
2225 5410 2529 5483 participes
2552 5407 2900 5464 tenebantur
2925 5401 3146 5468 Aeacio,
3179 5403 3238 5454 et
3261 5412 3365 5470 per
3386 5393 3581 5452 Orien-

1949 5513 2066 5563 tem
2094 5511 2274 5561 totum
2307 5503 2614 5560 catholicos
2651 5500 2971 5556 sacerdotes
2999 5495 3279 5550 violenter
3305 5489 3576 5546 exclusis-

1949 5605 2097 5657 sent.
2126 5601 2232 5655 Per
2270 5598 2469 5654 exsilia
2513 5596 2738 5651 diversa
2773 5589 3042 5661 relegatis
3081 5585 3248 5643 sociis
3288 5583 3582 5640 evidenter

1951 5693 2268 5750 existebant
2308 5687 2726 5748 communionis
2767 5687 3022 5748 eterna},
3059 5696 3164 5736 nec
3205 5678 3364 5752 prius
3404 5691 3464 5733 se
3505 5677 3583 5733 ad

1950 5789 2072 5843 haec
2098 5786 2381 5841 consortia
2405 5781 2835 5845 transferentes,
2867 5789 3043 5846 quam
3078 5771 3228 5829 sedis
3255 5767 3581 5845 apostolicae

1951 5882 2085 5936 scita
2117 5879 2498 5934 consulerent.
2526 5877 2666 5928 Cum
2692 5870 2897 5942 quibus
2921 5883 3062 5944 ergo
3086 5871 3205 5924 erat
3233 5865 3482 5950 synodus
3500 5865 3582 5928 ine
