4062 6188
537 317 634 366 967

1431 313 1712 366 AH'END.
1756 313 1840 365 AD
1879 314 2038 366 διες.
2081 313 2168 366 lx.
2202 341 2267 350 -ο
2307 313 2550 366 lSlDUlil
2589 310 3011 366 MERCATURIS
3715 321 3789 372 9138

537 417 720 473 eunda
735 418 762 471 ?
791 415 1062 472 Catholici
1083 415 1379 486 pontiﬁces
1403 416 1634 471 fuerant
1659 417 1911 488 undique
1926 417 2048 487 jam
2070 418 2161 473 de-
2181 430 2241 502 Α
2259 418 2408 474 tibus
2426 417 2640 488 judicia
2664 418 3047 488 provenirent,
3081 431 3195 470 non
3218 433 3251 470 a
3279 416 3510 471 seculari
3533 417 3796 476 viderentur

533 510 698 582 pulsi,
731 509 946 579 solique
992 515 1388 564 remanserant
1437 510 1574 564 socii
1621 510 1997 581 perﬁdorum,
2030 527 2159 564 cum

533 603 736 674 quibus
761 618 866 656 nec
891 601 1097 656 licebat
1123 602 1328 657 habere
1357 605 1725 670 conventum,
1759 603 1981 658 dicente
2006 605 2159 658 Psal-

533 695 696 750 mista
728 712 741 749 :
781 715 808 743 ‹‹
837 695 962 749 Non
993 695 1116 749 sedi
1142 696 1201 748 in
1232 696 1470 750 concilio
1492 697 1775 763 vanitatis,
1805 700 1863 750 et
1888 713 2019 751 cum
2048 697 2158 751 ini-

531 805 642 860 qua
687 787 1015 859 gerentibus
1060 805 1173 842 non
1219 788 1466 844 introibo
1505 789 1671 858 (Psal.
1718 806 1839 857 xxv,
1869 791 1942 859 4),
1981 811 2010 839 ››
2059 806 2161 845 nec

533 881 891 937 ecclesiastici
929 882 1106 936 moris
1131 885 1215 936 est
1242 900 1370 937 cum
1397 883 1485 937 his
1513 884 1610 954 qui
1641 884 1914 955 pollutam
1951 884 2162 940 habent

532 975 999 1031 communionem
1027 976 1502 1047 permistamque,
1519 993 1648 1031 cum
1671 977 1897 1047 perﬁdis
1922 977 2160 1032 miscere

531 1069 853 1124 concilium.
898 1070 1068 1124 Recte
1108 1069 1284 1140 igitur
1319 1086 1423 1141 per
1450 1071 1927 1126 Chalcedonensis
1960 1070 2159 1142 synodi

530 1164 773 1217 formam
805 1162 1136 1233 hujusmodi
1182 1163 1574 1233 praevaricatio
1608 1165 1836 1234 repulsa
1860 1170 1945 1219 est
1969 1165 2159 1236 potius

529 1273 702 1328 quam
729 1256 803 1312 ad
832 1256 1154 1324 concilium,
1190 1257 1343 1328 quod
1385 1274 1491 1312 nec
1542 1274 1682 1328 opus
1719 1261 1842 1312 erat
1879 1262 2005 1328 post
2039 1258 2155 1329 pri-

529 1367 686 1405 mam
711 1350 1009 1422 synodum,
1025 1366 1129 1406 nec
1150 1367 1280 1404 cum
1302 1350 1507 1406 talibus
1533 1351 1742 1405 habere
1768 1351 1992 1406 licebat.
2016 1352 2159 1406 Nam

527 1448 586 1500 et
613 1444 749 1516 quid
776 1448 1043 1515 ageretur
1072 1443 1142 1498 de
1171 1444 1282 1498 ﬁde
1311 1445 1588 1500 catholica
1615 1444 1954 1516 intelligere,
1982 1445 2027 1498 si
2045 1446 2158 1500 vel-

529 1540 650 1594 lent
670 1537 958 1609 ignorare,
979 1553 1092 1591 non
1114 1541 1402 1608 poterant,
1424 1555 1558 1593 eum
1580 1539 1840 1593 viderent
1857 1538 2158 1593 catholicos

530 1631 824 1703 pontiﬁces
865 1631 1021 1685 nulla
1058 1631 1259 1702 synodi
1303 1632 1668 1699 discussione,
1701 1633 1856 1687 nullo
1897 1631 2154 1699 concilio,

529 1725 814 1797 praecipue
840 1741 971 1778 cum
996 1741 1167 1779 novas
1193 1741 1387 1780 causas
1420 1743 1541 1781 esse
1571 1725 2007 1797 perpenderent,
2039 1729 2156 1780 toto

2263 513 2685 582 qualescunque
2711 511 3030 582 pontiﬁces,
3054 511 3158 565 etsi
3183 525 3366 564 errore
3395 511 3711 567 humanitatis
3727 531 3794 568 ac-

2261 605 2502 672 cidente,
2531 621 2648 660 non
2677 609 2867 660 tamen
2895 609 3092 659 contra
3115 602 3443 672 religionem
3473 605 3709 660 ullatenus
3729 624 3798 661 ex-

2260 698 2523 754 cedentes
2553 703 2828 768 potestate
2871 696 3122 768 procelli.
3150 699 3261 750 Aut
3286 699 3342 749 et
3370 696 3482 750 haec
3499 697 3641 766 juxta
3664 701 3797 753 ratio-

2262 808 2393 846 nem
2410 791 2680 862 principis
2706 791 3063 862 suggerenda
3089 806 3204 844 non
3227 794 3404 843 erant.
3427 789 3599 860 Regia:
3617 791 3800 846 civitatis

2259 885 2476 941 honore
2503 885 2782 954 sublimis,
2815 884 2863 938 si
2887 884 3066 938 factus
3095 885 3220 938 erat
3261 883 3418 952 regia
3448 883 3640 937 civitate
3671 885 3796 940 subli-

2260 979 2431 1048 mior,
2463 982 2619 1034 tanto
2661 979 2848 1050 magis
2894 979 2951 1031 in
3000 977 3088 1031 his
3129 975 3497 1046 suggerendis
3530 975 3694 1030 debuit
3714 993 3800 1033 esse

2259 1073 2622 1128 constantior.
2654 1072 2712 1128 Si
2736 1075 2928 1126 autem
2963 1071 3020 1125 in
3053 1069 3141 1125 his
3169 1085 3297 1140 quas
3326 1085 3426 1140 pro
3450 1069 3688 1138 religione
3712 1071 3799 1124 fue-

2258 1171 2389 1221 rant
2415 1167 2696 1222 exerenda
2722 1165 2932 1221 exstitit
2955 1163 3418 1234 contemptibilis,
3435 1165 3526 1216 aut
3551 1163 3800 1234 despectus,

2257 1264 2355 1314 aut
2382 1259 2589 1329 segnis,
2622 1262 2721 1314 aut
2745 1259 3016 1314 fiduciam
3059 1274 3173 1311 non
3215 1256 3428 1311 habens
3470 1256 3802 1323 intimandi,in

2257 1369 2368 1424 quo
2395 1370 2497 1424 per
2517 1353 2736 1424 regiam
2763 1352 3046 1408 civitatem
3071 1351 3258 1422 major
3277 1349 3499 1405 effectus
3522 1356 3610 1404 est.
3633 1350 3801 1404 Nathan

2257 1447 2601 1518 prOphetam
2629 1447 2816 1517 palam
2837 1445 3178 1517 publiceque
3198 1445 3257 1498 in
3273 1443 3472 1499 faciem
3491 1443 3598 1513 regi
3617 1443 3750 1496 David
3765 1447 3803 1497 et

2256 1541 2624 1594 commissum
2649 1539 3040 1610 pronuntiavit
3067 1554 3338 1615 errorem,
3355 1541 3410 1592 et
3426 1537 3600 1608 ipsum
3623 1537 3802 1591 commi-

2256 1633 2390 1687 sisse
2427 1650 2545 1688 non
2595 1633 2790 1702 tacuit,
2826 1638 2884 1687 et
2923 1631 3275 1687 confessione
3329 1635 3619 1685 correctum
3658 1645 3800 1684 conse-

2255 1731 2498 1798 quenter
2535 1727 2774 1781 absolvit
2801 1726 2876 1794 (II
2909 1728 3038 1797 Reg.
3068 1727 3187 1795 xn).
3221 1724 3320 1778 Hic
3356 1727 3538 1779 autem
3563 1724 3637 1777 vir
3668 1723 3804 1776 bonus

527 1819 756 1875 Oriente
783 1818 1012 1889 depelli,
1041 1821 1098 1874 et
1128 1818 1316 1874 caeteri
1351 1818 1487 1891 quid
1529 1822 1796 1874 caverent
1823 1834 1888 1874 ex
1927 1819 2156 1874 illorum
2175 1800 2232 1872 Β
2258 1825 2314 1875 et
2340 1820 2602 1875 sacerdos
2631 1819 2899 1890 egregius
2929 1819 2988 1874 in
3023 1824 3244 1874 tantum
3273 1834 3332 1873 se
3361 1821 3420 1871 et
3442 1831 3711 1888 suggerere
3729 1831 3802 1886 po-

527 1913 739 1968 discere
779 1912 1048 1984 qualitate
1085 1912 1423 1984 potuissent.
1473 1914 1665 1969 Restat
1706 1912 1883 1983 igitur
1906 1916 1972 1968 ut
2004 1912 2156 1968 illius

526 2007 704 2078 partis
731 2006 855 2061 illos
879 2006 1052 2061 fuisse
1096 2005 1380 2061 haereseos
1425 2006 1496 2061 sit
1539 2006 1774 2073 clarum,
1803 2006 1894 2061 cui
1933 2022 1991 2061 se
2031 2010 2158 2076 post

525 2105 612 2156 tot
627 2101 1018 2174 experimenta
1037 2099 1338 2169 dederunt,
1358 2100 1676 2170 meritoque
1698 2099 2006 2172 apostolica
2025 2100 2156 2155 sede

527 2194 859 2265 ceterisque
912 2193 1202 2248 catholicis
1251 2209 1370 2248 non
1411 2194 1534 2265 jam
1587 2193 1917 2248 consulendi
1963 2195 2153 2262 erunt,

525 2289 623 2345 sed
649 2288 838 2359 potius
864 2287 1118 2342 notandi.
1151 2286 1398 2342 Risimus
1425 2292 1614 2342 autem
1641 2287 1795 2358 quod
1821 2286 2156 2358 praerogati-

523 2398 655 2438 vam
679 2383 882 2436 volunt
899 2380 1094 2436 Acacio
1117 2381 1461 2452 comparari,
1481 2381 1639 2452 quod
1669 2380 1966 2452 episcopus
1982 2379 2158 2436 fuerit

523 2476 700 2548 regiae
742 2475 998 2531 civitatis.
1041 2475 1308 2546 Nunquid
1360 2475 1513 2546 apud
1557 2474 1959 2542 Mediolanum,
2001 2473 2155 2546 apud

521 2572 871 2638 Ravennam,
911 2569 1063 2640 apud
1107 2568 1407 2638 Firmium,
1454 2569 1604 2640 apud
1647 2571 1916 2625 Treveros
1959 2567 2154 2624 multis

517 2664 874 2738 temporibus
891 2680 1006 2718 non
1027 2663 1276 2719 constitit
1290 2663 1622 2734 imperator.
1642 2661 1914 2733 Nunquid
1943 2663 2153 2717 harum

520 2758 750 2814 urbium
780 2758 1096 2812 sacerdotes
1125 2757 1276 2811 ultra
1303 2772 1633 2811 mensuram
1658 2755 1887 2810 sibimet
1910 2755 2156 2827 antiqui-

519 2858 610 2907 tus
624 2851 948 2922 deputatam
965 2849 1258 2921 quidpiam
1271 2848 1383 2904 suis
1394 2849 1767 2920 dignitatibus
1785 2853 2150 2920 usurparunt.

520 2944 792 3016 Nunquid
801 2943 1036 2998 Acacius
1048 2946 1111 2997 ut
1121 2944 1400 2999 Joannem
1417 2942 1838 3014 quantumlibet
1856 2942 2152 2998 hominem

522 3037 885 3107 catholicum,
902 3040 1096 3091 tamen
1115 3052 1149 3090 a
1165 3036 1453 3092 catholicis
1481 3035 1807 3091 ordinatum
1830 3036 1900 3090 de
1919 3036 2154 3090 Alexen—

522 3132 647 3187 dria
672 3134 960 3188 excuteret
977 3132 1322 3202 Petrumque
1353 3129 1410 3184 in
1437 3129 1701 3185 haeresim
1725 3129 1849 3200 jam
1868 3129 2151 3201 dejectum
2170 3167 2226 3244 ρ

732 3227 1047 3244 ,ψωμῷ
1089 3225 1292 3244 _L_____
1335 3223 1477 3244 μαι,
1513 3223 1827 3244 “sum..-”

521 3232 692 3298 atque
721 3227 1055 3281 damna‘tum
1085 3225 1298 3295 absque
1331 3223 1480 3280 sedis
1509 3223 1834 3295 apostolicae
1869 3225 2150 3279 consulta-

520 3321 680 3376 tione
722 3319 1020 3390 reciperet.
1065 3318 1267 3390 Aliqua
1313 3317 1530 3389 synodo
1572 3317 1769 3373 saltem
1807 3317 1920 3372 illic
1962 3317 2151 3372 habita

518 3414 624 3469 hoc
649 3414 920 3469 audacter
946 3411 1207 3483 arripuit.
1236 3411 1306 3465 Ut
1324 3411 1729 3466 Calendionem
1756 3410 1827 3465 de
1847 3411 2150 3466 Antiochia

521 3507 850 3579 depelleret,
880 3505 1327 3576 haereticumque
1352 3506 1584 3560 Petrum
1609 3504 1729 3576 ipse
1756 3505 2146 3574 damnaverat,

521 3602 734 3672 absque
777 3599 982 3655 notitia
1022 3598 1170 3655 sedis
1219 3598 1542 3670 apostolicae
1589 3614 1783 3653 rursus
1822 3598 2152 3655 admitteret

521 3696 713 3767 aliqua
738 3694 952 3766 synodo
975 3694 1032 3748 id
1058 3693 1258 3748 fecisse
1278 3696 1646 3748 monstratur.

592 3790 650 3844 Si
685 3793 839 3843 certe
879 3788 949 3843 de
993 3787 1274 3858 dignitate
1313 3787 1506 3858 agitur
1532 3785 1851 3853 civitatum,
1886 3785 2149 3841 secundae

520 3883 670 3940 sedis
689 3886 748 3937 et
774 3881 957 3938 tertia:
978 3879 1160 3951 major
1185 3884 1272 3935 est
1293 3879 1540 3951 dignitas
1569 3879 1948 3947 sacerdotum,
1975 3894 2148 3950 quam

521 3979 646 4050 ejus
667 3977 861 4032 civitas
886 3990 1014 4047 quae
1043 3991 1158 4030 non
1193 3975 1377 4028 solum
1405 3974 1556 4030 inter
1585 3973 1744 4028 sedes
1769 3973 2009 4028 minime
2039 3989 2147 4026 nu-

519 4075 789 4140 meratur,
817 4070 917 4126 sed
949 4083 1053 4124 nec
1081 4067 1235 4122 inter
1263 4066 1836 4138 metropolitanorum
1859 4067 1994 4137 jura
2022 4082 2151 4121 cen-

520 4168 695 4222 setur.
723 4165 862 4218 Nam
893 4162 1046 4232 quod
1078 4161 1265 4216 dicitis
1289 4160 1464 4231 regiae
1492 4160 1752 4230 civitatis,
1775 4159 1884 4215 alia
1901 4162 2150 4231 potestas

520 4264 606 4314 est
628 4257 794 4328 regni
819 4255 1128 4323 saecularis,
1157 4254 1269 4308 alia
1293 4253 1799 4309 ecclesiasticarum
1829 4253 2149 4308 distributio

522 4350 886 4423 dignitatum.
910 4349 1063 4404 Sicut
1088 4347 1266 4416 enim,
1295 4347 1551 4419 quamvis
1574 4363 1751 4418 parva
1777 4346 1985 4417 civitas,
2008 4363 2150 4418 pras-

521 4444 838 4518 rogativam
856 4441 1152 4514 praesentis
1168 4439 1335 4512 regni
1359 4456 1474 4495 non
1489 4439 1716 4508 minuit,
1738 4440 1817 4495 sic
1835 4441 2150 4512 imperialis

2257 1913 2431 1969 tuisse
2457 1913 2792 1969 monstravit
2817 1916 2874 1968 et
2899 1913 3144 1968 noluisse
3172 1911 3535 1982 deprompsit,
3563 1910 3662 1964 imo
3681 1908 3805 1963 fuisse

2257 2007 2542 2077 patefecit,
2575 2011 2638 2062 ut
2665 2011 2722 2063 et
2745 2006 3060 2078 imperator
3089 2007 3293 2061 cuncta
3320 2021 3378 2060 se
3410 2019 3478 2060 ex
3501 2003 3609 2074 ejus
3631 2002 3806 2057 concilio

2257 2100 2490 2172 gessisse
2529 2103 2767 2170 taceret,
2795 2104 2851 2156 et
2875 2101 2995 2171 ipse
3021 2100 3431 2171 imperatorem
3470 2097 3668 2168 magnis
3697 2111 3806 2166 pra.-

2254 2194 2432 2250 coniis
2459 2195 2704 2250 elevaret
2725 2194 2834 2249 ista
2863 2193 3190 2260 facientem,
3219 2207 3453 2264 seseque
3492 2189 3723 2262 proderet
3746 2187 3807 2240 his

2253 2287 2489 2359 agendis
2518 2288 2687 2344 rebus
2716 2287 2889 2343 fuisse
2920 2287 3276 2359 participem.
3303 2285 3414 2342 Sed
3432 2290 3543 2341 esto
3564 2281 3809 2338 Calendion

2255 2397 2465 2436 nomen
2496 2381 2856 2453 imperatoris
2882 2379 3177 2436 abstulerit
3197 2379 3429 2435 Joannis
3451 2376 3668 2450 principi
3687 2390 3807 2430 men-

2253 2474 2390 2530 titus
2431 2474 2604 2530 fuisse
2641 2475 2907 2546 jactetnr.
2938 2473 3078 2539 Quae
3105 2477 3301 2529 tamen
3329 2489 3459 2528 cum
3495 2487 3641 2526 nova:
3673 2470 3811 2524 essent

2254 2583 2460 2635 causas,
2489 2584 2636 2624 nova
2664 2567 2924 2624 debuerit
2949 2566 3331 2624 ecclesiastica
3360 2564 3638 2638 pervenire
3657 2562 3812 2617 discus-

2253 2662 2358 2730 sio,
2379 2661 2479 2734 qui
2498 2662 2559 2717 in
2587 2661 2882 2718 hominem
2907 2662 3318 2733 imperatorem
3338 2676 3586 2732 peccasse
3611 2655 3814 2711 diceban~

2253 2759 2366 2823 tur,
2395 2755 2724 2811 nullatenus
2760 2756 3053 2812 venientes
3090 2754 3313 2826 synodo
3354 2753 3514 2824 dejici
3541 2751 3812 2814 debuerunt,

2253 2854 2308 2904 et
2334 2849 2392 2904 in
2433 2849 2634 2918 Deum,
2667 2850 2764 2920 qui
2811 2866 3072 2904 summus
3115 2852 3174 2903 et
3205 2865 3378 2904 verus
3421 2851 3502 2904 est
3545 2846 3812 2916 imperator,

2251 2943 2518 2998 Acacium
2545 2943 2977 3016 delinquentem
3003 2943 3402 3013 sinceramque
3421 2938 3813 2996 communionem

2253 3036 2430 3092 divini
2461 3038 2796 3094 sacramenti
2842 3038 3163 3093 studentem
3207 3037 3449 3092 miscere
3488 3051 3608 3090 cum
3641 3027 3816 3103 perﬁdis

2250 3135 2440 3185 sancta
2483 3131 2702 3202 synodo
2732 3147 2847 3202 qua
2877 3131 2998 3185 haec
3043 3134 3129 3185 est
3165 3130 3442 3185 damnata
3476 3126 3711 3200 perﬁdia;
3734 3135 3814 3175 non

2251 3225 2552 3295 oportebat
2579 3225 2843 3280 excludi?
2870 3224 3018 3290 Quid
3045 3241 3151 3296 per
3177 3226 3372 3279 totum
3400 3222 3667 3278 Orientem
3688 3217 3743 3271 de
3759 3215 3814 3268 in-

2250 3317 2503 3372 numeris
2533 3317 2764 3372 urbibus
2791 3317 2938 3388 pulsi
2981 3316 3240 3372 catholici
3283 3315 3588 3371 sacerdotes
3612 3317 3660 3367 et
3684 3310 3815 3365 hare-

2248 3411 2343 3466 tici
2373 3411 2699 3482 subrogati?
2725 3412 2920 3466 Nonne
2946 3415 3099 3466 certe
3131 3414 3298 3466 erant
3325 3425 3527 3476 causae,
3554 3412 3606 3462 et
3630 3405 3703 3460 his
3725 3417 3818 3456 con-

2249 3510 2554 3575 sequenter
2580 3521 2694 3560 una
2731 3505 2974 3576 synodus
3015 3503 3352 3559 debebatur.
3396 3504 3507 3558 Cur
3540 3505 3704 3555 tamen
3731 3508 3814 3550 non

2248 3597 2402 3652 venit
2428 3597 2487 3652 in
2513 3600 2789 3665 mentem,
2814 3601 2879 3653 ut
2905 3598 2964 3652 in
2993 3597 3198 3652 talibus
3224 3596 3411 3651 causis
3439 3597 3642 3666 peteret
3660 3608 3688 3645 a
3709 3588 3817 3661 prin-

2249 3691 2373 3763 cipe
2409 3693 2610 3746 saltem
2643 3693 3095 3764 qualemcunque
3132 3691 3420 3762 synodum
3463 3683 3816 3744 celebrandam,

2249 3793 2312 3840 ut
2337 3801 2675 3857 quocunque
2713 3786 2960 3842 colorato
2998 3785 3218 3856 judicio
3262 3782 3583 3840 traditionis
3614 3774 3817 3835 ecclesia-

2247 3879 2399 3934 stica
2418 3879 2629 3950 passim
2645 3879 2945 3951 pontiﬁces
2959 3877 3294 3934 viderentur
3321 3876 3548 3945 exclusi,
3560 3889 3662 3930 non
3677 3868 3817 3925 solum

2248 3989 2717 4044 quarumcunque
2735 3973 2965 4028 urbium
2981 3972 3328 4040 sacerdotes,
3349 3972 3450 4028 sed
3466 3958 3819 4037 metropolitani

2246 4066 2645 4123 incunctanter
2676 4067 2978 4123 antistites.
3007 4066 3100 4121 His
3126 4065 3398 4121 omnibus
3424 4080 3549 4120 cum
3575 4075 3678 4116 non
3696 4053 3817 4111 resti-

2246 4161 2318 4216 tit
2346 4160 2718 4233 suggestione
2740 4177 2852 4233 qua
2871 4159 3060 4232 potuit
3078 4160 3365 4215 consensit
3384 4157 3607 4214 Aeacius
3623 4163 3822 4209 commu-

2249 4253 2492 4310 nicando
2516 4254 2735 4310 cunctis
2764 4253 2865 4326 qui
2892 4253 3300 4309 catholicorum
3332 4253 3394 4308 in
3419 4253 3601 4308 locum
3625 4237 3819 4302 haeretici

2247 4349 2482 4404 fuerunt
2507 4347 2825 4419 subrogati.
2844 4349 3149 4420 Apostolus
3170 4352 3369 4402 autem
3391 4346 3542 4413 dicit,
3560 4359 3665 4399 non
3682 4337 3819 4393 solum

2251 4461 2278 4495 α
2305 4442 2403 4514 qui
2430 4441 2666 4512 faciunt,
2690 4440 2883 4515 240
2913 4441 3012 4497 sed
3040 4441 3138 4514 qui
3161 4439 3525 4496 consentiunt
3549 4429 3820 4493 facientibus

521 4539 825 4614 praesentia
860 4552 1190 4593 mensuram
1231 4534 1664 4606 dispensationis
1706 4534 1989 4607 religiosa:
2033 4551 2147 4590 non
2167 4543 2227 4616 ι)
2250 4536 2419 4606 (Rom.
2443 4553 2482 4603 1,
2500 4536 2608 4608 32),
2628 4557 2658 4586 »
2677 4552 2804 4592 reos
2821 4535 3215 4591 indubitanter
3235 4534 3466 4590 ascribi.
3483 4535 3565 4587 An
3587 4532 3692 4585 haec
3708 4521 3823 4580 licuit

519 4639 722 4691 mutat.
746 4633 837 4690 Sic
859 4634 1010 4688 clara
1029 4630 1165 4686 urbs
1186 4629 1284 4684 illa
1309 4632 1584 4700 potestate
1607 4629 1905 4700 praesentis
1924 4629 2152 4701 imperii

519 4729 780 4801 religiosa
821 4727 925 4782 sub
957 4726 1160 4782 eodem
1203 4729 1340 4779 tunc
1384 4722 1575 4792 ﬁrma,
1605 4725 1741 4778 tunc
1784 4723 1982 4792 libera,
2014 4727 2152 4778 tunc

521 4825 786 4896 provecta
816 4820 1086 4888 consistit,
1121 4819 1167 4873 si
1195 4817 1385 4889 potius
1413 4817 1522 4871 hoc
1547 4822 1828 4888 praesente
1857 4816 2152 4887 propriam

520 4919 717 4974 teneat
741 4915 860 4970 sine
889 4915 1005 4969 ulla
1031 4912 1458 4984 perturbatione
1484 4926 1835 4966 mensuram.
1867 4909 1978 4966 Sed
2003 4909 2152 4964 dica-

522 5017 616 5067 tur
633 5009 868 5065 forsitan
898 5010 969 5063 de
995 5005 1378 5062 Alexandrino
1407 5009 1466 5059 et
1488 5004 1866 5071 Antiocheno,
1889 5003 2056 5058 certis
2081 5020 2152 5059 ex

523 5105 707 5162 causis
751 5101 1068 5174 principem
1109 5099 1294 5170 magis
1335 5099 1431 5153 illa
1476 5114 1605 5169 quin
1659 5103 1816 5170 gesta
1857 5101 1991 5153 sunt
2035 5113 2150 5153 non

520 5200 786 5258 Acacium
815 5194 1164 5268 prmcepisse.
1193 5194 1300 5249 Sed
1328 5191 1574 5264 principi
1599 5191 1917 5248 Christiano
1951 5191 2154 5248 decue-

519 5301 608 5353 rat
632 5307 938 5366 suggerere
969 5289 1343 5357 sacerdotem,
1373 5286 1625 5341 maxime
1661 5303 1822 5366 cujus
1847 5285 2146 5341 familiari-

517 5393 635 5446 tate
657 5363 726 5446 etv
738 5363 930 5443 favore
957 5383 1268 5452 fruebatur,
1305 5381 1519 5436 salvam
1545 5379 1664 5434 fore
1691 5363 1761 5435 de
1794 5380 1917 5451 ejus
1940 5378 2152 5450 injuria

519 5482 972 5553 contumeliaque
988 5475 1316 5543 vindiciam,
1338 5477 1561 5528 tantum
1582 5475 1646 5527 ut
1662 5473 1920 5530 Ecclesiae
1942 5472 2152 5528 sineret

520 5577 872 5635 Christianus
901 5574 1167 5646 princeps
1191 5568 1420 5642 regulas
1444 5566 1736 5637 custodiri,
1764 5567 1899 5640 quia
1921 5569 1980 5623 et
2005 5582 2152 5622 nova

518 5671 578 5725 in
605 5667 850 5741 utroque
893 5666 1161 5740 pontiﬁce
1203 5677 1378 5719 causa
1411 5663 1561 5718 esset
1592 5663 1810 5730 exorta,
1843 5663 1902 5716 et
1943 5677 2151 5716 novam

522 5751 924 5818 discussionem
951 5759 1369 5830 consequenter
1393 5753 1726 5828 inquireret,
1750 5758 1809 5810 et
1830 5755 1974 5811 sicut
1997 5771 2148 5810 sem-

523 5869 627 5925 per
652 5859 798 5910 esset
835 5855 1097 5907 effectum
1127 5849 1462 5911 sacerdotali
1501 5847 1738 5906 concilio
1786 5849 1856 5906 de
1882 5849 2148 5908 sacerdo-

2250 4629 2504 4685 saeculari
2523 4629 2784 4700 potestati
2807 4635 2863 4685 et
2885 4629 3024 4684 actis
3043 4629 3248 4684 talibus
3272 4627 3479 4684 Acacio
3498 4618 3820 4681 consentiente

2251 4723 2464 4795 absque
2491 4723 2608 4778 ulla
2633 4723 2871 4795 synodo,
2892 4739 3066 4795 quam
3096 4723 3218 4794 ipsa
3243 4738 3442 4778 rerum
3462 4719 3665 4776 novitas
3677 4711 3819 4780 exige-

2249 4817 2345 4872 bat
2371 4816 2584 4888 absque
2615 4817 2765 4872 sedis
2797 4817 3124 4890 apostolicae
3150 4816 3566 4872 consultatione
3587 4805 3818 4884 perﬁcere.

2251 4915 2307 4966 et
2332 4909 2450 4965 sedi
2478 4911 2796 4982 apostolicae
2823 4927 2941 4966 non
2965 4911 3145 4978 licuit,
3168 4909 3484 4965 secundum
3510 4913 3738 4962 tenorem
3753 4911 3819 4965 sy-

2252 5005 2385 5060 nodi
2410 5005 2904 5073 Chalcedonensis,
2927 5005 2987 5060 in
3013 5004 3191 5060 veteri
3216 5003 3420 5075 utique
3452 5015 3612 5058 causa
3627 5000 3676 5052 et
3689 4986 3819 5047 veteri

2252 5099 2554 5154 constituto
2574 5100 2733 5170 justa
2757 5099 2956 5171 utique
2979 5097 3306 5155 deﬁnitione
3331 5097 3653 5152 damnatum
3676 5080 3818 5142 inimi-

2250 5193 2328 5248 cis
2352 5193 2552 5263 synodi
2567 5192 3050 5249 Chalcedonensis
3068 5192 3331 5249 Acacium
3363 5183 3820 5246 communicaan

2249 5303 2282 5340 a
2301 5303 2406 5342 sna
2425 5287 2830 5342 communione
2857 5287 3162 5358 depellere.
3191 5285 3319 5352 Sed,
3341 5285 3620 5356 inquiunt,
3640 5271 3819 5331 Aeacius

2249 5381 2598 5453 principibus
2638 5379 2870 5436 obviare
2912 5397 3030 5435 non
3065 5380 3270 5452 potuit,
3300 5395 3405 5434 cur
3439 5375 3698 5438 Basilisco,
3720 5361 3818 5438 quia

2248 5474 2423 5530 voluit
2445 5474 2709 5530 obviavit.
2733 5474 2846 5530 Cur
2869 5473 2976 5546 ipsi
3002 5473 3235 5541 Zenoni,
3263 5489 3334 5529 ne
3361 5472 3550 5544 palam
3573 5469 3716 5522 Petro
3733 5462 3816 5513 ΑΒ·

2250 5566 2535 5638 tiocheno,
2555 5568 2818 5641 quamvis
2832 5568 3079 5623 latenter
3092 5568 3196 5622 hoc
3221 5565 3440 5632 fecerit,
3462 5554 3816 5620 communicare

2247 5661 2560 5731 videretur,
2597 5679 2713 5718 non
2756 5660 3198 5718 communicavit
3240 5674 3554 5716 assensum.
3599 5655 3717 5710 Ecce

2251 5755 2483 5812 sultanti
2529 5773 2649 5812 non
2696 5757 2902 5813 restitit
2944 5757 3271 5828 imperator.
3314 5754 3458 5809 Ecce
3499 5751 3608 5806 vim
3648 5737 3815 5800 nolenti

2249 5866 2364 5904 non
2407 5849 2618 5907 intulit.
2661 5851 2796 5905 Ecce
2824 5849 3067 5920 fugienti
3100 5847 3364 5919 contagia
3408 5843 3690 5904 manifesta
3712 5844 3810 5890 con-
