4062 6188
232 299 336 347 969

1466 293 1934 350 DECRETALIUM
1972 292 2359 349 COLLEC-TIO.

3485 299 3585 348 970

225 401 410 454 cessit.
443 402 731 454 Postremo
768 416 868 454 cur
903 405 1060 455 tanto
1103 403 1364 472 tempore
1409 416 1542 456 cum
1571 401 1676 457 ista
1701 417 1858 473 gere-
1879 411 1938 486 Α
1957 399 2359 471 constringi,et
2373 399 2445 456 ob
2457 400 2564 456 hoc
2582 399 2764 456 videri
2777 415 2912 456 eum
2929 400 3204 456 nolebant
3223 396 3585 472 damnatum,

225 497 446 562 rentur,
479 493 566 548 lex
596 494 849 564 gerenda
885 499 1280 566 cognosceret,
1319 498 1378 549 et
1403 511 1522 550 non
1563 497 1636 551 ad
1663 497 1859 551 sedem

224 588 620 658 apostolicam,
642 604 674 641 a
693 603 808 658 qua
832 586 938 642 sibi
964 603 1158 642 curam
1180 588 1406 642 illarum
1436 590 1732 661 regionum
1753 607 1856 644 no-

224 685 390 736 verat
414 682 737 752 delegatam
765 682 979 736 referre
1007 683 1306 737 curaverit.
1337 683 1442 737 Sed
1472 683 1630 753 prius
1658 684 1857 738 lauda-

224 780 320 829 tor
362 775 543 829 factus
581 778 666 828 est
695 775 816 846 ipse
863 779 1172 846 gestorum,
1203 775 1337 846 quia
1362 776 1457 830 lex
1484 781 1862 846 praemoneret

224 868 366 922 talia
393 884 508 923 non
539 884 662 921 esse
682 868 951 922 tentanda
972 867 1059 922 vel
1079 883 1153 922 ne
1171 870 1529 927 tentarentur
1543 869 1856 938 obsisteret,

225 961 378 1016 sicut
393 960 496 1015 sub
512 961 774 1015 Basilisco
797 961 916 1031 jam
937 961 1164 1016 fecerat.
1189 962 1302 1017 Cur
1325 962 1434 1016 illis
1460 963 1679 1017 ueteris
1705 979 1858 1017 com-

227 1055 528 1109 municare
555 1054 861 1122 consensit,
891 1054 989 1125 qui
1017 1054 1267 1125 depulsis
1286 1055 1573 1111 catholicis
1594 1056 1856 1112 sacerdo-

222 1149 379 1203 tibus
405 1147 796 1202 indubitanter
820 1147 1074 1202 heretici
1102 1149 1342 1218 singulis
1369 1149 1608 1204 urbibus
1628 1150 1861 1204 fuerant

224 1241 538 1296 substituti.
567 1243 879 1310 Postremo,
921 1241 968 1295 si
1006 1241 1102 1296 ille
1151 1242 1332 1297 defuit
1357 1242 1470 1297 suis
1498 1243 1773 1314 partibus,
1803 1247 1860 1298 et

222 1350 358 1406 qua:
386 1334 662 1389 sacerdoti
689 1334 964 1390 catholico
987 1339 1402 1406 competerent,
1425 1351 1596 1406 agere
1625 1353 1740 1391 non
1756 1352 1856 1391 cu-

221 1428 396 1497 ravit,
428 1427 556 1482 ideo
582 1427 742 1483 sedes
777 1428 1085 1498 apostolica
1111 1428 1262 1500 quod
1291 1429 1361 1484 ad
1387 1444 1514 1484 eam
1543 1429 1862 1500 pertinebat

223 1537 348 1576 non
401 1521 607 1591 potuit,
655 1537 760 1575 nec
809 1521 1004 1576 debuit
1043 1522 1355 1592 praeterire.
1399 1523 1657 1586 Quolibet
1689 1523 1861 1578 modo

224 1614 630 1670 haereticorum
682 1615 1022 1685 complicem
1081 1615 1349 1670 refutavit
1415 1619 1473 1671 et
1534 1619 1859 1671 consortem

222 1706 646 1762 communionis
675 1711 927 1762 externis
973 1725 1007 1762 a
1032 1724 1133 1762 sua
1169 1709 1574 1766 communione
1601 1710 1856 1765 dimovit.

297 1802 412 1856 Nec
445 1817 588 1871 opus
617 1801 727 1855 fuit
753 1818 901 1856 nova
933 1802 1152 1873 synodo
1179 1819 1310 1857 cum
1339 1803 1544 1858 veteris
1571 1803 1861 1859 constituti
1879 1778 1937 1851 Β

224 1893 580 1950 sufﬁcienter
621 1895 742 1949 haec
783 1895 970 1950 forma
1012 1896 1424 1966 praescriberet,
1454 1913 1559 1951 nec
1589 1913 1731 1968 opus
1755 1897 1862 1952 fuit

225 1989 351 2042 haec
383 1987 640 2042 facienda
675 1988 952 2059 episcopis
998 1989 1244 2044 Orientis
1288 1989 1575 2057 intimare,
1621 2007 1762 2061 quos
1805 1995 1862 2046 et

224 2081 563 2152 expulsione
607 2081 1038 2149 catholicorum,
1072 2099 1201 2154 quae
1245 2083 1564 2154 agebantur
1599 2083 1660 2137 in
1696 2100 1862 2140 causa

223 2175 364 2230 ﬁdei
392 2191 507 2229 non
536 2175 822 2245 ignorasse
848 2176 1217 2231 manifestum
1237 2176 1327 2246 sit,
1357 2182 1413 2232 et
1432 2177 1860 2232 communican-

220 2269 301 2323 do
351 2267 627 2323 haereticis
672 2269 992 2339 subrogatis
1037 2269 1184 2324 facto
1224 2269 1324 2324 tali
1365 2271 1716 2325 consensisse
1744 2287 1860 2326 non

217 2362 464 2417 dubium
503 2366 607 2428 est,
654 2362 826 2416 etiam
867 2366 1118 2418 externae
1160 2363 1582 2418 communionis
1608 2364 1857 2432 effectos,

219 2461 401 2527 atque
435 2455 564 2510 ideo
597 2471 728 2509 cum
765 2456 848 2509 eis
884 2472 989 2510 nec
1011 2456 1134 2526 jam
1165 2459 1435 2527 potuisse,
1462 2472 1568 2512 nec
1597 2457 1860 2514 debuisse

217 2549 375 2604 sedis
420 2548 744 2620 apostolicae
769 2549 910 2604 scita
935 2550 1192 2605 tractari.
1239 2551 1378 2605 Ecce
1411 2556 1772 2621 agnoverunt
1800 2551 1859 2606 in

215 2658 427 2698 eorum
450 2642 820 2713 professione,
851 2643 950 2714 qui
971 2642 1428 2698 constantissime
1451 2644 1858 2715 perdurarunt,

216 2735 512 2808 quid‘fidei
531 2735 1044 2808 communionique
1064 2736 1356 2792 catholicae
1371 2737 1696 2794 deberetur.
1719 2739 1860 2794 Ecce

217 2834 607 2900 agnoverunt,
655 2829 1134 2900 quemadmodum
1189 2848 1224 2885 a
1275 2830 1481 2886 talibus
1518 2831 1858 2902 recedendo,

215 2923 346 2978 imo
363 2922 568 2978 talibus
587 2923 873 2978 contraria
888 2924 1192 2993 moliendo,
1206 2923 1362 2979 aﬁde
1384 2930 1440 2981 et
1455 2925 1860 2981 communione

216 3015 505 3072 catholica
517 3019 690 3088 atque
703 3017 1010 3088 apostolica
1023 3017 1264 3072 deviarit
1273 3018 1532 3087 Acacius,
1546 3034 1720 3091 seque
1731 3035 1862 3074 cum

213 3109 432 3166 eodem
456 3109 668 3181 pariter
701 3111 884 3166 errori
910 3110 1306 3167 subdiderunt.
1336 3113 1477 3167 Ecce
1504 3115 1861 3182 agnoverunt
1878 3145 1935 3222 Ο

214 3219 402 3275 quam
412 3203 583 3275 justis
607 3220 677 3259 ex
697 3204 881 3259 causis
895 3220 1000 3276 pro
1021 3204 1134 3260 ﬁde
1155 3209 1214 3260 et
1231 3205 1639 3261 communione
1658 3206 1857 3262 catho-

210 3296 331 3352 lica
354 3300 525 3368 atque
544 3296 874 3368 apostolica,
895 3298 986 3352 cui
1007 3303 1062 3353 et
1081 3297 1161 3352 illi
1184 3298 1284 3370 qui
1303 3299 1362 3352 in
1384 3315 1448 3354 ea
1467 3299 1856 3371 perstiterant,

213 3389 638 3460 congruebant,
660 3395 718 3446 et
735 3390 818 3446 illi
841 3390 938 3463 qui
959 3391 1343 3462 perstantibus
1363 3392 1667 3450 obviabant
1681 3393 1752 3447 ab
1773 3409 1859 3449 ea-

211 3485 356 3540 dem
373 3483 730 3539 docebantur
741 3483 912 3540 alieni
928 3485 1078 3540 sedis
1095 3485 1418 3556 apostolicae
1437 3486 1771 3542 auctoritate
1788 3487 1861 3542 sit

208 3581 476 3634 remotus
498 3577 753 3645 Aeacius,
776 3578 1014 3650 ejusque
1034 3578 1251 3649 pariter
1269 3579 1594 3651 quicunque
1616 3579 1855 3651 compli-

210 3688 310 3726 ces
345 3670 640 3738 exstiterit,
667 3673 839 3742 atque
864 3671 935 3725 ab
955 3671 1182 3727 illorum
1212 3673 1417 3728 merito
1437 3689 1568 3727 cum
1589 3672 1676 3728 his
1696 3689 1857 3728 com-

209 3763 503 3820 munione
525 3763 818 3834 discretus,
845 3782 879 3818 a
905 3780 1021 3837 qua
1053 3781 1112 3820 se
1140 3765 1260 3837 ipse
1288 3767 1543 3837 primum
1575 3782 1708 3821 cum
1742 3768 1858 3822 suis

210 3858 587 3914 consortibus
621 3858 912 3913 catholicis
949 3859 1314 3930 pontiﬁcibus
1347 3859 1718 3931 discrepando
1761 3877 1855 3916 co-

213 3952 521 4023 gnoscitur
541 3968 853 4022 separasse,
859 3953 1105 4024 jureque
1134 3953 1477 4008 sententiam
1496 3954 1591 4009 ille
1620 3955 1857 4010 damna-

209 4047 396 4102 tionis
418 4045 637 4116 excepit
655 4045 872 4100 caeteris
888 4047 1246 4101 consortibus
1262 4049 1745 4118 promulgandam
1763 4049 1860 4120 qui

209 4140 374 4195 solus
401 4156 506 4210 pro
526 4139 788 4194 omnibus
807 4139 921 4194 suis
934 4139 1357 4195 consortibusin
1374 4142 1778 4196 communione
1799 4159 1859 4197 se

205 4233 492 4290 recidisse
529 4232 785 4302 perﬁdiae
823 4233 895 4288 ad
931 4233 1299 4304 apostolicam
1330 4235 1526 4289 sedem
1557 4235 1744 4290 missis
1773 4240 1861 4291 est

207 4327 536 4400 professus.
553 4327 655 4381 Cui
675 4326 721 4380 si
737 4327 1300 4382 communicaverant
1313 4327 1635 4383 Orientales
1652 4329 1861 4400 episco-

207 4422 276 4493 pi
297 4424 614 4491 antequam
634 4420 947 4475 referretur
964 4421 1092 4489 huc,
1107 4420 1233 4491 pari
1243 4421 1443 4494 utique
1456 4426 1614 4477 reatu
1627 4422 1748 4477 sine
1761 4423 1861 4477 du-

1960 494 2092 566 quia
2118 511 2176 549 se
2205 494 2628 565 cognoscebant
2640 494 2700 548 in
2719 493 2924 550 eadem
2942 493 3398 566 praevaricatione
3419 495 3584 550 dam-

1958 564 2140 654 natos,
2171 587 2229 641 in
2251 564 2367 658 qua
2391 587 2557 642 hodie
2586 604 2822 642 manere
2852 564 3180 658 persistunt.
3211 587 3322 642 Sed
3349 587 3495 644 sicut
3526 588 3588 644 hi
3639 564 3655 583 ’

1959 681 2126 736 simili
2143 680 2468 736 conditione
2488 680 2778 735 constricti
2793 681 3127 752 complicem
3147 697 3314 735 suum
3326 697 3444 736 non
3461 698 3588 753 pos-

1959 779 2092 829 sunt
2115 774 2393 845 judicare,
2426 790 2542 828 non
2562 773 2695 844 jure
2720 773 3077 842 damnatum,
3099 789 3285 846 neque
3305 774 3388 830 rei
3415 791 3584 831 reum

1958 871 2198 939 possunt
2225 870 2616 938 competenter
2643 867 2935 922 absolvere
2956 867 3148 922 sic'ille
3161 868 3294 939 jure
3314 868 3585 940 praevari-

1959 965 2148 1016 catore
2167 961 2456 1027 damnato,
2485 959 2578 1015 isti
2603 976 2830 1032 quoque
2857 961 2976 1031 pari
3000 961 3196 1031 jacent
3225 961 3586 1017 damnatione

1959 1054 2246 1126 prostrati,
2264 1069 2454 1124 neque
2468 1053 2578 1107 nisi
2594 1053 2988 1124 resipiscentes
2998 1053 3132 1108 inde
3148 1058 3419 1125 poterunt
3429 1071 3587 1127 pror-

1960 1164 2053 1203 sus
2071 1147 2305 1217 absolvi,
2330 1147 2462 1218 quia
2491 1147 2635 1202 sicut
2665 1162 2770 1218 per
2798 1162 2979 1202 unum
3011 1147 3355 1202 scribentem
3386 1165 3586 1205 eorum

1961 1241 2220 1297 omnium
2237 1241 2464 1311 vulgata
2481 1241 2859 1311 transgressio
2882 1245 2968 1296 est
2996 1239 3093 1312 qui
3113 1240 3174 1294 in
3196 1241 3396 1296 eadem
3413 1243 3582 1313 perﬁ-

1960 1334 2069 1389 diae
2093 1334 2418 1389 reciderant
2445 1333 2752 1400 actionem,
2793 1333 2870 1388 sic
2906 1333 2965 1388 in
3002 1350 3181 1388 unum
3211 1335 3588 1408 eumdemque

1958 1427 2058 1499 qui
2081 1443 2182 1498 pro
2204 1427 2470 1482 omnibus
2490 1426 2788 1497 scripserat
2809 1427 2895 1482 vel
2926 1427 3226 1483 scribendo
3253 1427 3588 1499 prodiderat

1958 1521 2274 1576 voluntates
2296 1519 2746 1591 transgressione
2774 1520 2975 1591 punita
3005 1525 3340 1576 cunctorum
3363 1538 3492 1594 quae
3516 1523 3588 1578 ad

1957 1613 2388 1670 instructionem
2417 1618 2616 1669 vestrae
2643 1613 2957 1669 dilectionis
2976 1615 3063 1669 fas
3088 1615 3223 1670 satis
3247 1615 3590 1688 abundeque

1961 1707 2224 1763 sufﬁcere
2237 1707 2582 1779 judicamus,
2607 1707 2864 1778 quamvis
2893 1708 3091 1763 eadem
3109 1709 3295 1780 latius,
3328 1710 3377 1764 si
3395 1711 3587 1766 Domi-

1959 1818 2067 1856 nus
2121 1801 2462 1857 concesserit
2512 1801 2844 1856 facultatem
2898 1801 3230 1857 studeamus
3280 1819 3588 1875 exponere,

1961 1899 2241 1967 quatenus
2269 1901 2328 1950 et
2353 1894 2608 1950 ﬁdelium
2637 1894 2878 1966 quisque
2903 1899 3229 1966 cognoscat,
3275 1897 3418 1951 nihil
3450 1914 3587 1968 apo-

1961 1989 2212 2044 stolicam
2243 1988 2460 2057 sedem,
2494 1989 2648 2060 quod
2672 1988 2839 2056 absit,
2864 2005 3107 2060 propere
3130 1990 3436 2046 censuisse.
3453 1992 3590 2056 Quae

1961 2085 2155 2137 tamen
2184 2081 2464 2137 sententia
2493 2081 2553 2136 in
2589 2081 2790 2138 Acacio
2831 2082 3134 2152 destinata,
3177 2089 3233 2139 et
3269 2085 3317 2138 si
3351 2084 3589 2140 nomine

1958 2176 2357 2230 tantummodo
2385 2175 2648 2247 praesulis
2680 2176 2968 2246 apostolici
3011 2177 3170 2246 cujus
3199 2180 3321 2232 erat
3342 2183 3590 2250 utroque

1959 2269 2254 2340 potestatis
2284 2269 2539 2339 legitime
2565 2269 2838 2341 probatus
2865 2285 2984 2325 esse
3015 2269 3359 2342 deprompta
3384 2273 3588 2342 praeci-

1958 2379 2071 2435 pue
2115 2379 2247 2417 cum
2286 2363 2549 2418 secretim
2589 2362 2890 2434 dirigenda
2920 2363 3232 2431 videretur,
3264 2381 3338 2420 ne
3367 2367 3593 2421 ostensa

1958 2456 2171 2528 ubique
2195 2456 2494 2527 prmsentis
2521 2455 2814 2527 dispositio
2835 2456 3097 2512 salutaris
3119 2457 3467 2528 quibuslibet
3487 2459 3593 2514 dif-

1959 2549 2304 2605 ﬁcultatibus
2330 2549 2604 2620 impedita
2630 2549 3007 2606 necessarium
3036 2550 3246 2606 habere
3263 2568 3381 2606 non
3401 2557 3593 2623 posset

1961 2642 2245 2711 effectum,
2276 2648 2471 2698 tamen
2497 2644 2634 2714 quia
2654 2643 2983 2699 orthodoxis
3015 2643 3224 2716 ubique
3254 2644 3506 2717 disjectis
3535 2649 3594 2702 et

1959 2735 2239 2792 haereticis
2267 2737 2688 2806 tantummodo,
2737 2753 3052 2809 eorumque
3085 2738 3439 2794 consortibus
3469 2740 3593 2811 jam

1958 2829 2172 2886 relictis
2220 2830 2279 2885 in
2330 2830 2559 2886 Oriente
2602 2830 2865 2886 catholici
2907 2831 3203 2902 pontiﬁces
3237 2835 3336 2886 aut
3377 2832 3591 2889 residui

1959 2925 2192 2980 omnino
2222 2940 2337 2979 non
2364 2929 2571 2995 essent,
2602 2930 2701 2980 aut
2718 2925 2938 2980 nullam
2969 2929 3238 2997 gererent
3265 2925 3592 2984 libertatem

1958 3017 2343 3090 plurimorum
2370 3018 2429 3073 in
2461 3018 2623 3074 Italia
2648 3018 3061 3075 catholicorum
3100 3020 3474 3092 congregatio
3502 3037 3590 3076 sa-

1960 3111 2257 3167 cerdotum
2289 3111 2706 3167 rationabiliter
2735 3111 3004 3184 cognovit
3031 3113 3091 3168 in
3118 3114 3390 3169 Acacium
3419 3114 3593 3171 fuisse

1959 3206 2258 3277 prolatam.
2308 3205 2447 3270 Quae
2489 3205 2859 3277 congregatio
2906 3206 3055 3261 facta
3095 3207 3430 3277 pontiﬁcum
3472 3224 3592 3265 non

1959 3303 2156 3355 contra
2181 3299 2729 3367 Chalcedonensem,
2753 3304 3170 3372 non‘tanquam
3187 3317 3329 3356 nova
3346 3302 3594 3372 synodus

1958 3395 2158 3448 contra
2187 3396 2436 3448 veterem
2463 3393 2830 3464 primamque
2855 3393 3135 3462 convenit,
3163 3394 3260 3449 sed
3286 3394 3475 3465 potius
3503 3411 3591 3451 se-

1958 3486 2211 3542 cundum
2231 3490 2492 3541 tenorem
2521 3487 2728 3542 veteris
2749 3487 3039 3542 constituti
3057 3485 3342 3559 particeps
3361 3491 3590 3560 aposto-

1956 3580 2079 3634 licae
2108 3579 2486 3634 exsecutionis
2511 3579 2712 3635 effecta
2732 3583 2834 3648 est,
2865 3582 2927 3634 ut
2946 3580 3082 3635 satis
3109 3585 3386 3651 appareat
3411 3582 3592 3638 Eccle‘

1958 3674 2100 3728 siam
2121 3673 2436 3743 sedemque
2465 3673 2856 3744 apostolicam,
2895 3673 3028 3745 quia
3057 3673 3192 3728 alibi
3215 3674 3338 3744 jam
3358 3675 3591 3731 omnino

1958 3783 2073 3822 non
2101 3771 2293 3838 posset
2315 3767 2418 3820 ubi
2444 3767 2650 3838 potuit,
2700 3771 2757 3822 et
2800 3783 2932 3822 cum
2970 3767 3178 3838 quibus
3214 3768 3402 3838 potuit
3446 3769 3592 3824 nihil

1957 3861 2185 3932 penitus
2223 3858 2476 3915 omisisse
2519 3861 2672 3930 quod
2699 3860 2772 3914 ad
2798 3861 3121 3915 fraternum
3142 3861 3462 3932 pertineret
3486 3878 3591 3933 pro

1960 3955 2300 4010 intemerata
2338 3953 2451 4009 ﬁde
2481 3957 2539 4009 et
2566 3954 2790 4009 sincera
2819 3954 3223 4009 communione
3255 3959 3586 4011 tractatum.

1959 4049 2102 4114 Quid
2134 4065 2270 4119 ergo
2316 4048 2409 4102 isti
2447 4047 2760 4118 prudentes
2801 4047 2928 4102 viri.
2951 4053 3008 4104 et
3043 4049 3261 4120 argutis
3301 4049 3591 4105 mentibus

1958 4142 2132 4197 totius
2159 4140 2411 4213 regionis
2431 4142 2662 4196 interna
2687 4141 2962 4196 rimantes
2980 4141 3041 4196 in
3066 4141 3312 4197 Orientis
3331 4143 3590 4213 partibus

1959 4235 2272 4302 constituti,
2318 4235 2363 4289 si
2409 4237 2796 4306 cognoverunt
2839 4235 3168 4306 hujusmodi
3198 4252 3501 4307 personam
3530 4238 3590 4292 in

1958 4330 2309 4386 Antiochena
2337 4329 2581 4384 Ecclesia
2605 4329 2997 4384 constitutam.
3021 4329 3132 4385 Cur
3159 4330 3592 4385 communican-

1959 4425 2096 4478 dum
2120 4424 2327 4478 talibus
2355 4423 2649 4494 praabuere
2675 4439 3036 4478 consensum.
3064 4425 3176 4478 Cur
3192 4440 3309 4478 non
3329 4424 3478 4479 illico
3498 4441 3589 4479 re-

203 4515 317 4570 bio
343 4513 733 4585 probabantur
752 4513 982 4582 involvi,
994 4514 1237 4587 jureque
1256 4532 1362 4586 per
1381 4516 1544 4570 illum
1567 4519 1856 4587 trangres-
1878 4517 1937 4589 D
1960 4517 2382 4571 clamaverunt?
2405 4519 2518 4572 Cur
2536 4532 2650 4571 non
2673 4533 2731 4571 se
2755 4517 2851 4571 tali
2867 4516 3129 4586 contagio
3156 4517 3589 4584 submoverunt,

205 4608 400 4664 sionis
410 4607 754 4663 sententiam
772 4611 1172 4680 susceperunt,
1193 4611 1469 4681 tanquam
1482 4609 1614 4665 facti
1628 4626 1759 4665 cum
1773 4627 1861 4666 eo-
1960 4627 2091 4664 cum
2119 4609 2409 4664 evidenter
2431 4609 2792 4664 adverterent
2817 4609 2949 4664 ideo
2970 4607 3381 4664 Calendionem
3399 4609 3594 4680 depul—

207 4703 359 4757 dem
387 4701 802 4756 communionis
833 4704 1102 4757 externae.
1137 4701 1246 4766 Qui
1279 4703 1478 4774 utique
1504 4720 1619 4758 non
1643 4704 1862 4759 consuli
1962 4720 2110 4773 sum,
2140 4708 2201 4758 ut
2225 4702 2507 4757 haereticis
2533 4701 2884 4773 panderetur
2925 4700 3213 4756 introitus.
3267 4702 3451 4766 Quare
3498 4703 3592 4758 hic

203 4803 503 4866 tanquam
515 4795 1554 4868 nostraecommunionishominesjam
1567 4798 1858 4854 deberent.
1960 4797 2101 4852 nihil
2124 4797 2194 4852 de
2216 4797 2451 4869 synodo,
2474 4795 2617 4850 nihil
2642 4796 2711 4850 de
2742 4811 2824 4862 re,
2855 4794 2999 4850 nihil
3017 4795 3087 4849 de
3115 4795 3227 4850 ﬁde
3245 4796 3590 4865 Christiana,

204 4889 335 4946 Sed
372 4893 644 4959 tanquam
679 4888 738 4942 in
782 4889 1068 4944 contrario
1097 4889 1269 4960 positi
1298 4891 1582 4946 consortio
1605 4891 1858 4947 refutari.
1960 4891 2104 4946 nihil
2149 4891 2219 4946 de
2267 4906 2637 4962 personarum
2690 4889 3112 4944 examinatione
3155 4892 3489 4946 tractarunt.
3534 4890 3594 4947 Si

203 4983 270 5039 Si
307 4998 444 5036 vero
469 4998 585 5036 non
599 4983 1163 5039 communicaverant
1180 4987 1488 5056 antequam
1505 4986 1738 5040 Aeacius
1753 4987 1862 5040 huc
1961 5001 2094 5040 vero
2125 4984 2205 5039 illi
2249 5001 2308 5040 se
2335 4982 2726 5039 communioni
2750 4983 3068 5039 voluntarie
3099 4984 3494 5052 subdiderunt,
3523 4984 3593 5040 ab

203 5075 573 5143 referretur,
623 5080 681 5130 et
716 5076 1240 5131 communicantem
1279 5082 1478 5133 notare
1523 5078 1860 5147 debuerant,
1960 5079 2265 5150 apostolica
2305 5077 2436 5133 sede
2477 5082 2626 5133 certe
2672 5078 2916 5149 separati
2954 5084 3249 5134 suntcum
3280 5079 3507 5146 talibus,
3539 5081 3597 5133 et

202 5171 349 5242 ipse
375 5169 444 5223 de
472 5168 676 5224 eodem
703 5169 891 5240 potius
924 5170 1036 5226 huc
1069 5171 1304 5240 referre,
1339 5176 1512 5243 atque
1544 5171 1864 5243 apostolica
1961 5172 2113 5243 apud
2145 5172 2285 5226 tales
2327 5170 2372 5225 si
2400 5176 2546 5227 esset
2584 5171 2896 5227 necessarie
2921 5172 3045 5228 fieri
3071 5173 3226 5227 nulla
3251 5175 3443 5243 posset
3467 5186 3592 5225 om-

204 5263 378 5322 sedis
400 5262 592 5334 vigore
613 5264 938 5334 perculsum
957 5265 1165 5320 merito
1192 5264 1581 5337 comprobare.
1606 5266 1863 5337 Cumque
1960 5266 2099 5321 nino
2125 5265 2370 5336 synodus
2399 5265 2724 5337 provenire.
2756 5265 2918 5330 Quod
2944 5265 2990 5320 si
3019 5265 3318 5336 ignorasse
3342 5280 3400 5320 se
3431 5264 3590 5319 dixe-

205 5357 366 5414 sede
393 5356 702 5428 apostolica
733 5357 1018 5429 tantisque
1043 5357 1152 5413 illis
1175 5358 1536 5430 pontiﬁcibus
1571 5359 1752 5432 magis
1775 5362 1863 5414 te-
1963 5360 2096 5429 rint,
2127 5359 2308 5431 qualis
2331 5359 2392 5414 in
2418 5358 2718 5415 Antiochia
2744 5363 2876 5432 post
2900 5359 3305 5416 Calendionem
3329 5356 3596 5412 successit

200 5466 371 5510 nere
393 5450 786 5507 concordiam.
809 5451 917 5508 Sed
938 5451 1075 5523 quia
1093 5451 1164 5508 ab
1185 5468 1384 5508 eorum
1401 5453 1673 5508 societate
1690 5453 1866 5508 desci-
1964 5454 2219 5524 antistes,
2246 5453 2383 5526 quid
2412 5454 2654 5524 mirum,
2698 5453 2744 5508 si
2775 5453 2875 5526 qui
2902 5453 2964 5508 in
2990 5452 3222 5508 Oriente
3247 5451 3434 5522 positi,
3464 5466 3594 5522 quae

197 5547 454 5612 verant,
473 5548 532 5600 et
549 5561 747 5600 eorum
765 5545 1185 5602 successoribus
1201 5546 1625 5602 communicare
1641 5546 1865 5620 delega-
1964 5548 2024 5603 in
2051 5548 2283 5620 regione
2313 5564 2417 5604 sua
2434 5547 2784 5620 contigerint
2807 5547 2951 5602 scire
2981 5545 3359 5616 nequiverunt
3381 5548 3597 5617 eaquae

201 5641 382 5708 rant,
406 5637 538 5694 ideo
560 5655 692 5694 cum
711 5639 842 5695 sede
863 5639 1173 5712 apostolica
1191 5639 1427 5697 minime
1450 5641 1863 5713 congruebant,
1963 5641 2115 5713 apud
2138 5641 2507 5713 apostolicam
2537 5641 2728 5698 sedem
2755 5644 2916 5710 gesta
2935 5639 3165 5694 fuerant
3187 5637 3331 5694 scire
3356 5637 3595 5710 ignora-

199 5731 369 5807 quia
388 5732 451 5787 in
482 5739 695 5790 sectam
721 5733 1039 5790 residerant
1080 5734 1530 5807 praevaricatoris
1574 5735 1761 5792 Acacii
1803 5735 1867 5790 il-
1966 5739 2114 5791 rent.
2150 5735 2264 5791 Cur
2303 5737 2495 5791 tamen
2523 5739 2824 5806 postquam
2853 5731 2925 5788 ad
2952 5748 3152 5788 eorum
3180 5732 3441 5788 notitiam
3473 5748 3599 5804 per-

206 5830 344 5886 lius
371 5826 490 5884 sine
526 5827 699 5884 dubio
727 5828 1108 5901 providebant
1134 5829 1414 5886 sententia
1451 5834 1869 5902 consequenter
1967 5829 2139 5898 venit,
2170 5829 2357 5903 qualis
2383 5833 2532 5884 esset
2549 5827 2811 5884 sacerdos
2829 5826 2980 5896 apud
3006 5825 3364 5883 Antiochiam
3392 5827 3598 5883 consti~
