4062 6188
559 248 654 305 971

1447 249 1728 303 ΑΡΡΕΝΙ).
1769 249 1858 304 ΑΒ
1893 249 2053 305 SIEC.
2095 247 2164 302 IX

2269 274 2276 286 -
2315 248 2558 303 lSlDORl
2597 247 3022 303 MEBCATORIS
3713 267 3782 320 972

558 359 730 424 tutus,
763 370 880 410 non
902 355 1024 425 ejus
1050 354 1330 409 consortia
1353 359 1693 426 respuerant
1733 355 2023 412 continuo.
2067 356 2180 412 Cur
2199 365 2258 439 Α
2279 354 2533 410 dentiam
2563 371 2722 408 suam
2750 360 3112 427 mentemque
3137 372 3401 412 vesanam
3419 360 3638 418 inanibus
3651 370 3789 436 potius

554 448 968 504 excusationem
987 446 1058 502 de
1078 446 1419 519 ignorantia
1439 448 1626 503 colore
1641 449 2030 518 pratendunt,
2050 467 2181 506 cum

556 541 722 596 hodie
747 546 804 596 et
829 539 1134 595 manifesta
1169 540 1432 612 contagio
1462 540 1835 613 perﬁdorum,
1876 546 1932 597 et
1959 561 1991 597 a
2018 545 2182 598 nobis

551 633 755 705 sapius
776 633 1121 706 exprobrata
1134 638 1444 690 sectantur.
1468 634 1591 699 Quo
1615 635 1752 691 satis
1767 645 2022 707 apparet,
2047 638 2181 708 quia

553 744 657 784 nec
680 732 818 784 tunc
844 728 1099 800 quidem,
1128 728 1300 783 etiam
1319 728 1364 782 si
1383 735 1813 800 cognoscerent,
1845 731 2178 801 refutarent,

552 821 782 894 quando
808 839 960 878 nunc
989 822 1162 878 etiam
1194 822 1483 894 publicata
1508 839 1622 877 non
1651 828 1922 891 renuunt,
1951 841 2180 897 prorsus

550 918 610 972 in
629 916 944 989 quamlibet
961 934 1020 972 se
1037 921 1258 989 partem
1276 917 1808 989 excusationemque
1827 922 2177 990 convertant,

549 1010 849 1066 manifeste
870 1010 1110 1080 veritati,
1125 1009 1170 1064 si
1191 1010 1327 1066 talia
1345 1026 1473 1081 qua
1490 1010 1570 1065 eis
1591 1010 1957 1080 suifocantur,
1980 1017 2045 1068 ut
2065 1013 2180 1068 suis

554 1105 661 1176 ipsi
685 1104 873 1160 verbis
912 1104 1133 1176 possint
1168 1103 1502 1175 actibusque
1539 1105 1820 1172 concludi,
1843 1122 1945 1161 nec
1965 1107 2074 1161 nisi
2094 1124 2179 1162 so-

548 1200 666 1254 lam
681 1197 993 1270 perniciem
1008 1197 1307 1253 obstinata.
1320 1197 1572 1268 perfidia
1585 1198 1875 1254 residuum
1886 1200 2175 1256 ventilare.

619 1293 748 1347 Hae
785 1295 977 1348 autem
1024 1308 1152 1364 qua
1195 1291 1264 1347 de
1309 1291 1654 1348 Calendione
1697 1294 2006 1348 venerabili
2029 1294 2180 1350 dicta

547 1392 699 1455 sunt,
731 1389 789 1441 et
816 1385 875 1441 in
904 1386 1134 1441 Joannis
1165 1385 1525 1441 Alexandrini
1548 1386 1891 1441 conveniunt
1917 1392 2070 1442 certa
2097 1405 2180 1443 ra-

547 1480 700 1535 tione
728 1496 1056 1552 personam,
1085 1480 1201 1534 imo
1225 1479 1271 1533 si
1301 1495 1470 1534 causa
1497 1480 1695 1534 eadem
1728 1481 1894 1535 latius
1920 1481 2174 1554 inquira-

547 1578 658 1641 tur,
689 1577 859 1629 tanta
885 1573 998 1629 illic
1030 1573 1348 1644 tragoedia,
1383 1573 1528 1628 tanti
1549 1573 1914 1644 reperiuntur
1933 1591 2175 1645 errores,

544 1673 610 1722 ut
636 1667 680 1722 si
713 1667 819 1739 ipsi
846 1671 979 1722 sunt
1001 1667 1224 1738 judices
1268 1667 1366 1738 qui
1416 1667 1538 1722 hac
1583 1670 2003 1739 perpetrarunt,
2047 1686 2175 1724 cum

2280 447 2483 502 fabulis
2511 448 2702 502 celare
2723 449 2968 504 letaliter
2989 466 3161 520 quam
3183 451 3450 522 perdendo
3471 457 3789 517 medicinaliter

2282 558 2480 597 sanare
2510 542 2901 597 contendant?
2932 543 3082 598 Nihil
3102 544 3254 598 enim
3275 545 3419 599 vobis
3435 564 3679 606 commune
3698 572 3788 610 cum

2280 635 2610 690 hominibus
2645 637 3062 691 communionis
3101 644 3362 694 externa.
3399 640 3509 694 Ideo
3544 650 3720 700 vocatur
3739 650 3789 702 ad

2272 728 2554 798 judicinm
2576 733 2794 784 certum
2816 746 3168 802 quacunque
3189 748 3439 802 persona,
3460 739 3601 789 utaut
3615 738 3792 794 fateatur

2281 822 2520 894 objecta,
2542 827 2641 877 aut
2667 823 3036 878 convincatur
3055 825 3308 896 objectis.
3331 828 3447 880 Post
3473 830 3790 888 confessionem

2280 932 2448 986 porro
2470 916 2784 971 litterarum
2809 921 3008 973 tenore
3029 917 3388 990 deprompto,
3412 937 3500 975 cur
3517 923 3577 976 ad
3588 924 3792 993 judicium

2279 1013 2574 1064 vocaretur
2615 1011 2848 1081 Aeacius
2878 1012 2976 1082 qui
3005 1029 3066 1066 se
3101 1012 3384 1067 confessus
3404 1021 3480 1068 est
3505 1016 3652 1084 Petro,
3672 1034 3791 1087 quem

2278 1103 2422 1172 petit
2447 1119 2479 1156 a
2507 1103 2655 1158 sedis
2679 1104 3006 1174 apostolica
3051 1106 3425 1176 praceptione
3449 1107 3665 1163 damnari
3683 1127 3790 1164 com-

2279 1195 2552 1251 munione
2584 1197 2845 1265 sociasse,
2890 1214 2993 1252 nec
3028 1199 3079 1252 ei
3111 1199 3232 1268 jam
3276 1199 3423 1254 credi
3451 1204 3661 1255 externa
3685 1219 3792 1256 com-

2276 1289 2564 1344 munionis
2591 1290 2806 1357 effecto,
2835 1291 2920 1346 vel
2951 1307 3052 1361 pro
3083 1308 3204 1355 sua,
3250 1293 3334 1346 vel
3379 1310 3472 1363 pro
3521 1310 3698 1361 eorum,
3737 1297 3796 1350 vel

2278 1399 2382 1452 pro
2425 1383 2577 1437 Petri
2605 1383 2935 1438 defensione
2957 1385 3080 1455 jam
3111 1389 3318 1454 posset,
3357 1386 3503 1456 cujus
3539 1405 3588 1440 se
3610 1387 3796 1456 superius

2278 1475 2582 1531 miscuerat
2629 1477 2873 1531 nefando
2927 1478 3230 1532 consortio.
3284 1480 3595 1550 Feceratque
3630 1496 3675 1534 se
3707 1497 3796 1533 cum

2279 1569 2400 1640 ejus
2427 1587 2592 1624 causa
2617 1569 2738 1624 sine
2769 1570 3117 1625 dubitatione
3141 1588 3513 1638 communem,
3544 1572 3620 1626 cui
3652 1574 3798 1626 exami-

2278 1663 2507 1719 natione
2533 1663 2826 1734 pramissa
2847 1666 2904 1718 et
2930 1665 3185 1734 legitima
3205 1671 3370 1733 esset,
3401 1666 3443 1719 si
3462 1667 3529 1720 ita
3545 1667 3799 1736 purgatione

545 1761 840 1818 evidenter
873 1761 1088 1817 fuerint
1123 1761 1416 1826 confutati,
1445 1779 1478 1815 α
1515 1777 1618 1816 sua
1653 1761 2023 1817 damnatione
2060 1780 2176 1818 non
2201 1734 2255 1806 Β
2279 1763 2539 1828 suscepta
2557 1757 2895 1828 regulariter
2912 1758 3270 1814 misceretur.
3295 1759 3402 1814 Sed
3419 1776 3536 1813 cum
3553 1760 3710 1813 eodem
3725 1775 3798 1811 non

543 1856 697 1911 enim
715 1855 1253 1927 temperent.Ta1em
1275 1854 1430 1909 enim
1449 1854 1561 1909 illic
1576 1861 1884 1926 antequam
1902 1861 2180 1912 monstra-

545 1955 636 2005 tur
667 1949 812 2004 nihil
839 1949 994 2004 aliud
1027 1966 1202 2020 quam
1232 1948 1529 2020 quasitam
1554 1965 1776 2003 causam
1811 1951 2179 2020 quemadmo-

545 2043 682 2098 dum
701 2043 975 2098 catholico
993 2043 1374 2113 qualicunque
1391 2041 1644 2112 deposito
1656 2043 1945 2113 pontiﬁce,
1962 2043 2178 2100 hareti-

543 2153 607 2191 eo
629 2139 792 2192 Petro
807 2138 1158 2191 reseraretur
1174 2151 1450 2190 accessus.
1473 2137 1631 2190 Nunc
1647 2135 1798 2191 istud
1814 2153 1983 2193 nemo
1997 2139 2177 2193 discu-

548 2230 723 2284 tiebat
742 2230 1024 2300 synodum
1058 2245 1226 2283 nemo
1253 2228 1540 2299 poscebat,
1571 2229 1779 2299 passim
1803 2231 1996 2285 omnia
2019 2232 2174 2287 licito

546 2323 668 2378 ﬂeri
699 2341 733 2378 a
759 2323 1196 2396 quibuscunque
1224 2322 1581 2390 videbantur,
1615 2323 1836 2378 nullum
1868 2324 2175 2381 discrimen

546 2432 760 2487 rerum,
797 2417 952 2472 nulla
981 2416 1331 2472 examinatio
1353 2416 1752 2487 postulabatur
1777 2419 2056 2488 Ecclesia,
2079 2422 2176 2475 sed

547 2515 711 2584 prout
742 2511 1048 2584 unicuique
1087 2511 1335 2566 venisset
1363 2511 1424 2565 in
1458 2514 1733 2578 mentem,
1767 2512 1834 2567 de
1862 2513 1989 2567 ﬁliis
2019 2513 2173 2568 urbi-

543 2606 646 2660 bus
669 2605 960 2661 catholicis
989 2604 1310 2676 pellebatur
1335 2605 1654 2676 episcOpus,
1692 2622 1810 2660 non
1838 2607 2020 2662 solum
2051 2623 2173 2662 me-

539 2699 931 2770 tropolitanus,
960 2699 1061 2753 sed
1091 2698 1264 2753 etiam
1292 2699 1473 2752 tertia
1503 2704 1559 2752 et
1584 2700 1849 2754 secunda
1893 2700 2042 2754 sedis
2067 2717 2172 2754 an-

539 2792 716 2846 tistes.
747 2793 808 2846 ln
859 2792 946 2846 his
993 2793 1152 2846 nulla
1185 2809 1378 2846 rerum
1409 2791 1765 2863 investigatio
1796 2794 2172 2863 quarebatur,

540 2884 696 2939 nulla
720 2885 981 2940 facienda
1009 2885 1245 2939 consilia
1272 2885 1682 2951 tractabantur,
1718 2885 2177 2957 subrogabantur

545 2978 816 3046 haretici,
848 2993 1019 3033 nemo
1047 2977 1375 3044 resultabat,
1406 2978 1504 3031 sed
1527 2978 1680 3032 velut
1707 2985 1869 3034 muta
1890 2997 2095 3050 pecora
2113 2981 2172 3035 in

2277 1852 2532 1922 legitime
2561 1852 2807 1906 discusso
2831 1855 2999 1923 atque
3027 1856 3269 1923 purgato
3291 1853 3657 1908 communione
3677 1851 3798 1905 socia-

2277 1952 2388 2015 tus,
2419 1963 2593 2018 quam
2623 1945 2808 1999 adhuc
2825 1962 2918 2000 reo
2946 1962 3003 2000 se
3033 1946 3279 2014 miscuit,
3302 1953 3412 2002 tam
3435 1963 3526 2017 pro
3545 1946 3707 2000 eodem
3724 1961 3800 1999 non

2277 2039 2474 2095 habuit
2497 2039 2768 2110 loquendi
2808 2038 3094 2094 ﬁduciam.
3137 2041 3279 2094 Nam
3319 2041 3536 2096 Aeacius
3570 2057 3676 2093 cum
3698 2037 3802 2092 nullo

2277 2132 2574 2204 privilegio
2605 2132 2922 2199 fulciretur,
2956 2137 3016 2186 ut
3041 2134 3109 2187 de
3137 2135 3385 2188 secunda
3404 2133 3524 2188 sede
3543 2139 3690 2203 posset
3705 2131 3802 2184 ferre

2271 2227 2573 2297 judicium,
2596 2226 2779 2296 potuit
2790 2227 2922 2296 jure
2951 2226 3210 2281 damnari
3231 2227 3402 2282 simili
3427 2227 3600 2290 modo,
3625 2224 3707 2279 nisi
3724 2224 3803 2295 pri-

2276 2338 2386 2374 ma
2435 2320 2584 2375 sedis
2633 2321 2972 2375 auctoritate
3019 2324 3320 2392 percepta,
3378 2337 3478 2376 nec
3531 2317 3806 2374 examinandi

2276 2414 2427 2468 Petri
2441 2414 2536 2484 jus
2557 2414 2779 2481 habuit,
2808 2431 2910 2467 nec
2942 2414 3251 2485 recipiendi
3283 2415 3502 2486 penitus
3528 2414 3805 2485 potestatem.

2275 2509 2415 2572 Quia
2444 2507 2779 2577 regulariter
2807 2508 3076 2574 constitit,
3111 2525 3214 2562 nec
3253 2509 3408 2580 apud
3447 2524 3542 2562 nos
3563 2509 3694 2561 Petro
3711 2503 3806 2556 ulla-

2278 2605 2441 2656 tenus
2469 2601 2726 2656 absoluto
2751 2618 2923 2672 quem
2951 2603 3247 2657 damnasse
3279 2620 3382 2657 nos
3408 2602 3642 2656 novimus
3656 2595 3808 2652 exami-

2278 2711 2437 2749 nasse
2457 2695 2542 2749 vel
2568 2695 2866 2750 absolvisse
2889 2696 3187 2750 nescimus.
3215 2697 3409 2751 Restat
3430 2699 3485 2750 ut
3501 2694 3621 2748 illud
3636 2692 3810 2746 demon-

2276 2792 2522 2843 stremus
2551 2790 2818 2844 eumdem
2841 2791 3070 2844 Petrum
3103 2806 3279 2861 quem
3314 2807 3375 2844 se
3406 2795 3677 2860 purgatum
3702 2799 3812 2838 com-

2276 2883 2548 2938 munione
2575 2883 2851 2954 recepisse
2872 2883 3185 2955 pratendit
3223 2885 3472 2950 Aeacius,
3505 2895 3748 2950 nunquam
3767 2876 3813 2929 ab

2274 2977 2556 3032 haretica
2577 2977 3004 3032 communionis
3021 2978 3367 3047 contagione
3386 2992 3628 3040 cessasse,
3644 2984 3816 3026 necnon

539 3072 866 3144 captionem
886 3072 1075 3140 ducta,
1106 3071 1347 3126 subditis
1369 3071 1746 3126 voluntatibus
1766 3073 2065 3144 perﬁdiam
2087 3092 2171 3130 se-
2197 3102 2251 3176 Ο
2277 3070 2596 3141 solumipso
2609 3076 2866 3141 tempore
2881 3087 2992 3141 quo
3007 3086 3194 3125 comm
3204 3067 3816 3126 unicaviteiAcaciussem-

539 3166 857 3233 ctabantur,
879 3181 997 3220 non
1010 3165 1223 3220 mirum
1243 3165 1494 3237 quidem,
1517 3166 1730 3220 sinunc
1751 3183 1848 3222 eos
1869 3168 2175 3225 defendere

543 3259 866 3327 moliantur,
889 3275 1134 3330 quorum
1151 3259 1522 3314 indiscussam
1539 3276 1571 3314 a
1582 3261 1789 3316 sanctis
1800 3263 2083 3317 mentibus
2095 3279 2176 3319 se-

538 3351 651 3408 cuti
683 3356 816 3407 sunt
834 3353 1134 3407 vilitatem.
1159 3353 1269 3409 Sed
1289 3353 1565 3408 miramur
1583 3370 1685 3408 cur
1706 3371 1804 3409 eos
1824 3337 1941 3410 n'on
1962 3356 2176 3427 pudeat

540 3447 596 3501 in
624 3445 864 3502 istorum
893 3447 1266 3502 damnatione
1291 3447 1360 3501 de
1389 3447 1602 3518 synodo
1623 3464 1734 3502 non
1757 3449 1906 3503 facta
1932 3451 2171 3518 causari,

537 3557 667 3595 eum
683 3540 864 3595 sciant
875 3544 958 3595 tot
973 3543 1277 3612 tantosque
1292 3541 1586 3611 pontifices
1603 3541 1761 3596 nulla
1774 3543 1991 3613 synodo
2002 3543 2173 3599 fuisse

537 3634 823 3705 depulsos,
841 3633 898 3688 in
912 3633 1150 3688 istorum
1168 3633 1538 3703 rejectionem
1555 3635 1602 3688 si
1621 3635 1689 3689 de
1710 3651 1821 3690 non
1837 3635 1976 3691 inito
1994 3638 2174 3692 conci-

539 3727 610 3782 lio
622 3731 1045 3799 conquerentur
1055 3732 1400 3799 cognoscant.
1419 3744 1607 3797 se,cur
1625 3745 1743 3783 non
1761 3729 1936 3784 ethoc
1952 3730 2009 3784 in
2030 3731 2168 3786 alio-

539 3837 664 3876 rum
685 3821 996 3892 rejectione
1012 3820 1396 3892 quasiverunt
1411 3822 1683 3876 accusari.
1709 3822 1768 3877 Si
1783 3839 1917 3878 vero
1939 3823 1995 3878 in
2009 3827 2172 3879 eate-

534 3931 727 3970 rorum
753 3914 1062 3986 rejectione
1082 3915 1318 3969 concilia
1335 3916 1646 3970 necessaria
1671 3933 1785 3970 non
1799 3917 2050 3984 fuerunt,
2067 3934 2170 3973 nec

535 4011 591 4064 in
613 4009 733 4064 istis
757 4009 1071 4064 necessaria
1090 4008 1262 4064 fuisse
1288 4013 1657 4079 cognoscant.
1678 4012 1759 4064 An
1780 4009 1839 4064 in
1863 4011 2166 4066 catholico-

534 4119 664 4158 rum
680 4102 999 4172 dejectione
1022 4117 1137 4155 non
1161 4101 1265 4155 fuit
1282 4118 1443 4173 opus,
1469 4108 1524 4157 et
1548 4103 1655 4158 fuit
1673 4120 2018 4175 magnopere
2031 4121 2168 4159 eon-

536 4195 812 4265 gregandi
824 4195 883 4250 in
899 4194 1348 4266 pravaricatoris
1359 4195 1728 4251 damnatione
1750 4198 2010 4252 confessi.
2024 4199 2168 4262 Quid

533 4287 708 4358 igitur
724 4291 922 4354 restat,
951 4287 1058 4342 nisi
1081 4290 1144 4342 ut
1163 4287 1357 4343 dicant
1376 4288 1674 4344 hareticos
1696 4307 1810 4345 non
1833 4290 2023 4346 fuisse.
2047 4293 2168 4347 Non

532 4397 670 4453 ergo
694 4381 763 4436 de
780 4381 998 4453 synodo
1021 4386 1465 4452 conquerantur,
1491 4383 1590 4454 qui
1612 4400 1669 4438 se
1693 4385 1887 4455 palam
1906 4401 2165 4440 commu-

2275 3181 2381 3237 per
2392 3164 2840 3219 Alexandrinum
2853 3167 3100 3233 Petrum,
3117 3170 3173 3218 et
3184 3165 3242 3218 in
3259 3165 3638 3221 hareticorum
3648 3156 3816 3225 mllegio

2272 3259 2609 3330 perdurasse
2649 3261 2819 3329 atque
2855 3258 2935 3312 ita
2968 3264 3025 3313 et
3058 3275 3160 3329 per
3193 3259 3350 3314 hunc
3381 3258 3626 3314 Acacium
3652 3249 3815 3324 perﬁda

2273 3351 2687 3408 communionis
2712 3351 3019 3430 suscepisse
3048 3352 3399 3424 contagium,
3431 3356 3486 3407 et
3509 3367 3600 3422 per
3623 3344 3818 3403 eamdem

2272 3445 2381 3499 illis
2431 3445 2734 3512 haereticis,
2789 3444 2993 3516 quibus
3042 3447 3241 3499 Petrus
3301 3442 3713 3500 communicabat
3752 3452 3817 3489 ea-

2274 3539 2407 3593 dem
2455 3543 2613 3609 peste
2640 3539 2983 3594 convietum.
3012 3539 3119 3606 Qui
3149 3539 3512 3610 praesumpsit
3535 3553 3635 3591 non
3659 3535 3818 3588 servato

2273 3631 2473 3687 ordine
2498 3633 2728 3687 Petrum
2749 3632 3033 3704 suscipere
3060 3649 3166 3687 nec
3193 3634 3578 3688 examinatum
3602 3643 3727 3690 eum,
3750 3636 3820 3676 nec

2272 3726 2600 3797 agnoscitur
2620 3726 2896 3798 recepisse
2928 3731 3263 3797 purgatum,
3288 3733 3346 3782 et
3371 3727 3493 3781 ideo
3517 3727 3696 3795 prater
3718 3715 3822 3772 sedis

2272 3819 2594 3890 apostolica
2621 3820 2931 3887 licentiam,
2964 3837 3083 3875 non
3105 3821 3424 3891 legitimam
3463 3819 3561 3874 sibi
3589 3818 3689 3886 ejus
3710 3825 3820 3866 rece-

2271 3913 2527 3984 ptionem
2546 3930 2823 3984 usurpare
2843 3914 3106 3981 voluisse,
3129 3920 3190 3969 ut
3210 3914 3670 3970 examinationem
3686 3907 3776 3978 ejus
3787 3905 3824 3956 et

2269 4006 2667 4078 purgationem
2687 4013 2877 4078 posset
2896 4025 2999 4079 pro
3021 4025 3123 4062 sua
3146 4009 3439 4064 voluntate
3457 4004 3682 4067 mentiri,
3701 4004 3821 4068 atque

2269 4117 2400 4157 eum
2427 4118 2530 4156 nec
2558 4101 2968 4171 examinatum,
2998 4120 3103 4158 nec
3131 4104 3417 4175 reciperet
3437 4100 3653 4158 omnino
3670 4107 3822 4168 purga‘

2268 4199 2410 4250 tum.
2426 4197 2604 4260 Quem
2618 4195 2662 4250 si
2679 4197 3050 4252 reveravellet
3065 4199 3463 4252 examinatum
3481 4196 3823 4268 purgatumque

2269 4289 2540 4360 recipere,
2561 4289 2820 4344 ordinem
2843 4291 2901 4344 in
2922 4289 3047 4360 ejus
3063 4291 3488 4346 examinatione
3501 4307 3562 4343 ac
3579 4281 3826 4354 receptume

2267 4383 2450 4453 potius
2461 4383 2812 4449 custodisset,
2829 4385 2928 4438 sed
2949 4389 3011 4438 ut
3027 4384 3316 4440 videretur
3340 4385 3525 4455 magis
3541 4394 3690 4453 quam
3710 4387 3822 4427 vera-

533 4475 721 4532 nionis
741 4479 990 4530 externa
1011 4474 1321 4548 perhibent
1339 4478 1665 4533 sectatores.
1681 4478 1793 4532 Cur
1811 4495 1948 4550 ergo
1967 4479 2048 4534 eis
2067 4497 2160 4552 sy-
2182 4478 2240 4549 Ι)
2265 4477 2403 4532 citer
2431 4482 2577 4532 esset
2598 4478 2728 4548 jure
2759 4479 3073 4550 prorogari.
3095 4480 3247 4534 Sicut.
3273 4497 3416 4550 ergo
3440 4482 3567 4532 ante
3592 4490 3690 4529 non
3716 4466 3827 4540 prin5

531 4571 710 4626 nodus
724 4570 1042 4626 necessaria
1056 4569 1227 4625 fuisse
1242 4569 1631 4642 videatur,qui
1644 4589 1703 4626 se
1716 4576 1917 4628 contra
1929 4573 2163 4629 Chalce-

533 4665 848 4720 donensem
865 4665 1142 4737 synodum
1155 4664 1349 4720 venire
1361 4667 2166 4736 cognoscunt.QuidEutiehia-

528 4772 803 4812 nuserror
815 4774 946 4812 cum
961 4758 1077 4812 suis
1095 4758 1423 4813 auctoribus
1445 4759 1733 4830 generalis
1751 4759 2012 4814 Ecclesia
2031 4777 2164 4816 voce

526 4850 831 4906 damnatus
860 4857 961 4906 est.
997 4852 1106 4905 Nec
1133 4852 1372 4907 dubium
1396 4853 1549 4924 quod
1574 4853 1719 4907 sicut
1741 4853 1803 4907 in
1823 4870 2162 4926 unaquaque

529 4944 748 5010 haresi,
766 4945 921 5017 quod
948 4945 1363 5001 incessabiliter
1385 4947 1762 5018 repetendum
1785 4952 1888 5015 est,
1911 4949 2042 5019 quia
2064 4948 2162 5004 tir-

526 5054 685 5092 inum
719 5054 838 5093 esse
880 5038 1072 5093 nullus
1109 5038 1352 5111 ambigit
1379 5040 1752 5108 Christianus,
1794 5058 1990 5097 omnes
2011 5059 2162 5097 com-

525 5131 696 5201 plices
751 5135 1054 5187 sectatores
1093 5135 1608 5190 communicatores
1655 5135 1946 5191 damnata
1987 5138 2162 5193 semel

523 5226 821 5296 pravitatis
847 5226 972 5299 pari
1001 5229 1154 5282 sorte
1195 5232 1519 5283 censentur.
1565 5229 1813 5302 Ideoque
1856 5230 1927 5284 sit
1957 5247 2158 5285 conse-

521 5336 723 5390 quens,
773 5327 841 5376 ut
872 5321 1017 5376 sicut
1049 5320 1385 5377 Timotheus
1412 5325 1584 5394 atque
1617 5324 1816 5378 Petrus
1847 5324 2043 5379 talium
2068 5341 2158 5378 se-

520 5417 765 5470 ctatores
793 5415 1108 5470 secundum
1144 5414 1294 5470 illius
1335 5416 1536 5486 synodi
1580 5419 1840 5471 tenorem
1887 5417 2041 5471 nulla
2070 5433 2155 5473 re-

519 5508 669 5563 centi
693 5509 848 5564 facta
878 5509 1213 5581 pontiﬁcum
1243 5511 1689 5582 congregatione
1716 5511 1970 5566 damnati
2003 5515 2154 5582 sunt,

520 5599 599 5654 sic
623 5604 682 5655 et
708 5603 878 5658 Petro
905 5601 1039 5675 quia
1061 5602 1504 5658 communicavit
1528 5604 1781 5671 Aeacius,
1812 5608 1874 5660 ut
1903 5605 2158 5660 criminis

519 5691 820 5764 particeps,
861 5695 941 5751 ita
981 5712 1210 5750 consors
1235 5695 1307 5750 sit
1343 5696 1524 5751 factus
1550 5703 1605 5752 et
1632 5714 1834 5768 pana.
1868 5698 2011 5762 Quid
2043 5698 2154 5769 igi-

516 5783 607 5835 tur
633 5785 970 5855 ambagibus
1005 5792 1061 5844 et
1086 5788 1312 5844 nebulis
1347 5790 1449 5844 ista
1485 5794 1826 5861 praetexunt,
1873 5795 1933 5846 ut
1961 5791 2148 5863 impu-

2267 4571 2576 4640 damnavit,
2598 4588 2773 4643 quam
2794 4576 2851 4626 et
2871 4573 3110 4628 referret
3140 4577 3198 4628 et
3224 4578 3484 4644 posceret
3511 4571 3576 4624 ab
3591 4560 3826 4639 apostolica

2269 4669 2539 4735 potestate
2597 4666 3009 4733 damnandum,
3060 4667 3138 4721 sic
3183 4671 3240 4720 et
3278 4665 3605 4738 recipiendo
3649 4655 3827 4715 modum

2266 4773 2489 4812 servare
2528 4757 2833 4828 debuisset,
2880 4765 2946 4814 ut
2987 4761 3317 4832 priusquam
3341 4779 3402 4816 se
3437 4761 3488 4815 ei
3507 4745 3824 4813 communioni

2266 4851 2530 4906 misceret
2545 4869 2649 4924 per
2670 4853 2865 4908 sedem
2887 4855 3257 4924 apostolicam
3296 4856 3559 4926 posceret
3585 4837 3828 4904 examina!"l

2265 4961 2416 5012 eum,
2459 4951 2513 5001 et
2545 4946 2801 5018 legitima
2833 4947 3055 5002 ratione
3096 4949 3351 5020 purgari,
3395 4964 3525 5002 cum
3553 4959 3646 4998 nec
3671 4930 3825 4993 exami-

2265 5040 2441 5094 nandi
2506 5045 2603 5094 aut
2672 5041 2982 5112 recipiendi
3057 5059 3193 5097 eum
3243 5043 3486 5097 haberet
3536 5041 3646 5110 ipse
3690 5026 3822 5104 ponu-

2264 5134 2480 5202 ticium,
2545 5140 2600 5190 et
2650 5135 2877 5190 nonnisi
2939 5152 3042 5206 per
3093 5136 3243 5191 illius
3296 5136 3454 5191 sedis
3501 5129 3826 5188 auctoritatem

2264 5226 2445 5300 241
2488 5244 2944 5300 consensumque
2967 5230 3072 5285 hoc
3094 5236 3278 5301 posset
3296 5231 3565 5302 implere,
3592 5226 3697 5279 sine
3713 5216 3827 5284 eujus

2262 5323 2595 5378 auctoritate
2633 5339 2764 5377 eum
2791 5339 2905 5378 non
2931 5327 3155 5395 poterat
3193 5325 3309 5396 ipse
3342 5325 3624 5387 damnare,
3666 5320 3823 5369 etcum

2261 5415 2556 5487 principali
2586 5416 2905 5488 diligentia,
2930 5423 2986 5472 et
3015 5418 3218 5472 discuti
3239 5419 3448 5490 potuit,
3485 5421 3539 5471 et
3567 5405 3776 5486 purgari,
3791 5404 3826 5454 el

2261 5511 2333 5565 ad
2354 5510 2811 5565 communionem
2836 5512 3270 5567 convenientem
3299 5511 3544 5566 admitti.
3568 5511 3692 5564 Cum
3713 5497 3822 5593 enim

2259 5608 2478 5660 constet
2502 5621 2676 5676 super
2695 5605 3034 5661 auctoritate
3051 5607 3200 5662 sedis
3217 5607 3539 5678 apostolica
3561 5588 3824 5672 hujuanli

2258 5714 2539 5768 personas,
2573 5703 2670 5754 aut
2696 5700 2974 5755 discussas
3000 5701 3084 5756 vel
3116 5718 3236 5756 esse
3265 5703 3560 5772 purgatas,
3587 5697 3672 5749 aut
3693 5688 3753 5741 sic
3772 5682 3822 5733 ah

2257 5792 2377 5846 aliis
2437 5793 2638 5864 quibus
2693 5794 3051 5865 competebat
3117 5794 3398 5866 episcopis
3453 5791 3738 5848 absolutas.
3784 5779 3820 5827 Ill
