4062 6188
185 257 287 306 973

1399 253 1898 319 ,DECRETALIUM
1935 255 2318 310 COLLEL‘TIO.

3448 259 3504 308 υἱ
3521 257 3549 309 -ἱ

181 367 378 416 tamen
409 361 690 416 absolutio
715 377 913 416 earum
950 377 1014 417 ex
1046 363 1198 418 sedis
1227 364 1545 436 apostolicae
1571 382 1810 420 consen-
1836 376 1895 448 Α
1915 364 2024 418 Cur
2047 380 2164 418 non
2191 369 2255 418 ut
2275 363 2380 418 ista
2404 379 2553 419 nova
2577 362 2749 419 facies
2775 379 2988 430 rerum,
3012 368 3068 418 et
3095 367 3252 418 tanta
3273 364 3549 434 tragoedia

182 454 346 510 sione
375 455 673 526 penderet,
703 455 801 510 ubi
827 460 1133 529 utrumque
1165 458 1364 526 defuit,
1392 476 1497 514 nec
1527 459 1823 514 discussio-

183 565 318 603 nem
365 549 703 620 legitimam,
731 566 836 605 nec
879 551 1285 622 purgationem
1329 554 1575 621 firmam,
1615 571 1678 607 ac
1721 571 1823 624 per

181 644 332 698 hanc
378 644 764 714 receptionem
809 644 983 699 fuisse
1025 652 1248 701 constat
1289 646 1626 701 indebitam.
1661 647 1715 702 Si
1759 652 1822 702 tu

181 737 398 808 absque
426 753 558 791 mea
584 738 984 793 communione
1020 740 1249 794 Petrum
1285 741 1553 811 judicasti
1581 757 1702 795 esse
1729 758 1820 796 ca-

183 830 490 898 tholicum,
518 847 724 902 meque
763 831 1026 902 despecto
1069 835 1166 887 tuo
1201 850 1333 888 eum
1369 834 1500 904 jure
1543 834 1820 906 recepisti,

183 923 345 995 quod
369 924 632 993 causaris,
648 925 694 979 si
717 925 874 980 illum
894 942 1002 996 ego
1026 942 1060 980 a
1080 927 1486 982 communione
1508 944 1636 982 mea
1649 945 1822 998 quam

186 1022 245 1071 tu
273 1017 502 1073 voluisti
528 1023 936 1090 contemptam,
959 1023 1235 1090 tanquam
1266 1021 1475 1092 absque
1501 1027 1599 1076 tua
1622 1022 1824 1076 notitia

183 1112 267 1165 vel
296 1113 712 1167 consultatione
748 1113 1102 1184 repellerem.
1132 1114 1224 1168 Vis
1251 1115 1634 1186 acquiescere,
1661 1131 1823 1170 meus

183 1223 240 1260 es
269 1223 282 1259 :
319 1223 438 1260 non
465 1205 547 1259 vis
583 1207 966 1277 acquiescere,
998 1223 1161 1262 meus
1199 1223 1316 1263 non
1353 1225 1431 1262 es.
1467 1230 1496 1258 «
1525 1208 1632 1272 Qui
1668 1208 1819 1262 enim

183 1316 416 1354 mecum
445 1317 562 1354 non
590 1303 696 1366 est,
729 1290 924 1354 contra
955 1316 1046 1356 me
1073 1306 1177 1364 est,
1205 1309 1262 1356 et
1297 1302 1394 1373 qui
1436 1318 1662 1357 mecum
1705 1318 1822 1356 non

181 1394 420 1465 colligit,
470 1394 684 1464 spargit
722 1393 934 1460 (Matth.
982 1410 1078 1462 xu,
1125 1396 1236 1465 30).
1269 1415 1296 1446 ι)
1344 1397 1546 1460 Quaero
1595 1395 1696 1450 abs
1743 1402 1821 1462 te,

182 1489 417 1542 Petrum
456 1487 791 1541 hmreticum
829 1487 1002 1544 fuisse
1029 1494 1212 1559 putes,
1243 1505 1316 1543 an
1361 1489 1721 1557 catholicum,
1751 1506 1823 1544 an

181 1582 248 1636 ab
290 1581 499 1636 haeresi
546 1587 743 1652 postea
791 1597 912 1636 esse
957 1584 1323 1638 correctum?
1369 1583 1423 1638 Si
1468 1583 1822 1652 haereticum,

183 1676 511 1730 nullatenus
574 1675 626 1729 ei
697 1676 1123 1731 communicare
1200 1676 1464 1743 debuisti,
1522 1682 1577 1731 et
1641 1677 1824 1731 eidem

184 1768 684 1838 communicando,
715 1770 969 1826 haeretici
995 1775 1052 1826 te
1091 1769 1452 1825 manifestum
1493 1775 1578 1824 est
1613 1771 1826 1825 factum

182 1863 362 1916 fuisse
406 1863 766 1934 participem,
800 1868 860 1918 et
900 1865 1023 1935 ejus
1068 1867 1482 1934 consequenter
1517 1880 1582 1919 ex
1629 1865 1827 1935 synodi

181 1962 383 2011 tenore
403 1957 728 2011 venientem
759 1957 1126 2013 damnatione
1147 1957 1483 2028 constringi.
1507 1957 1561 2013 Si
1583 1958 1824 2012 catholi-

183 2067 338 2117 cum,
355 2050 549 2121 palam
568 2051 740 2105 totius
760 2051 1047 2123 dogmatis
1064 2068 1125 2106 es
1143 2051 1428 2120 defensor,
1452 2051 1608 2122 quod
1626 2052 1823 2106 catho-

185 2143 384 2208 licum,
419 2145 754 2214 pronuntias
781 2161 844 2199 ac
870 2145 1244 2200 nihilominus
1280 2145 1431 2198 illius
1457 2145 1665 2199 erroris
1688 2161 1824 2200 cen-

183 2238 347 2303 seris,
378 2237 425 2291 si
463 2238 798 2292 hmreticum
843 2238 1014 2293 fuisse
1059 2237 1320 2305 deﬁnias,
1349 2254 1414 2292 ac
1463 2243 1658 2309 postea
1702 2255 1825 2293 cor-

183 2331 399 2386 rexisse
437 2332 776 2402 praatendas,
810 2331 978 2403 eique
1009 2337 1064 2387 te
1094 2337 1334 2402 purgato
1379 2332 1824 2386 communicasse

181 2425 549 2497 pronuntias.
588 2425 818 2480 Interim
848 2425 1011 2496 cujus
1035 2441 1280 2497 persona
1309 2441 1398 2479 me
1419 2425 1826 2496 negligendum

183 2535 304 2573 esse
327 2519 656 2573 credidisti?
673 2518 905 2573 Causari
921 2535 1037 2574 non
1065 2521 1223 2590 potes
1242 2518 1396 2590 quod
1416 2519 1476 2572 in
1498 2519 1603 2573 hac
1626 2519 1825 2573 eadem

183 2612 559 2683 neglexerim,
575 2611 786 2667 deinde
801 2613 956 2684 quod
971 2612 1091 2667 sine
1106 2629 1196 2667 me
1206 2613 1228 2682 j
1239 2629 1302 2666 us
1319 2628 1432 2666 non
1453 2612 1720 2666 habueris
1738 2613 1824 2666 vel

181 2705 521 2760 absolvendi
547 2705 975 2782 veLrecipiendi
1007 2704 1336 2776 hujusmodi
1361 2705 1464 2759 rite
1497 2721 1820 2776 personam.

183 2800 340 2854 Hanc
363 2797 520 2853 enim
544 2815 842 2870 personam
863 2815 968 2853 nec
990 2801 1297 2870 purgatam
1319 2799 1602 2870 legaliter,
1624 2814 1728 2854 nec
1747 2814 1828 2852 re-

185 2892 471 2964 gulariter
480 2895 701 2947 constat
715 2908 833 2946 esse
849 2895 1138 2963 receptam
1149 2934 1162 2960 ,
1177 2908 1349 2963 quam
1362 2891 1701 2962 regulariter
1712 2908 1826 2946 non

184 2990 484 3057 receptam
501 2991 616 3040 tam
633 2984 898 3057 legaliter
907 3002 1025 3040 non
1044 2989 1265 3041 constat
1281 3001 1400 3040 esse
1419 2990 1745 3056 purgatam.
1763 2986 1828 3039 Et

183 3079 314 3134 ideo
332 3095 447 3134 non
463 3079 594 3149 jure
610 3085 932 3150 purgatam,
955 3080 1092 3150 quia
1107 3079 1369 3150 legaliter
1385 3096 1499 3133 non
1515 3085 1820 3148 receptam.

183 3174 305 3227 Mea
341 3172 497 3226 enim
525 3172 583 3227 in
611 3172 776 3227 illum
819 3188 946 3226 mea
988 3177 1256 3227 manente
1283 3173 1588 3238 sententia,
1617 3178 1678 3227 tu
1704 3173 1825 3226 sine

183 3266 482 3336 pontificio
513 3283 663 3332 meo,
693 3271 756 3320 ut
782 3283 968 3321 meam
1007 3266 1346 3321 sententiam
1386 3267 1697 3321 resolveres
1731 3265 1827 3336 jus

184 3376 303 3414 non
331 3360 571 3426 habens,
604 3377 716 3431 qua
746 3363 1025 3432 potestate
1056 3361 1142 3414 vel
1181 3360 1465 3414 discussus
1494 3365 1578 3414 est
1602 3361 1687 3414 vel
1718 3376 1829 3430 qua

180 3453 526 3508 auctoritate
566 3459 828 3525 receptus
867 3454 1157 3508 asseritur.
1205 3455 1343 3506 Ecce
1376 3453 1608 3507 interim
1643 3453 1702 3507 in
1741 3453 1828 3507 his

183 3547 377 3600 causis
404 3551 588 3601 vestra
629 3551 790 3600 nutat
826 3551 884 3601 et
926 3546 1138 3601 labitur
1182 3546 1510 3612 auctoritas,
1541 3549 1599 3601 et
1631 3546 1677 3600 si
1706 3547 1829 3600 haec

182 3640 309 3695 sola
342 3641 419 3695 sit
445 3655 674 3711 prorsus
703 3645 820 3694 tota
855 3640 1180 3695 subruetur.
1209 3640 1315 3696 Sed
1347 3639 1608 3695 adducite
1645 3640 1829 3696 adhuc

182 3733 349 3788 aliud
373 3733 526 3804 quod
555 3733 626 3787 ad
664 3733 957 3788 cumulum
989 3739 1192 3789 vestrae
1231 3733 1632 3788 commotionis
1669 3750 1824 3788 acce-

183 3828 303 3882 dat.
328 3827 474 3892 Quid
501 3827 656 3882 enim
685 3826 732 3880 si
759 3826 1028 3882 doceatur
1054 3843 1170 3881 non
1202 3827 1384 3881 solum
1407 3827 1739 3900 priusquam
1769 3828 1829 3882 in

187 3921 315 3992 ejus
353 3921 815 3976 communionem
865 3920 1156 3988 veniretis,
1197 3937 1387 3992 neque
1423 3921 1828 3977 tantummodo

185 4032 322 4069 cum
336 4015 410 4068 ad
424 4015 550 4084 ejus
561 4014 1025 4070 communionem
1043 4014 1292 4080 venistis,
1307 4018 1507 4087 postea
1528 4015 1584 4069 in
1606 4015 1832 4070 haereti-

186 4111 393 4165 corufn
416 4108 792 4164 nihilominus
811 4108 1214 4164 communione
1241 4109 1498 4175 durasse,
1521 4126 1714 4164 nonne
1735 4114 1832 4164 aut

186 4220 295 4275 per
316 4203 483 4257 illum
503 4203 652 4273 apud
671 4219 769 4258 vos
788 4203 1116 4257 communio
1147 4203 1517 4274 perveniebat
1537 4203 1828 4270 haeretica,

184 4302 284 4351 aut
302 4297 364 4351 in
384 4296 790 4352 hareticorum
813 4297 1283 4351 communionem
1300 4313 1396 4349 vos
1418 4297 1540 4367 ejus
1559 4313 1833 4352 commer-

185 4393 274 4446 cio
295 4390 644 4445 transibatis.
686 4392 892 4445 Docete
921 4391 1099 4462 igitur
1121 4392 1353 4445 Petrum
1387 4389 1829 4444 Alexandrinum

1847 3121 1901 3195 C

1922 459 1990 513 de
2005 458 2338 529 pontificum
2363 458 2718 512 successione
2737 458 3045 512 viventium
3072 457 3292 528 synodo
3314 457 3551 513 discute-

1923 557 2098 619 retur,
2129 551 2368 622 egistis?
2394 555 2479 604 An
2508 552 2578 605 de
2608 568 2722 606 uno
2753 552 2950 606 dolent
2993 551 3212 617 Acacio,
3235 552 3388 623 quod
3420 568 3546 623 spe-

1923 645 2048 699 ciali
2079 645 2295 715 synodo
2343 661 2459 698 non
2501 645 2671 698 fuerit
2710 645 3046 710 confutatus,
3081 661 3209 698 cum
3253 645 3549 715 proprium

1923 739 2139 793 crimen
2184 739 2386 793 litteris
2429 737 2544 791 suis
2588 738 2708 809 ipse
2752 737 3044 803 detexerit,
3079 754 3184 792 nec
3233 738 3413 792 audiri
3451 739 3548 794 de-

1922 833 2129 899 buerit,
2149 832 2271 903 jam
2305 836 2504 902 sponte
2535 831 2844 895 confessus,
2875 834 2931 884 et
2959 831 3028 884 de
3055 830 3228 885 tantis
3263 831 3545 902 pontiﬁci-

1921 926 2028 980 bus
2054 925 2340 980 catholicis
2360 941 2474 978 non
2497 924 2711 991 dolent,
2731 922 2853 977 sine
2872 925 2990 978 ulla
3010 923 3358 980 discussione
3380 926 3552 980 seclu-

1924 1020 2018 1075 sis.
2033 1020 2088 1074 Si
2105 1019 2406 1074 catholicos
2422 1023 2655 1073 nossent
2679 1033 2794 1084 eos,
2817 1033 3063 1088 quorum
3081 1019 3550 1074 communionem

1922 1115 2252 1179 vitaverant,
2320 1113 2407 1167 his
2469 1113 2660 1183 potius
2730 1112 3151 1166 communicare
3223 1114 3556 1168 maluissent

1926 1224 2096 1278 quam
2125 1223 2242 1261 non
2271 1205 2755 1260 communicantes
2779 1205 2860 1260 eis
2885 1205 3026 1259 dura
3046 1207 3437 1276 persecutione
3459 1209 3556 1262 de-

1925 1301 2077 1371 pelli.
2121 1302 2259 1355 Ecce
2303 1300 2565 1354 catholici
2615 1299 2755 1354 tanti
2805 1299 3124 1354 sacerdotes
3169 1301 3278 1355 hoc
3324 1301 3446 1372 ipso
3494 1319 3554 1356 se

1917 1394 2199 1464 judicent,
2243 1394 2382 1466 quid
2432 1393 2740 1465 apostolica
2791 1393 2952 1447 sedes
3005 1395 3294 1448 censuerit
3344 1412 3553 1467 cogno-

1926 1488 2088 1555 visse,
2112 1491 2548 1558 constanterque
2577 1487 2844 1559 probasse
2872 1487 3259 1556 retinendum,
3285 1489 3384 1560 qui
3405 1506 3559 1544 com-

1927 1582 2259 1637 munionem
2302 1582 2640 1636 catholicam
2685 1587 3038 1648 resonantes,
3068 1587 3124 1637 et
3154 1598 3250 1636 eos
3289 1583 3385 1653 qui
3416 1601 3552 1654 apo-

1929 1676 2135 1730 stolicae
2163 1675 2282 1730 sedi
2314 1675 2820 1740 communicarent,
2850 1691 3028 1746 usque
3053 1675 3127 1730 ad
3155 1677 3558 1746 persecutionis

1846 1744 1904 1817 Β
1928 1770 2187 1824 incursus
2214 1773 2450 1824 tenuere
2479 1771 2789 1823 consortes.
2816 1769 2980 1824 Certe
3007 1785 3134 1840 quae
3155 1770 3314 1824 sedes
3337 1775 3558 1841 aposto-

1926 1865 2033 1918 lica
2054 1864 2382 1917 decreverat
2407 1862 2781 1916 orientalibus
2807 1862 3084 1933 episcopis
3111 1880 3225 1918 non
3248 1864 3558 1919 innotuisse

1919 1959 2187 2028 jactatur.
2234 1957 2394 2011 Unde
2434 1972 2571 2027 ergo
2618 1959 2702 2011 tot
2741 1957 3000 2027 tantique
3043 1956 3337 2028 pontifices
3376 1975 3557 2013 unum

1928 2050 2188 2122 idemque
2235 2067 2366 2104 cum
2411 2049 2544 2104 sede
2589 2050 2896 2120 apostolica
2941 2051 3272 2117 sentientes,
3313 2068 3556 2123 eamque

1927 2144 2229 2215 probantes
2274 2149 2469 2215 aperte
2511 2143 2788 2215 religione
2834 2148 3269 2211 sacrosanctam,
3315 2161 3558 2217 veraque

1927 2238 2175 2292 sanxisse
2195 2254 2324 2309 quae
2341 2254 2458 2292 non
2486 2237 2667 2291 solum
2694 2237 2982 2308 sequenda
3013 2238 3118 2292 sibi
3136 2237 3556 2309 judicaverunt,

1927 2332 2026 2386 sed
2064 2332 2237 2386 etiam
2281 2347 2458 2403 usque
2504 2331 2578 2385 ad
2625 2331 3083 2402 persecutionem
3131 2332 3369 2386 viriliter
3403 2349 3560 2387 exer-

1928 2425 2126 2479 cenda.
2157 2427 2292 2479 Ecce
2334 2424 2608 2479 habuistis
2635 2425 2730 2496 qui
2769 2425 3094 2496 apostolica:
3138 2425 3561 2481 constitutionis

1928 2524 1983 2573 et
1997 2518 2254 2573 notitiam
2273 2519 2428 2572 vobis
2443 2519 2777 2589 ingererent
2801 2522 2857 2572 et
2883 2518 3170 2573 retinendi
3187 2519 3560 2574 constantiam

1924 2611 2333 2666 ministrarent.
2379 2611 2432 2666 Si
2466 2611 2774 2683 apostolica
2821 2611 2988 2665 sedes
3026 2611 3264 2679 misisse,
3298 2611 3387 2665 vix
3422 2613 3562 2666 duos

1929 2711 2027 2759 aut
2053 2710 2167 2758 tres
2194 2704 2445 2775 dirigere
2488 2705 2786 2776 potuisset.
2822 2705 2960 2758 Ecce
2987 2708 3073 2759 tot
3099 2704 3392 2775 pontifices
3419 2722 3558 2776 apo-

1927 2797 2138 2852 stolicze
2161 2797 2309 2852 sedis
2328 2798 2467 2852 scita
2487 2802 2782 2865 sectantes,
2803 2797 3072 2868 ingerunt
3089 2797 3250 2852 nobis
3269 2798 3558 2868 notitiam,

1927 2897 1983 2946 et
2020 2891 2281 2963 pra>bent
2322 2891 2616 2946 servandae
2646 2891 2898 2945 veritatis
2929 2891 3186 2961 exempla
3223 2891 3324 2962 qui
3360 2897 3563 2948 contra

1925 2989 2113 3040 tantos
2138 2985 2416 3039 clausistis
2442 2986 2633 3040 oculos
2659 2984 2870 3039 ibidem
2893 2984 3249 3052 constitutos,
3273 2987 3561 3057 quomodo

1926 3079 2071 3134 duos
2096 3079 2183 3132 vel
2226 3082 2338 3133 tres
2369 3079 2569 3133 audire
2601 3079 2858 3149 possetis.
2906 3079 3016 3131 Hoc
3058 3078 3179 3148 ipso
3223 3079 3345 3134 sine
3388 3080 3560 3136 dubio

1927 3173 2288 3243 cognovistis,
2323 3173 2444 3226 illos
2469 3173 2793 3244 apostolica
2832 3173 2951 3227 sedi
2988 3175 3228 3244 placere,
3258 3190 3372 3244 quo
3405 3175 3564 3230 vobis

1928 3267 2222 3338 displicere
2271 3266 2566 3320 videbatis.
2620 3270 2729 3319 Aut
2771 3265 2895 3319 illos
2938 3283 3078 3338 ergo
3129 3268 3418 3322 sectamini
3461 3285 3564 3339 per

1930 3376 2074 3431 quos
2100 3359 2502 3430 intelligebatis
2532 3358 2677 3413 sedis
2713 3361 3036 3429 apostolicae
3063 3361 3435 3424 voluntatem.
3465 3367 3563 3416 aut

1930 3453 2002 3507 ad
2031 3453 2272 3507 nihilum
2305 3452 2535 3524 quidem
2567 3452 2637 3505 de
2667 3452 2985 3522 ignomntia
3015 3453 3199 3507 velitis
3227 3454 3558 3523 obtendere,

1929 3563 2056 3601 cum
2073 3546 2303 3617 judiciis
2329 3545 2502 3600 tantis
2524 3549 2582 3600 et
2601 3546 2807 3600 talibus
2837 3546 3139 3602 abutentes
3163 3547 3310 3602 sedis
3334 3553 3558 3618 aposto-

1931 3640 2050 3694 licm
2095 3639 2396 3693 constituta
2426 3639 2768 3694 testimoniis
2812 3640 3253 3710 praedicantibus
3295 3657 3560 3712 respuere

1929 3733 2113 3804 potius
2137 3749 2307 3804 quam
2338 3732 2590 3804 recipere
2617 3733 2913 3788 maluistis.
2947 3734 3215 3806 Nunquid
3249 3751 3448 3789 omnes
3469 3735 3562 3790 isti

1929 3844 2069 3898 quos
2081 3827 2523 3881 memoravimus
2542 3826 2792 3898 episcopi
2809 3827 3136 3898 imperatori
3155 3829 3379 3882 mentiti
3393 3830 3562 3883 sunt?

1929 3920 2191 3992 Nunquid
2222 3936 2419 3975 omnes
2443 3920 2808 3992 imperatoris
2849 3938 3061 3976 nomen
3092 3938 3156 3976 ex
3184 3921 3406 3992 dipticis
3433 3922 3557 3977 abs-

1931 4015 2216 4069 tulerunt?
2252 4017 2508 4085 Cumque
2551 4015 2903 4084 pellerentur
2931 4020 2986 4070 et
3021 4014 3159 4068 vivis
3202 4015 3563 4086 pontificibus

1929 4109 2238 4176 catholicis,
2267 4125 2612 4163 successores
2636 4107 2910 4175 haeretici,
2945 4112 3001 4163 et
3025 4125 3142 4163 non
3180 4109 3249 4164 de
3277 4109 3561 4164 inferiori-

1929 4202 2035 4256 bus
2058 4202 2375 4273 quibusque
2412 4201 2753 4268 civitatibus,
2785 4201 2884 4256 sed
2927 4201 3103 4256 etiam
3145 4203 3564 4274 metropolitani

1931 4296 2226 4367 pontiﬁces
2245 4296 2302 4350 in
2320 4296 2596 4350 catholica
2614 4296 3016 4350 communione
3035 4296 3253 4366 jugiter
3273 4295 3346 4350 du
3356 4305 3564 4363 rantes,

1932 4406 2033 4443 cur
2052 4390 2228 4460 igitur
2253 4389 2533 4461 compassi
2558 4407 2672 4445 non
2701 4390 2835 4444 estis
2859 4389 3030 4444 tantis
3055 4389 3326 4444 fratribus
3345 4390 3563 4456 vestris,

187 4483 784 4540 abAntiocheniPetri
801 4484 1480 4556 unquamcommunione
1500 4483 1908 4569 descisse,etD
1933 4499 2034 4537 cur
2077 4500 2190 4538 non
2245 4484 2458 4538 adiistis
2503 4483 2944 4554 imperatorem?
2986 4483 3100 4537 Cur
3147 4499 3262 4537 non
3305 4483 3565 4537 Ecclesia:

186 4595 308 4634 non
337 4593 520 4650 usque
548 4578 618 4633 ad
645 4577 796 4633 diem
827 4594 956 4634 cum
988 4578 1371 4633 Antiochenus
1416 4579 1611 4633 Petrus
1638 4577 1696 4632 in
1724 4578 1830 4632 hac

185 4674 318 4727 luce
345 4677 598 4727 versatus
624 4677 709 4727 est
754 4672 1114 4728 individuum
1159 4671 1457 4742 utriusque
1495 4671 1666 4726 fuisse
1693 4687 1830 4725 con-

186 4766 457 4822 sortium.
507 4768 593 4821 An
636 4765 841 4821 dicturi
875 4768 1028 4835 estis,
1061 4769 1118 4821 et
1145 4765 1557 4821 Antiochenum
1602 4767 1832 4820 Petrum

186 4860 375 4915 fuisse
404 4863 748 4914 correctum.
778 4861 891 4916 Cur
915 4860 1008 4915 isti
1037 4876 1214 4930 usque
1241 4859 1300 4913 in
1328 4858 1501 4913 finem
1532 4875 1648 4913 non
1677 4875 1831 4913 com-

187 4953 517 5009 municasse
570 4953 917 5028 gloriabatur
971 4953 1227 5008 Acacius.
1279 4952 1388 5008 Sed
1438 4951 1575 5023 quid
1622 4951 1837 5024 profuit

187 5047 356 5120 quod
405 5063 508 5118 per
549 5047 798 5118 seipsum
843 5047 1268 5102 communicare
1318 5062 1432 5100 non
1471 5045 1670 5112 voluit,
1705 5061 1834 5098 cum

188 5140 396 5195 eidem
428 5157 530 5212 per
550 5140 1002 5196 Alexandrinum
1030 5142 1262 5195 Petrum
1291 5140 1412 5193 sine
1445 5140 1559 5193 ulla
1591 5155 1649 5193 se
1680 5154 1831 5193 com-

188 5233 498 5290 municare
529 5238 756 5306 putaret
781 5233 1014 5291 invidia.
1045 5233 1191 5298 Quid
1222 5233 1464 5288 facimus
1491 5232 1562 5287 de
1588 5235 1675 5287 tot
1710 5237 1832 5287 tan-

188 5329 386 5400 tisque
413 5327 737 5384 civitatibus
765 5346 831 5383 ex
859 5327 1068 5400 quibus
1099 5327 1358 5382 catholici
1388 5325 1686 5398 pontifices
1708 5331 1840 5380 sunt

188 5421 442 5493 expulsi.
488 5422 542 5478 Si
593 5422 857 5478 catholici
905 5421 1200 5492 subrogati
1245 5425 1395 5487 sunt,
1434 5436 1536 5474 cur
1581 5419 1839 5474 catholici

187 5521 337 5570 sunt
364 5515 596 5586 rejecti?
621 5516 677 5571 Si
713 5516 1005 5571 evidenter
1038 5519 1294 5587 apparet,
1325 5514 1457 5584 quia
1483 5529 1612 5567 cum
1641 5513 1836 5567 catho—

187 5609 294 5665 lici
341 5615 474 5664 sunt
515 5609 731 5682 rejecti,
780 5626 898 5664 non
943 5608 1205 5664 catholici
1248 5607 1483 5661 fuerunt
1526 5605 1838 5677 subrogati,

191 5706 386 5757 restat
411 5708 476 5757 ut
500 5704 764 5758 catholici
807 5719 923 5759 non
971 5706 1123 5770 sunt,
1154 5701 1255 5756 sed
1300 5699 1557 5755 haeretici
1600 5699 1839 5771 quicun-

195 5811 319 5867 quo
367 5800 770 5853 successerunt.
801 5799 916 5856 Cur
960 5797 1039 5850 eis
1083 5801 1296 5851 temere
1339 5793 1800 5851 communicastis
1815 5793 1842 5849 ‘?

1933 4593 2157 4630 causam
2197 4581 2253 4630 et
2294 4576 2596 4631 sacerdotii
2645 4575 3033 4630 miserabilem
3088 4575 3572 4630 decolorationem‘

1933 4670 2276 4724 continuatis
2307 4669 2536 4724 vocibus
2573 4668 2897 4736 deﬂevistis,
2929 4669 3241 4739 allegantes
3269 4684 3566 4740 nunquam

1933 4763 2005 4818 de
2047 4763 2428 4836 pontificibus,
2459 4763 2570 4817 nisi
2613 4762 2922 4818 Ecclesiam
2963 4761 3245 4832 judicasse
3289 4778 3406 4817 non
3447 4779 3569 4820 esse

1935 4858 2318 4912 humanarum
2345 4858 2538 4928 legum
2562 4857 2631 4911 de
2660 4855 2866 4911 talibus
2892 4855 3039 4909 ferre
3067 4855 3409 4911 sententiam
3439 4858 3568 4912 abs-

1934 4968 2044 5022 que
2077 4951 2328 5005 Ecclesiae
2352 4949 2738 5021 principaliter
2764 4948 3105 5016 constitutis,
3128 4949 3367 5022 obsequi
3389 4951 3571 5006 solere

1934 5044 2223 5116 principes
2271 5044 2620 5098 Christianos
2665 5043 2905 5097 decretis
2953 5043 3211 5098 Ecclesiae
3253 5061 3368 5099 non
3411 5060 3571 5099 suam

1937 5154 2255 5209 proponere
2321 5139 2680 5208 potestatem,
2748 5137 3026 5208 episcopis
3090 5141 3258 5209 caput
3328 5138 3571 5192 subdere

1935 5231 2253 5303 principem
2274 5231 2530 5298 solitum,
2555 5248 2670 5285 non
2692 5231 2761 5285 de
2783 5247 2981 5286 eorum
3001 5231 3276 5303 capitibus
3289 5230 3567 5300 judicare,

1939 5325 2144 5396 quibus
2189 5323 2445 5379 Ecclesiae
2487 5323 2752 5390 consiliis,
2782 5341 2894 5396 qua
2939 5325 3154 5396 synodo
3200 5323 3568 5394 pellerentur,

1941 5419 2075 5490 quid
2102 5419 2351 5490 denique
2381 5419 2820 5487 commisissent,
2848 5422 2908 5472 ut
2933 5419 3054 5472 sine
3082 5416 3196 5471 ulla
3222 5415 3568 5470 discussione

1941 5529 2129 5568 rerum
2157 5516 2242 5568 tot
2266 5513 2630 5568 ecclesiarum
2675 5512 2951 5586 praesules
2980 5527 3086 5582 pro
3125 5510 3378 5563 humano
3406 5508 3572 5564 libitu

1941 5611 1998 5661 et
2031 5607 2317 5662 saecularis
2350 5607 2646 5679 potestatis
2680 5605 2914 5660 arbitrio
2954 5604 3322 5674 pellerentur,
3346 5603 3571 5658 inaudi-

1943 5707 2050 5767 tos,
2078 5701 2441 5770 indiscussos,
2471 5701 2868 5756 inconvocatos
2917 5714 3029 5752 non
3071 5696 3276 5752 debere
3319 5697 3570 5770 percelli,

1947 5793 2193 5849 maxime
2213 5811 2342 5849 cum
2379 5810 2539 5850 nova:
2560 5808 2739 5848 causae
2767 5795 2822 5847 et
2843 5807 2987 5846 nova
3003 5807 3192 5846 rerum
3216 5791 3386 5848 facies
3404 5807 3575 5864 appa-
