4062 6188
570 248 671 302 ςιῖῑὶ

1463 251 1742 304 APPEND.
1786 250 1872 302 AD
1908 251 2068 305 SA‘IC.
2111 248 2196 302 ΙΧ.
2220 275 2289 286 -—-
2327 248 2567 302 lSlDORl
2607 247 3032 301 MERCATORIS
3745 264 3820 313 976

577 361 744 424 reret,
773 360 836 411 ut
862 360 1110 411 rectores
1136 359 1244 427 ipsi
1287 357 1542 428 plebium
1578 357 1892 428 repentinis
1918 357 2194 410 incursio-
2219 366 2278 440 Α
2297 355 2443 409 facto
2473 354 2805 409 sacerdotali
2835 353 3094 420 concilio,
3125 354 3332 410 debere
3359 358 3541 411 curari.
3577 360 3664 415 Sed
3683 363 3822 420 homi-

574 451 740 506 nibus
766 466 869 520 pro
890 451 1201 505 mundana:
1224 450 1492 521 potentiae
1520 450 1812 505 voluntate
1831 450 2002 505 sacris
2022 451 2202 521 digni-

573 543 783 598 tatibus
820 543 1183 615 privarentur
1219 561 1288 599 ex
1334 545 1491 598 nulla
1524 543 1702 599 veteri
1732 561 1915 610 causa,
1949 560 2016 599 ex
2045 546 2201 599 nullo

573 636 812 708 collegio
844 640 1034 693 reatus
1063 653 1168 694 nec
1201 638 1642 709 participatione
1667 637 1970 708 cujuslibet
1999 639 2204 693 erroris

566 730 688 801 jam
713 733 845 787 ante
873 732 1172 787 damnatos
1213 732 1393 787 teneri
1429 747 1523 787 eos
1553 732 1927 803 convincique
1970 749 2200 787 consor-

572 829 675 892 tes,
705 829 769 880 ut
793 811 1065 897 tanquam
1093 842 1163 880 ex
1191 825 1484 897 prasterita
1520 825 1851 881 deﬁnitione
1877 825 2200 896 judicaren-

572 923 668 974 tur
693 918 968 975 obstricti.
987 920 1057 974 Et
1076 919 1203 975 ideo
1226 919 1361 991 quia
1383 920 1572 974 nullus
1598 923 1730 974 ante
1750 919 2203 991 praecedentibus

571 1013 755 1068 causis
778 1016 1036 1069 recentes
1066 1016 1276 1080 essent,
1309 1029 1411 1067 cur
1446 1013 1790 1084 ejicerentur
1819 1014 2076 1069 incursus
2105 1014 2204 1084 qui

573 1105 654 1161 illi
679 1111 869 1162 essent
897 1107 1113 1162 debent
1134 1106 1467 1176 monstrari,
1490 1111 1548 1162 et
1566 1107 1956 1162 ecclesiasticis
1982 1107 2205 1178 legibus

573 1206 635 1256 ut
663 1216 892 1271 semper
915 1204 1182 1272 oportere
1231 1205 1490 1256 constare
1535 1201 1744 1256 saltem
1770 1201 1860 1256 vel
1885 1217 1988 1272 pro
2017 1203 2202 1256 vestro

571 1295 695 1350 loco
719 1294 946 1350 illorum
971 1294 1253 1350 duceretis
1277 1294 1521 1350 miseriis
1551 1295 1979 1364 consulendum,
2000 1295 2202 1351 formi-

573 1389 771 1443 dantes
803 1388 864 1442 in
891 1388 1049 1443 vobis
1076 1389 1230 1460 quod
1261 1388 1322 1443 in
1362 1388 1485 1442 aliis
1531 1388 1779 1457 cernitis,
1808 1393 2016 1459 praeter
2044 1389 2205 1444 illum

572 1498 798 1537 morem
823 1481 1103 1537 violenter
1125 1481 1369 1550 admitti,
1399 1482 1445 1536 si
1475 1481 1714 1537 crimine
1743 1481 1990 1554 respersi
2019 1487 2202 1538 erant.

570 1575 802 1647 Aliquid
829 1576 899 1631 de
929 1575 1306 1631 ecclesiastica
1330 1575 1527 1631 debuit
1555 1576 1972 1632 examinatione
1997 1592 2208 1648 cogno-

573 1670 672 1739 sci,
695 1673 875 1738 taceo,
899 1672 956 1725 et
987 1670 1057 1724 ad
1085 1669 1275 1725 sedem
1305 1669 1678 1741 apostolicam
1707 1685 1774 1724 ex
1799 1686 1962 1726 more
1982 1670 2202 1739 referri,

2300 465 2402 503 nes
2429 447 2528 520 qui
2553 447 2612 502 in
2638 447 2978 502 contrariam
3010 451 3236 520 partem
3262 453 3373 504 toto
3401 453 3652 522 pr0posito
3675 461 3720 510 et
3741 462 3824 512 toto

2302 542 2630 598 recideratis
2653 540 2874 609 affectu,
2906 542 3141 596 concilia
3180 542 3361 613 potius
3403 547 3677 601 necessaria
3698 550 3824 606 etiam

2302 635 2486 691 studio
2515 635 2853 703 declinastis,
2871 651 2944 691 ne
2964 651 3066 707 per
3083 636 3284 691 eadem
3307 638 3412 692 tale
3431 638 3618 710 aliquid
3636 656 3826 698 censere-

2302 733 2414 798 tur,
2443 746 2556 803 quo
2583 729 2745 784 vobis
2787 728 2956 784 rebus
2998 729 3291 786 evidenter
3321 730 3534 786 offensis
3563 737 3614 787 et
3635 734 3826 805 legitime

2303 823 2627 894 confutatis,
2655 822 2713 878 in
2741 822 3139 878 haereticorum
3164 840 3278 878 non
3301 823 3463 879 licere
3483 825 3648 881 venire
3665 844 3827 883 consor-

2302 917 2469 972 tium.
2497 917 2643 982 Quid
2669 933 2806 988 ergo
2827 917 2896 972 de
2924 917 3255 988 ignorantia
3280 919 3624 989 praetenditis,
3643 937 3744 976 cum
3757 939 3828 993 per

2301 1014 2485 1067 totum
2501 1011 2790 1067 Orientem
2813 1010 3145 1066 catholicam
3160 1011 3338 1087 ﬁdem
3351 1013 3826 1085 communionemque

2303 1105 2583 1160 sinceram
2609 1104 2734 1160 sedi
2767 1104 3091 1176 apostolicae
3132 1109 3533 1176 congruentem
3572 1123 3666 1162 non
3698 1109 3828 1164 solum

2305 1197 2636 1270 cognovisse
2673 1203 2758 1253 tot
2793 1197 3092 1270 pontiﬁces
3126 1198 3417 1266 videbatis,
3442 1199 3596 1255 etiam
3621 1217 3761 1272 usque
3782 1203 3828 1256 ad

2305 1295 2629 1348 extremum
2655 1292 3109 1347 constantissime
3138 1292 3466 1348 defendisse.
3495 1293 3547 1348 Si
3567 1309 3650 1348 vos
3666 1311 3753 1349 non
3767 1312 3831 1349 au-

2306 1385 2538 1442 dieratis
2555 1385 2694 1456 quid
2714 1385 2784 1440 de
2812 1385 2926 1441 ﬁde
2953 1389 3010 1441 et
3034 1385 3436 1442 communione
3458 1388 3697 1442 catholica
3711 1391 3828 1459 atque

2306 1479 2609 1551 apostolica
2665 1494 3054 1549 censeremus,
3099 1479 3223 1534 illos
3269 1480 3513 1552 aspicere
3552 1480 3767 1536 debuistis
3795 1485 3832 1536 et

2303 1577 2401 1628 aut
2426 1572 2587 1645 sequi
2614 1573 2661 1627 si
2679 1572 2997 1628 credebatis
3023 1588 3145 1628 esse
3165 1573 3482 1643 catholicos,
3507 1577 3594 1628 aut
3609 1575 3729 1644 apud
3741 1590 3832 1646 apo-

2306 1667 2563 1721 stolicam
2583 1667 2777 1723 sedem
2805 1666 2993 1738 potius
3017 1682 3305 1735 accusare,
3321 1667 3365 1722 si
3385 1666 3668 1722 credebatis
3681 1683 3833 1722 errasse

573 1733 870 1818 ne'nostra
888 1762 1186 1835 privilegia
1205 1733 1403 1818 curare
1426 1763 1741 1819 videamur.
1765 1764 1907 1819 Satis
1932 1764 2005 1819 sit
2026 1733 2207 1819 osten;
2225 1733 2284 1808 B
2306 1760 2443 1832 quid
2474 1760 2598 1815 illos
2625 1765 2726 1815 aut
2755 1733 2856 1814 suo
2897 1761 3190 1832 proposito
3225 1733 3386 1815 illam
3429 1761 3650 1816 tenuisse
3671 1767 3829 1816 senten-

573 1857 707 1913 dere
736 1857 874 1929 quid
905 1857 1220 1912 secundum
1247 1857 1476 1928 regulas
1503 1858 1734 1912 Patrum
1769 1862 1826 1913 et
1850 1874 2096 1913 canones
2124 1857 2203 1912 fa-

570 1966 696 2006 cere
727 1950 1027 2018 deberetis,
1055 1951 1344 2022 praecipue
1387 1966 1517 2004 cum
1557 1950 1727 2004 etiam
1753 1950 1892 2022 ipsae
1915 1951 2070 2023 leges
2099 1968 2204 2023 pu-

571 2044 714 2100 blice
757 2044 1192 2100 ecclesiasticam
1236 2043 1498 2115 regulam
1546 2050 1872 2115 sequentes,
1903 2045 2039 2100 tales
2074 2061 2204 2116 per-

569 2154 737 2193 sonas
764 2155 883 2194 non
923 2137 1034 2193 nisi
1061 2138 1133 2192 ab
1180 2137 1466 2210 episcopis
1510 2142 1822 2194 sanxerunt
1857 2138 2124 2209 judicari.
2151 2138 2208 2194 Si

571 2249 702 2287 vero
759 2231 828 2286 de
883 2230 1137 2302 qualibet
1196 2230 1402 2286 haeresi
1453 2230 1667 2286 fuerint
1730 2231 1992 2303 impetiti,
2048 2235 2206 2287 tanto

572 2325 756 2396 magis
777 2341 874 2380 eos
902 2324 1093 2380 decuit
1129 2324 1236 2380 ista
1261 2339 1625 2396 cognoscere,
1655 2324 1753 2396 qui
1797 2330 1854 2380 et
1893 2325 2208 2381 secundum

570 2418 866 2490 religionis
891 2423 1148 2474 tenorem
1191 2421 1426 2490 possent
1463 2419 1570 2473 ista
1611 2417 1912 2488 discutere,
1944 2423 2000 2474 et
2024 2419 2205 2474 habe-

574 2516 700 2568 rent
726 2511 1054 2585 pristinum,
1083 2528 1148 2568 ex
1179 2529 1294 2584 quo
1325 2514 1410 2566 est
1435 2511 1743 2567 christiana
1768 2512 1990 2584 religio,
2018 2513 2206 2584 ponti-

569 2607 762 2662 ﬁcium
797 2604 1119 2677 judicandi,
1149 2611 1249 2661 aut
1277 2605 1544 2661 catholici
1575 2605 1730 2660 enim
1755 2608 1940 2673 erant,
1968 2610 2065 2661 aut
2088 2607 2205 2662 ha:-

573 2699 755 2769 retici,
785 2699 855 2755 de
879 2698 1088 2771 quibus
1121 2699 1332 2770 passim
1373 2699 1472 2753 illa
1505 2698 1753 2753 ludibria
1779 2698 2127 2769 gerebantur
2154 2702 2210 2754 et

571 2790 866 2847 latrocinia
895 2791 1234 2848 detestanda
1271 2791 1612 2860 saaviebant;
1645 2791 1692 2845 si
1734 2791 1988 2846 haeretici
2023 2793 2206 2862 prodi,

570 2885 796 2952 discuti,
843 2888 902 2940 et
940 2884 1196 2956 legitime
1247 2883 1506 2940 convinci
1555 2884 1738 2939 modis
1794 2884 2061 2940 omnibus
2112 2886 2210 2941 de-

571 2979 837 3046 buerant,
869 2979 955 3033 vel
999 2977 1116 3033 suis
1163 2977 1629 3044 confessionibus,
1658 2977 1744 3032 vel
1789 2977 2032 3033 aliorum
2058 2979 2208 3033 voci-

569 3072 676 3126 bus
727 3070 1030 3139 confutari,
1083 3072 1238 3127 taceo
1292 3071 1429 3142 quia
1477 3070 1549 3125 ad
1589 3087 1695 3126 nos
1743 3076 1980 3142 paterna
2021 3072 2209 3128 fuerat

570 3164 982 3220 consuetudine
1033 3164 1427 3231 referendum,
1477 3167 1817 3236 tantumque
1873 3181 2205 3222 commoneo

571 3257 712 3329 quid
741 3257 864 3312 ﬁeri
894 3257 1270 3313 ecclesiastico
1310 3257 1442 3328 jure
1474 3261 1836 3325 convenerat,
1865 3258 1912 3312 si
1948 3275 2081 3314 vero
2111 3276 2204 3315 ca-

571 3351 771 3406 tholici
800 3350 1122 3423 probantur
1147 3367 1245 3406 vos
1290 3351 1388 3422 qui
1417 3367 1535 3406 non
1572 3351 1760 3406 solum
1791 3351 1852 3406 in
1883 3368 2078 3407 eorum
2108 3353 2206 3408 de-

570 3444 828 3516 pulsione
848 3444 1098 3514 cessatis,
1123 3445 1221 3500 sed
1249 3444 1421 3499 etiam
1441 3444 1762 3515 subrogatis
1784 3445 2206 3501 communicare

573 3537 864 3609 delegistis
913 3537 1311 3593 indubitanter
1361 3536 1666 3605 haereticis,
1715 3537 1920 3608 quibus
1963 3539 2208 3610 depulsis

571 3630 861 3686 catholicis
881 3630 1319 3685 succedentibus
1339 3647 1458 3685 non
1484 3630 1783 3701 ignorastis
1803 3648 2030 3686 causam
2049 3633 2204 3701 ﬁdei,

574 3723 1109 3795 communionisque
1136 3724 1427 3779 catholicae
1454 3740 1556 3796 per
1571 3727 1763 3780 tantos
1785 3723 2064 3781 antistites
2084 3729 2207 3782 toto

574 3818 712 3880 orbe
738 3818 1073 3890 patefactos.
1104 3818 1215 3874 Sed
1235 3818 1404 3890 plane
1436 3818 1673 3874 scientes
1692 3820 2060 3890 volentesque
2085 3820 2210 3876 sine

573 3911 690 3968 ulla
715 3911 1063 3967 discussione
1088 3927 1308 3982 rerum,
1343 3911 1466 3967 sine
1505 3912 1616 3966 ulla
1646 3912 1898 3982 synodali
1926 3914 2212 3968 examina-

572 4006 751 4076 tione,
772 4005 894 4060 sine
925 4005 1040 4060 ulla
1066 4005 1220 4060 sedis
1245 4005 1571 4076 apostolicae
1601 4007 1919 4061 reverentia
1945 4010 2002 4062 et
2025 4023 2211 4062 assen-

571 4099 719 4154 sistis
792 4099 1072 4154 haereticis
1137 4098 1383 4154 libenter
1445 4099 1739 4169 habentes,
1809 4100 2209 4171 patienterque

575 4193 822 4248 sinentes
848 4192 1154 4247 catholicos
1179 4191 1454 4248 antistites
1488 4193 1741 4248 inaudita
1768 4193 1926 4264 prius
1952 4196 2009 4248 et
2033 4194 2209 4248 mise-

573 4285 742 4340 rabili
771 4289 922 4340 sorte
954 4285 1205 4340 detrudi.
1236 4285 1387 4349 Quos
1421 4286 1469 4340 si
1508 4303 1541 4339 a
1567 4285 1676 4340 ﬁde
1703 4286 1924 4358 integra
1954 4303 2209 4342 commu-

575 4377 864 4450 nioneque
908 4378 1182 4432 catholica
1216 4379 1494 4450 putaretis
1524 4395 1718 4434 errare
1745 4379 1814 4434 ad
1842 4381 2212 4452 apostolicam

2306 1854 2467 1922 tiam,
2497 1856 2597 1909 aut
2621 1855 3016 1926 cognoscendo
3044 1854 3180 1926 quid
3205 1855 3370 1909 sedes
3398 1854 3670 1926 apostolica
3689 1853 3832 1908 deﬁni-

2307 1953 2413 2018 ret,
2440 1952 2498 2002 et
2537 1951 2636 2002 aut
2678 1947 2854 2019 igitur
2895 1949 3141 2019 collegas
3165 1952 3222 2003 et
3247 1949 3450 2003 fratres
3480 1948 3543 2002 de
3574 1948 3776 2018 proximo
3794 1947 3831 2000 in

2308 2045 2616 2112 conspectu
2651 2043 2841 2096 vestro
2869 2043 2959 2096 vel
2996 2041 3305 2096 catholicos
3344 2041 3496 2112 sequi
3520 2040 3757 2104 debuistis,
3775 2040 3833 2093 vel

2307 2135 2586 2206 impetere
2628 2135 2675 2189 si
2714 2134 3030 2190 credebatis
3069 2151 3295 2202 errare;
3343 2152 3447 2190 nec
3484 2135 3594 2189 illos
3629 2152 3657 2188 a
3692 2134 3834 2204 quibus

2306 2230 2465 2284 nullo
2516 2228 2838 2284 discrimine
2885 2229 3231 2284 vexabantur
3274 2229 3520 2300 praebere
3561 2243 3834 2290 consensum,

2307 2324 2487 2379 donec
2529 2323 2734 2378 veritas
2776 2339 2847 2378 ex
2894 2323 3158 2378 omnibus
3204 2323 3482 2394 patefacta
3525 2325 3769 2388 constaret,
3799 2327 3836 2372 et

2307 2417 2651 2487 regulariter
2676 2416 2747 2471 de
2787 2415 2868 2471 eis
2893 2417 3256 2472 ecclesiastici
3295 2415 3492 2487 judicii
3525 2416 3678 2471 forma
3698 2429 3835 2485 proce-

2308 2510 2487 2566 deret.
2536 2510 2637 2565 Sin
2680 2526 2815 2564 vero
2862 2510 3011 2565 sedis
3065 2510 3385 2581 apostolicae
3432 2509 3666 2580 regulam
3705 2506 3837 2560 subse-

2309 2604 2537 2675 quendo
2562 2603 2988 2674 perspiciebatis
3014 2604 3136 2659 illos
3153 2604 3303 2659 hanc
3325 2609 3516 2660 tenere
3537 2600 3838 2666 constantiam,

2309 2703 2727 2769 consequenter
2748 2714 2851 2768 per
2877 2698 3026 2766 illos,
3055 2701 3113 2752 et
3141 2697 3279 2769 quid
3305 2703 3494 2754 nostra
3519 2696 3728 2752 deﬁnitio
3747 2709 3838 2747 con-

2308 2792 2534 2859 tineret,
2556 2807 2676 2846 non
2703 2791 2978 2847 habuistis
3005 2791 3315 2859 incertum,
3347 2795 3403 2847 et
3430 2793 3636 2847 illorum
3655 2801 3842 2860 persctu

2308 2884 2528 2940 toribus
2552 2885 2859 2940 annuendo
2887 2901 2921 2939 a
2947 2885 3095 2940 sedis
3122 2885 3450 2956 apostolica:
3474 2901 3579 2939 non
3597 2882 3841 2953 ignorantes

2311 2979 2434 3050 ejus
2463 2977 2804 3033 sententiam
2833 2979 3117 3033 consortio
3146 2979 3480 3046 retraxistis,
3506 2981 3558 3033 et
3579 2976 3730 3031 adhuc
3747 2972 3841 3028 dici-

2309 3072 2381 3127 tis
2423 3072 2692 3143 ignorare
2719 3087 2816 3126 vos
2855 3072 2995 3143 quid
3044 3073 3205 3128 sedes
3253 3073 3557 3144 apostolica
3596 3067 3841 3124 censuisset.

2305 3167 2448 3221 Cum
2471 3165 2583 3221 illis
2606 3165 2992 3221 sacerdotibus
3019 3166 3298 3220 catholica
3324 3166 3434 3222 ﬁde
3465 3169 3518 3222 et
3535 3161 3842 3220 communione

2306 3259 2631 3315 nolentibus
2656 3275 2774 3314 non
2797 3259 2983 3314 verbis
3011 3261 3109 3314 aut
3131 3259 3356 3329 litteris,
3384 3260 3478 3315 sed
3503 3255 3720 3330 personis
3741 3267 3841 3324 pra-

2306 3353 2560 3409 sentibus
2601 3351 2911 3408 didiceritis
2939 3353 3226 3423 universa,
3256 3360 3318 3408 et
3341 3354 3411 3409 ab
3440 3353 3624 3408 eadem
3646 3365 3723 3404 vos
3754 3360 3842 3417 pro-

2306 3447 2433 3518 prio
2471 3445 2688 3517 judicio
2737 3462 3024 3518 separasse
3062 3446 3396 3514 videamini,
3434 3452 3490 3502 et
3528 3445 3687 3500 adhuc
3717 3437 3843 3495 dicitis

2307 3540 2583 3612 synodum
2613 3539 2672 3594 in
2705 3540 2871 3594 unius
2906 3539 3154 3595 hominis
3191 3556 3492 3612 personam
3525 3537 3745 3594 debuisse
3773 3537 3846 3585 tra-

2308 3633 2471 3700 ctari,
2501 3648 2674 3704 quam
2701 3633 2762 3687 in
2793 3633 3134 3687 damnandis
3160 3634 3292 3688 totis
3323 3632 3659 3705 pontiﬁcibus
3678 3623 3844 3682 catholi-

2309 3727 2388 3781 cis
2413 3744 2528 3781 non
2563 3726 2865 3798 quaesistis.
2893 3726 3108 3790 Quibus
3136 3732 3334 3783 autem
3361 3727 3523 3782 vultis
3551 3728 3606 3779 ut
3629 3723 3686 3778 de
3705 3720 3844 3775 talium

2309 3835 2609 3875 causarum
2632 3819 2907 3874 relatione
2933 3820 3230 3875 credamus
3250 3821 3537 3876 catholicis
3560 3836 3620 3873 an
3642 3810 3844 3870 haereticis

2309 3914 2378 3968 ab
2398 3913 2554 3969 omni
2579 3912 2920 3983 contagione
2945 3914 3352 3970 haereticorum
3382 3913 3636 3980 discretis,
3652 3927 3710 3964 an
3725 3908 3848 3960 haere-

2309 4008 2552 4062 ticorum
2577 4006 2983 4062 communione
3010 4008 3240 4078 pollutis
3261 4008 3288 4062 ‘2
3319 4008 3452 4074 Quis
3480 4011 3652 4061 autem
3687 4015 3775 4055 non
3793 3995 3844 4047 Vi-

2310 4101 2443 4156 deat
2470 4100 2595 4154 illos
2621 4099 2887 4155 Ecclesiae
2929 4101 3258 4170 catholicos,
3289 4106 3350 4157 et
3377 4102 3445 4156 ab
3484 4098 3630 4156 omni
3652 4089 3847 4151 haeretica

2310 4197 2487 4265 peste,
2516 4210 2746 4264 prorsus
2782 4194 3015 4261 alienos,
3048 4195 3146 4266 qui
3177 4197 3422 4266 propriis
3453 4193 3660 4249 urbibus
3684 4183 3846 4242 detrusi.

2313 4290 2371 4342 et
2397 4288 2455 4341 in
2482 4287 2745 4344 exsilium
2771 4290 2902 4342 sunt
2929 4288 3168 4356 redacti,
3199 4295 3255 4344 et
3285 4305 3380 4344 eos
3417 4288 3512 4360 qui
3541 4277 3849 4358 superstitibus

2313 4381 2604 4436 catholicis
2630 4397 2976 4436 successores
3001 4380 3125 4436 fieri
3149 4383 3269 4436 ausi
3301 4388 3451 4449 sunt,
3479 4378 3742 4436 catholicos
3766 4384 3846 4422 om-

577 4472 772 4528 sedem
796 4471 1112 4527 secundum
1132 4471 1270 4527 scita
1294 4472 1603 4544 majorum,
1628 4477 1683 4528 et
1703 4473 1846 4528 sicut
1874 4490 2107 4546 semper
2127 4478 2212 4530 est
2229 4476 2290 4550 Ι)
2313 4474 2448 4530 nino
2493 4491 2610 4529 non
2657 4491 2800 4541 esse,
2826 4474 2928 4528 sed
2974 4478 3073 4529 aut
3120 4475 3436 4530 Eutichiani
3493 4466 3755 4531 manifesti.
3785 4461 3848 4515 aut

573 4567 786 4621 factum
815 4566 1030 4622 referre
1059 4565 1353 4634 debuistis,
1379 4566 1522 4622 sicut
1547 4566 1618 4622 de
1646 4568 1814 4622 Petro
1838 4569 2212 4624 Alexandrino

575 4661 663 4714 vel
698 4660 1050 4718 Antiocheno
1100 4662 1267 4715 Petro
1306 4660 1376 4715 de
1413 4662 1630 4716 Joanne
1680 4662 1965 4734 Pauloque
2013 4663 2209 4718 fecisse

576 4757 922 4808 monstratur
969 4755 1221 4809 Acacius.
1271 4754 1380 4810 Sed
1435 4755 1564 4826 quia
1612 4755 1898 4810 noveratis
1942 4771 2039 4810 eos
2081 4773 2210 4810 cum

577 4847 884 4918 apostolica
911 4847 1046 4902 sede
1074 4848 1304 4915 sentire,
1329 4851 1388 4902 et
1411 4847 1550 4920 quid
1580 4849 1741 4904 sedes
1771 4849 2084 4920 apostolica
2109 4866 2212 4905 sua

578 4939 905 4995 deﬁnitione
927 4947 1203 5007 censeret,
1236 4957 1342 5012 per
1370 4941 1496 4996 illos
1525 4943 1720 4997 tantos
1747 4958 1811 4996 ac
1831 4943 1972 4998 tales
1997 4942 2208 5014 episco-

577 5050 677 5104 pos
693 5036 911 5088 constat
929 5033 1244 5089 Orientales
1261 5034 1543 5090 antistites
1561 5035 1879 5091 nullatenus
1896 5036 2209 5108 ignorasse,

576 5131 634 5183 et
657 5143 762 5199 per
789 5127 918 5182 illos
950 5127 1242 5183 catholicas
1265 5130 1436 5201 atque
1463 5129 1783 5202 apostolicae
1818 5131 2210 5186 communioni

575 5221 854 5294 prodiisse
906 5222 1244 5290 contrarios,
1297 5227 1353 5278 et
1400 5222 1470 5278 ab
1524 5224 1722 5280 eadem
1766 5224 2034 5280 defecisse
2080 5241 2210 5279 cum

577 5331 690 5370 non
725 5315 832 5370 illis
857 5315 990 5371 estis
1035 5314 1300 5386 passione
1335 5317 1640 5389 conjuncti,
1666 5318 1762 5373 sed
1795 5318 1980 5390 potius
2015 5334 2207 5389 perse-

577 5408 866 5464 cutoribus
899 5425 1097 5464 eorum
1126 5409 1393 5465 societate
1431 5411 1694 5466 connexi.
1724 5410 1823 5466 Hic
1849 5411 2008 5467 vobis
2035 5428 2206 5482 syno-

576 5501 681 5558 dus
709 5518 1004 5574 nunquam
1031 5503 1186 5559 venit
1209 5503 1268 5558 in
1292 5507 1570 5572 mentem,
1600 5507 1658 5560 et
1676 5507 1827 5560 certe
1855 5505 1928 5560 de
1947 5505 2209 5576 personis

576 5595 660 5665 (ut
705 5595 920 5651 dictum
978 5596 1081 5667 est)
1126 5595 1288 5651 nulla
1329 5597 1507 5652 veteri
1551 5597 1676 5669 lege
1730 5597 2066 5653 constrictis.
2112 5598 2210 5654 Hic

576 5687 731 5743 nullo
767 5688 1024 5758 concilio,
1057 5705 1172 5744 non
1213 5689 1382 5744 unius
1425 5690 1583 5745 urbis
1609 5691 1698 5746 vel
1736 5692 1906 5746 unius
1937 5692 2208 5765 episcopi,

575 5779 672 5832 sed
693 5778 866 5835 totius
884 5780 1119 5838 orientis
1148 5781 1456 5839 Ecclesiam
1486 5783 1656 5840 subiit
1678 5784 1936 5841 animum
1958 5789 2207 5844 vestrum

2312 4585 2511 4623 eorum
2541 4566 2916 4623 sectatoribus
2940 4569 3425 4623 communicantes
3449 4569 3561 4623 haec
3584 4561 3727 4636 pestis
3745 4551 3846 4626 apud

2311 4678 2408 4717 eos
2429 4661 2712 4732 hodieque
2743 4662 3034 4732 perdurat.
3068 4662 3364 4733 Siquidem
3395 4665 3453 4716 et
3478 4676 3598 4716 cum
3621 4659 3752 4712 Petro
3766 4648 3848 4703 Ales

2311 4754 2593 4810 xandrino
2627 4759 2682 4809 et
2707 4771 2835 4808 cum
2877 4755 3232 4810 Antiocheno
3271 4758 3436 4810 Petro
3464 4737 3846 4809 indifferentemi

2313 4849 2409 4920 qui
2448 4847 2740 4903 catholicis
2786 4852 3193 4918 successerant,
3238 4848 3625 4904 communione
3661 4835 3847 4913 permisU

2311 4947 2461 5010 sunt,
2513 4945 2570 4997 et
2620 4942 3039 4996 successoribus
3091 4943 3389 5015 utriusque
3452 4940 3592 4997 Petri
3645 4931 3846 4997 hodieque

2311 5037 2643 5091 miscentur.
2671 5035 2765 5089 His
2793 5035 2942 5090 adde
2978 5035 3153 5091 etiam
3181 5037 3307 5092 illos
3343 5037 3440 5108 qui
3468 5028 3736 5092 catholicis,
3758 5019 3846 5077 lict?t

2311 5146 2430 5184 non
2455 5132 2867 5197 successerunt,
2897 5128 3000 5184 sed
3026 5145 3158 5184 cum
3202 5130 3463 5185 catholici
3499 5123 3755 5200 pontiﬁces
3775 5114 3844 5167 ha-

2310 5223 2582 5279 berentur
2608 5222 2806 5276 talium
2830 5237 2887 5277 se
2913 5224 3307 5279 communioni
3329 5221 3648 5295 junxerunt,
3672 5203 3845 5270 hircini1

2310 5317 2568 5371 mistura.
2614 5317 2744 5370 Hrec
2787 5318 2874 5371 est
2916 5315 3015 5370 illa
3051 5317 3305 5373 confusio
3348 5333 3477 5388 qua:
3518 5329 3610 5385 per
3633 5303 3844 5363 Orientem

2309 5413 2495 5465 totum
2517 5409 2666 5465 inter
2695 5408 3056 5481 catholicam,
3085 5410 3538 5483 haereticamque,
3565 5391 3842 5460 communi0°

2312 5519 2558 5576 nemque
2585 5503 2742 5559 nulla
2766 5503 3030 5560 discretio
3060 5509 3164 5560 est.
3201 5507 3321 5562 Imo
3345 5503 3442 5576 qui
3479 5494 3692 5557 discerni
3716 5489 3839 5544 ιειιίδ·

2309 5597 2454 5654 verit
2495 5596 2686 5670 potius
2731 5597 3030 5654 haereticus
3073 5599 3332 5666 habetur,
3369 5590 3724 5669 persecutione
3754 5591 3841 5651 μετ’

2309 5691 2552 5760 cellitur,
2585 5689 2795 5747 exsiliis
2823 5694 2883 5748 et
2907 5691 3212 5748 afﬂictione
3248 5691 3534 5748 multatur.
3764 5764 3771 5773 .

2381 5785 2575 5842 Restat
2599 5800 2738 5858 ergo
2761 5785 2905 5843 utin
2934 5786 3038 5842 hac
3065 5785 3375 5844 colluvione
3401 5783 3722 5842 cunctorum,
3742 5761 3839 5820 sitm
