  <div class='ocr_page' id='page_1' title='image "/cluster/home/n/w/nwhite01/storage/ocr_20150623/130/hvd.32044054759915/518.png"; bbox 0 0 4062 6188; ppageno 0'>
   <div class='ocr_carea' id='block_1_1' title="bbox 222 296 324 344">
    <p class='ocr_par' dir='ltr' id='par_1_1' title="bbox 222 296 324 344">
     <span class='ocr_line' id='line_1_1' title="bbox 222 296 324 344; baseline 0.02 -2"><span class='ocrx_word' id='word_1_1' title='bbox 222 296 324 344; x_wconf 72' lang='grc'>977</span> 
     </span>
    </p>
   </div>
   <div class='ocr_carea' id='block_1_2' title="bbox 1429 299 2319 358">
    <p class='ocr_par' dir='ltr' id='par_1_2' title="bbox 1429 299 2319 358">
     <span class='ocr_line' id='line_1_2' title="bbox 1429 299 2319 358; baseline 0.006 -7"><span class='ocrx_word' id='word_1_2' title='bbox 1429 299 1896 355; x_wconf 66' lang='lat' dir='ltr'>DECHE&#39;I‘ALIUM</span> <span class='ocrx_word' id='word_1_3' title='bbox 1935 302 2319 358; x_wconf 79' lang='lat' dir='ltr'>CULLECTIO.</span> 
     </span>
    </p>
   </div>
   <div class='ocr_carea' id='block_1_3' title="bbox 3485 315 3584 365">
    <p class='ocr_par' dir='ltr' id='par_1_3' title="bbox 3485 315 3584 365">
     <span class='ocr_line' id='line_1_3' title="bbox 3485 315 3584 365; baseline 0.04 -3"><span class='ocrx_word' id='word_1_4' title='bbox 3485 315 3584 365; x_wconf 76' lang='lat'>978</span> 
     </span>
    </p>
   </div>
   <div class='ocr_carea' id='block_1_4' title="bbox 215 397 3580 493">
    <p class='ocr_par' dir='ltr' id='par_1_4' title="bbox 215 397 3580 493">
     <span class='ocr_line' id='line_1_4' title="bbox 215 397 3580 493; baseline 0.006 -43"><span class='ocrx_word' id='word_1_5' title='bbox 215 397 474 470; x_wconf 83' lang='lat' dir='ltr'>quisquis</span> <span class='ocrx_word' id='word_1_6' title='bbox 505 398 576 452; x_wconf 88' lang='lat' dir='ltr'>ab</span> <span class='ocrx_word' id='word_1_7' title='bbox 605 399 800 454; x_wconf 88' lang='lat' dir='ltr'>eadem</span> <span class='ocrx_word' id='word_1_8' title='bbox 827 406 1120 470; x_wconf 87' lang='lat' dir='ltr'>separatus</span> <span class='ocrx_word' id='word_1_9' title='bbox 1149 404 1570 476; x_wconf 81' lang='lat' dir='ltr'>comprobatur,</span> <span class='ocrx_word' id='word_1_10' title='bbox 1602 407 1682 461; x_wconf 88' lang='lat' dir='ltr'>ita</span> <span class='ocrx_word' id='word_1_11' title='bbox 1707 409 1851 478; x_wconf 87' lang='lat' dir='ltr'>quis-</span> <span class='ocrx_word' id='word_1_12' title='bbox 1872 420 1931 493; x_wconf 78' lang='grc' dir='ltr'><strong>Α</strong></span> <span class='ocrx_word' id='word_1_13' title='bbox 1952 411 2351 465; x_wconf 81' lang='lat' dir='ltr'>communione</span> <span class='ocrx_word' id='word_1_14' title='bbox 2381 417 2511 467; x_wconf 90' lang='lat' dir='ltr'>sunt</span> <span class='ocrx_word' id='word_1_15' title='bbox 2539 412 2730 483; x_wconf 80' lang='lat' dir='ltr'>positi,</span> <span class='ocrx_word' id='word_1_16' title='bbox 2761 428 2866 467; x_wconf 93' lang='lat' dir='ltr'>nec</span> <span class='ocrx_word' id='word_1_17' title='bbox 2893 413 3092 468; x_wconf 87' lang='lat' dir='ltr'>eorum</span> <span class='ocrx_word' id='word_1_18' title='bbox 3120 413 3465 471; x_wconf 82' lang='lat' dir='ltr'>testimoniis</span> <span class='ocrx_word' id='word_1_19' title='bbox 3495 417 3580 471; x_wconf 87' lang='lat' dir='ltr'>in-</span> 
     </span>
    </p>
   </div>
   <div class='ocr_carea' id='block_1_5' title="bbox 218 491 1850 568">
    <p class='ocr_par' dir='ltr' id='par_1_5' title="bbox 218 491 1850 568">
     <span class='ocr_line' id='line_1_5' title="bbox 218 491 1850 568; baseline 0.006 -23"><span class='ocrx_word' id='word_1_20' title='bbox 218 492 350 563; x_wconf 88' lang='lat' dir='ltr'>quis</span> <span class='ocrx_word' id='word_1_21' title='bbox 368 491 604 546; x_wconf 71' lang='lat' dir='ltr'>sinceraa</span> <span class='ocrx_word' id='word_1_22' title='bbox 626 499 712 548; x_wconf 87' lang='lat' dir='ltr'>est</span> <span class='ocrx_word' id='word_1_23' title='bbox 728 495 1165 563; x_wconf 88' lang='lat' dir='ltr'>communionis,</span> <span class='ocrx_word' id='word_1_24' title='bbox 1190 501 1246 552; x_wconf 89' lang='lat' dir='ltr'>et</span> <span class='ocrx_word' id='word_1_25' title='bbox 1263 498 1392 552; x_wconf 90' lang='lat' dir='ltr'>ideo</span> <span class='ocrx_word' id='word_1_26' title='bbox 1414 500 1745 568; x_wconf 90' lang='lat' dir='ltr'>catholicus,</span> <span class='ocrx_word' id='word_1_27' title='bbox 1770 501 1850 556; x_wconf 89' lang='lat' dir='ltr'>ita</span> 
     </span>
    </p>
   </div>
   <div class='ocr_carea' id='block_1_6' title="bbox 216 586 1844 665">
    <p class='ocr_par' dir='ltr' id='par_1_6' title="bbox 216 586 1844 665">
     <span class='ocr_line' id='line_1_6' title="bbox 216 586 1844 665; baseline 0.006 -26"><span class='ocrx_word' id='word_1_28' title='bbox 216 586 480 656; x_wconf 85' lang='lat' dir='ltr'>quisquis</span> <span class='ocrx_word' id='word_1_29' title='bbox 507 586 654 640; x_wconf 90' lang='lat' dir='ltr'>illius</span> <span class='ocrx_word' id='word_1_30' title='bbox 682 587 1020 657; x_wconf 84' lang='lat' dir='ltr'>detestandi,</span> <span class='ocrx_word' id='word_1_31' title='bbox 1045 592 1370 647; x_wconf 87' lang='lat' dir='ltr'>commercii</span> <span class='ocrx_word' id='word_1_32' title='bbox 1392 593 1844 665; x_wconf 89' lang='lat' dir='ltr'>particepsinve-</span> 
     </span>
    </p>
   </div>
   <div class='ocr_carea' id='block_1_7' title="bbox 215 680 1846 756">
    <p class='ocr_par' dir='ltr' id='par_1_7' title="bbox 215 680 1846 756">
     <span class='ocr_line' id='line_1_7' title="bbox 215 680 1846 756; baseline 0.007 -24"><span class='ocrx_word' id='word_1_33' title='bbox 215 680 428 747; x_wconf 87' lang='lat' dir='ltr'>nietur,</span> <span class='ocrx_word' id='word_1_34' title='bbox 445 685 724 751; x_wconf 88' lang='lat' dir='ltr'>quantum</span> <span class='ocrx_word' id='word_1_35' title='bbox 741 698 774 736; x_wconf 92' lang='lat' dir='ltr'>a</span> <span class='ocrx_word' id='word_1_36' title='bbox 789 681 1011 737; x_wconf 90' lang='lat' dir='ltr'>sincera</span> <span class='ocrx_word' id='word_1_37' title='bbox 1023 685 1451 756; x_wconf 86' lang='lat' dir='ltr'>communione,</span> <span class='ocrx_word' id='word_1_38' title='bbox 1466 691 1691 742; x_wconf 90' lang='lat' dir='ltr'>tantum</span> <span class='ocrx_word' id='word_1_39' title='bbox 1709 705 1742 743; x_wconf 91' lang='lat' dir='ltr'>a</span> <span class='ocrx_word' id='word_1_40' title='bbox 1754 705 1846 743; x_wconf 86' lang='lat' dir='ltr'>ca-</span> 
     </span>
    </p>
   </div>
   <div class='ocr_carea' id='block_1_8' title="bbox 213 772 1850 851">
    <p class='ocr_par' dir='ltr' id='par_1_8' title="bbox 213 772 1850 851">
     <span class='ocr_line' id='line_1_8' title="bbox 213 772 1850 851; baseline 0.007 -26"><span class='ocrx_word' id='word_1_41' title='bbox 213 772 428 827; x_wconf 88' lang='lat' dir='ltr'>tholica</span> <span class='ocrx_word' id='word_1_42' title='bbox 451 779 620 845; x_wconf 89' lang='lat' dir='ltr'>atque</span> <span class='ocrx_word' id='word_1_43' title='bbox 652 774 962 844; x_wconf 90' lang='lat' dir='ltr'>apostolica</span> <span class='ocrx_word' id='word_1_44' title='bbox 995 777 1067 831; x_wconf 87' lang='lat' dir='ltr'>sit</span> <span class='ocrx_word' id='word_1_45' title='bbox 1094 780 1372 833; x_wconf 90' lang='lat' dir='ltr'>remotus.</span> <span class='ocrx_word' id='word_1_46' title='bbox 1397 779 1505 834; x_wconf 89' lang='lat' dir='ltr'>Nec</span> <span class='ocrx_word' id='word_1_47' title='bbox 1528 781 1850 851; x_wconf 61' lang='lat' dir='ltr'>pratendat</span> 
     </span>
    </p>
   </div>
   <div class='ocr_carea' id='block_1_9' title="bbox 216 867 1846 939">
    <p class='ocr_par' dir='ltr' id='par_1_9' title="bbox 216 867 1846 939">
     <span class='ocr_line' id='line_1_9' title="bbox 216 867 1846 939; baseline 0.007 -20"><span class='ocrx_word' id='word_1_48' title='bbox 216 867 477 938; x_wconf 85' lang='lat' dir='ltr'>quisquis</span> <span class='ocrx_word' id='word_1_49' title='bbox 514 868 666 939; x_wconf 91' lang='lat' dir='ltr'>quod</span> <span class='ocrx_word' id='word_1_50' title='bbox 708 869 874 924; x_wconf 86' lang='lat' dir='ltr'>alicui</span> <span class='ocrx_word' id='word_1_51' title='bbox 909 870 1149 926; x_wconf 85' lang='lat' dir='ltr'>forsitan</span> <span class='ocrx_word' id='word_1_52' title='bbox 1176 871 1513 928; x_wconf 86' lang='lat' dir='ltr'>evidentiori</span> <span class='ocrx_word' id='word_1_53' title='bbox 1544 889 1659 928; x_wconf 90' lang='lat' dir='ltr'>non</span> <span class='ocrx_word' id='word_1_54' title='bbox 1690 891 1846 930; x_wconf 90' lang='lat' dir='ltr'>com-</span> 
     </span>
    </p>
   </div>
   <div class='ocr_carea' id='block_1_10' title="bbox 214 961 1848 1036">
    <p class='ocr_par' dir='ltr' id='par_1_10' title="bbox 214 961 1848 1036">
     <span class='ocr_line' id='line_1_10' title="bbox 214 961 1848 1036; baseline 0.006 -22"><span class='ocrx_word' id='word_1_55' title='bbox 214 961 570 1016; x_wconf 86' lang='lat' dir='ltr'>munieasset</span> <span class='ocrx_word' id='word_1_56' title='bbox 611 961 805 1036; x_wconf 82' lang='grc'>242</span> <span class='ocrx_word' id='word_1_57' title='bbox 848 965 937 1018; x_wconf 86' lang='lat' dir='ltr'>vel</span> <span class='ocrx_word' id='word_1_58' title='bbox 976 981 1090 1020; x_wconf 91' lang='lat' dir='ltr'>non</span> <span class='ocrx_word' id='word_1_59' title='bbox 1125 967 1548 1023; x_wconf 82' lang='lat' dir='ltr'>communicare</span> <span class='ocrx_word' id='word_1_60' title='bbox 1592 967 1848 1024; x_wconf 90' lang='lat' dir='ltr'>videatur</span> 
     </span>
    </p>
   </div>
   <div class='ocr_carea' id='block_1_11' title="bbox 213 1055 1846 1133">
    <p class='ocr_par' dir='ltr' id='par_1_11' title="bbox 213 1055 1846 1133">
     <span class='ocr_line' id='line_1_11' title="bbox 213 1055 1846 1133; baseline 0.005 -24"><span class='ocrx_word' id='word_1_61' title='bbox 213 1055 509 1110; x_wconf 64' lang='lat' dir='ltr'>haeretico.</span> <span class='ocrx_word' id='word_1_62' title='bbox 542 1056 685 1120; x_wconf 88' lang='lat' dir='ltr'>Quid</span> <span class='ocrx_word' id='word_1_63' title='bbox 712 1057 864 1113; x_wconf 87' lang='lat' dir='ltr'>enim</span> <span class='ocrx_word' id='word_1_64' title='bbox 889 1059 1067 1128; x_wconf 83' lang='lat' dir='ltr'>juvat,</span> <span class='ocrx_word' id='word_1_65' title='bbox 1110 1059 1157 1114; x_wconf 91' lang='lat' dir='ltr'>si</span> <span class='ocrx_word' id='word_1_66' title='bbox 1194 1060 1278 1115; x_wconf 90' lang='lat' dir='ltr'>illi</span> <span class='ocrx_word' id='word_1_67' title='bbox 1303 1077 1418 1115; x_wconf 91' lang='lat' dir='ltr'>non</span> <span class='ocrx_word' id='word_1_68' title='bbox 1448 1063 1846 1133; x_wconf 88' lang='lat' dir='ltr'>communicet,</span> 
     </span>
    </p>
   </div>
   <div class='ocr_carea' id='block_1_12' title="bbox 213 1149 1848 1225">
    <p class='ocr_par' dir='ltr' id='par_1_12' title="bbox 213 1149 1848 1225">
     <span class='ocr_line' id='line_1_12' title="bbox 213 1149 1848 1225; baseline 0.004 -21"><span class='ocrx_word' id='word_1_69' title='bbox 213 1153 272 1204; x_wconf 88' lang='lat' dir='ltr'>et</span> <span class='ocrx_word' id='word_1_70' title='bbox 322 1149 412 1203; x_wconf 86' lang='lat' dir='ltr'>his</span> <span class='ocrx_word' id='word_1_71' title='bbox 461 1154 657 1205; x_wconf 88' lang='lat' dir='ltr'>tamen</span> <span class='ocrx_word' id='word_1_72' title='bbox 700 1153 1105 1207; x_wconf 89' lang='lat' dir='ltr'>communione</span> <span class='ocrx_word' id='word_1_73' title='bbox 1126 1153 1447 1224; x_wconf 89' lang='lat' dir='ltr'>jungantur</span> <span class='ocrx_word' id='word_1_74' title='bbox 1483 1155 1581 1225; x_wconf 87' lang='lat' dir='ltr'>qui</span> <span class='ocrx_word' id='word_1_75' title='bbox 1605 1155 1674 1210; x_wconf 88' lang='lat' dir='ltr'>ab</span> <span class='ocrx_word' id='word_1_76' title='bbox 1699 1156 1848 1212; x_wconf 89' lang='lat' dir='ltr'>illius</span> 
     </span>
    </p>
   </div>
   <div class='ocr_carea' id='block_1_13' title="bbox 211 1245 1849 1311">
    <p class='ocr_par' dir='ltr' id='par_1_13' title="bbox 211 1245 1849 1311">
     <span class='ocr_line' id='line_1_13' title="bbox 211 1245 1849 1311; baseline 0.006 -16"><span class='ocrx_word' id='word_1_77' title='bbox 211 1259 333 1296; x_wconf 88' lang='lat' dir='ltr'>non</span> <span class='ocrx_word' id='word_1_78' title='bbox 360 1246 494 1297; x_wconf 90' lang='lat' dir='ltr'>sunt</span> <span class='ocrx_word' id='word_1_79' title='bbox 522 1245 924 1300; x_wconf 89' lang='lat' dir='ltr'>communione</span> <span class='ocrx_word' id='word_1_80' title='bbox 953 1246 1205 1302; x_wconf 83' lang='lat' dir='ltr'>diversi?</span> <span class='ocrx_word' id='word_1_81' title='bbox 1237 1247 1384 1311; x_wconf 90' lang='lat' dir='ltr'>Quid</span> <span class='ocrx_word' id='word_1_82' title='bbox 1411 1247 1458 1301; x_wconf 91' lang='lat' dir='ltr'>si</span> <span class='ocrx_word' id='word_1_83' title='bbox 1481 1264 1680 1303; x_wconf 88' lang='lat' dir='ltr'>eorum</span> <span class='ocrx_word' id='word_1_84' title='bbox 1710 1251 1849 1305; x_wconf 90' lang='lat' dir='ltr'>nulli</span> 
     </span>
    </p>
   </div>
   <div class='ocr_carea' id='block_1_14' title="bbox 211 1337 1849 1398">
    <p class='ocr_par' dir='ltr' id='par_1_14' title="bbox 211 1337 1849 1398">
     <span class='ocr_line' id='line_1_14' title="bbox 211 1337 1849 1398; baseline 0.005 -8"><span class='ocrx_word' id='word_1_85' title='bbox 211 1337 665 1391; x_wconf 87' lang='lat' dir='ltr'>communicavit</span> <span class='ocrx_word' id='word_1_86' title='bbox 716 1338 800 1393; x_wconf 88' lang='lat' dir='ltr'>vel</span> <span class='ocrx_word' id='word_1_87' title='bbox 843 1339 1077 1394; x_wconf 87' lang='lat' dir='ltr'>omnino</span> <span class='ocrx_word' id='word_1_88' title='bbox 1125 1359 1239 1396; x_wconf 91' lang='lat' dir='ltr'>non</span> <span class='ocrx_word' id='word_1_89' title='bbox 1279 1341 1717 1398; x_wconf 83' lang='lat' dir='ltr'>communicat?</span> <span class='ocrx_word' id='word_1_90' title='bbox 1750 1345 1849 1398; x_wconf 85' lang='lat' dir='ltr'>Hic</span> 
     </span>
    </p>
   </div>
   <div class='ocr_carea' id='block_1_15' title="bbox 209 1429 1844 1511">
    <p class='ocr_par' dir='ltr' id='par_1_15' title="bbox 209 1429 1844 1511">
     <span class='ocr_line' id='line_1_15' title="bbox 209 1429 1844 1511; baseline 0.004 -26"><span class='ocrx_word' id='word_1_91' title='bbox 209 1429 326 1485; x_wconf 87' lang='lat' dir='ltr'>erit</span> <span class='ocrx_word' id='word_1_92' title='bbox 351 1430 446 1484; x_wconf 92' lang='lat' dir='ltr'>ille</span> <span class='ocrx_word' id='word_1_93' title='bbox 476 1431 734 1498; x_wconf 56' lang='lat' dir='ltr'>sinceras,</span> <span class='ocrx_word' id='word_1_94' title='bbox 765 1433 1194 1506; x_wconf 79' lang='lat' dir='ltr'>catholicaeque,</span> <span class='ocrx_word' id='word_1_95' title='bbox 1225 1438 1654 1511; x_wconf 83' lang='lat' dir='ltr'>apostolicaeque</span> <span class='ocrx_word' id='word_1_96' title='bbox 1687 1455 1844 1494; x_wconf 87' lang='lat' dir='ltr'>com-</span> 
     </span>
    </p>
   </div>
   <div class='ocr_carea' id='block_1_16' title="bbox 207 1524 1846 1604">
    <p class='ocr_par' dir='ltr' id='par_1_16' title="bbox 207 1524 1846 1604">
     <span class='ocr_line' id='line_1_16' title="bbox 207 1524 1846 1604; baseline 0.007 -27"><span class='ocrx_word' id='word_1_97' title='bbox 207 1524 505 1578; x_wconf 86' lang='lat' dir='ltr'>munionis</span> <span class='ocrx_word' id='word_1_98' title='bbox 535 1529 591 1580; x_wconf 91' lang='lat' dir='ltr'>et</span> <span class='ocrx_word' id='word_1_99' title='bbox 616 1525 770 1593; x_wconf 91' lang='lat' dir='ltr'>ﬁdei,</span> <span class='ocrx_word' id='word_1_100' title='bbox 800 1526 1049 1598; x_wconf 81' lang='lat' dir='ltr'>alioquin</span> <span class='ocrx_word' id='word_1_101' title='bbox 1076 1529 1234 1584; x_wconf 91' lang='lat' dir='ltr'>nullo</span> <span class='ocrx_word' id='word_1_102' title='bbox 1256 1531 1426 1586; x_wconf 91' lang='lat' dir='ltr'>modo</span> <span class='ocrx_word' id='word_1_103' title='bbox 1457 1533 1668 1604; x_wconf 90' lang='lat' dir='ltr'>poterit</span> <span class='ocrx_word' id='word_1_104' title='bbox 1697 1533 1846 1588; x_wconf 91' lang='lat' dir='ltr'>indi-</span> 
     </span>
    </p>
   </div>
   <div class='ocr_carea' id='block_1_17' title="bbox 208 1618 1843 1698">
    <p class='ocr_par' dir='ltr' id='par_1_17' title="bbox 208 1618 1843 1698">
     <span class='ocr_line' id='line_1_17' title="bbox 208 1618 1843 1698; baseline 0.006 -27"><span class='ocrx_word' id='word_1_105' title='bbox 208 1624 413 1673; x_wconf 68' lang='lat' dir='ltr'>scretae</span> <span class='ocrx_word' id='word_1_106' title='bbox 439 1618 591 1673; x_wconf 90' lang='lat' dir='ltr'>illius</span> <span class='ocrx_word' id='word_1_107' title='bbox 611 1620 891 1676; x_wconf 89' lang='lat' dir='ltr'>mistionis</span> <span class='ocrx_word' id='word_1_108' title='bbox 908 1620 1253 1678; x_wconf 90' lang='lat' dir='ltr'>insincerum</span> <span class='ocrx_word' id='word_1_109' title='bbox 1284 1625 1462 1681; x_wconf 87' lang='lat' dir='ltr'>vitare</span> <span class='ocrx_word' id='word_1_110' title='bbox 1491 1627 1843 1698; x_wconf 84' lang='lat' dir='ltr'>contagium.</span> 
     </span>
    </p>
   </div>
   <div class='ocr_carea' id='block_1_18' title="bbox 210 1713 1846 1776">
    <p class='ocr_par' dir='ltr' id='par_1_18' title="bbox 210 1713 1846 1776">
     <span class='ocr_line' id='line_1_18' title="bbox 210 1713 1846 1776; baseline 0.006 -11"><span class='ocrx_word' id='word_1_111' title='bbox 210 1713 326 1765; x_wconf 83' lang='lat' dir='ltr'>Hoc</span> <span class='ocrx_word' id='word_1_112' title='bbox 365 1713 534 1767; x_wconf 91' lang='lat' dir='ltr'>modo</span> <span class='ocrx_word' id='word_1_113' title='bbox 566 1713 741 1768; x_wconf 90' lang='lat' dir='ltr'>etiam</span> <span class='ocrx_word' id='word_1_114' title='bbox 772 1714 867 1769; x_wconf 92' lang='lat' dir='ltr'>ille</span> <span class='ocrx_word' id='word_1_115' title='bbox 905 1715 989 1770; x_wconf 90' lang='lat' dir='ltr'>vir</span> <span class='ocrx_word' id='word_1_116' title='bbox 1017 1716 1198 1772; x_wconf 91' lang='lat' dir='ltr'>bonus</span> <span class='ocrx_word' id='word_1_117' title='bbox 1223 1720 1455 1774; x_wconf 90' lang='lat' dir='ltr'>Aeacius</span> <span class='ocrx_word' id='word_1_118' title='bbox 1489 1721 1846 1776; x_wconf 82' lang='lat' dir='ltr'>Antiocheno</span> 
     </span>
    </p>
   </div>
   <div class='ocr_carea' id='block_1_19' title="bbox 1950 504 3583 578">
    <p class='ocr_par' dir='ltr' id='par_1_19' title="bbox 1950 504 3583 578">
     <span class='ocr_line' id='line_1_19' title="bbox 1950 504 3583 578; baseline 0.005 -20"><span class='ocrx_word' id='word_1_119' title='bbox 1950 504 2050 558; x_wconf 90' lang='lat' dir='ltr'>niti</span> <span class='ocrx_word' id='word_1_120' title='bbox 2081 521 2186 574; x_wconf 91' lang='lat' dir='ltr'>pro</span> <span class='ocrx_word' id='word_1_121' title='bbox 2224 505 2460 559; x_wconf 85' lang='lat' dir='ltr'>veritate</span> <span class='ocrx_word' id='word_1_122' title='bbox 2487 507 2804 576; x_wconf 87' lang='lat' dir='ltr'>poterimus</span> <span class='ocrx_word' id='word_1_123' title='bbox 2835 507 2934 578; x_wconf 90' lang='lat' dir='ltr'>qui</span> <span class='ocrx_word' id='word_1_124' title='bbox 2955 507 3296 578; x_wconf 82' lang='lat' dir='ltr'>impugnare</span> <span class='ocrx_word' id='word_1_125' title='bbox 3321 511 3583 566; x_wconf 87' lang='lat' dir='ltr'>nituntur</span> 
     </span>
    </p>
   </div>
   <div class='ocr_carea' id='block_1_20' title="bbox 1949 597 3582 668">
    <p class='ocr_par' dir='ltr' id='par_1_20' title="bbox 1949 597 3582 668">
     <span class='ocr_line' id='line_1_20' title="bbox 1949 597 3582 668; baseline 0.006 -18"><span class='ocrx_word' id='word_1_126' title='bbox 1949 597 2293 651; x_wconf 86' lang='lat' dir='ltr'>falsitatibus</span> <span class='ocrx_word' id='word_1_127' title='bbox 2322 597 2641 654; x_wconf 85' lang='lat' dir='ltr'>veritatem.</span> <span class='ocrx_word' id='word_1_128' title='bbox 2689 601 2904 668; x_wconf 83' lang='lat' dir='ltr'>Restat,</span> <span class='ocrx_word' id='word_1_129' title='bbox 2946 606 3008 655; x_wconf 92' lang='lat' dir='ltr'>ut</span> <span class='ocrx_word' id='word_1_130' title='bbox 3041 617 3156 656; x_wconf 91' lang='lat' dir='ltr'>non</span> <span class='ocrx_word' id='word_1_131' title='bbox 3184 603 3293 658; x_wconf 89' lang='lat' dir='ltr'>nisi</span> <span class='ocrx_word' id='word_1_132' title='bbox 3319 603 3428 658; x_wconf 92' lang='lat' dir='ltr'>illis</span> <span class='ocrx_word' id='word_1_133' title='bbox 3459 621 3582 659; x_wconf 85' lang='lat' dir='ltr'>ere-</span> 
     </span>
    </p>
   </div>
   <div class='ocr_carea' id='block_1_21' title="bbox 1952 691 3582 766">
    <p class='ocr_par' dir='ltr' id='par_1_21' title="bbox 1952 691 3582 766">
     <span class='ocr_line' id='line_1_21' title="bbox 1952 691 3582 766; baseline 0.004 -20"><span class='ocrx_word' id='word_1_134' title='bbox 1952 691 2086 746; x_wconf 89' lang='lat' dir='ltr'>dere</span> <span class='ocrx_word' id='word_1_135' title='bbox 2139 691 2442 747; x_wconf 86' lang='lat' dir='ltr'>debeamus</span> <span class='ocrx_word' id='word_1_136' title='bbox 2499 692 2597 763; x_wconf 89' lang='lat' dir='ltr'>qui</span> <span class='ocrx_word' id='word_1_137' title='bbox 2644 693 2713 746; x_wconf 90' lang='lat' dir='ltr'>ab</span> <span class='ocrx_word' id='word_1_138' title='bbox 2759 694 2918 748; x_wconf 91' lang='lat' dir='ltr'>omni</span> <span class='ocrx_word' id='word_1_139' title='bbox 2967 695 3304 766; x_wconf 82' lang='lat' dir='ltr'>contagione</span> <span class='ocrx_word' id='word_1_140' title='bbox 3346 701 3478 752; x_wconf 90' lang='lat' dir='ltr'>sunt</span> <span class='ocrx_word' id='word_1_141' title='bbox 3516 699 3582 753; x_wconf 77' lang='lat' dir='ltr'>li~</span> 
     </span>
    </p>
   </div>
   <div class='ocr_carea' id='block_1_22' title="bbox 1951 784 2093 840">
    <p class='ocr_par' dir='ltr' id='par_1_22' title="bbox 1951 784 2093 840">
     <span class='ocr_line' id='line_1_22' title="bbox 1951 784 2093 840; baseline -0.014 0"><span class='ocrx_word' id='word_1_142' title='bbox 1951 784 2093 840; x_wconf 91' lang='lat' dir='ltr'>beri.</span> 
     </span>
    </p>
   </div>
   <div class='ocr_carea' id='block_1_23' title="bbox 2189 869 3346 943">
    <p class='ocr_par' dir='ltr' id='par_1_23' title="bbox 2189 869 3346 943">
     <span class='ocr_line' id='line_1_23' title="bbox 2189 869 3346 943; baseline 0.005 -18"><span class='ocrx_word' id='word_1_143' title='bbox 2189 871 2437 942; x_wconf 81' lang='lat' dir='ltr'>Epistola</span> <span class='ocrx_word' id='word_1_144' title='bbox 2467 869 2671 928; x_wconf 73' lang='lat' dir='ltr'>Gelasii</span> <span class='ocrx_word' id='word_1_145' title='bbox 2689 885 2852 940; x_wconf 74' lang='lat' dir='ltr'>papae</span> <span class='ocrx_word' id='word_1_146' title='bbox 2876 871 2950 926; x_wconf 86' lang='lat' dir='ltr'>ad</span> <span class='ocrx_word' id='word_1_147' title='bbox 2974 873 3346 943; x_wconf 71' lang='lat' dir='ltr'>Euniﬁmium,</span> 
     </span>
    </p>
   </div>
   <div class='ocr_carea' id='block_1_24' title="bbox 2029 973 3230 1040">
    <p class='ocr_par' dir='ltr' id='par_1_24' title="bbox 2029 973 3230 1040">
     <span class='ocr_line' id='line_1_24' title="bbox 2029 973 3230 1040; baseline 0 -9"><span class='ocrx_word' id='word_1_148' title='bbox 2029 973 2402 1032; x_wconf 86' lang='lat' dir='ltr'>Dilectissimo</span> <span class='ocrx_word' id='word_1_149' title='bbox 2426 973 2590 1028; x_wconf 83' lang='lat' dir='ltr'>fratri</span> <span class='ocrx_word' id='word_1_150' title='bbox 2609 973 2919 1040; x_wconf 78' lang='lat' dir='ltr'>EUNlrnno,</span> <span class='ocrx_word' id='word_1_151' title='bbox 2946 973 3230 1031; x_wconf 79' lang='lat' dir='ltr'>GELASIUS.</span> 
     </span>
    </p>
   </div>
   <div class='ocr_carea' id='block_1_25' title="bbox 2019 1055 3581 1139">
    <p class='ocr_par' dir='ltr' id='par_1_25' title="bbox 2019 1055 3581 1139">
     <span class='ocr_line' id='line_1_25' title="bbox 2019 1055 3581 1139; baseline 0.003 -15"><span class='ocrx_word' id='word_1_152' title='bbox 2019 1069 2174 1138; x_wconf 88' lang='lat' dir='ltr'>Quod</span> <span class='ocrx_word' id='word_1_153' title='bbox 2187 1068 2357 1139; x_wconf 89' lang='lat' dir='ltr'>plane</span> <span class='ocrx_word' id='word_1_154' title='bbox 2373 1067 2633 1138; x_wconf 92' lang='lat' dir='ltr'>cupimus</span> <span class='ocrx_word' id='word_1_155' title='bbox 2648 1070 2820 1138; x_wconf 91' lang='lat' dir='ltr'>atque</span> <span class='ocrx_word' id='word_1_156' title='bbox 2837 1055 3059 1122; x_wconf 88' lang='lat' dir='ltr'>sincera</span> <span class='ocrx_word' id='word_1_157' title='bbox 3074 1067 3208 1124; x_wconf 89' lang='lat' dir='ltr'>ﬁdei</span> <span class='ocrx_word' id='word_1_158' title='bbox 3224 1071 3581 1127; x_wconf 89' lang='lat' dir='ltr'>communio-</span> 
     </span>
    </p>
   </div>
   <div class='ocr_carea' id='block_1_26' title="bbox 1949 1160 3582 1235">
    <p class='ocr_par' dir='ltr' id='par_1_26' title="bbox 1949 1160 3582 1235">
     <span class='ocr_line' id='line_1_26' title="bbox 1949 1160 3582 1235; baseline 0.002 -17"><span class='ocrx_word' id='word_1_159' title='bbox 1949 1165 2150 1235; x_wconf 89' lang='lat' dir='ltr'>nisque</span> <span class='ocrx_word' id='word_1_160' title='bbox 2179 1160 2475 1216; x_wconf 81' lang='lat' dir='ltr'>catholicae</span> <span class='ocrx_word' id='word_1_161' title='bbox 2501 1160 2952 1230; x_wconf 82' lang='lat' dir='ltr'>reintegratione</span> <span class='ocrx_word' id='word_1_162' title='bbox 2993 1160 3226 1232; x_wconf 88' lang='lat' dir='ltr'>ﬁrmari,</span> <span class='ocrx_word' id='word_1_163' title='bbox 3253 1167 3455 1219; x_wconf 85' lang='lat' dir='ltr'>asserit</span> <span class='ocrx_word' id='word_1_164' title='bbox 3480 1171 3582 1221; x_wconf 89' lang='lat' dir='ltr'>tua</span> 
     </span>
    </p>
   </div>
   <div class='ocr_carea' id='block_1_27' title="bbox 1949 1253 3581 1324">
    <p class='ocr_par' dir='ltr' id='par_1_27' title="bbox 1949 1253 3581 1324">
     <span class='ocr_line' id='line_1_27' title="bbox 1949 1253 3581 1324; baseline 0.001 -12"><span class='ocrx_word' id='word_1_165' title='bbox 1949 1256 2200 1312; x_wconf 89' lang='lat' dir='ltr'>dilectio.</span> <span class='ocrx_word' id='word_1_166' title='bbox 2231 1255 2392 1319; x_wconf 87' lang='lat' dir='ltr'>Quod</span> <span class='ocrx_word' id='word_1_167' title='bbox 2417 1253 2580 1308; x_wconf 88' lang='lat' dir='ltr'>alteri</span> <span class='ocrx_word' id='word_1_168' title='bbox 2607 1255 2758 1308; x_wconf 90' lang='lat' dir='ltr'>solus</span> <span class='ocrx_word' id='word_1_169' title='bbox 2781 1271 2897 1309; x_wconf 91' lang='lat' dir='ltr'>non</span> <span class='ocrx_word' id='word_1_170' title='bbox 2933 1255 3180 1310; x_wconf 87' lang='lat' dir='ltr'>sufﬁciat</span> <span class='ocrx_word' id='word_1_171' title='bbox 3202 1256 3450 1324; x_wconf 90' lang='lat' dir='ltr'>auditus,</span> <span class='ocrx_word' id='word_1_172' title='bbox 3471 1258 3581 1313; x_wconf 86' lang='lat' dir='ltr'>nisi</span> 
     </span>
    </p>
   </div>
   <div class='ocr_carea' id='block_1_28' title="bbox 1947 1347 3626 1423">
    <p class='ocr_par' dir='ltr' id='par_1_28' title="bbox 1947 1347 3626 1423">
     <span class='ocr_line' id='line_1_28' title="bbox 1947 1347 3626 1423; baseline 0 -18"><span class='ocrx_word' id='word_1_173' title='bbox 1947 1367 2050 1423; x_wconf 89' lang='lat' dir='ltr'>per</span> <span class='ocrx_word' id='word_1_174' title='bbox 2077 1351 2291 1404; x_wconf 87' lang='lat' dir='ltr'>litteras</span> <span class='ocrx_word' id='word_1_175' title='bbox 2322 1347 2659 1419; x_wconf 84' lang='lat' dir='ltr'>spectaverit</span> <span class='ocrx_word' id='word_1_176' title='bbox 2689 1347 3015 1419; x_wconf 89' lang='lat' dir='ltr'>signiﬁcant</span> <span class='ocrx_word' id='word_1_177' title='bbox 3041 1354 3472 1419; x_wconf 88' lang='lat' dir='ltr'>provocantem,</span> <span class='ocrx_word' id='word_1_178' title='bbox 3511 1351 3582 1406; x_wconf 90' lang='lat' dir='ltr'>de</span> <span class='ocrx_word' id='word_1_179' title='bbox 3607 1399 3626 1418; x_wconf 92' lang='grc'><em>,</em></span> 
     </span>
    </p>
   </div>
   <div class='ocr_carea' id='block_1_29' title="bbox 1947 1441 3586 1516">
    <p class='ocr_par' dir='ltr' id='par_1_29' title="bbox 1947 1441 3586 1516">
     <span class='ocr_line' id='line_1_29' title="bbox 1947 1441 3586 1516; baseline 0 -17"><span class='ocrx_word' id='word_1_180' title='bbox 1947 1445 2035 1499; x_wconf 90' lang='lat' dir='ltr'>his</span> <span class='ocrx_word' id='word_1_181' title='bbox 2061 1447 2202 1516; x_wconf 57' lang='lat' dir='ltr'>quas</span> <span class='ocrx_word' id='word_1_182' title='bbox 2241 1443 2390 1498; x_wconf 91' lang='lat' dir='ltr'>circa</span> <span class='ocrx_word' id='word_1_183' title='bbox 2429 1458 2535 1497; x_wconf 90' lang='lat' dir='ltr'>nos</span> <span class='ocrx_word' id='word_1_184' title='bbox 2562 1442 2912 1513; x_wconf 86' lang='lat' dir='ltr'>dispensatio</span> <span class='ocrx_word' id='word_1_185' title='bbox 2945 1441 3134 1497; x_wconf 88' lang='lat' dir='ltr'>divina</span> <span class='ocrx_word' id='word_1_186' title='bbox 3161 1444 3418 1514; x_wconf 86' lang='lat' dir='ltr'>perfecit,</span> <span class='ocrx_word' id='word_1_187' title='bbox 3453 1448 3516 1500; x_wconf 90' lang='lat' dir='ltr'>ut</span> <span class='ocrx_word' id='word_1_188' title='bbox 3540 1445 3586 1499; x_wconf 89' lang='lat' dir='ltr'>si</span> 
     </span>
    </p>
   </div>
   <div class='ocr_carea' id='block_1_30' title="bbox 1946 1534 3582 1607">
    <p class='ocr_par' dir='ltr' id='par_1_30' title="bbox 1946 1534 3582 1607">
     <span class='ocr_line' id='line_1_30' title="bbox 1946 1534 3582 1607; baseline -0.001 -14"><span class='ocrx_word' id='word_1_189' title='bbox 1946 1539 2005 1593; x_wconf 91' lang='lat' dir='ltr'>in</span> <span class='ocrx_word' id='word_1_190' title='bbox 2059 1536 2320 1593; x_wconf 90' lang='lat' dir='ltr'>secundis</span> <span class='ocrx_word' id='word_1_191' title='bbox 2358 1535 2544 1590; x_wconf 90' lang='lat' dir='ltr'>vicem</span> <span class='ocrx_word' id='word_1_192' title='bbox 2594 1534 2954 1590; x_wconf 86' lang='lat' dir='ltr'>salutationis</span> <span class='ocrx_word' id='word_1_193' title='bbox 2997 1535 3411 1607; x_wconf 75' lang='lat' dir='ltr'>impenderam.</span> <span class='ocrx_word' id='word_1_194' title='bbox 3457 1538 3582 1592; x_wconf 89' lang='lat' dir='ltr'>Non</span> 
     </span>
    </p>
   </div>
   <div class='ocr_carea' id='block_1_31' title="bbox 1945 1630 3586 1702">
    <p class='ocr_par' dir='ltr' id='par_1_31' title="bbox 1945 1630 3586 1702">
     <span class='ocr_line' id='line_1_31' title="bbox 1945 1630 3586 1702; baseline 0 -15"><span class='ocrx_word' id='word_1_195' title='bbox 1945 1632 2289 1687; x_wconf 86' lang='lat' dir='ltr'>arbitramur</span> <span class='ocrx_word' id='word_1_196' title='bbox 2311 1631 2396 1685; x_wconf 88' lang='lat' dir='ltr'>vel</span> <span class='ocrx_word' id='word_1_197' title='bbox 2427 1630 2794 1685; x_wconf 88' lang='lat' dir='ltr'>dilectionem</span> <span class='ocrx_word' id='word_1_198' title='bbox 2819 1633 2982 1685; x_wconf 90' lang='lat' dir='ltr'>tuam</span> <span class='ocrx_word' id='word_1_199' title='bbox 3001 1631 3086 1686; x_wconf 89' lang='lat' dir='ltr'>vel</span> <span class='ocrx_word' id='word_1_200' title='bbox 3117 1630 3366 1702; x_wconf 89' lang='lat' dir='ltr'>aliquam</span> <span class='ocrx_word' id='word_1_201' title='bbox 3391 1647 3452 1686; x_wconf 92' lang='lat' dir='ltr'>se</span> <span class='ocrx_word' id='word_1_202' title='bbox 3472 1631 3586 1687; x_wconf 91' lang='lat' dir='ltr'>hoc</span> 
     </span>
    </p>
   </div>
   <div class='ocr_carea' id='block_1_32' title="bbox 1947 1723 3575 1796">
    <p class='ocr_par' dir='ltr' id='par_1_32' title="bbox 1947 1723 3575 1796">
     <span class='ocr_line' id='line_1_32' title="bbox 1947 1723 3575 1796; baseline 0.001 -17"><span class='ocrx_word' id='word_1_203' title='bbox 1947 1741 2176 1796; x_wconf 88' lang='lat' dir='ltr'>sperare</span> <span class='ocrx_word' id='word_1_204' title='bbox 2231 1723 2500 1795; x_wconf 89' lang='lat' dir='ltr'>potuisse,</span> <span class='ocrx_word' id='word_1_205' title='bbox 2545 1726 2610 1777; x_wconf 90' lang='lat' dir='ltr'>ut</span> <span class='ocrx_word' id='word_1_206' title='bbox 2653 1725 2884 1794; x_wconf 85' lang='lat' dir='ltr'>putaret</span> <span class='ocrx_word' id='word_1_207' title='bbox 2916 1739 3018 1778; x_wconf 90' lang='lat' dir='ltr'>nos</span> <span class='ocrx_word' id='word_1_208' title='bbox 3049 1724 3137 1777; x_wconf 88' lang='lat' dir='ltr'>vel</span> <span class='ocrx_word' id='word_1_209' title='bbox 3165 1723 3575 1796; x_wconf 89' lang='lat' dir='ltr'>aliquempiam</span> 
     </span>
    </p>
   </div>
   <div class='ocr_carea' id='block_1_33' title="bbox 208 1795 3581 1890">
    <p class='ocr_par' dir='ltr' id='par_1_33' title="bbox 208 1795 3581 1890">
     <span class='ocr_line' id='line_1_33' title="bbox 208 1795 3581 1890; baseline 0.004 -31"><span class='ocrx_word' id='word_1_210' title='bbox 208 1807 402 1875; x_wconf 89' lang='lat' dir='ltr'>Petro,</span> <span class='ocrx_word' id='word_1_211' title='bbox 438 1807 526 1860; x_wconf 92' lang='lat' dir='ltr'>cui</span> <span class='ocrx_word' id='word_1_212' title='bbox 554 1823 613 1861; x_wconf 89' lang='lat' dir='ltr'>se</span> <span class='ocrx_word' id='word_1_213' title='bbox 644 1809 832 1878; x_wconf 88' lang='lat' dir='ltr'>palam</span> <span class='ocrx_word' id='word_1_214' title='bbox 861 1825 980 1864; x_wconf 90' lang='lat' dir='ltr'>non</span> <span class='ocrx_word' id='word_1_215' title='bbox 1025 1813 1445 1868; x_wconf 89' lang='lat' dir='ltr'>communicare</span> <span class='ocrx_word' id='word_1_216' title='bbox 1468 1815 1720 1885; x_wconf 86' lang='lat' dir='ltr'>jactabat</span> <span class='ocrx_word' id='word_1_217' title='bbox 1746 1795 1923 1886; x_wconf 85' lang='lat' dir='ltr'>perB</span> <span class='ocrx_word' id='word_1_218' title='bbox 1946 1795 2229 1890; x_wconf 86' lang='lat' dir='ltr'>potiorem</span> <span class='ocrx_word' id='word_1_219' title='bbox 2276 1834 2405 1889; x_wconf 71' lang='lat' dir='ltr'>quae</span> <span class='ocrx_word' id='word_1_220' title='bbox 2455 1821 2588 1871; x_wconf 89' lang='lat' dir='ltr'>sunt</span> <span class='ocrx_word' id='word_1_221' title='bbox 2633 1820 2790 1887; x_wconf 89' lang='lat' dir='ltr'>gesta</span> <span class='ocrx_word' id='word_1_222' title='bbox 2835 1817 3148 1872; x_wconf 88' lang='lat' dir='ltr'>referentes</span> <span class='ocrx_word' id='word_1_223' title='bbox 3185 1795 3448 1872; x_wconf 80' lang='lat' dir='ltr'>debuisse</span> <span class='ocrx_word' id='word_1_224' title='bbox 3491 1833 3581 1873; x_wconf 88' lang='lat' dir='ltr'>re-</span> 
     </span>
    </p>
   </div>
   <div class='ocr_carea' id='block_1_34' title="bbox 209 1899 1846 1980">
    <p class='ocr_par' dir='ltr' id='par_1_34' title="bbox 209 1899 1846 1980">
     <span class='ocr_line' id='line_1_34' title="bbox 209 1899 1846 1980; baseline 0.007 -28"><span class='ocrx_word' id='word_1_225' title='bbox 209 1899 353 1953; x_wconf 89' lang='lat' dir='ltr'>alios</span> <span class='ocrx_word' id='word_1_226' title='bbox 382 1900 501 1955; x_wconf 91' lang='lat' dir='ltr'>sine</span> <span class='ocrx_word' id='word_1_227' title='bbox 527 1901 796 1972; x_wconf 88' lang='lat' dir='ltr'>ambiguo</span> <span class='ocrx_word' id='word_1_228' title='bbox 837 1904 1286 1960; x_wconf 89' lang='lat' dir='ltr'>communicasse</span> <span class='ocrx_word' id='word_1_229' title='bbox 1320 1907 1626 1978; x_wconf 80' lang='lat' dir='ltr'>detegitur.</span> <span class='ocrx_word' id='word_1_230' title='bbox 1657 1911 1846 1980; x_wconf 84' lang='lat' dir='ltr'>Neque</span> 
     </span>
    </p>
   </div>
   <div class='ocr_carea' id='block_1_35' title="bbox 208 1993 1841 2067">
    <p class='ocr_par' dir='ltr' id='par_1_35' title="bbox 208 1993 1841 2067">
     <span class='ocr_line' id='line_1_35' title="bbox 208 1993 1841 2067; baseline 0.007 -21"><span class='ocrx_word' id='word_1_231' title='bbox 208 1993 371 2047; x_wconf 86' lang='lat' dir='ltr'>enim</span> <span class='ocrx_word' id='word_1_232' title='bbox 390 1994 461 2048; x_wconf 90' lang='lat' dir='ltr'>ab</span> <span class='ocrx_word' id='word_1_233' title='bbox 476 1996 734 2050; x_wconf 90' lang='lat' dir='ltr'>omnium</span> <span class='ocrx_word' id='word_1_234' title='bbox 763 1997 861 2067; x_wconf 87' lang='lat' dir='ltr'>qui</span> <span class='ocrx_word' id='word_1_235' title='bbox 881 1997 1236 2054; x_wconf 87' lang='lat' dir='ltr'>Antiocheno</span> <span class='ocrx_word' id='word_1_236' title='bbox 1262 2001 1428 2054; x_wconf 85' lang='lat' dir='ltr'>Petro</span> <span class='ocrx_word' id='word_1_237' title='bbox 1451 2003 1841 2057; x_wconf 86' lang='lat' dir='ltr'>communica-</span> 
     </span>
    </p>
   </div>
   <div class='ocr_carea' id='block_1_36' title="bbox 205 2087 1846 2166">
    <p class='ocr_par' dir='ltr' id='par_1_36' title="bbox 205 2087 1846 2166">
     <span class='ocr_line' id='line_1_36' title="bbox 205 2087 1846 2166; baseline 0.007 -27"><span class='ocrx_word' id='word_1_238' title='bbox 205 2087 370 2153; x_wconf 89' lang='lat' dir='ltr'>bant,</span> <span class='ocrx_word' id='word_1_239' title='bbox 401 2092 587 2142; x_wconf 87' lang='lat' dir='ltr'>semet</span> <span class='ocrx_word' id='word_1_240' title='bbox 611 2089 845 2144; x_wconf 87' lang='lat' dir='ltr'>Aeacius</span> <span class='ocrx_word' id='word_1_241' title='bbox 875 2092 1276 2148; x_wconf 88' lang='lat' dir='ltr'>communione</span> <span class='ocrx_word' id='word_1_242' title='bbox 1305 2096 1619 2166; x_wconf 90' lang='lat' dir='ltr'>suspendit,</span> <span class='ocrx_word' id='word_1_243' title='bbox 1651 2113 1715 2150; x_wconf 90' lang='lat' dir='ltr'>ac</span> <span class='ocrx_word' id='word_1_244' title='bbox 1741 2112 1846 2166; x_wconf 91' lang='lat' dir='ltr'>per</span> 
     </span>
    </p>
   </div>
   <div class='ocr_carea' id='block_1_37' title="bbox 207 2181 1846 2259">
    <p class='ocr_par' dir='ltr' id='par_1_37' title="bbox 207 2181 1846 2259">
     <span class='ocr_line' id='line_1_37' title="bbox 207 2181 1846 2259; baseline 0.006 -25"><span class='ocrx_word' id='word_1_245' title='bbox 207 2181 323 2235; x_wconf 91' lang='lat' dir='ltr'>hoc</span> <span class='ocrx_word' id='word_1_246' title='bbox 353 2181 490 2252; x_wconf 87' lang='lat' dir='ltr'>quid</span> <span class='ocrx_word' id='word_1_247' title='bbox 519 2183 736 2253; x_wconf 84' lang='lat' dir='ltr'>profuit</span> <span class='ocrx_word' id='word_1_248' title='bbox 760 2185 914 2255; x_wconf 87' lang='lat' dir='ltr'>quod</span> <span class='ocrx_word' id='word_1_249' title='bbox 943 2185 1125 2241; x_wconf 90' lang='lat' dir='ltr'>videri</span> <span class='ocrx_word' id='word_1_250' title='bbox 1152 2187 1396 2242; x_wconf 91' lang='lat' dir='ltr'>volebat.</span> <span class='ocrx_word' id='word_1_251' title='bbox 1421 2189 1503 2243; x_wconf 90' lang='lat' dir='ltr'>Illi</span> <span class='ocrx_word' id='word_1_252' title='bbox 1523 2189 1710 2259; x_wconf 89' lang='lat' dir='ltr'>palam</span> <span class='ocrx_word' id='word_1_253' title='bbox 1730 2207 1846 2244; x_wconf 91' lang='lat' dir='ltr'>non</span> 
     </span>
    </p>
   </div>
   <div class='ocr_carea' id='block_1_38' title="bbox 208 2276 1845 2354">
    <p class='ocr_par' dir='ltr' id='par_1_38' title="bbox 208 2276 1845 2354">
     <span class='ocr_line' id='line_1_38' title="bbox 208 2276 1845 2354; baseline 0.004 -23"><span class='ocrx_word' id='word_1_254' title='bbox 208 2276 644 2332; x_wconf 87' lang='lat' dir='ltr'>communicare</span> <span class='ocrx_word' id='word_1_255' title='bbox 670 2317 684 2343; x_wconf 94' lang='lat'>,</span> <span class='ocrx_word' id='word_1_256' title='bbox 725 2279 813 2331; x_wconf 90' lang='lat' dir='ltr'>cui</span> <span class='ocrx_word' id='word_1_257' title='bbox 858 2295 962 2348; x_wconf 90' lang='lat' dir='ltr'>per</span> <span class='ocrx_word' id='word_1_258' title='bbox 1009 2297 1138 2334; x_wconf 90' lang='lat' dir='ltr'>suos</span> <span class='ocrx_word' id='word_1_259' title='bbox 1182 2282 1484 2352; x_wconf 89' lang='lat' dir='ltr'>complices</span> <span class='ocrx_word' id='word_1_260' title='bbox 1532 2283 1634 2337; x_wconf 86' lang='lat' dir='ltr'>sub</span> <span class='ocrx_word' id='word_1_261' title='bbox 1683 2284 1845 2354; x_wconf 90' lang='lat' dir='ltr'>signo</span> 
     </span>
    </p>
   </div>
   <div class='ocr_carea' id='block_1_39' title="bbox 203 2370 1842 2440">
    <p class='ocr_par' dir='ltr' id='par_1_39' title="bbox 203 2370 1842 2440">
     <span class='ocr_line' id='line_1_39' title="bbox 203 2370 1842 2440; baseline 0.002 -13"><span class='ocrx_word' id='word_1_262' title='bbox 203 2370 628 2427; x_wconf 88' lang='lat' dir='ltr'>communionis</span> <span class='ocrx_word' id='word_1_263' title='bbox 671 2372 1020 2440; x_wconf 89' lang='lat' dir='ltr'>nectebatur,</span> <span class='ocrx_word' id='word_1_264' title='bbox 1067 2375 1448 2429; x_wconf 84' lang='lat' dir='ltr'>Alexandrino</span> <span class='ocrx_word' id='word_1_265' title='bbox 1485 2378 1653 2430; x_wconf 87' lang='lat' dir='ltr'>Petro</span> <span class='ocrx_word' id='word_1_266' title='bbox 1684 2393 1842 2431; x_wconf 91' lang='lat' dir='ltr'>com-</span> 
     </span>
    </p>
   </div>
   <div class='ocr_carea' id='block_1_40' title="bbox 200 2464 1846 2525">
    <p class='ocr_par' dir='ltr' id='par_1_40' title="bbox 200 2464 1846 2525">
     <span class='ocr_line' id='line_1_40' title="bbox 200 2464 1846 2525; baseline 0.002 -4"><span class='ocrx_word' id='word_1_267' title='bbox 200 2465 519 2521; x_wconf 85' lang='lat' dir='ltr'>municavit</span> <span class='ocrx_word' id='word_1_268' title='bbox 556 2464 805 2519; x_wconf 88' lang='lat' dir='ltr'>Aeacius.</span> <span class='ocrx_word' id='word_1_269' title='bbox 855 2465 968 2520; x_wconf 92' lang='lat' dir='ltr'>Sed</span> <span class='ocrx_word' id='word_1_270' title='bbox 1000 2467 1182 2522; x_wconf 87' lang='lat' dir='ltr'>donec</span> <span class='ocrx_word' id='word_1_271' title='bbox 1215 2469 1429 2523; x_wconf 82' lang='lat' dir='ltr'>advixit</span> <span class='ocrx_word' id='word_1_272' title='bbox 1457 2471 1846 2525; x_wconf 79' lang='lat' dir='ltr'>Antiochenus</span> 
     </span>
    </p>
   </div>
   <div class='ocr_carea' id='block_1_41' title="bbox 202 2558 1841 2630">
    <p class='ocr_par' dir='ltr' id='par_1_41' title="bbox 202 2558 1841 2630">
     <span class='ocr_line' id='line_1_41' title="bbox 202 2558 1841 2630; baseline 0.002 -16"><span class='ocrx_word' id='word_1_273' title='bbox 202 2561 430 2627; x_wconf 89' lang='lat' dir='ltr'>Petrus,</span> <span class='ocrx_word' id='word_1_274' title='bbox 463 2560 559 2630; x_wconf 90' lang='lat' dir='ltr'>qui</span> <span class='ocrx_word' id='word_1_275' title='bbox 584 2558 780 2630; x_wconf 89' lang='lat' dir='ltr'>utique</span> <span class='ocrx_word' id='word_1_276' title='bbox 810 2565 934 2630; x_wconf 92' lang='lat' dir='ltr'>post</span> <span class='ocrx_word' id='word_1_277' title='bbox 961 2561 1302 2616; x_wconf 88' lang='lat' dir='ltr'>Acacianum</span> <span class='ocrx_word' id='word_1_278' title='bbox 1341 2579 1468 2617; x_wconf 91' lang='lat' dir='ltr'>cum</span> <span class='ocrx_word' id='word_1_279' title='bbox 1516 2566 1679 2619; x_wconf 88' lang='lat' dir='ltr'>Petro</span> <span class='ocrx_word' id='word_1_280' title='bbox 1717 2566 1841 2620; x_wconf 81' lang='lat' dir='ltr'>Ale-</span> 
     </span>
    </p>
   </div>
   <div class='ocr_carea' id='block_1_42' title="bbox 201 2652 1842 2713">
    <p class='ocr_par' dir='ltr' id='par_1_42' title="bbox 201 2652 1842 2713">
     <span class='ocr_line' id='line_1_42' title="bbox 201 2652 1842 2713; baseline 0.004 -7"><span class='ocrx_word' id='word_1_281' title='bbox 201 2652 488 2707; x_wconf 83' lang='lat' dir='ltr'>xandrino</span> <span class='ocrx_word' id='word_1_282' title='bbox 528 2653 708 2707; x_wconf 73' lang='lat' dir='ltr'>fcedus</span> <span class='ocrx_word' id='word_1_283' title='bbox 746 2653 952 2708; x_wconf 92' lang='lat' dir='ltr'>initum</span> <span class='ocrx_word' id='word_1_284' title='bbox 1000 2654 1303 2710; x_wconf 89' lang='lat' dir='ltr'>defunctus</span> <span class='ocrx_word' id='word_1_285' title='bbox 1353 2657 1668 2712; x_wconf 85' lang='lat' dir='ltr'>ostenditur</span> <span class='ocrx_word' id='word_1_286' title='bbox 1696 2674 1842 2713; x_wconf 87' lang='lat' dir='ltr'>nun-</span> 
     </span>
    </p>
   </div>
   <div class='ocr_carea' id='block_1_43' title="bbox 201 2745 1842 2818">
    <p class='ocr_par' dir='ltr' id='par_1_43' title="bbox 201 2745 1842 2818">
     <span class='ocr_line' id='line_1_43' title="bbox 201 2745 1842 2818; baseline 0.003 -17"><span class='ocrx_word' id='word_1_287' title='bbox 201 2763 386 2818; x_wconf 86' lang='lat' dir='ltr'>quam</span> <span class='ocrx_word' id='word_1_288' title='bbox 419 2745 774 2801; x_wconf 88' lang='lat' dir='ltr'>Antiocheno</span> <span class='ocrx_word' id='word_1_289' title='bbox 805 2749 974 2802; x_wconf 91' lang='lat' dir='ltr'>Petro</span> <span class='ocrx_word' id='word_1_290' title='bbox 1008 2749 1424 2804; x_wconf 85' lang='lat' dir='ltr'>Alexandrinus</span> <span class='ocrx_word' id='word_1_291' title='bbox 1453 2752 1654 2806; x_wconf 89' lang='lat' dir='ltr'>Petrus</span> <span class='ocrx_word' id='word_1_292' title='bbox 1684 2768 1842 2806; x_wconf 90' lang='lat' dir='ltr'>com-</span> 
     </span>
    </p>
   </div>
   <div class='ocr_carea' id='block_1_44' title="bbox 201 2840 1844 2905">
    <p class='ocr_par' dir='ltr' id='par_1_44' title="bbox 201 2840 1844 2905">
     <span class='ocr_line' id='line_1_44' title="bbox 201 2840 1844 2905; baseline 0.004 -12"><span class='ocrx_word' id='word_1_293' title='bbox 201 2841 505 2894; x_wconf 88' lang='lat' dir='ltr'>municare</span> <span class='ocrx_word' id='word_1_294' title='bbox 537 2840 767 2895; x_wconf 91' lang='lat' dir='ltr'>desinit.</span> <span class='ocrx_word' id='word_1_295' title='bbox 796 2842 956 2905; x_wconf 90' lang='lat' dir='ltr'>Quod</span> <span class='ocrx_word' id='word_1_296' title='bbox 981 2843 1388 2898; x_wconf 89' lang='lat' dir='ltr'>catholicorum</span> <span class='ocrx_word' id='word_1_297' title='bbox 1410 2845 1665 2899; x_wconf 89' lang='lat' dir='ltr'>continet</span> <span class='ocrx_word' id='word_1_298' title='bbox 1690 2843 1844 2899; x_wconf 83' lang='lat' dir='ltr'>rela-</span> 
     </span>
    </p>
   </div>
   <div class='ocr_carea' id='block_1_45' title="bbox 203 2934 1841 3006">
    <p class='ocr_par' dir='ltr' id='par_1_45' title="bbox 203 2934 1841 3006">
     <span class='ocr_line' id='line_1_45' title="bbox 203 2934 1841 3006; baseline 0.003 -18"><span class='ocrx_word' id='word_1_299' title='bbox 203 2935 286 2988; x_wconf 85' lang='lat' dir='ltr'>tio</span> <span class='ocrx_word' id='word_1_300' title='bbox 315 2934 674 2989; x_wconf 89' lang='lat' dir='ltr'>sacerdotum</span> <span class='ocrx_word' id='word_1_301' title='bbox 711 2938 1151 3006; x_wconf 88' lang='lat' dir='ltr'>sanctorumque</span> <span class='ocrx_word' id='word_1_302' title='bbox 1191 2937 1250 2991; x_wconf 92' lang='lat' dir='ltr'>in</span> <span class='ocrx_word' id='word_1_303' title='bbox 1282 2938 1554 2992; x_wconf 91' lang='lat' dir='ltr'>catholica</span> <span class='ocrx_word' id='word_1_304' title='bbox 1589 2938 1703 2994; x_wconf 89' lang='lat' dir='ltr'>ﬁde</span> <span class='ocrx_word' id='word_1_305' title='bbox 1736 2939 1841 2993; x_wconf 85' lang='lat' dir='ltr'>du-</span> 
     </span>
    </p>
   </div>
   <div class='ocr_carea' id='block_1_46' title="bbox 195 3028 1842 3102">
    <p class='ocr_par' dir='ltr' id='par_1_46' title="bbox 195 3028 1842 3102">
     <span class='ocr_line' id='line_1_46' title="bbox 195 3028 1842 3102; baseline 0.004 -21"><span class='ocrx_word' id='word_1_306' title='bbox 195 3028 476 3082; x_wconf 86' lang='lat' dir='ltr'>rantium.</span> <span class='ocrx_word' id='word_1_307' title='bbox 501 3028 612 3081; x_wconf 89' lang='lat' dir='ltr'>Nec</span> <span class='ocrx_word' id='word_1_308' title='bbox 633 3028 1044 3083; x_wconf 88' lang='lat' dir='ltr'>conscientiam</span> <span class='ocrx_word' id='word_1_309' title='bbox 1061 3030 1240 3085; x_wconf 88' lang='lat' dir='ltr'>latere</span> <span class='ocrx_word' id='word_1_310' title='bbox 1257 3036 1445 3102; x_wconf 87' lang='lat' dir='ltr'>potest</span> <span class='ocrx_word' id='word_1_311' title='bbox 1461 3031 1628 3087; x_wconf 91' lang='lat' dir='ltr'>totius</span> <span class='ocrx_word' id='word_1_312' title='bbox 1643 3032 1842 3088; x_wconf 89' lang='lat' dir='ltr'>Orien-</span> 
     </span>
    </p>
   </div>
   <div class='ocr_carea' id='block_1_47' title="bbox 201 3122 1841 3197">
    <p class='ocr_par' dir='ltr' id='par_1_47' title="bbox 201 3122 1841 3197">
     <span class='ocr_line' id='line_1_47' title="bbox 201 3122 1841 3197; baseline 0.004 -23"><span class='ocrx_word' id='word_1_313' title='bbox 201 3122 298 3175; x_wconf 84' lang='lat' dir='ltr'>tis.</span> <span class='ocrx_word' id='word_1_314' title='bbox 326 3123 392 3177; x_wconf 85' lang='lat' dir='ltr'>Et</span> <span class='ocrx_word' id='word_1_315' title='bbox 419 3125 482 3174; x_wconf 93' lang='lat' dir='ltr'>ut</span> <span class='ocrx_word' id='word_1_316' title='bbox 504 3126 720 3175; x_wconf 89' lang='lat' dir='ltr'>taceam</span> <span class='ocrx_word' id='word_1_317' title='bbox 742 3123 895 3192; x_wconf 88' lang='lat' dir='ltr'>quod</span> <span class='ocrx_word' id='word_1_318' title='bbox 920 3139 1025 3194; x_wconf 90' lang='lat' dir='ltr'>per</span> <span class='ocrx_word' id='word_1_319' title='bbox 1061 3123 1251 3193; x_wconf 88' lang='lat' dir='ltr'>ipsum</span> <span class='ocrx_word' id='word_1_320' title='bbox 1279 3125 1566 3180; x_wconf 84' lang='lat' dir='ltr'>Zenonem</span> <span class='ocrx_word' id='word_1_321' title='bbox 1593 3125 1841 3197; x_wconf 89' lang='lat' dir='ltr'>impera-</span> 
     </span>
    </p>
   </div>
   <div class='ocr_carea' id='block_1_48' title="bbox 199 3215 1838 3290">
    <p class='ocr_par' dir='ltr' id='par_1_48' title="bbox 199 3215 1838 3290">
     <span class='ocr_line' id='line_1_48' title="bbox 199 3215 1838 3290; baseline 0.004 -21"><span class='ocrx_word' id='word_1_322' title='bbox 199 3222 411 3284; x_wconf 82' lang='lat' dir='ltr'>torem,</span> <span class='ocrx_word' id='word_1_323' title='bbox 458 3215 554 3285; x_wconf 88' lang='lat' dir='ltr'>qui</span> <span class='ocrx_word' id='word_1_324' title='bbox 601 3215 796 3286; x_wconf 86' lang='lat' dir='ltr'>utique</span> <span class='ocrx_word' id='word_1_325' title='bbox 830 3217 1181 3272; x_wconf 72' lang='lat' dir='ltr'>Antiochcno</span> <span class='ocrx_word' id='word_1_326' title='bbox 1222 3220 1388 3272; x_wconf 87' lang='lat' dir='ltr'>Petro</span> <span class='ocrx_word' id='word_1_327' title='bbox 1436 3236 1611 3290; x_wconf 90' lang='lat' dir='ltr'>quem</span> <span class='ocrx_word' id='word_1_328' title='bbox 1658 3219 1838 3275; x_wconf 92' lang='lat' dir='ltr'>intro-</span> 
     </span>
    </p>
   </div>
   <div class='ocr_carea' id='block_1_49' title="bbox 201 3309 1844 3382">
    <p class='ocr_par' dir='ltr' id='par_1_49' title="bbox 201 3309 1844 3382">
     <span class='ocr_line' id='line_1_49' title="bbox 201 3309 1844 3382; baseline 0.004 -20"><span class='ocrx_word' id='word_1_329' title='bbox 201 3310 471 3375; x_wconf 85' lang='lat' dir='ltr'>duxerat,</span> <span class='ocrx_word' id='word_1_330' title='bbox 515 3312 574 3363; x_wconf 92' lang='lat' dir='ltr'>et</span> <span class='ocrx_word' id='word_1_331' title='bbox 603 3309 763 3379; x_wconf 88' lang='lat' dir='ltr'>cujus</span> <span class='ocrx_word' id='word_1_332' title='bbox 791 3310 1168 3364; x_wconf 86' lang='lat' dir='ltr'>sacerdotium</span> <span class='ocrx_word' id='word_1_333' title='bbox 1205 3313 1689 3382; x_wconf 88' lang='lat' dir='ltr'>comprobaverat,</span> <span class='ocrx_word' id='word_1_334' title='bbox 1725 3313 1844 3368; x_wconf 90' lang='lat' dir='ltr'>sine</span> 
     </span>
    </p>
   </div>
   <div class='ocr_carea' id='block_1_50' title="bbox 199 3403 1838 3473">
    <p class='ocr_par' dir='ltr' id='par_1_50' title="bbox 199 3403 1838 3473">
     <span class='ocr_line' id='line_1_50' title="bbox 199 3403 1838 3473; baseline 0.002 -15"><span class='ocrx_word' id='word_1_335' title='bbox 199 3403 381 3458; x_wconf 90' lang='lat' dir='ltr'>dubio</span> <span class='ocrx_word' id='word_1_336' title='bbox 410 3403 814 3458; x_wconf 88' lang='lat' dir='ltr'>communione</span> <span class='ocrx_word' id='word_1_337' title='bbox 854 3404 1160 3473; x_wconf 84' lang='lat' dir='ltr'>permistus</span> <span class='ocrx_word' id='word_1_338' title='bbox 1208 3407 1670 3461; x_wconf 88' lang='lat' dir='ltr'>communicabat</span> <span class='ocrx_word' id='word_1_339' title='bbox 1699 3410 1838 3463; x_wconf 88' lang='lat' dir='ltr'>Aca-</span> 
     </span>
    </p>
   </div>
   <div class='ocr_carea' id='block_1_51' title="bbox 198 3497 1838 3572">
    <p class='ocr_par' dir='ltr' id='par_1_51' title="bbox 198 3497 1838 3572">
     <span class='ocr_line' id='line_1_51' title="bbox 198 3497 1838 3572; baseline 0.002 -21"><span class='ocrx_word' id='word_1_340' title='bbox 198 3499 350 3551; x_wconf 84' lang='lat' dir='ltr'>cius.</span> <span class='ocrx_word' id='word_1_341' title='bbox 384 3497 669 3551; x_wconf 88' lang='lat' dir='ltr'>Plurimos</span> <span class='ocrx_word' id='word_1_342' title='bbox 697 3497 1048 3552; x_wconf 88' lang='lat' dir='ltr'>diversarum</span> <span class='ocrx_word' id='word_1_343' title='bbox 1081 3498 1311 3553; x_wconf 89' lang='lat' dir='ltr'>urbium</span> <span class='ocrx_word' id='word_1_344' title='bbox 1342 3501 1618 3570; x_wconf 60' lang='lat' dir='ltr'>praesules</span> <span class='ocrx_word' id='word_1_345' title='bbox 1640 3517 1838 3572; x_wconf 90' lang='lat' dir='ltr'>possu-</span> 
     </span>
    </p>
   </div>
   <div class='ocr_carea' id='block_1_52' title="bbox 200 3591 1844 3662">
    <p class='ocr_par' dir='ltr' id='par_1_52' title="bbox 200 3591 1844 3662">
     <span class='ocr_line' id='line_1_52' title="bbox 200 3591 1844 3662; baseline 0.004 -18"><span class='ocrx_word' id='word_1_346' title='bbox 200 3608 336 3644; x_wconf 88' lang='lat' dir='ltr'>mus</span> <span class='ocrx_word' id='word_1_347' title='bbox 355 3591 769 3656; x_wconf 88' lang='lat' dir='ltr'>demonstrare,</span> <span class='ocrx_word' id='word_1_348' title='bbox 793 3591 1000 3662; x_wconf 87' lang='lat' dir='ltr'>quibus</span> <span class='ocrx_word' id='word_1_349' title='bbox 1013 3608 1140 3645; x_wconf 91' lang='lat' dir='ltr'>cum</span> <span class='ocrx_word' id='word_1_350' title='bbox 1152 3592 1505 3648; x_wconf 81' lang='lat' dir='ltr'>Antiocheno</span> <span class='ocrx_word' id='word_1_351' title='bbox 1519 3597 1680 3649; x_wconf 89' lang='lat' dir='ltr'>Petro</span> <span class='ocrx_word' id='word_1_352' title='bbox 1693 3611 1844 3649; x_wconf 86' lang='lat' dir='ltr'>com-</span> 
     </span>
    </p>
   </div>
   <div class='ocr_carea' id='block_1_53' title="bbox 196 3684 1837 3755">
    <p class='ocr_par' dir='ltr' id='par_1_53' title="bbox 196 3684 1837 3755">
     <span class='ocr_line' id='line_1_53' title="bbox 196 3684 1837 3755; baseline 0.003 -17"><span class='ocrx_word' id='word_1_353' title='bbox 196 3685 650 3747; x_wconf 86' lang='lat' dir='ltr'>municantibus,</span> <span class='ocrx_word' id='word_1_354' title='bbox 691 3684 1066 3739; x_wconf 88' lang='lat' dir='ltr'>nihilominus</span> <span class='ocrx_word' id='word_1_355' title='bbox 1097 3688 1558 3742; x_wconf 87' lang='lat' dir='ltr'>communicabat</span> <span class='ocrx_word' id='word_1_356' title='bbox 1586 3689 1837 3755; x_wconf 86' lang='lat' dir='ltr'>Aeacius,</span> 
     </span>
    </p>
   </div>
   <div class='ocr_carea' id='block_1_54' title="bbox 197 3779 1838 3852">
    <p class='ocr_par' dir='ltr' id='par_1_54' title="bbox 197 3779 1838 3852">
     <span class='ocr_line' id='line_1_54' title="bbox 197 3779 1838 3852; baseline 0.002 -19"><span class='ocrx_word' id='word_1_357' title='bbox 197 3784 260 3833; x_wconf 88' lang='lat' dir='ltr'>et</span> <span class='ocrx_word' id='word_1_358' title='bbox 287 3795 399 3850; x_wconf 88' lang='lat' dir='ltr'>per</span> <span class='ocrx_word' id='word_1_359' title='bbox 422 3779 548 3832; x_wconf 90' lang='lat' dir='ltr'>illos</span> <span class='ocrx_word' id='word_1_360' title='bbox 575 3779 958 3833; x_wconf 76' lang='lat' dir='ltr'>Antiochenos</span> <span class='ocrx_word' id='word_1_361' title='bbox 985 3780 1443 3835; x_wconf 89' lang='lat' dir='ltr'>communicabat</span> <span class='ocrx_word' id='word_1_362' title='bbox 1486 3798 1838 3852; x_wconf 80' lang='lat' dir='ltr'>consequen-</span> 
     </span>
    </p>
   </div>
   <div class='ocr_carea' id='block_1_55' title="bbox 196 3872 1839 3943">
    <p class='ocr_par' dir='ltr' id='par_1_55' title="bbox 196 3872 1839 3943">
     <span class='ocr_line' id='line_1_55' title="bbox 196 3872 1839 3943; baseline 0.002 -17"><span class='ocrx_word' id='word_1_363' title='bbox 196 3877 292 3927; x_wconf 83' lang='lat' dir='ltr'>ter</span> <span class='ocrx_word' id='word_1_364' title='bbox 336 3878 390 3926; x_wconf 93' lang='lat' dir='ltr'>ct</span> <span class='ocrx_word' id='word_1_365' title='bbox 417 3874 601 3928; x_wconf 87' lang='lat' dir='ltr'>Petro.</span> <span class='ocrx_word' id='word_1_366' title='bbox 634 3872 746 3927; x_wconf 89' lang='lat' dir='ltr'>Sed</span> <span class='ocrx_word' id='word_1_367' title='bbox 773 3873 894 3926; x_wconf 71' lang='lat' dir='ltr'>hzec</span> <span class='ocrx_word' id='word_1_368' title='bbox 924 3874 1074 3943; x_wconf 85' lang='lat' dir='ltr'>apud</span> <span class='ocrx_word' id='word_1_369' title='bbox 1103 3874 1323 3928; x_wconf 68' lang='lat' dir='ltr'>Grmeos</span> <span class='ocrx_word' id='word_1_370' title='bbox 1361 3875 1536 3928; x_wconf 86' lang='lat' dir='ltr'>facilis</span> <span class='ocrx_word' id='word_1_371' title='bbox 1568 3879 1624 3929; x_wconf 91' lang='lat' dir='ltr'>et</span> <span class='ocrx_word' id='word_1_372' title='bbox 1660 3875 1839 3930; x_wconf 87' lang='lat' dir='ltr'>incul-</span> 
     </span>
    </p>
   </div>
   <div class='ocr_carea' id='block_1_56' title="bbox 197 3966 1843 4039">
    <p class='ocr_par' dir='ltr' id='par_1_56' title="bbox 197 3966 1843 4039">
     <span class='ocr_line' id='line_1_56' title="bbox 197 3966 1843 4039; baseline 0.003 -20"><span class='ocrx_word' id='word_1_373' title='bbox 197 3966 410 4036; x_wconf 84' lang='lat' dir='ltr'>pabilis</span> <span class='ocrx_word' id='word_1_374' title='bbox 440 3969 673 4037; x_wconf 85' lang='lat' dir='ltr'>putatur</span> <span class='ocrx_word' id='word_1_375' title='bbox 698 3983 816 4020; x_wconf 87' lang='lat' dir='ltr'>esse</span> <span class='ocrx_word' id='word_1_376' title='bbox 851 3967 1165 4037; x_wconf 89' lang='lat' dir='ltr'>permistio,</span> <span class='ocrx_word' id='word_1_377' title='bbox 1213 3968 1366 4038; x_wconf 90' lang='lat' dir='ltr'>apud</span> <span class='ocrx_word' id='word_1_378' title='bbox 1397 3985 1539 4039; x_wconf 90' lang='lat' dir='ltr'>quos</span> <span class='ocrx_word' id='word_1_379' title='bbox 1567 3969 1724 4023; x_wconf 89' lang='lat' dir='ltr'>nulla</span> <span class='ocrx_word' id='word_1_380' title='bbox 1762 3974 1843 4024; x_wconf 90' lang='lat' dir='ltr'>est</span> 
     </span>
    </p>
   </div>
   <div class='ocr_carea' id='block_1_57' title="bbox 195 4059 1842 4132">
    <p class='ocr_par' dir='ltr' id='par_1_57' title="bbox 195 4059 1842 4132">
     <span class='ocr_line' id='line_1_57' title="bbox 195 4059 1842 4132; baseline 0.003 -20"><span class='ocrx_word' id='word_1_381' title='bbox 195 4059 323 4114; x_wconf 75' lang='lat' dir='ltr'>veri</span> <span class='ocrx_word' id='word_1_382' title='bbox 374 4059 617 4128; x_wconf 79' lang='lat' dir='ltr'>falsique</span> <span class='ocrx_word' id='word_1_383' title='bbox 666 4059 944 4114; x_wconf 87' lang='lat' dir='ltr'>discretio.</span> <span class='ocrx_word' id='word_1_384' title='bbox 989 4061 1053 4113; x_wconf 85' lang='lat' dir='ltr'>Et</span> <span class='ocrx_word' id='word_1_385' title='bbox 1096 4077 1226 4114; x_wconf 90' lang='lat' dir='ltr'>cum</span> <span class='ocrx_word' id='word_1_386' title='bbox 1275 4061 1542 4115; x_wconf 87' lang='lat' dir='ltr'>omnibus</span> <span class='ocrx_word' id='word_1_387' title='bbox 1583 4063 1842 4132; x_wconf 83' lang='lat' dir='ltr'>reprobis</span> 
     </span>
    </p>
   </div>
   <div class='ocr_carea' id='block_1_58' title="bbox 197 4153 1839 4226">
    <p class='ocr_par' dir='ltr' id='par_1_58' title="bbox 197 4153 1839 4226">
     <span class='ocr_line' id='line_1_58' title="bbox 197 4153 1839 4226; baseline 0.004 -22"><span class='ocrx_word' id='word_1_388' title='bbox 197 4154 401 4206; x_wconf 84' lang='lat' dir='ltr'>volunt</span> <span class='ocrx_word' id='word_1_389' title='bbox 433 4169 550 4206; x_wconf 89' lang='lat' dir='ltr'>esse</span> <span class='ocrx_word' id='word_1_390' title='bbox 574 4169 926 4222; x_wconf 82' lang='lat' dir='ltr'>communes,</span> <span class='ocrx_word' id='word_1_391' title='bbox 958 4153 1016 4206; x_wconf 91' lang='lat' dir='ltr'>in</span> <span class='ocrx_word' id='word_1_392' title='bbox 1046 4154 1202 4207; x_wconf 86' lang='lat' dir='ltr'>nulla</span> <span class='ocrx_word' id='word_1_393' title='bbox 1229 4159 1618 4209; x_wconf 87' lang='lat' dir='ltr'>monstrantur</span> <span class='ocrx_word' id='word_1_394' title='bbox 1646 4156 1839 4226; x_wconf 88' lang='lat' dir='ltr'>probi-</span> 
     </span>
    </p>
   </div>
   <div class='ocr_carea' id='block_1_59' title="bbox 196 4246 1837 4320">
    <p class='ocr_par' dir='ltr' id='par_1_59' title="bbox 196 4246 1837 4320">
     <span class='ocr_line' id='line_1_59' title="bbox 196 4246 1837 4320; baseline 0.003 -20"><span class='ocrx_word' id='word_1_395' title='bbox 196 4251 314 4301; x_wconf 83' lang='lat' dir='ltr'>tate</span> <span class='ocrx_word' id='word_1_396' title='bbox 346 4249 622 4300; x_wconf 89' lang='lat' dir='ltr'>constare.</span> <span class='ocrx_word' id='word_1_397' title='bbox 649 4246 746 4300; x_wconf 82' lang='lat' dir='ltr'>Hic</span> <span class='ocrx_word' id='word_1_398' title='bbox 770 4252 960 4302; x_wconf 89' lang='lat' dir='ltr'>autem</span> <span class='ocrx_word' id='word_1_399' title='bbox 985 4248 1078 4301; x_wconf 88' lang='lat' dir='ltr'>ille</span> <span class='ocrx_word' id='word_1_400' title='bbox 1102 4253 1184 4301; x_wconf 86' lang='lat' dir='ltr'>est</span> <span class='ocrx_word' id='word_1_401' title='bbox 1209 4249 1406 4302; x_wconf 86' lang='lat' dir='ltr'>Petrus</span> <span class='ocrx_word' id='word_1_402' title='bbox 1432 4249 1837 4320; x_wconf 82' lang='lat' dir='ltr'>Antiochenus,</span> 
     </span>
    </p>
   </div>
   <div class='ocr_carea' id='block_1_60' title="bbox 195 4340 1836 4413">
    <p class='ocr_par' dir='ltr' id='par_1_60' title="bbox 195 4340 1836 4413">
     <span class='ocr_line' id='line_1_60' title="bbox 195 4340 1836 4413; baseline 0.002 -20"><span class='ocrx_word' id='word_1_403' title='bbox 195 4357 378 4413; x_wconf 82' lang='lat' dir='ltr'>quem</span> <span class='ocrx_word' id='word_1_404' title='bbox 413 4355 516 4395; x_wconf 86' lang='lat' dir='ltr'>nec</span> <span class='ocrx_word' id='word_1_405' title='bbox 549 4356 650 4410; x_wconf 89' lang='lat' dir='ltr'>per</span> <span class='ocrx_word' id='word_1_406' title='bbox 678 4340 1092 4411; x_wconf 80' lang='lat' dir='ltr'>paenitentiam,</span> <span class='ocrx_word' id='word_1_407' title='bbox 1124 4347 1223 4396; x_wconf 86' lang='lat' dir='ltr'>aut</span> <span class='ocrx_word' id='word_1_408' title='bbox 1248 4342 1721 4397; x_wconf 89' lang='lat' dir='ltr'>communionem</span> <span class='ocrx_word' id='word_1_409' title='bbox 1749 4361 1836 4397; x_wconf 85' lang='lat' dir='ltr'>ca-</span> 
     </span>
    </p>
   </div>
   <div class='ocr_carea' id='block_1_61' title="bbox 197 4433 1842 4506">
    <p class='ocr_par' dir='ltr' id='par_1_61' title="bbox 197 4433 1842 4506">
     <span class='ocr_line' id='line_1_61' title="bbox 197 4433 1842 4506; baseline 0.002 -18"><span class='ocrx_word' id='word_1_410' title='bbox 197 4433 483 4488; x_wconf 87' lang='lat' dir='ltr'>tholicam</span> <span class='ocrx_word' id='word_1_411' title='bbox 532 4433 727 4504; x_wconf 83' lang='lat' dir='ltr'>recipi,</span> <span class='ocrx_word' id='word_1_412' title='bbox 784 4434 954 4488; x_wconf 89' lang='lat' dir='ltr'>etiam</span> <span class='ocrx_word' id='word_1_413' title='bbox 998 4452 1028 4488; x_wconf 88' lang='lat' dir='ltr'>a</span> <span class='ocrx_word' id='word_1_414' title='bbox 1077 4436 1207 4489; x_wconf 90' lang='lat' dir='ltr'>sede</span> <span class='ocrx_word' id='word_1_415' title='bbox 1245 4436 1551 4505; x_wconf 85' lang='lat' dir='ltr'>apostolica</span> <span class='ocrx_word' id='word_1_416' title='bbox 1581 4438 1842 4506; x_wconf 90' lang='lat' dir='ltr'>poposcit</span> 
     </span>
    </p>
   </div>
   <div class='ocr_carea' id='block_1_62' title="bbox 1948 1910 3580 1984">
    <p class='ocr_par' dir='ltr' id='par_1_62' title="bbox 1948 1910 3580 1984">
     <span class='ocr_line' id='line_1_62' title="bbox 1948 1910 3580 1984; baseline 0 -18"><span class='ocrx_word' id='word_1_417' title='bbox 1948 1929 2152 1984; x_wconf 90' lang='lat' dir='ltr'>sponsa</span> <span class='ocrx_word' id='word_1_418' title='bbox 2182 1911 2520 1983; x_wconf 89' lang='lat' dir='ltr'>promereri,</span> <span class='ocrx_word' id='word_1_419' title='bbox 2555 1927 2668 1982; x_wconf 89' lang='lat' dir='ltr'>qua</span> <span class='ocrx_word' id='word_1_420' title='bbox 2695 1911 2866 1964; x_wconf 90' lang='lat' dir='ltr'>nimis</span> <span class='ocrx_word' id='word_1_421' title='bbox 2887 1910 3245 1981; x_wconf 85' lang='lat' dir='ltr'>judicaretur</span> <span class='ocrx_word' id='word_1_422' title='bbox 3281 1927 3580 1982; x_wconf 81' lang='lat' dir='ltr'>arrogans,</span> 
     </span>
    </p>
   </div>
   <div class='ocr_carea' id='block_1_63' title="bbox 1948 2003 3581 2076">
    <p class='ocr_par' dir='ltr' id='par_1_63' title="bbox 1948 2003 3581 2076">
     <span class='ocr_line' id='line_1_63' title="bbox 1948 2003 3581 2076; baseline -0.001 -16"><span class='ocrx_word' id='word_1_423' title='bbox 1948 2007 1990 2060; x_wconf 91' lang='lat' dir='ltr'>si</span> <span class='ocrx_word' id='word_1_424' title='bbox 2024 2007 2093 2060; x_wconf 90' lang='lat' dir='ltr'>de</span> <span class='ocrx_word' id='word_1_425' title='bbox 2120 2006 2308 2076; x_wconf 90' lang='lat' dir='ltr'>prima</span> <span class='ocrx_word' id='word_1_426' title='bbox 2339 2005 2470 2060; x_wconf 90' lang='lat' dir='ltr'>sede</span> <span class='ocrx_word' id='word_1_427' title='bbox 2495 2004 2684 2059; x_wconf 87' lang='lat' dir='ltr'>taliter</span> <span class='ocrx_word' id='word_1_428' title='bbox 2716 2004 3115 2060; x_wconf 83' lang='lat' dir='ltr'>existimasset.</span> <span class='ocrx_word' id='word_1_429' title='bbox 3160 2003 3325 2068; x_wconf 90' lang='lat' dir='ltr'>Quod</span> <span class='ocrx_word' id='word_1_430' title='bbox 3363 2005 3411 2058; x_wconf 88' lang='lat' dir='ltr'>si</span> <span class='ocrx_word' id='word_1_431' title='bbox 3456 2020 3581 2060; x_wconf 90' lang='lat' dir='ltr'>ma-</span> 
     </span>
    </p>
   </div>
   <div class='ocr_carea' id='block_1_64' title="bbox 1948 2097 3583 2171">
    <p class='ocr_par' dir='ltr' id='par_1_64' title="bbox 1948 2097 3583 2171">
     <span class='ocr_line' id='line_1_64' title="bbox 1948 2097 3583 2171; baseline 0 -18"><span class='ocrx_word' id='word_1_432' title='bbox 1948 2100 2032 2171; x_wconf 88' lang='lat' dir='ltr'>gis</span> <span class='ocrx_word' id='word_1_433' title='bbox 2063 2099 2388 2170; x_wconf 91' lang='lat' dir='ltr'>opinamur,</span> <span class='ocrx_word' id='word_1_434' title='bbox 2420 2098 2584 2169; x_wconf 87' lang='lat' dir='ltr'>quasi</span> <span class='ocrx_word' id='word_1_435' title='bbox 2622 2097 2804 2167; x_wconf 90' lang='lat' dir='ltr'>sociis,</span> <span class='ocrx_word' id='word_1_436' title='bbox 2847 2097 3052 2169; x_wconf 87' lang='lat' dir='ltr'>quibus</span> <span class='ocrx_word' id='word_1_437' title='bbox 3089 2113 3338 2169; x_wconf 63' lang='lat' dir='ltr'>praeesse</span> <span class='ocrx_word' id='word_1_438' title='bbox 3373 2097 3583 2153; x_wconf 84' lang='lat' dir='ltr'>Christi</span> 
     </span>
    </p>
   </div>
   <div class='ocr_carea' id='block_1_65' title="bbox 1945 2190 3580 2262">
    <p class='ocr_par' dir='ltr' id='par_1_65' title="bbox 1945 2190 3580 2262">
     <span class='ocr_line' id='line_1_65' title="bbox 1945 2190 3580 2262; baseline -0.001 -14"><span class='ocrx_word' id='word_1_439' title='bbox 1945 2209 2187 2248; x_wconf 90' lang='lat' dir='ltr'>munere</span> <span class='ocrx_word' id='word_1_440' title='bbox 2219 2191 2479 2262; x_wconf 88' lang='lat' dir='ltr'>delegata</span> <span class='ocrx_word' id='word_1_441' title='bbox 2501 2195 2604 2260; x_wconf 91' lang='lat' dir='ltr'>est,</span> <span class='ocrx_word' id='word_1_442' title='bbox 2634 2190 3001 2261; x_wconf 87' lang='lat' dir='ltr'>apostolicam</span> <span class='ocrx_word' id='word_1_443' title='bbox 3028 2190 3224 2246; x_wconf 88' lang='lat' dir='ltr'>sedem</span> <span class='ocrx_word' id='word_1_444' title='bbox 3251 2190 3580 2246; x_wconf 89' lang='lat' dir='ltr'>institutum</span> 
     </span>
    </p>
   </div>
   <div class='ocr_carea' id='block_1_66' title="bbox 1948 2284 3582 2356">
    <p class='ocr_par' dir='ltr' id='par_1_66' title="bbox 1948 2284 3582 2356">
     <span class='ocr_line' id='line_1_66' title="bbox 1948 2284 3582 2356; baseline -0.001 -15"><span class='ocrx_word' id='word_1_445' title='bbox 1948 2287 2054 2341; x_wconf 86' lang='lat' dir='ltr'>sibi</span> <span class='ocrx_word' id='word_1_446' title='bbox 2116 2286 2336 2340; x_wconf 89' lang='lat' dir='ltr'>noviter</span> <span class='ocrx_word' id='word_1_447' title='bbox 2387 2285 2743 2340; x_wconf 90' lang='lat' dir='ltr'>sacerdotem</span> <span class='ocrx_word' id='word_1_448' title='bbox 2800 2284 3186 2355; x_wconf 63' lang='lat' dir='ltr'>praeeuntibus</span> <span class='ocrx_word' id='word_1_449' title='bbox 3238 2285 3582 2356; x_wconf 89' lang='lat' dir='ltr'>oportuisse,</span> 
     </span>
    </p>
   </div>
   <div class='ocr_carea' id='block_1_67' title="bbox 1945 2377 3585 2449">
    <p class='ocr_par' dir='ltr' id='par_1_67' title="bbox 1945 2377 3585 2449">
     <span class='ocr_line' id='line_1_67' title="bbox 1945 2377 3585 2449; baseline -0.001 -14"><span class='ocrx_word' id='word_1_450' title='bbox 1945 2380 2130 2435; x_wconf 83' lang='lat' dir='ltr'>dixisti</span> <span class='ocrx_word' id='word_1_451' title='bbox 2160 2379 2366 2433; x_wconf 89' lang='lat' dir='ltr'>litteris</span> <span class='ocrx_word' id='word_1_452' title='bbox 2410 2378 2686 2432; x_wconf 89' lang='lat' dir='ltr'>indicare.</span> <span class='ocrx_word' id='word_1_453' title='bbox 2731 2378 2858 2432; x_wconf 89' lang='lat' dir='ltr'>Fuit</span> <span class='ocrx_word' id='word_1_454' title='bbox 2885 2378 3172 2449; x_wconf 90' lang='lat' dir='ltr'>quondam</span> <span class='ocrx_word' id='word_1_455' title='bbox 3207 2377 3585 2434; x_wconf 85' lang='lat' dir='ltr'>ecclesiastica</span> 
     </span>
    </p>
   </div>
   <div class='ocr_carea' id='block_1_68' title="bbox 1944 2471 3584 2543">
    <p class='ocr_par' dir='ltr' id='par_1_68' title="bbox 1944 2471 3584 2543">
     <span class='ocr_line' id='line_1_68' title="bbox 1944 2471 3584 2543; baseline 0 -16"><span class='ocrx_word' id='word_1_456' title='bbox 1944 2477 2105 2527; x_wconf 87' lang='lat' dir='ltr'>vetus</span> <span class='ocrx_word' id='word_1_457' title='bbox 2148 2473 2270 2526; x_wconf 68' lang='lat' dir='ltr'>haec</span> <span class='ocrx_word' id='word_1_458' title='bbox 2315 2471 2515 2542; x_wconf 83' lang='lat' dir='ltr'>regula</span> <span class='ocrx_word' id='word_1_459' title='bbox 2553 2471 2707 2542; x_wconf 91' lang='lat' dir='ltr'>apud</span> <span class='ocrx_word' id='word_1_460' title='bbox 2749 2473 2946 2525; x_wconf 88' lang='lat' dir='ltr'>Patres</span> <span class='ocrx_word' id='word_1_461' title='bbox 2978 2477 3200 2526; x_wconf 90' lang='lat' dir='ltr'>nostros</span> <span class='ocrx_word' id='word_1_462' title='bbox 3227 2472 3434 2543; x_wconf 91' lang='lat' dir='ltr'>quibus</span> <span class='ocrx_word' id='word_1_463' title='bbox 3464 2489 3584 2528; x_wconf 90' lang='lat' dir='ltr'>una</span> 
     </span>
    </p>
   </div>
   <div class='ocr_carea' id='block_1_69' title="bbox 1946 2565 3580 2636">
    <p class='ocr_par' dir='ltr' id='par_1_69' title="bbox 1946 2565 3580 2636">
     <span class='ocr_line' id='line_1_69' title="bbox 1946 2565 3580 2636; baseline -0.001 -15"><span class='ocrx_word' id='word_1_464' title='bbox 1946 2567 2237 2634; x_wconf 90' lang='lat' dir='ltr'>catholica,</span> <span class='ocrx_word' id='word_1_465' title='bbox 2271 2565 2691 2636; x_wconf 89' lang='lat' dir='ltr'>apostolicaque</span> <span class='ocrx_word' id='word_1_466' title='bbox 2721 2565 3053 2620; x_wconf 91' lang='lat' dir='ltr'>communio</span> <span class='ocrx_word' id='word_1_467' title='bbox 3084 2565 3154 2620; x_wconf 91' lang='lat' dir='ltr'>ab</span> <span class='ocrx_word' id='word_1_468' title='bbox 3186 2565 3343 2620; x_wconf 89' lang='lat' dir='ltr'>omni</span> <span class='ocrx_word' id='word_1_469' title='bbox 3370 2581 3580 2636; x_wconf 69' lang='lat' dir='ltr'>przeva-</span> 
     </span>
    </p>
   </div>
   <div class='ocr_carea' id='block_1_70' title="bbox 1944 2658 3584 2729">
    <p class='ocr_par' dir='ltr' id='par_1_70' title="bbox 1944 2658 3584 2729">
     <span class='ocr_line' id='line_1_70' title="bbox 1944 2658 3584 2729; baseline 0.001 -15"><span class='ocrx_word' id='word_1_470' title='bbox 1944 2661 2252 2715; x_wconf 91' lang='lat' dir='ltr'>ricatorum</span> <span class='ocrx_word' id='word_1_471' title='bbox 2280 2659 2460 2714; x_wconf 91' lang='lat' dir='ltr'>libera</span> <span class='ocrx_word' id='word_1_472' title='bbox 2489 2658 2803 2729; x_wconf 88' lang='lat' dir='ltr'>pollutione</span> <span class='ocrx_word' id='word_1_473' title='bbox 2844 2659 3153 2714; x_wconf 88' lang='lat' dir='ltr'>constabat.</span> <span class='ocrx_word' id='word_1_474' title='bbox 3198 2660 3357 2714; x_wconf 86' lang='lat' dir='ltr'>Nunc</span> <span class='ocrx_word' id='word_1_475' title='bbox 3387 2663 3584 2715; x_wconf 88' lang='lat' dir='ltr'>autem</span> 
     </span>
    </p>
   </div>
   <div class='ocr_carea' id='block_1_71' title="bbox 1944 2751 3578 2824">
    <p class='ocr_par' dir='ltr' id='par_1_71' title="bbox 1944 2751 3578 2824">
     <span class='ocr_line' id='line_1_71' title="bbox 1944 2751 3578 2824; baseline -0.001 -16"><span class='ocrx_word' id='word_1_476' title='bbox 1944 2771 2074 2808; x_wconf 88' lang='lat' dir='ltr'>cum</span> <span class='ocrx_word' id='word_1_477' title='bbox 2119 2753 2446 2808; x_wconf 90' lang='lat' dir='ltr'>societatem</span> <span class='ocrx_word' id='word_1_478' title='bbox 2489 2752 2756 2822; x_wconf 62' lang='lat' dir='ltr'>praeferre</span> <span class='ocrx_word' id='word_1_479' title='bbox 2802 2751 3015 2807; x_wconf 90' lang='lat' dir='ltr'>malitis</span> <span class='ocrx_word' id='word_1_480' title='bbox 3041 2755 3372 2808; x_wconf 84' lang='lat' dir='ltr'>extraneam</span> <span class='ocrx_word' id='word_1_481' title='bbox 3402 2769 3578 2824; x_wconf 88' lang='lat' dir='ltr'>quam</span> 
     </span>
    </p>
   </div>
   <div class='ocr_carea' id='block_1_72' title="bbox 1947 2845 3582 2917">
    <p class='ocr_par' dir='ltr' id='par_1_72' title="bbox 1947 2845 3582 2917">
     <span class='ocr_line' id='line_1_72' title="bbox 1947 2845 3582 2917; baseline 0 -16"><span class='ocrx_word' id='word_1_482' title='bbox 1947 2847 2018 2901; x_wconf 90' lang='lat' dir='ltr'>ad</span> <span class='ocrx_word' id='word_1_483' title='bbox 2029 2847 2180 2902; x_wconf 89' lang='lat' dir='ltr'>beati</span> <span class='ocrx_word' id='word_1_484' title='bbox 2196 2845 2345 2900; x_wconf 89' lang='lat' dir='ltr'>Petri</span> <span class='ocrx_word' id='word_1_485' title='bbox 2359 2862 2568 2917; x_wconf 89' lang='lat' dir='ltr'>purum</span> <span class='ocrx_word' id='word_1_486' title='bbox 2580 2845 2768 2900; x_wconf 90' lang='lat' dir='ltr'>redire</span> <span class='ocrx_word' id='word_1_487' title='bbox 2785 2845 3064 2900; x_wconf 91' lang='lat' dir='ltr'>illibatum</span> <span class='ocrx_word' id='word_1_488' title='bbox 3073 2862 3184 2916; x_wconf 91' lang='lat' dir='ltr'>que</span> <span class='ocrx_word' id='word_1_489' title='bbox 3199 2846 3582 2902; x_wconf 89' lang='lat' dir='ltr'>consortium.</span> 
     </span>
    </p>
   </div>
   <div class='ocr_carea' id='block_1_73' title="bbox 1950 2939 3583 3005">
    <p class='ocr_par' dir='ltr' id='par_1_73' title="bbox 1950 2939 3583 3005">
     <span class='ocr_line' id='line_1_73' title="bbox 1950 2939 3583 3005; baseline -0.001 -10"><span class='ocrx_word' id='word_1_490' title='bbox 1950 2962 1978 2990; x_wconf 84' lang='grc'>‹‹</span> <span class='ocrx_word' id='word_1_491' title='bbox 2007 2941 2302 3005; x_wconf 91' lang='lat' dir='ltr'>Quomodo</span> <span class='ocrx_word' id='word_1_492' title='bbox 2337 2939 2690 2995; x_wconf 85' lang='lat' dir='ltr'>cantabimus</span> <span class='ocrx_word' id='word_1_493' title='bbox 2728 2939 3017 2994; x_wconf 88' lang='lat' dir='ltr'>canticum</span> <span class='ocrx_word' id='word_1_494' title='bbox 3066 2939 3293 2994; x_wconf 89' lang='lat' dir='ltr'>Domini</span> <span class='ocrx_word' id='word_1_495' title='bbox 3325 2939 3385 2993; x_wconf 91' lang='lat' dir='ltr'>in</span> <span class='ocrx_word' id='word_1_496' title='bbox 3427 2942 3583 2993; x_wconf 88' lang='lat' dir='ltr'>terra</span> 
     </span>
    </p>
   </div>
   <div class='ocr_carea' id='block_1_74' title="bbox 1946 3032 3586 3106">
    <p class='ocr_par' dir='ltr' id='par_1_74' title="bbox 1946 3032 3586 3106">
     <span class='ocr_line' id='line_1_74' title="bbox 1946 3032 3586 3106; baseline -0.001 -18"><span class='ocrx_word' id='word_1_497' title='bbox 1946 3035 2133 3090; x_wconf 90' lang='lat' dir='ltr'>aliena</span> <span class='ocrx_word' id='word_1_498' title='bbox 2159 3034 2327 3106; x_wconf 84' lang='lat' dir='ltr'>(Psal.</span> <span class='ocrx_word' id='word_1_499' title='bbox 2358 3050 2578 3103; x_wconf 73' lang='lat' dir='ltr'>cxxxvr,</span> <span class='ocrx_word' id='word_1_500' title='bbox 2601 3034 2675 3105; x_wconf 81' lang='grc'>4).</span> <span class='ocrx_word' id='word_1_501' title='bbox 2697 3033 2992 3098; x_wconf 88' lang='lat' dir='ltr'>Quomodo</span> <span class='ocrx_word' id='word_1_502' title='bbox 3013 3032 3398 3105; x_wconf 88' lang='lat' dir='ltr'>dispositionis</span> <span class='ocrx_word' id='word_1_503' title='bbox 3423 3048 3586 3104; x_wconf 83' lang='lat' dir='ltr'>apos-</span> 
     </span>
    </p>
   </div>
   <div class='ocr_carea' id='block_1_75' title="bbox 1947 3127 3582 3199">
    <p class='ocr_par' dir='ltr' id='par_1_75' title="bbox 1947 3127 3582 3199">
     <span class='ocr_line' id='line_1_75' title="bbox 1947 3127 3582 3199; baseline -0.002 -16"><span class='ocrx_word' id='word_1_504' title='bbox 1947 3129 2132 3183; x_wconf 82' lang='lat' dir='ltr'>tolicae</span> <span class='ocrx_word' id='word_1_505' title='bbox 2154 3128 2385 3199; x_wconf 89' lang='lat' dir='ltr'>antiqua</span> <span class='ocrx_word' id='word_1_506' title='bbox 2415 3127 2633 3182; x_wconf 72' lang='lat' dir='ltr'>fmdera</span> <span class='ocrx_word' id='word_1_507' title='bbox 2660 3127 3018 3198; x_wconf 59' lang='lat' dir='ltr'>praebeamus</span> <span class='ocrx_word' id='word_1_508' title='bbox 3051 3127 3381 3182; x_wconf 88' lang='lat' dir='ltr'>hominibus</span> <span class='ocrx_word' id='word_1_509' title='bbox 3422 3142 3582 3181; x_wconf 84' lang='lat' dir='ltr'>eom-</span> 
     </span>
    </p>
   </div>
   <div class='ocr_carea' id='block_1_76' title="bbox 1945 3219 3579 3285">
    <p class='ocr_par' dir='ltr' id='par_1_76' title="bbox 1945 3219 3579 3285">
     <span class='ocr_line' id='line_1_76' title="bbox 1945 3219 3579 3285; baseline -0.001 -8"><span class='ocrx_word' id='word_1_510' title='bbox 1945 3222 2234 3277; x_wconf 91' lang='lat' dir='ltr'>munionis</span> <span class='ocrx_word' id='word_1_511' title='bbox 2261 3225 2548 3276; x_wconf 79' lang='lat' dir='ltr'>extraneae</span> <span class='ocrx_word' id='word_1_512' title='bbox 2568 3221 2596 3275; x_wconf 66' lang='grc' dir='ltr'>*Γ</span> <span class='ocrx_word' id='word_1_513' title='bbox 2623 3219 3124 3285; x_wconf 89' lang='lat' dir='ltr'>Quemadmodum</span> <span class='ocrx_word' id='word_1_514' title='bbox 3152 3219 3316 3275; x_wconf 90' lang='lat' dir='ltr'>nobis</span> <span class='ocrx_word' id='word_1_515' title='bbox 3346 3219 3579 3276; x_wconf 89' lang='lat' dir='ltr'>ordina-</span> 
     </span>
    </p>
   </div>
   <div class='ocr_carea' id='block_1_77' title="bbox 1943 3313 3582 3380">
    <p class='ocr_par' dir='ltr' id='par_1_77' title="bbox 1943 3313 3582 3380">
     <span class='ocr_line' id='line_1_77' title="bbox 1943 3313 3582 3380; baseline -0.001 -10"><span class='ocrx_word' id='word_1_516' title='bbox 1943 3316 2156 3370; x_wconf 88' lang='lat' dir='ltr'>tionem</span> <span class='ocrx_word' id='word_1_517' title='bbox 2185 3315 2587 3370; x_wconf 86' lang='lat' dir='ltr'>renuntiatura</span> <span class='ocrx_word' id='word_1_518' title='bbox 2617 3317 2721 3380; x_wconf 89' lang='lat' dir='ltr'>est,</span> <span class='ocrx_word' id='word_1_519' title='bbox 2769 3313 2858 3367; x_wconf 93' lang='lat' dir='ltr'>cui</span> <span class='ocrx_word' id='word_1_520' title='bbox 2899 3316 3086 3368; x_wconf 90' lang='lat' dir='ltr'>vestro</span> <span class='ocrx_word' id='word_1_521' title='bbox 3113 3313 3285 3368; x_wconf 91' lang='lat' dir='ltr'>etiam</span> <span class='ocrx_word' id='word_1_522' title='bbox 3325 3313 3582 3368; x_wconf 85' lang='lat' dir='ltr'>testimo-</span> 
     </span>
    </p>
   </div>
   <div class='ocr_carea' id='block_1_78' title="bbox 1941 3406 3579 3477">
    <p class='ocr_par' dir='ltr' id='par_1_78' title="bbox 1941 3406 3579 3477">
     <span class='ocr_line' id='line_1_78' title="bbox 1941 3406 3579 3477; baseline -0.001 -14"><span class='ocrx_word' id='word_1_523' title='bbox 1941 3410 2038 3463; x_wconf 92' lang='lat' dir='ltr'>nio</span> <span class='ocrx_word' id='word_1_524' title='bbox 2084 3409 2381 3463; x_wconf 67' lang='lat' dir='ltr'>hmreticos</span> <span class='ocrx_word' id='word_1_525' title='bbox 2424 3407 2972 3477; x_wconf 89' lang='lat' dir='ltr'>damnationemque</span> <span class='ocrx_word' id='word_1_526' title='bbox 3017 3406 3368 3477; x_wconf 65' lang='lat' dir='ltr'>praeponitis.</span> <span class='ocrx_word' id='word_1_527' title='bbox 3423 3406 3579 3462; x_wconf 86' lang='lat' dir='ltr'>Dicat</span> 
     </span>
    </p>
   </div>
   <div class='ocr_carea' id='block_1_79' title="bbox 1939 3497 3581 3557">
    <p class='ocr_par' dir='ltr' id='par_1_79' title="bbox 1939 3497 3581 3557">
     <span class='ocr_line' id='line_1_79' title="bbox 1939 3497 3581 3557; baseline -0.003 0"><span class='ocrx_word' id='word_1_528' title='bbox 1939 3501 2181 3557; x_wconf 89' lang='lat' dir='ltr'>forsitan</span> <span class='ocrx_word' id='word_1_529' title='bbox 2223 3504 2323 3556; x_wconf 90' lang='lat' dir='ltr'>tua</span> <span class='ocrx_word' id='word_1_530' title='bbox 2362 3501 2588 3555; x_wconf 91' lang='lat' dir='ltr'>dilectio</span> <span class='ocrx_word' id='word_1_531' title='bbox 2628 3500 2926 3554; x_wconf 80' lang='lat' dir='ltr'>haereticos</span> <span class='ocrx_word' id='word_1_532' title='bbox 2952 3499 3262 3554; x_wconf 88' lang='lat' dir='ltr'>damnatos</span> <span class='ocrx_word' id='word_1_533' title='bbox 3289 3497 3401 3553; x_wconf 91' lang='lat' dir='ltr'>diei</span> <span class='ocrx_word' id='word_1_534' title='bbox 3439 3501 3581 3553; x_wconf 85' lang='lat' dir='ltr'>Aca-</span> 
     </span>
    </p>
   </div>
   <div class='ocr_carea' id='block_1_80' title="bbox 1941 3592 3582 3664">
    <p class='ocr_par' dir='ltr' id='par_1_80' title="bbox 1941 3592 3582 3664">
     <span class='ocr_line' id='line_1_80' title="bbox 1941 3592 3582 3664; baseline -0.001 -14"><span class='ocrx_word' id='word_1_535' title='bbox 1941 3596 2095 3650; x_wconf 90' lang='lat' dir='ltr'>cium</span> <span class='ocrx_word' id='word_1_536' title='bbox 2138 3599 2196 3649; x_wconf 91' lang='lat' dir='ltr'>et</span> <span class='ocrx_word' id='word_1_537' title='bbox 2241 3597 2498 3648; x_wconf 88' lang='lat' dir='ltr'>Petrum.</span> <span class='ocrx_word' id='word_1_538' title='bbox 2531 3595 2660 3660; x_wconf 90' lang='lat' dir='ltr'>Cur,</span> <span class='ocrx_word' id='word_1_539' title='bbox 2700 3593 2745 3646; x_wconf 90' lang='lat' dir='ltr'>si</span> <span class='ocrx_word' id='word_1_540' title='bbox 2778 3593 2862 3646; x_wconf 87' lang='lat' dir='ltr'>fas</span> <span class='ocrx_word' id='word_1_541' title='bbox 2900 3609 3016 3647; x_wconf 90' lang='lat' dir='ltr'>non</span> <span class='ocrx_word' id='word_1_542' title='bbox 3053 3597 3159 3659; x_wconf 91' lang='lat' dir='ltr'>est,</span> <span class='ocrx_word' id='word_1_543' title='bbox 3201 3592 3582 3664; x_wconf 65' lang='lat' dir='ltr'>praesentibus</span> 
     </span>
    </p>
   </div>
   <div class='ocr_carea' id='block_1_81' title="bbox 1943 3685 3575 3756">
    <p class='ocr_par' dir='ltr' id='par_1_81' title="bbox 1943 3685 3575 3756">
     <span class='ocr_line' id='line_1_81' title="bbox 1943 3685 3575 3756; baseline -0.002 -13"><span class='ocrx_word' id='word_1_544' title='bbox 1943 3689 2140 3743; x_wconf 90' lang='lat' dir='ltr'>saltem</span> <span class='ocrx_word' id='word_1_545' title='bbox 2169 3687 2374 3742; x_wconf 90' lang='lat' dir='ltr'>litteris</span> <span class='ocrx_word' id='word_1_546' title='bbox 2395 3686 2792 3756; x_wconf 91' lang='lat' dir='ltr'>colloquantur</span> <span class='ocrx_word' id='word_1_547' title='bbox 2808 3685 2836 3740; x_wconf 73' lang='lat' dir='ltr'>‘I</span> <span class='ocrx_word' id='word_1_548' title='bbox 2866 3685 3005 3750; x_wconf 88' lang='lat' dir='ltr'>Quia</span> <span class='ocrx_word' id='word_1_549' title='bbox 3027 3685 3192 3741; x_wconf 90' lang='lat' dir='ltr'>aliter</span> <span class='ocrx_word' id='word_1_550' title='bbox 3218 3686 3575 3756; x_wconf 87' lang='lat' dir='ltr'>appellamus</span> 
     </span>
    </p>
   </div>
   <div class='ocr_carea' id='block_1_82' title="bbox 1944 3779 3581 3851">
    <p class='ocr_par' dir='ltr' id='par_1_82' title="bbox 1944 3779 3581 3851">
     <span class='ocr_line' id='line_1_82' title="bbox 1944 3779 3581 3851; baseline -0.002 -14"><span class='ocrx_word' id='word_1_551' title='bbox 1944 3782 2251 3837; x_wconf 68' lang='lat' dir='ltr'>Dominicas</span> <span class='ocrx_word' id='word_1_552' title='bbox 2287 3797 2500 3836; x_wconf 67' lang='lat' dir='ltr'>mensse</span> <span class='ocrx_word' id='word_1_553' title='bbox 2537 3779 2862 3850; x_wconf 91' lang='lat' dir='ltr'>participes,</span> <span class='ocrx_word' id='word_1_554' title='bbox 2905 3780 3070 3835; x_wconf 89' lang='lat' dir='ltr'>aliter</span> <span class='ocrx_word' id='word_1_555' title='bbox 3106 3780 3205 3851; x_wconf 88' lang='lat' dir='ltr'>qui</span> <span class='ocrx_word' id='word_1_556' title='bbox 3234 3779 3292 3833; x_wconf 92' lang='lat' dir='ltr'>in</span> <span class='ocrx_word' id='word_1_557' title='bbox 3324 3779 3448 3849; x_wconf 91' lang='lat' dir='ltr'>ejus</span> <span class='ocrx_word' id='word_1_558' title='bbox 3475 3796 3581 3834; x_wconf 83' lang='lat' dir='ltr'>no-</span> 
     </span>
    </p>
   </div>
   <div class='ocr_carea' id='block_1_83' title="bbox 1941 3872 3574 3944">
    <p class='ocr_par' dir='ltr' id='par_1_83' title="bbox 1941 3872 3574 3944">
     <span class='ocr_line' id='line_1_83' title="bbox 1941 3872 3574 3944; baseline -0.001 -14"><span class='ocrx_word' id='word_1_559' title='bbox 1941 3876 2160 3930; x_wconf 85' lang='lat' dir='ltr'>hiscum</span> <span class='ocrx_word' id='word_1_560' title='bbox 2180 3874 2446 3930; x_wconf 87' lang='lat' dir='ltr'>societate</span> <span class='ocrx_word' id='word_1_561' title='bbox 2477 3874 2832 3943; x_wconf 89' lang='lat' dir='ltr'>dissentiunt,</span> <span class='ocrx_word' id='word_1_562' title='bbox 2857 3873 2990 3944; x_wconf 89' lang='lat' dir='ltr'>quia</span> <span class='ocrx_word' id='word_1_563' title='bbox 3010 3873 3132 3944; x_wconf 91' lang='lat' dir='ltr'>ipse</span> <span class='ocrx_word' id='word_1_564' title='bbox 3159 3873 3436 3928; x_wconf 90' lang='lat' dir='ltr'>Dominus</span> <span class='ocrx_word' id='word_1_565' title='bbox 3461 3872 3574 3928; x_wconf 90' lang='lat' dir='ltr'>alio</span> 
     </span>
    </p>
   </div>
   <div class='ocr_carea' id='block_1_84' title="bbox 1942 3965 3572 4037">
    <p class='ocr_par' dir='ltr' id='par_1_84' title="bbox 1942 3965 3572 4037">
     <span class='ocr_line' id='line_1_84' title="bbox 1942 3965 3572 4037; baseline -0.002 -14"><span class='ocrx_word' id='word_1_566' title='bbox 1942 3969 2110 4024; x_wconf 91' lang='lat' dir='ltr'>modo</span> <span class='ocrx_word' id='word_1_567' title='bbox 2160 3968 2328 4023; x_wconf 88' lang='lat' dir='ltr'>verba</span> <span class='ocrx_word' id='word_1_568' title='bbox 2378 3967 2621 4021; x_wconf 89' lang='lat' dir='ltr'>faciebat</span> <span class='ocrx_word' id='word_1_569' title='bbox 2669 3983 2702 4020; x_wconf 91' lang='lat' dir='ltr'>a</span> <span class='ocrx_word' id='word_1_570' title='bbox 2755 3984 2857 4020; x_wconf 89' lang='lat' dir='ltr'>sua</span> <span class='ocrx_word' id='word_1_571' title='bbox 2906 3966 3310 4037; x_wconf 70' lang='lat' dir='ltr'>prmdicatione</span> <span class='ocrx_word' id='word_1_572' title='bbox 3363 3965 3572 4020; x_wconf 86' lang='lat' dir='ltr'>discre-</span> 
     </span>
    </p>
   </div>
   <div class='ocr_carea' id='block_1_85' title="bbox 1944 4059 3574 4132">
    <p class='ocr_par' dir='ltr' id='par_1_85' title="bbox 1944 4059 3574 4132">
     <span class='ocr_line' id='line_1_85' title="bbox 1944 4059 3574 4132; baseline -0.001 -16"><span class='ocrx_word' id='word_1_573' title='bbox 1944 4063 2036 4129; x_wconf 90' lang='lat' dir='ltr'>tis,</span> <span class='ocrx_word' id='word_1_574' title='bbox 2064 4061 2176 4117; x_wconf 91' lang='lat' dir='ltr'>alio</span> <span class='ocrx_word' id='word_1_575' title='bbox 2209 4061 2497 4132; x_wconf 90' lang='lat' dir='ltr'>discipulis</span> <span class='ocrx_word' id='word_1_576' title='bbox 2537 4060 2702 4131; x_wconf 88' lang='lat' dir='ltr'>regni</span> <span class='ocrx_word' id='word_1_577' title='bbox 2741 4059 2980 4114; x_wconf 82' lang='lat' dir='ltr'>caelestis</span> <span class='ocrx_word' id='word_1_578' title='bbox 3019 4064 3233 4115; x_wconf 88' lang='lat' dir='ltr'>secreta</span> <span class='ocrx_word' id='word_1_579' title='bbox 3269 4059 3574 4130; x_wconf 89' lang='lat' dir='ltr'>pandebat.</span> 
     </span>
    </p>
   </div>
   <div class='ocr_carea' id='block_1_86' title="bbox 1939 4152 3574 4228">
    <p class='ocr_par' dir='ltr' id='par_1_86' title="bbox 1939 4152 3574 4228">
     <span class='ocr_line' id='line_1_86' title="bbox 1939 4152 3574 4228; baseline -0.002 -17"><span class='ocrx_word' id='word_1_580' title='bbox 1939 4157 2367 4228; x_wconf 88' lang='lat' dir='ltr'>Consequenter</span> <span class='ocrx_word' id='word_1_581' title='bbox 2393 4170 2615 4226; x_wconf 91' lang='lat' dir='ltr'>quoque</span> <span class='ocrx_word' id='word_1_582' title='bbox 2641 4154 2884 4224; x_wconf 79' lang='lat' dir='ltr'>Apostoli</span> <span class='ocrx_word' id='word_1_583' title='bbox 2903 4170 3018 4208; x_wconf 89' lang='lat' dir='ltr'>non</span> <span class='ocrx_word' id='word_1_584' title='bbox 3050 4154 3125 4208; x_wconf 88' lang='lat' dir='ltr'>ita</span> <span class='ocrx_word' id='word_1_585' title='bbox 3151 4170 3182 4206; x_wconf 91' lang='lat' dir='ltr'>a</span> <span class='ocrx_word' id='word_1_586' title='bbox 3203 4169 3304 4208; x_wconf 92' lang='lat' dir='ltr'>suo</span> <span class='ocrx_word' id='word_1_587' title='bbox 3330 4152 3574 4223; x_wconf 86' lang='lat' dir='ltr'>collegio</span> 
     </span>
    </p>
   </div>
   <div class='ocr_carea' id='block_1_87' title="bbox 1941 4246 3572 4321">
    <p class='ocr_par' dir='ltr' id='par_1_87' title="bbox 1941 4246 3572 4321">
     <span class='ocr_line' id='line_1_87' title="bbox 1941 4246 3572 4321; baseline -0.003 -17"><span class='ocrx_word' id='word_1_588' title='bbox 1941 4249 2247 4321; x_wconf 88' lang='lat' dir='ltr'>separatis,</span> <span class='ocrx_word' id='word_1_589' title='bbox 2315 4247 2800 4320; x_wconf 90' lang='lat' dir='ltr'>quemadmodum</span> <span class='ocrx_word' id='word_1_590' title='bbox 2854 4247 2986 4302; x_wconf 89' lang='lat' dir='ltr'>ﬁdei</span> <span class='ocrx_word' id='word_1_591' title='bbox 3041 4246 3366 4302; x_wconf 90' lang='lat' dir='ltr'>domesticis</span> <span class='ocrx_word' id='word_1_592' title='bbox 3421 4260 3572 4300; x_wconf 89' lang='lat' dir='ltr'>con-</span> 
     </span>
    </p>
   </div>
   <div class='ocr_carea' id='block_1_88' title="bbox 1941 4340 3572 4414">
    <p class='ocr_par' dir='ltr' id='par_1_88' title="bbox 1941 4340 3572 4414">
     <span class='ocr_line' id='line_1_88' title="bbox 1941 4340 3572 4414; baseline -0.002 -18"><span class='ocrx_word' id='word_1_593' title='bbox 1941 4343 2303 4414; x_wconf 87' lang='lat' dir='ltr'>sortibusque</span> <span class='ocrx_word' id='word_1_594' title='bbox 2340 4341 2742 4414; x_wconf 89' lang='lat' dir='ltr'>loquebantur.</span> <span class='ocrx_word' id='word_1_595' title='bbox 2792 4341 2900 4396; x_wconf 91' lang='lat' dir='ltr'>Sed</span> <span class='ocrx_word' id='word_1_596' title='bbox 2939 4342 3019 4395; x_wconf 88' lang='lat' dir='ltr'>ait</span> <span class='ocrx_word' id='word_1_597' title='bbox 3062 4340 3286 4395; x_wconf 91' lang='lat' dir='ltr'>dilectio</span> <span class='ocrx_word' id='word_1_598' title='bbox 3332 4344 3427 4394; x_wconf 89' lang='lat' dir='ltr'>tua</span> <span class='ocrx_word' id='word_1_599' title='bbox 3453 4343 3572 4393; x_wconf 90' lang='lat' dir='ltr'>tan-</span> 
     </span>
    </p>
   </div>
   <div class='ocr_carea' id='block_1_89' title="bbox 1938 4434 3574 4500">
    <p class='ocr_par' dir='ltr' id='par_1_89' title="bbox 1938 4434 3574 4500">
     <span class='ocr_line' id='line_1_89' title="bbox 1938 4434 3574 4500; baseline -0.004 -9"><span class='ocrx_word' id='word_1_600' title='bbox 1938 4443 2062 4491; x_wconf 92' lang='lat' dir='ltr'>tum</span> <span class='ocrx_word' id='word_1_601' title='bbox 2106 4438 2250 4491; x_wconf 90' lang='lat' dir='ltr'>circa</span> <span class='ocrx_word' id='word_1_602' title='bbox 2289 4453 2382 4491; x_wconf 91' lang='lat' dir='ltr'>me</span> <span class='ocrx_word' id='word_1_603' title='bbox 2423 4452 2545 4490; x_wconf 86' lang='lat' dir='ltr'>sese</span> <span class='ocrx_word' id='word_1_604' title='bbox 2594 4435 2888 4489; x_wconf 89' lang='lat' dir='ltr'>charitatis</span> <span class='ocrx_word' id='word_1_605' title='bbox 2926 4434 3209 4500; x_wconf 86' lang='lat' dir='ltr'>habuisse,</span> <span class='ocrx_word' id='word_1_606' title='bbox 3242 4437 3307 4487; x_wconf 91' lang='lat' dir='ltr'>ut</span> <span class='ocrx_word' id='word_1_607' title='bbox 3337 4448 3454 4487; x_wconf 91' lang='lat' dir='ltr'>non</span> <span class='ocrx_word' id='word_1_608' title='bbox 3483 4447 3574 4486; x_wconf 89' lang='lat' dir='ltr'>so-</span> 
     </span>
    </p>
   </div>
   <div class='ocr_carea' id='block_1_90' title="bbox 197 4524 3573 4605">
    <p class='ocr_par' dir='ltr' id='par_1_90' title="bbox 197 4524 3573 4605">
     <span class='ocr_line' id='line_1_90' title="bbox 197 4524 3573 4605; baseline -0.001 -24"><span class='ocrx_word' id='word_1_609' title='bbox 197 4527 462 4591; x_wconf 77' lang='lat' dir='ltr'>Acacius,</span> <span class='ocrx_word' id='word_1_610' title='bbox 495 4543 559 4579; x_wconf 92' lang='lat' dir='ltr'>ac</span> <span class='ocrx_word' id='word_1_611' title='bbox 581 4543 683 4596; x_wconf 91' lang='lat' dir='ltr'>per</span> <span class='ocrx_word' id='word_1_612' title='bbox 706 4527 815 4581; x_wconf 92' lang='lat' dir='ltr'>hoc</span> <span class='ocrx_word' id='word_1_613' title='bbox 832 4528 981 4598; x_wconf 89' lang='lat' dir='ltr'>quod</span> <span class='ocrx_word' id='word_1_614' title='bbox 1006 4533 1324 4598; x_wconf 87' lang='lat' dir='ltr'>queruntur</span> <span class='ocrx_word' id='word_1_615' title='bbox 1342 4546 1372 4581; x_wconf 92' lang='lat' dir='ltr'>a</span> <span class='ocrx_word' id='word_1_616' title='bbox 1392 4529 1555 4583; x_wconf 90' lang='lat' dir='ltr'>nobis</span> <span class='ocrx_word' id='word_1_617' title='bbox 1574 4530 1842 4585; x_wconf 90' lang='lat' dir='ltr'>Acacium</span> <span class='ocrx_word' id='word_1_618' title='bbox 1859 4533 1920 4605; x_wconf 84' lang='grc' dir='ltr'><strong>Ι)</strong></span> <span class='ocrx_word' id='word_1_619' title='bbox 1943 4533 2063 4584; x_wconf 91' lang='lat' dir='ltr'>lum</span> <span class='ocrx_word' id='word_1_620' title='bbox 2094 4531 2164 4584; x_wconf 93' lang='lat' dir='ltr'>ad</span> <span class='ocrx_word' id='word_1_621' title='bbox 2191 4530 2556 4584; x_wconf 90' lang='lat' dir='ltr'>scribendum</span> <span class='ocrx_word' id='word_1_622' title='bbox 2592 4529 2768 4583; x_wconf 90' lang='lat' dir='ltr'>fueris</span> <span class='ocrx_word' id='word_1_623' title='bbox 2794 4532 3092 4582; x_wconf 90' lang='lat' dir='ltr'>contentus</span> <span class='ocrx_word' id='word_1_624' title='bbox 3121 4527 3325 4580; x_wconf 76' lang='lat' dir='ltr'>affectu</span> <span class='ocrx_word' id='word_1_625' title='bbox 3350 4524 3573 4592; x_wconf 88' lang='lat' dir='ltr'>audire,</span> 
     </span>
    </p>
   </div>
   <div class='ocr_carea' id='block_1_91' title="bbox 199 4620 1838 4693">
    <p class='ocr_par' dir='ltr' id='par_1_91' title="bbox 199 4620 1838 4693">
     <span class='ocr_line' id='line_1_91' title="bbox 199 4620 1838 4693; baseline 0.002 -19"><span class='ocrx_word' id='word_1_626' title='bbox 199 4621 378 4674; x_wconf 82' lang='lat' dir='ltr'>fuisse</span> <span class='ocrx_word' id='word_1_627' title='bbox 420 4620 759 4674; x_wconf 85' lang='lat' dir='ltr'>damnatum</span> <span class='ocrx_word' id='word_1_628' title='bbox 805 4638 936 4675; x_wconf 89' lang='lat' dir='ltr'>cum</span> <span class='ocrx_word' id='word_1_629' title='bbox 982 4623 1084 4676; x_wconf 85' lang='lat' dir='ltr'>hac</span> <span class='ocrx_word' id='word_1_630' title='bbox 1125 4622 1473 4693; x_wconf 86' lang='lat' dir='ltr'>professione</span> <span class='ocrx_word' id='word_1_631' title='bbox 1524 4624 1838 4693; x_wconf 64' lang='lat' dir='ltr'>prseniissa,</span> 
     </span>
    </p>
   </div>
   <div class='ocr_carea' id='block_1_92' title="bbox 199 4714 1844 4786">
    <p class='ocr_par' dir='ltr' id='par_1_92' title="bbox 199 4714 1844 4786">
     <span class='ocr_line' id='line_1_92' title="bbox 199 4714 1844 4786; baseline 0.002 -17"><span class='ocrx_word' id='word_1_632' title='bbox 199 4721 257 4770; x_wconf 89' lang='lat' dir='ltr'>et</span> <span class='ocrx_word' id='word_1_633' title='bbox 291 4731 397 4784; x_wconf 88' lang='lat' dir='ltr'>per</span> <span class='ocrx_word' id='word_1_634' title='bbox 428 4714 712 4768; x_wconf 87' lang='lat' dir='ltr'>anfractus</span> <span class='ocrx_word' id='word_1_635' title='bbox 734 4715 1077 4769; x_wconf 87' lang='lat' dir='ltr'>Antiocheni</span> <span class='ocrx_word' id='word_1_636' title='bbox 1107 4716 1318 4786; x_wconf 89' lang='lat' dir='ltr'>petitur</span> <span class='ocrx_word' id='word_1_637' title='bbox 1336 4720 1566 4786; x_wconf 90' lang='lat' dir='ltr'>recepta</span> <span class='ocrx_word' id='word_1_638' title='bbox 1591 4734 1844 4772; x_wconf 88' lang='lat' dir='ltr'>commu-</span> 
     </span>
    </p>
   </div>
   <div class='ocr_carea' id='block_1_93' title="bbox 201 4809 1842 4878">
    <p class='ocr_par' dir='ltr' id='par_1_93' title="bbox 201 4809 1842 4878">
     <span class='ocr_line' id='line_1_93' title="bbox 201 4809 1842 4878; baseline 0.003 -17"><span class='ocrx_word' id='word_1_639' title='bbox 201 4810 385 4862; x_wconf 88' lang='lat' dir='ltr'>nione</span> <span class='ocrx_word' id='word_1_640' title='bbox 417 4825 475 4861; x_wconf 92' lang='lat' dir='ltr'>se</span> <span class='ocrx_word' id='word_1_641' title='bbox 514 4809 782 4862; x_wconf 89' lang='lat' dir='ltr'>doceatur</span> <span class='ocrx_word' id='word_1_642' title='bbox 817 4809 935 4878; x_wconf 90' lang='lat' dir='ltr'>ipse</span> <span class='ocrx_word' id='word_1_643' title='bbox 973 4809 1294 4864; x_wconf 90' lang='lat' dir='ltr'>damnasse.</span> <span class='ocrx_word' id='word_1_644' title='bbox 1342 4810 1443 4864; x_wconf 87' lang='lat' dir='ltr'>Ubi</span> <span class='ocrx_word' id='word_1_645' title='bbox 1498 4814 1689 4866; x_wconf 91' lang='lat' dir='ltr'>tamen</span> <span class='ocrx_word' id='word_1_646' title='bbox 1725 4828 1842 4866; x_wconf 89' lang='lat' dir='ltr'>non</span> 
     </span>
    </p>
   </div>
   <div class='ocr_carea' id='block_1_94' title="bbox 195 4902 1843 4975">
    <p class='ocr_par' dir='ltr' id='par_1_94' title="bbox 195 4902 1843 4975">
     <span class='ocr_line' id='line_1_94' title="bbox 195 4902 1843 4975; baseline 0.003 -21"><span class='ocrx_word' id='word_1_647' title='bbox 195 4903 388 4957; x_wconf 83' lang='lat' dir='ltr'>solum</span> <span class='ocrx_word' id='word_1_648' title='bbox 434 4917 562 4955; x_wconf 89' lang='lat' dir='ltr'>reus</span> <span class='ocrx_word' id='word_1_649' title='bbox 605 4905 831 4956; x_wconf 89' lang='lat' dir='ltr'>tenetur</span> <span class='ocrx_word' id='word_1_650' title='bbox 873 4902 1125 4970; x_wconf 81' lang='lat' dir='ltr'>Aeacius,</span> <span class='ocrx_word' id='word_1_651' title='bbox 1174 4903 1272 4957; x_wconf 92' lang='lat' dir='ltr'>sed</span> <span class='ocrx_word' id='word_1_652' title='bbox 1319 4919 1515 4958; x_wconf 92' lang='lat' dir='ltr'>omnes</span> <span class='ocrx_word' id='word_1_653' title='bbox 1550 4906 1843 4975; x_wconf 88' lang='lat' dir='ltr'>pontiﬁces</span> 
     </span>
    </p>
   </div>
   <div class='ocr_carea' id='block_1_95' title="bbox 194 4995 1839 5069">
    <p class='ocr_par' dir='ltr' id='par_1_95' title="bbox 194 4995 1839 5069">
     <span class='ocr_line' id='line_1_95' title="bbox 194 4995 1839 5069; baseline 0.001 -19"><span class='ocrx_word' id='word_1_654' title='bbox 194 4995 472 5061; x_wconf 87' lang='lat' dir='ltr'>Orientis,</span> <span class='ocrx_word' id='word_1_655' title='bbox 522 4995 617 5066; x_wconf 90' lang='lat' dir='ltr'>qui</span> <span class='ocrx_word' id='word_1_656' title='bbox 664 4996 784 5066; x_wconf 89' lang='lat' dir='ltr'>pari</span> <span class='ocrx_word' id='word_1_657' title='bbox 830 4996 1003 5050; x_wconf 91' lang='lat' dir='ltr'>modo</span> <span class='ocrx_word' id='word_1_658' title='bbox 1035 4997 1094 5050; x_wconf 91' lang='lat' dir='ltr'>in</span> <span class='ocrx_word' id='word_1_659' title='bbox 1124 4997 1243 5050; x_wconf 82' lang='lat' dir='ltr'>haec</span> <span class='ocrx_word' id='word_1_660' title='bbox 1269 4997 1525 5052; x_wconf 89' lang='lat' dir='ltr'>recidere</span> <span class='ocrx_word' id='word_1_661' title='bbox 1556 4999 1839 5069; x_wconf 87' lang='lat' dir='ltr'>contagia,</span> 
     </span>
    </p>
   </div>
   <div class='ocr_carea' id='block_1_96' title="bbox 197 5089 1838 5159">
    <p class='ocr_par' dir='ltr' id='par_1_96' title="bbox 197 5089 1838 5159">
     <span class='ocr_line' id='line_1_96' title="bbox 197 5089 1838 5159; baseline 0.002 -17"><span class='ocrx_word' id='word_1_662' title='bbox 197 5090 531 5159; x_wconf 88' lang='lat' dir='ltr'>meritoque</span> <span class='ocrx_word' id='word_1_663' title='bbox 576 5089 745 5143; x_wconf 89' lang='lat' dir='ltr'>simili</span> <span class='ocrx_word' id='word_1_664' title='bbox 802 5090 1175 5145; x_wconf 88' lang='lat' dir='ltr'>damnatione</span> <span class='ocrx_word' id='word_1_665' title='bbox 1225 5093 1495 5146; x_wconf 90' lang='lat' dir='ltr'>tenentur</span> <span class='ocrx_word' id='word_1_666' title='bbox 1565 5092 1838 5146; x_wconf 87' lang='lat' dir='ltr'>obstricti.</span> 
     </span>
    </p>
   </div>
   <div class='ocr_carea' id='block_1_97' title="bbox 197 5183 1844 5256">
    <p class='ocr_par' dir='ltr' id='par_1_97' title="bbox 197 5183 1844 5256">
     <span class='ocr_line' id='line_1_97' title="bbox 197 5183 1844 5256; baseline 0.001 -18"><span class='ocrx_word' id='word_1_667' title='bbox 197 5185 316 5239; x_wconf 73' lang='lat' dir='ltr'>Nec</span> <span class='ocrx_word' id='word_1_668' title='bbox 348 5183 480 5238; x_wconf 90' lang='lat' dir='ltr'>inde</span> <span class='ocrx_word' id='word_1_669' title='bbox 505 5189 738 5254; x_wconf 89' lang='lat' dir='ltr'>possunt</span> <span class='ocrx_word' id='word_1_670' title='bbox 770 5183 1054 5239; x_wconf 91' lang='lat' dir='ltr'>ullatenus</span> <span class='ocrx_word' id='word_1_671' title='bbox 1104 5185 1376 5256; x_wconf 85' lang='lat' dir='ltr'>expediri,</span> <span class='ocrx_word' id='word_1_672' title='bbox 1410 5185 1538 5252; x_wconf 91' lang='lat' dir='ltr'>nisi,</span> <span class='ocrx_word' id='word_1_673' title='bbox 1580 5185 1718 5240; x_wconf 91' lang='lat' dir='ltr'>dum</span> <span class='ocrx_word' id='word_1_674' title='bbox 1756 5204 1844 5240; x_wconf 89' lang='lat' dir='ltr'>su-</span> 
     </span>
    </p>
   </div>
   <div class='ocr_carea' id='block_1_98' title="bbox 191 5277 1840 5350">
    <p class='ocr_par' dir='ltr' id='par_1_98' title="bbox 191 5277 1840 5350">
     <span class='ocr_line' id='line_1_98' title="bbox 191 5277 1840 5350; baseline 0.001 -18"><span class='ocrx_word' id='word_1_675' title='bbox 191 5282 462 5350; x_wconf 88' lang='lat' dir='ltr'>persunt,</span> <span class='ocrx_word' id='word_1_676' title='bbox 485 5294 517 5330; x_wconf 93' lang='lat' dir='ltr'>a</span> <span class='ocrx_word' id='word_1_677' title='bbox 538 5277 743 5331; x_wconf 90' lang='lat' dir='ltr'>talibus</span> <span class='ocrx_word' id='word_1_678' title='bbox 771 5278 1128 5334; x_wconf 88' lang='lat' dir='ltr'>abstinendo.</span> <span class='ocrx_word' id='word_1_679' title='bbox 1159 5280 1270 5334; x_wconf 90' lang='lat' dir='ltr'>Nec</span> <span class='ocrx_word' id='word_1_680' title='bbox 1292 5296 1392 5334; x_wconf 90' lang='lat' dir='ltr'>nos</span> <span class='ocrx_word' id='word_1_681' title='bbox 1422 5283 1644 5350; x_wconf 89' lang='lat' dir='ltr'>oportet</span> <span class='ocrx_word' id='word_1_682' title='bbox 1670 5279 1728 5334; x_wconf 92' lang='lat' dir='ltr'>in</span> <span class='ocrx_word' id='word_1_683' title='bbox 1757 5285 1840 5334; x_wconf 89' lang='lat' dir='ltr'>ta-</span> 
     </span>
    </p>
   </div>
   <div class='ocr_carea' id='block_1_99' title="bbox 193 5371 1841 5445">
    <p class='ocr_par' dir='ltr' id='par_1_99' title="bbox 193 5371 1841 5445">
     <span class='ocr_line' id='line_1_99' title="bbox 193 5371 1841 5445; baseline 0.001 -19"><span class='ocrx_word' id='word_1_684' title='bbox 193 5372 360 5426; x_wconf 87' lang='lat' dir='ltr'>libus</span> <span class='ocrx_word' id='word_1_685' title='bbox 412 5371 610 5441; x_wconf 89' lang='lat' dir='ltr'>causis,</span> <span class='ocrx_word' id='word_1_686' title='bbox 669 5371 777 5425; x_wconf 92' lang='lat' dir='ltr'>nisi</span> <span class='ocrx_word' id='word_1_687' title='bbox 828 5371 934 5426; x_wconf 88' lang='lat' dir='ltr'>illis</span> <span class='ocrx_word' id='word_1_688' title='bbox 984 5373 1212 5428; x_wconf 90' lang='lat' dir='ltr'>credere</span> <span class='ocrx_word' id='word_1_689' title='bbox 1256 5373 1352 5445; x_wconf 89' lang='lat' dir='ltr'>qui</span> <span class='ocrx_word' id='word_1_690' title='bbox 1390 5377 1489 5428; x_wconf 91' lang='lat' dir='ltr'>aut</span> <span class='ocrx_word' id='word_1_691' title='bbox 1517 5373 1750 5428; x_wconf 88' lang='lat' dir='ltr'>omnino</span> <span class='ocrx_word' id='word_1_692' title='bbox 1781 5391 1841 5428; x_wconf 89' lang='lat' dir='ltr'>se</span> 
     </span>
    </p>
   </div>
   <div class='ocr_carea' id='block_1_100' title="bbox 196 5464 1842 5536">
    <p class='ocr_par' dir='ltr' id='par_1_100' title="bbox 196 5464 1842 5536">
     <span class='ocr_line' id='line_1_100' title="bbox 196 5464 1842 5536; baseline 0.002 -17"><span class='ocrx_word' id='word_1_693' title='bbox 196 5465 387 5520; x_wconf 84' lang='lat' dir='ltr'>sciant</span> <span class='ocrx_word' id='word_1_694' title='bbox 429 5464 498 5519; x_wconf 91' lang='lat' dir='ltr'>ab</span> <span class='ocrx_word' id='word_1_695' title='bbox 542 5465 711 5536; x_wconf 86' lang='lat' dir='ltr'>hujus</span> <span class='ocrx_word' id='word_1_696' title='bbox 752 5466 1007 5536; x_wconf 70' lang='lat' dir='ltr'>perﬁdiae</span> <span class='ocrx_word' id='word_1_697' title='bbox 1051 5467 1285 5522; x_wconf 87' lang='lat' dir='ltr'>nexibus</span> <span class='ocrx_word' id='word_1_698' title='bbox 1333 5467 1522 5522; x_wconf 90' lang='lat' dir='ltr'>divino</span> <span class='ocrx_word' id='word_1_699' title='bbox 1564 5466 1842 5522; x_wconf 87' lang='lat' dir='ltr'>beneﬁcio</span> 
     </span>
    </p>
   </div>
   <div class='ocr_carea' id='block_1_101' title="bbox 192 5559 1838 5632">
    <p class='ocr_par' dir='ltr' id='par_1_101' title="bbox 192 5559 1838 5632">
     <span class='ocr_line' id='line_1_101' title="bbox 192 5559 1838 5632; baseline 0.001 -18"><span class='ocrx_word' id='word_1_700' title='bbox 192 5574 431 5614; x_wconf 85' lang='lat' dir='ltr'>servare</span> <span class='ocrx_word' id='word_1_701' title='bbox 465 5559 756 5626; x_wconf 88' lang='lat' dir='ltr'>discretos,</span> <span class='ocrx_word' id='word_1_702' title='bbox 801 5563 902 5614; x_wconf 92' lang='lat' dir='ltr'>aut</span> <span class='ocrx_word' id='word_1_703' title='bbox 926 5560 996 5614; x_wconf 92' lang='lat' dir='ltr'>ab</span> <span class='ocrx_word' id='word_1_704' title='bbox 1021 5560 1108 5614; x_wconf 88' lang='lat' dir='ltr'>his</span> <span class='ocrx_word' id='word_1_705' title='bbox 1137 5561 1235 5632; x_wconf 89' lang='lat' dir='ltr'>qui</span> <span class='ocrx_word' id='word_1_706' title='bbox 1267 5577 1300 5614; x_wconf 91' lang='lat' dir='ltr'>a</span> <span class='ocrx_word' id='word_1_707' title='bbox 1325 5559 1678 5631; x_wconf 88' lang='lat' dir='ltr'>perﬁdorum</span> <span class='ocrx_word' id='word_1_708' title='bbox 1706 5577 1838 5616; x_wconf 90' lang='lat' dir='ltr'>con-</span> 
     </span>
    </p>
   </div>
   <div class='ocr_carea' id='block_1_102' title="bbox 194 5651 1842 5726">
    <p class='ocr_par' dir='ltr' id='par_1_102' title="bbox 194 5651 1842 5726">
     <span class='ocr_line' id='line_1_102' title="bbox 194 5651 1842 5726; baseline 0.002 -20"><span class='ocrx_word' id='word_1_709' title='bbox 194 5651 382 5707; x_wconf 86' lang='lat' dir='ltr'>sortio</span> <span class='ocrx_word' id='word_1_710' title='bbox 429 5655 804 5708; x_wconf 90' lang='lat' dir='ltr'>recesserunt.</span> <span class='ocrx_word' id='word_1_711' title='bbox 855 5655 992 5708; x_wconf 87' lang='lat' dir='ltr'>Nam</span> <span class='ocrx_word' id='word_1_712' title='bbox 1051 5654 1112 5708; x_wconf 91' lang='lat' dir='ltr'>in</span> <span class='ocrx_word' id='word_1_713' title='bbox 1166 5653 1519 5725; x_wconf 87' lang='lat' dir='ltr'>perﬁdorum</span> <span class='ocrx_word' id='word_1_714' title='bbox 1575 5653 1842 5726; x_wconf 90' lang='lat' dir='ltr'>contagio</span> 
     </span>
    </p>
   </div>
   <div class='ocr_carea' id='block_1_103' title="bbox 193 5745 1843 5819">
    <p class='ocr_par' dir='ltr' id='par_1_103' title="bbox 193 5745 1843 5819">
     <span class='ocr_line' id='line_1_103' title="bbox 193 5745 1843 5819; baseline 0.001 -19"><span class='ocrx_word' id='word_1_715' title='bbox 193 5745 546 5815; x_wconf 87' lang='lat' dir='ltr'>constitutis,</span> <span class='ocrx_word' id='word_1_716' title='bbox 579 5763 752 5818; x_wconf 91' lang='lat' dir='ltr'>quam</span> <span class='ocrx_word' id='word_1_717' title='bbox 783 5746 955 5803; x_wconf 91' lang='lat' dir='ltr'>ﬁdem</span> <span class='ocrx_word' id='word_1_718' title='bbox 995 5763 1100 5819; x_wconf 88' lang='lat' dir='ltr'>pro</span> <span class='ocrx_word' id='word_1_719' title='bbox 1139 5748 1378 5802; x_wconf 79' lang='lat' dir='ltr'>sincerae</span> <span class='ocrx_word' id='word_1_720' title='bbox 1427 5747 1843 5804; x_wconf 89' lang='lat' dir='ltr'>communionis</span> 
     </span>
    </p>
   </div>
   <div class='ocr_carea' id='block_1_104' title="bbox 200 5838 1838 5913">
    <p class='ocr_par' dir='ltr' id='par_1_104' title="bbox 200 5838 1838 5913">
     <span class='ocr_line' id='line_1_104' title="bbox 200 5838 1838 5913; baseline 0.003 -22"><span class='ocrx_word' id='word_1_721' title='bbox 200 5838 597 5895; x_wconf 82' lang='lat' dir='ltr'>testiﬁcatione</span> <span class='ocrx_word' id='word_1_722' title='bbox 647 5856 951 5911; x_wconf 88' lang='lat' dir='ltr'>possumus</span> <span class='ocrx_word' id='word_1_723' title='bbox 1009 5841 1298 5908; x_wconf 87' lang='lat' dir='ltr'>adhibere,</span> <span class='ocrx_word' id='word_1_724' title='bbox 1359 5841 1453 5913; x_wconf 88' lang='lat' dir='ltr'>qui</span> <span class='ocrx_word' id='word_1_725' title='bbox 1506 5842 1562 5896; x_wconf 92' lang='lat' dir='ltr'>in</span> <span class='ocrx_word' id='word_1_726' title='bbox 1624 5841 1838 5898; x_wconf 89' lang='lat' dir='ltr'>sincera</span> 
     </span>
    </p>
   </div>
   <div class='ocr_carea' id='block_1_105' title="bbox 1941 4619 3574 4694">
    <p class='ocr_par' dir='ltr' id='par_1_105' title="bbox 1941 4619 3574 4694">
     <span class='ocr_line' id='line_1_105' title="bbox 1941 4619 3574 4694; baseline -0.002 -17"><span class='ocrx_word' id='word_1_727' title='bbox 1941 4625 2065 4694; x_wconf 84' lang='lat' dir='ltr'>lege</span> <span class='ocrx_word' id='word_1_728' title='bbox 2095 4623 2437 4677; x_wconf 88' lang='lat' dir='ltr'>sententiam</span> <span class='ocrx_word' id='word_1_729' title='bbox 2469 4639 2482 4676; x_wconf 88' lang='lat'><strong>:</strong></span> <span class='ocrx_word' id='word_1_730' title='bbox 2519 4643 2546 4672; x_wconf 87' lang='lat'><strong>«</strong></span> <span class='ocrx_word' id='word_1_731' title='bbox 2578 4621 2742 4675; x_wconf 87' lang='lat' dir='ltr'>Fides</span> <span class='ocrx_word' id='word_1_732' title='bbox 2773 4637 2839 4675; x_wconf 86' lang='lat' dir='ltr'>ex</span> <span class='ocrx_word' id='word_1_733' title='bbox 2878 4620 3095 4688; x_wconf 90' lang='lat' dir='ltr'>auditu,</span> <span class='ocrx_word' id='word_1_734' title='bbox 3123 4619 3349 4673; x_wconf 88' lang='lat' dir='ltr'>auditus</span> <span class='ocrx_word' id='word_1_735' title='bbox 3379 4621 3574 4673; x_wconf 90' lang='lat' dir='ltr'>autem</span> 
     </span>
    </p>
   </div>
   <div class='ocr_carea' id='block_1_106' title="bbox 1943 4710 3572 4788">
    <p class='ocr_par' dir='ltr' id='par_1_106' title="bbox 1943 4710 3572 4788">
     <span class='ocr_line' id='line_1_106' title="bbox 1943 4710 3572 4788; baseline -0.004 -17"><span class='ocrx_word' id='word_1_736' title='bbox 1943 4734 2044 4788; x_wconf 90' lang='lat' dir='ltr'>per</span> <span class='ocrx_word' id='word_1_737' title='bbox 2086 4717 2320 4771; x_wconf 86' lang='lat' dir='ltr'>verbum</span> <span class='ocrx_word' id='word_1_738' title='bbox 2364 4717 2464 4769; x_wconf 89' lang='lat' dir='ltr'>Dei</span> <span class='ocrx_word' id='word_1_739' title='bbox 2503 4715 2672 4785; x_wconf 82' lang='lat' dir='ltr'>(Rom.</span> <span class='ocrx_word' id='word_1_740' title='bbox 2721 4731 2774 4780; x_wconf 86' lang='lat' dir='ltr'>x,</span> <span class='ocrx_word' id='word_1_741' title='bbox 2809 4715 2914 4782; x_wconf 82' lang='lat' dir='ltr'>l7),</span> <span class='ocrx_word' id='word_1_742' title='bbox 2949 4734 2977 4762; x_wconf 87' lang='lat'>»</span> <span class='ocrx_word' id='word_1_743' title='bbox 3027 4712 3166 4766; x_wconf 90' lang='lat' dir='ltr'>illud</span> <span class='ocrx_word' id='word_1_744' title='bbox 3198 4710 3409 4766; x_wconf 88' lang='lat' dir='ltr'>scilicet</span> <span class='ocrx_word' id='word_1_745' title='bbox 3434 4711 3572 4766; x_wconf 83' lang='lat' dir='ltr'>Ver-</span> 
     </span>
    </p>
   </div>
   <div class='ocr_carea' id='block_1_107' title="bbox 1941 4804 3580 4882">
    <p class='ocr_par' dir='ltr' id='par_1_107' title="bbox 1941 4804 3580 4882">
     <span class='ocr_line' id='line_1_107' title="bbox 1941 4804 3580 4882; baseline -0.003 -17"><span class='ocrx_word' id='word_1_746' title='bbox 1941 4811 2079 4865; x_wconf 90' lang='lat' dir='ltr'>bum</span> <span class='ocrx_word' id='word_1_747' title='bbox 2128 4810 2277 4882; x_wconf 91' lang='lat' dir='ltr'>quod</span> <span class='ocrx_word' id='word_1_748' title='bbox 2322 4808 2659 4864; x_wconf 88' lang='lat' dir='ltr'>confessioni</span> <span class='ocrx_word' id='word_1_749' title='bbox 2697 4806 2844 4861; x_wconf 90' lang='lat' dir='ltr'>beati</span> <span class='ocrx_word' id='word_1_750' title='bbox 2871 4804 3109 4876; x_wconf 90' lang='lat' dir='ltr'>apostoli</span> <span class='ocrx_word' id='word_1_751' title='bbox 3139 4805 3288 4859; x_wconf 89' lang='lat' dir='ltr'>Petri</span> <span class='ocrx_word' id='word_1_752' title='bbox 3322 4826 3350 4855; x_wconf 87' lang='lat'><strong>«</strong></span> <span class='ocrx_word' id='word_1_753' title='bbox 3381 4808 3580 4875; x_wconf 87' lang='lat' dir='ltr'>portas</span> 
     </span>
    </p>
   </div>
   <div class='ocr_carea' id='block_1_108' title="bbox 1943 4898 3574 4974">
    <p class='ocr_par' dir='ltr' id='par_1_108' title="bbox 1943 4898 3574 4974">
     <span class='ocr_line' id='line_1_108' title="bbox 1943 4898 3574 4974; baseline -0.004 -16"><span class='ocrx_word' id='word_1_754' title='bbox 1943 4905 2152 4960; x_wconf 89' lang='lat' dir='ltr'>inferni</span> <span class='ocrx_word' id='word_1_755' title='bbox 2181 4919 2473 4974; x_wconf 90' lang='lat' dir='ltr'>nunquam</span> <span class='ocrx_word' id='word_1_756' title='bbox 2500 4899 2891 4972; x_wconf 81' lang='lat' dir='ltr'>praevalituras</span> <span class='ocrx_word' id='word_1_757' title='bbox 2918 4915 3036 4953; x_wconf 90' lang='lat' dir='ltr'>esse</span> <span class='ocrx_word' id='word_1_758' title='bbox 3064 4898 3326 4969; x_wconf 89' lang='lat' dir='ltr'>promisit</span> <span class='ocrx_word' id='word_1_759' title='bbox 3355 4898 3574 4968; x_wconf 81' lang='lat' dir='ltr'>(Matth.</span> 
     </span>
    </p>
   </div>
   <div class='ocr_carea' id='block_1_109' title="bbox 1943 4991 3578 5067">
    <p class='ocr_par' dir='ltr' id='par_1_109' title="bbox 1943 4991 3578 5067">
     <span class='ocr_line' id='line_1_109' title="bbox 1943 4991 3578 5067; baseline -0.004 -14"><span class='ocrx_word' id='word_1_760' title='bbox 1943 5014 2052 5066; x_wconf 76' lang='lat' dir='ltr'>xvr,</span> <span class='ocrx_word' id='word_1_761' title='bbox 2087 4999 2187 5067; x_wconf 88' lang='grc'>18).</span> <span class='ocrx_word' id='word_1_762' title='bbox 2212 5019 2238 5046; x_wconf 86' lang='grc'><strong>››</strong></span> <span class='ocrx_word' id='word_1_763' title='bbox 2274 4999 2454 5067; x_wconf 87' lang='lat' dir='ltr'>Atque</span> <span class='ocrx_word' id='word_1_764' title='bbox 2476 4995 2606 5049; x_wconf 90' lang='lat' dir='ltr'>ideo</span> <span class='ocrx_word' id='word_1_765' title='bbox 2633 4993 3047 5049; x_wconf 89' lang='lat' dir='ltr'>rationabiliter</span> <span class='ocrx_word' id='word_1_766' title='bbox 3066 4992 3419 5061; x_wconf 85' lang='lat' dir='ltr'>existimasti,</span> <span class='ocrx_word' id='word_1_767' title='bbox 3442 4991 3578 5064; x_wconf 89' lang='lat' dir='ltr'>quia</span> 
     </span>
    </p>
   </div>
   <div class='ocr_carea' id='block_1_110' title="bbox 1943 5085 3569 5158">
    <p class='ocr_par' dir='ltr' id='par_1_110' title="bbox 1943 5085 3569 5158">
     <span class='ocr_line' id='line_1_110' title="bbox 1943 5085 3569 5158; baseline -0.003 -13"><span class='ocrx_word' id='word_1_768' title='bbox 1943 5091 2121 5145; x_wconf 89' lang='lat' dir='ltr'>ﬁdelis</span> <span class='ocrx_word' id='word_1_769' title='bbox 2152 5091 2294 5144; x_wconf 88' lang='lat' dir='ltr'>Deus</span> <span class='ocrx_word' id='word_1_770' title='bbox 2324 5090 2382 5143; x_wconf 89' lang='lat' dir='ltr'>in</span> <span class='ocrx_word' id='word_1_771' title='bbox 2412 5088 2594 5144; x_wconf 86' lang='lat' dir='ltr'>verbis</span> <span class='ocrx_word' id='word_1_772' title='bbox 2624 5088 2737 5143; x_wconf 91' lang='lat' dir='ltr'>suis</span> <span class='ocrx_word' id='word_1_773' title='bbox 2766 5104 2884 5142; x_wconf 90' lang='lat' dir='ltr'>non</span> <span class='ocrx_word' id='word_1_774' title='bbox 2909 5086 3017 5140; x_wconf 89' lang='lat' dir='ltr'>nisi</span> <span class='ocrx_word' id='word_1_775' title='bbox 3048 5085 3266 5158; x_wconf 92' lang='lat' dir='ltr'>aliquid</span> <span class='ocrx_word' id='word_1_776' title='bbox 3295 5087 3403 5141; x_wconf 90' lang='lat' dir='ltr'>tale</span> <span class='ocrx_word' id='word_1_777' title='bbox 3433 5101 3569 5156; x_wconf 87' lang='lat' dir='ltr'>pro-</span> 
     </span>
    </p>
   </div>
   <div class='ocr_carea' id='block_1_111' title="bbox 1942 5177 3572 5252">
    <p class='ocr_par' dir='ltr' id='par_1_111' title="bbox 1942 5177 3572 5252">
     <span class='ocr_line' id='line_1_111' title="bbox 1942 5177 3572 5252; baseline -0.004 -13"><span class='ocrx_word' id='word_1_778' title='bbox 1942 5183 2209 5251; x_wconf 88' lang='lat' dir='ltr'>misisset,</span> <span class='ocrx_word' id='word_1_779' title='bbox 2247 5183 2586 5252; x_wconf 88' lang='lat' dir='ltr'>institueret,</span> <span class='ocrx_word' id='word_1_780' title='bbox 2617 5198 2796 5237; x_wconf 88' lang='lat' dir='ltr'>unam</span> <span class='ocrx_word' id='word_1_781' title='bbox 2832 5179 3148 5252; x_wconf 90' lang='lat' dir='ltr'>sponsionis</span> <span class='ocrx_word' id='word_1_782' title='bbox 3177 5196 3295 5234; x_wconf 64' lang='lat' dir='ltr'>sua:</span> <span class='ocrx_word' id='word_1_783' title='bbox 3322 5177 3572 5249; x_wconf 85' lang='lat' dir='ltr'>promis-</span> 
     </span>
    </p>
   </div>
   <div class='ocr_carea' id='block_1_112' title="bbox 1944 5269 3568 5348">
    <p class='ocr_par' dir='ltr' id='par_1_112' title="bbox 1944 5269 3568 5348">
     <span class='ocr_line' id='line_1_112' title="bbox 1944 5269 3568 5348; baseline -0.005 -17"><span class='ocrx_word' id='word_1_784' title='bbox 1944 5278 2160 5333; x_wconf 88' lang='lat' dir='ltr'>sionem</span> <span class='ocrx_word' id='word_1_785' title='bbox 2191 5276 2476 5348; x_wconf 88' lang='lat' dir='ltr'>impleret.</span> <span class='ocrx_word' id='word_1_786' title='bbox 2504 5275 2594 5331; x_wconf 92' lang='lat' dir='ltr'>Ait</span> <span class='ocrx_word' id='word_1_787' title='bbox 2618 5275 2864 5347; x_wconf 87' lang='lat' dir='ltr'>denique</span> <span class='ocrx_word' id='word_1_788' title='bbox 2899 5291 3002 5330; x_wconf 90' lang='lat' dir='ltr'>nos</span> <span class='ocrx_word' id='word_1_789' title='bbox 3032 5273 3234 5329; x_wconf 67' lang='lat' dir='ltr'>divinae</span> <span class='ocrx_word' id='word_1_790' title='bbox 3261 5269 3568 5342; x_wconf 83' lang='lat' dir='ltr'>providen-</span> 
     </span>
    </p>
   </div>
   <div class='ocr_carea' id='block_1_113' title="bbox 1942 5363 3572 5443">
    <p class='ocr_par' dir='ltr' id='par_1_113' title="bbox 1942 5363 3572 5443">
     <span class='ocr_line' id='line_1_113' title="bbox 1942 5363 3572 5443; baseline -0.007 -16"><span class='ocrx_word' id='word_1_791' title='bbox 1942 5372 2035 5427; x_wconf 84' lang='lat' dir='ltr'>tiae</span> <span class='ocrx_word' id='word_1_792' title='bbox 2091 5371 2270 5443; x_wconf 87' lang='lat' dir='ltr'>gratia</span> <span class='ocrx_word' id='word_1_793' title='bbox 2314 5374 2411 5425; x_wconf 89' lang='lat' dir='ltr'>tua</span> <span class='ocrx_word' id='word_1_794' title='bbox 2452 5369 2676 5426; x_wconf 89' lang='lat' dir='ltr'>dilectio</span> <span class='ocrx_word' id='word_1_795' title='bbox 2720 5369 2876 5442; x_wconf 87' lang='lat' dir='ltr'>quod</span> <span class='ocrx_word' id='word_1_796' title='bbox 2900 5369 2992 5423; x_wconf 92' lang='lat' dir='ltr'>ille</span> <span class='ocrx_word' id='word_1_797' title='bbox 3018 5363 3412 5422; x_wconf 88' lang='lat' dir='ltr'>monstraverit</span> <span class='ocrx_word' id='word_1_798' title='bbox 3437 5378 3572 5417; x_wconf 86' lang='lat' dir='ltr'>san-</span> 
     </span>
    </p>
   </div>
   <div class='ocr_carea' id='block_1_114' title="bbox 1943 5455 3575 5521">
    <p class='ocr_par' dir='ltr' id='par_1_114' title="bbox 1943 5455 3575 5521">
     <span class='ocr_line' id='line_1_114' title="bbox 1943 5455 3575 5521; baseline -0.007 0"><span class='ocrx_word' id='word_1_799' title='bbox 1943 5469 2166 5521; x_wconf 91' lang='lat' dir='ltr'>ctarum</span> <span class='ocrx_word' id='word_1_800' title='bbox 2220 5464 2598 5519; x_wconf 89' lang='lat' dir='ltr'>Ecclesiarum</span> <span class='ocrx_word' id='word_1_801' title='bbox 2643 5479 2702 5518; x_wconf 91' lang='lat' dir='ltr'>se</span> <span class='ocrx_word' id='word_1_802' title='bbox 2751 5479 2869 5519; x_wconf 90' lang='lat' dir='ltr'>non</span> <span class='ocrx_word' id='word_1_803' title='bbox 2923 5462 3184 5516; x_wconf 89' lang='lat' dir='ltr'>deserere</span> <span class='ocrx_word' id='word_1_804' title='bbox 3240 5455 3575 5512; x_wconf 87' lang='lat' dir='ltr'>charitatem</span> 
     </span>
    </p>
   </div>
   <div class='ocr_carea' id='block_1_115' title="bbox 1942 5549 3570 5632">
    <p class='ocr_par' dir='ltr' id='par_1_115' title="bbox 1942 5549 3570 5632">
     <span class='ocr_line' id='line_1_115' title="bbox 1942 5549 3570 5632; baseline -0.006 -19"><span class='ocrx_word' id='word_1_805' title='bbox 1942 5559 2073 5632; x_wconf 91' lang='lat' dir='ltr'>quia</span> <span class='ocrx_word' id='word_1_806' title='bbox 2099 5575 2190 5613; x_wconf 90' lang='lat' dir='ltr'>me</span> <span class='ocrx_word' id='word_1_807' title='bbox 2211 5559 2270 5612; x_wconf 90' lang='lat' dir='ltr'>in</span> <span class='ocrx_word' id='word_1_808' title='bbox 2289 5557 2597 5630; x_wconf 89' lang='lat' dir='ltr'>pontiﬁcali</span> <span class='ocrx_word' id='word_1_809' title='bbox 2624 5557 2761 5612; x_wconf 91' lang='lat' dir='ltr'>sede</span> <span class='ocrx_word' id='word_1_810' title='bbox 2775 5553 3045 5612; x_wconf 90' lang='lat' dir='ltr'>locaverit</span> <span class='ocrx_word' id='word_1_811' title='bbox 3057 5568 3177 5607; x_wconf 91' lang='lat' dir='ltr'>non</span> <span class='ocrx_word' id='word_1_812' title='bbox 3191 5549 3570 5621; x_wconf 88' lang='lat' dir='ltr'>indigentem,</span> 
     </span>
    </p>
   </div>
   <div class='ocr_carea' id='block_1_116' title="bbox 1941 5642 3574 5721">
    <p class='ocr_par' dir='ltr' id='par_1_116' title="bbox 1941 5642 3574 5721">
     <span class='ocr_line' id='line_1_116' title="bbox 1941 5642 3574 5721; baseline -0.006 -14"><span class='ocrx_word' id='word_1_813' title='bbox 1941 5652 2086 5707; x_wconf 91' lang='lat' dir='ltr'>sicut</span> <span class='ocrx_word' id='word_1_814' title='bbox 2116 5651 2197 5706; x_wconf 91' lang='lat' dir='ltr'>ait</span> <span class='ocrx_word' id='word_1_815' title='bbox 2225 5651 2432 5721; x_wconf 90' lang='lat' dir='ltr'>doceri,</span> <span class='ocrx_word' id='word_1_816' title='bbox 2474 5650 2574 5706; x_wconf 91' lang='lat' dir='ltr'>sed</span> <span class='ocrx_word' id='word_1_817' title='bbox 2609 5649 3003 5705; x_wconf 89' lang='lat' dir='ltr'>intendentem</span> <span class='ocrx_word' id='word_1_818' title='bbox 3033 5643 3226 5700; x_wconf 90' lang='lat' dir='ltr'>omnia</span> <span class='ocrx_word' id='word_1_819' title='bbox 3253 5642 3574 5699; x_wconf 84' lang='lat' dir='ltr'>necessaria</span> 
     </span>
    </p>
   </div>
   <div class='ocr_carea' id='block_1_117' title="bbox 1940 5736 3568 5815">
    <p class='ocr_par' dir='ltr' id='par_1_117' title="bbox 1940 5736 3568 5815">
     <span class='ocr_line' id='line_1_117' title="bbox 1940 5736 3568 5815; baseline -0.007 -14"><span class='ocrx_word' id='word_1_820' title='bbox 1940 5747 2010 5801; x_wconf 93' lang='lat' dir='ltr'>ad</span> <span class='ocrx_word' id='word_1_821' title='bbox 2043 5744 2401 5801; x_wconf 86' lang='lat' dir='ltr'>ecclesiastici</span> <span class='ocrx_word' id='word_1_822' title='bbox 2431 5744 2680 5815; x_wconf 89' lang='lat' dir='ltr'>corporis</span> <span class='ocrx_word' id='word_1_823' title='bbox 2707 5741 3007 5796; x_wconf 90' lang='lat' dir='ltr'>unitatem.</span> <span class='ocrx_word' id='word_1_824' title='bbox 3042 5739 3160 5809; x_wconf 87' lang='lat' dir='ltr'>Ego</span> <span class='ocrx_word' id='word_1_825' title='bbox 3181 5736 3412 5809; x_wconf 90' lang='lat' dir='ltr'>quidem</span> <span class='ocrx_word' id='word_1_826' title='bbox 3441 5752 3568 5790; x_wconf 89' lang='lat' dir='ltr'>sum</span> 
     </span>
    </p>
   </div>
   <div class='ocr_carea' id='block_1_118' title="bbox 1945 5831 3570 5896">
    <p class='ocr_par' dir='ltr' id='par_1_118' title="bbox 1945 5831 3570 5896">
     <span class='ocr_line' id='line_1_118' title="bbox 1945 5831 3570 5896; baseline -0.006 0"><span class='ocrx_word' id='word_1_827' title='bbox 1945 5839 2203 5896; x_wconf 87' lang='lat' dir='ltr'>omnium</span> <span class='ocrx_word' id='word_1_828' title='bbox 2234 5839 2534 5895; x_wconf 90' lang='lat' dir='ltr'>hominum</span> <span class='ocrx_word' id='word_1_829' title='bbox 2568 5835 2841 5892; x_wconf 90' lang='lat' dir='ltr'>minimus</span> <span class='ocrx_word' id='word_1_830' title='bbox 2885 5834 3018 5889; x_wconf 87' lang='lat' dir='ltr'>satis</span> <span class='ocrx_word' id='word_1_831' title='bbox 3047 5831 3371 5888; x_wconf 89' lang='lat' dir='ltr'>immeritus</span> <span class='ocrx_word' id='word_1_832' title='bbox 3401 5831 3570 5887; x_wconf 68' lang='lat' dir='ltr'>tantae</span> 
     </span>
    </p>
   </div>
  </div>
