  <div class='ocr_page' id='page_1' title='image "/cluster/home/n/w/nwhite01/storage/ocr_20150623/130/hvd.32044054759915/519.png"; bbox 0 0 4062 6188; ppageno 0'>
   <div class='ocr_carea' id='block_1_1' title="bbox 423 4385 2174 4468">
    <p class='ocr_par' dir='ltr' id='par_1_1' title="bbox 423 4385 2174 4468">
     <span class='ocr_line' id='line_1_1' title="bbox 423 4385 2174 4468; baseline 0.003 -28"><span class='ocrx_word' id='word_1_1' title='bbox 423 4457 438 4468; x_wconf 36' lang='grc' dir='ltr'><strong>ι</strong></span> <span class='ocrx_word' id='word_1_2' title='bbox 540 4385 804 4442; x_wconf 87' lang='lat' dir='ltr'><strong>omnibus</strong></span> <span class='ocrx_word' id='word_1_3' title='bbox 834 4386 1107 4442; x_wconf 81' lang='lat' dir='ltr'><strong>laboravit</strong></span> <span class='ocrx_word' id='word_1_4' title='bbox 1131 4388 1179 4459; x_wconf 88' lang='grc' dir='ltr'><strong>(Ι</strong></span> <span class='ocrx_word' id='word_1_5' title='bbox 1209 4391 1328 4447; x_wconf 88' lang='lat' dir='ltr'><strong>Cor.</strong></span> <span class='ocrx_word' id='word_1_6' title='bbox 1352 4405 1444 4457; x_wconf 85' lang='lat' dir='ltr'><strong>xv,</strong></span> <span class='ocrx_word' id='word_1_7' title='bbox 1472 4392 1577 4460; x_wconf 79' lang='grc'><strong>10),</strong></span> <span class='ocrx_word' id='word_1_8' title='bbox 1608 4413 1634 4440; x_wconf 90' lang='grc'><strong>››</strong></span> <span class='ocrx_word' id='word_1_9' title='bbox 1667 4407 1796 4444; x_wconf 89' lang='lat' dir='ltr'><strong>cum</strong></span> <span class='ocrx_word' id='word_1_10' title='bbox 1821 4391 1891 4445; x_wconf 92' lang='lat' dir='ltr'><strong>de</strong></span> <span class='ocrx_word' id='word_1_11' title='bbox 1919 4391 2174 4446; x_wconf 89' lang='lat' dir='ltr'><strong>custodia</strong></span> 
     </span>
    </p>
   </div>
   <div class='ocr_carea' id='block_1_2' title="bbox 537 259 3804 328">
    <p class='ocr_par' dir='ltr' id='par_1_2' title="bbox 537 259 3804 328">
     <span class='ocr_line' id='line_1_2' title="bbox 537 259 3804 328; baseline 0.001 -16"><span class='ocrx_word' id='word_1_12' title='bbox 537 261 639 312; x_wconf 80' lang='lat'><strong>979</strong></span> <span class='ocrx_word' id='word_1_13' title='bbox 1428 259 1713 316; x_wconf 70' lang='lat' dir='ltr'><strong>APPEND.</strong></span> <span class='ocrx_word' id='word_1_14' title='bbox 1753 261 1841 314; x_wconf 81' lang='lat' dir='ltr'><strong>AD</strong></span> <span class='ocrx_word' id='word_1_15' title='bbox 1878 261 2039 316; x_wconf 68' lang='lat' dir='ltr'><strong>SA&#39;JC.</strong></span> <span class='ocrx_word' id='word_1_16' title='bbox 2081 261 2166 315; x_wconf 78' lang='lat' dir='ltr'><strong>1X.</strong></span> <span class='ocrx_word' id='word_1_17' title='bbox 2198 289 2264 299; x_wconf 77' lang='lat'><strong>—-</strong></span> <span class='ocrx_word' id='word_1_18' title='bbox 2304 260 2546 316; x_wconf 80' lang='lat' dir='ltr'><strong>lSlDURl</strong></span> <span class='ocrx_word' id='word_1_19' title='bbox 2584 260 3008 316; x_wconf 75' lang='lat' dir='ltr'><strong>MEBCATORIS</strong></span> <span class='ocrx_word' id='word_1_20' title='bbox 3726 274 3804 328; x_wconf 77' lang='lat'><strong>930</strong></span> 
     </span>
    </p>
   </div>
   <div class='ocr_carea' id='block_1_3' title="bbox 539 365 3811 453">
    <p class='ocr_par' dir='ltr' id='par_1_3' title="bbox 539 365 3811 453">
     <span class='ocr_line' id='line_1_3' title="bbox 539 365 3811 453; baseline 0.004 -33"><span class='ocrx_word' id='word_1_21' title='bbox 539 365 688 422; x_wconf 82' lang='lat' dir='ltr'><strong>sedis</strong></span> <span class='ocrx_word' id='word_1_22' title='bbox 713 365 983 433; x_wconf 76' lang='lat' dir='ltr'><strong>officium,</strong></span> <span class='ocrx_word' id='word_1_23' title='bbox 1005 366 1110 420; x_wconf 84' lang='lat' dir='ltr'><strong>nisi</strong></span> <span class='ocrx_word' id='word_1_24' title='bbox 1134 366 1289 436; x_wconf 92' lang='lat' dir='ltr'><strong>quod</strong></span> <span class='ocrx_word' id='word_1_25' title='bbox 1308 380 1554 438; x_wconf 90' lang='lat' dir='ltr'><strong>superna</strong></span> <span class='ocrx_word' id='word_1_26' title='bbox 1579 367 1764 438; x_wconf 90' lang='lat' dir='ltr'><strong>gratia</strong></span> <span class='ocrx_word' id='word_1_27' title='bbox 1788 385 2018 440; x_wconf 82' lang='lat' dir='ltr'><strong>semper</strong></span> <span class='ocrx_word' id='word_1_28' title='bbox 2036 384 2166 439; x_wconf 54' lang='lat' dir='ltr'><strong>ope.</strong></span> <span class='ocrx_word' id='word_1_29' title='bbox 2186 379 2245 453; x_wconf 78' lang='grc' dir='ltr'><strong>Α</strong></span> <span class='ocrx_word' id='word_1_30' title='bbox 2265 367 2463 422; x_wconf 84' lang='lat' dir='ltr'><strong>saltem</strong></span> <span class='ocrx_word' id='word_1_31' title='bbox 2523 366 2859 422; x_wconf 82' lang='lat' dir='ltr'><strong>verecundia</strong></span> <span class='ocrx_word' id='word_1_32' title='bbox 2910 365 3065 439; x_wconf 88' lang='lat' dir='ltr'><strong>quod</strong></span> <span class='ocrx_word' id='word_1_33' title='bbox 3117 381 3515 440; x_wconf 74' lang='lat' dir='ltr'><strong>nonnunquam</strong></span> <span class='ocrx_word' id='word_1_34' title='bbox 3554 371 3614 427; x_wconf 83' lang='lat' dir='ltr'><strong>sit</strong></span> <span class='ocrx_word' id='word_1_35' title='bbox 3656 373 3811 433; x_wconf 74' lang='lat' dir='ltr'><strong>debuit</strong></span> 
     </span>
    </p>
   </div>
   <div class='ocr_carea' id='block_1_4' title="bbox 538 457 3810 529">
    <p class='ocr_par' dir='ltr' id='par_1_4' title="bbox 538 457 3810 529">
     <span class='ocr_line' id='line_1_4' title="bbox 538 457 3810 529; baseline 0.003 -15"><span class='ocrx_word' id='word_1_36' title='bbox 538 462 699 515; x_wconf 89' lang='lat' dir='ltr'><strong>ratur</strong></span> <span class='ocrx_word' id='word_1_37' title='bbox 723 474 936 528; x_wconf 88' lang='lat' dir='ltr'><strong>magna</strong></span> <span class='ocrx_word' id='word_1_38' title='bbox 966 457 1035 513; x_wconf 90' lang='lat' dir='ltr'><strong>de</strong></span> <span class='ocrx_word' id='word_1_39' title='bbox 1054 459 1257 529; x_wconf 85' lang='lat' dir='ltr'><strong>parvis.</strong></span> <span class='ocrx_word' id='word_1_40' title='bbox 1289 479 1314 510; x_wconf 86' lang='grc'><strong>‹‹</strong></span> <span class='ocrx_word' id='word_1_41' title='bbox 1348 459 1497 524; x_wconf 85' lang='lat' dir='ltr'><strong>Quid</strong></span> <span class='ocrx_word' id='word_1_42' title='bbox 1515 461 1668 516; x_wconf 90' lang='lat' dir='ltr'><strong>enim</strong></span> <span class='ocrx_word' id='word_1_43' title='bbox 1696 461 1765 516; x_wconf 87' lang='lat' dir='ltr'><strong>de</strong></span> <span class='ocrx_word' id='word_1_44' title='bbox 1797 479 1890 516; x_wconf 90' lang='lat' dir='ltr'><strong>me</strong></span> <span class='ocrx_word' id='word_1_45' title='bbox 1915 463 2163 518; x_wconf 80' lang='lat' dir='ltr'><strong>sentiam</strong></span> <span class='ocrx_word' id='word_1_46' title='bbox 2267 477 2656 517; x_wconf 89' lang='lat' dir='ltr'><strong>commonere.</strong></span> <span class='ocrx_word' id='word_1_47' title='bbox 2698 465 2781 518; x_wconf 82' lang='lat' dir='ltr'><strong>Au</strong></span> <span class='ocrx_word' id='word_1_48' title='bbox 2813 462 3052 516; x_wconf 78' lang='lat' dir='ltr'><strong>forsitan</strong></span> <span class='ocrx_word' id='word_1_49' title='bbox 3079 467 3142 516; x_wconf 92' lang='lat' dir='ltr'><strong>ut</strong></span> <span class='ocrx_word' id='word_1_50' title='bbox 3170 461 3545 519; x_wconf 91' lang='lat' dir='ltr'><strong>hereticorum</strong></span> <span class='ocrx_word' id='word_1_51' title='bbox 3572 465 3810 525; x_wconf 87' lang='lat' dir='ltr'><strong>damnato-</strong></span> 
     </span>
    </p>
   </div>
   <div class='ocr_carea' id='block_1_5' title="bbox 539 552 3810 626">
    <p class='ocr_par' dir='ltr' id='par_1_5' title="bbox 539 552 3810 626">
     <span class='ocr_line' id='line_1_5' title="bbox 539 552 3810 626; baseline 0.003 -19"><span class='ocrx_word' id='word_1_52' title='bbox 539 570 665 608; x_wconf 87' lang='lat' dir='ltr'><strong>cum</strong></span> <span class='ocrx_word' id='word_1_53' title='bbox 694 553 800 607; x_wconf 90' lang='lat' dir='ltr'><strong>hoc</strong></span> <span class='ocrx_word' id='word_1_54' title='bbox 828 552 950 624; x_wconf 89' lang='lat' dir='ltr'><strong>ipse</strong></span> <span class='ocrx_word' id='word_1_55' title='bbox 983 553 1040 608; x_wconf 91' lang='lat' dir='ltr'><strong>id</strong></span> <span class='ocrx_word' id='word_1_56' title='bbox 1069 552 1139 606; x_wconf 86' lang='lat' dir='ltr'><strong>de</strong></span> <span class='ocrx_word' id='word_1_57' title='bbox 1185 569 1240 608; x_wconf 90' lang='lat' dir='ltr'><strong>se</strong></span> <span class='ocrx_word' id='word_1_58' title='bbox 1276 554 1549 625; x_wconf 89' lang='lat' dir='ltr'><strong>magistro</strong></span> <span class='ocrx_word' id='word_1_59' title='bbox 1580 555 1839 625; x_wconf 89' lang='lat' dir='ltr'><strong>gentium</strong></span> <span class='ocrx_word' id='word_1_60' title='bbox 1877 556 1966 611; x_wconf 92' lang='lat' dir='ltr'><strong>ille</strong></span> <span class='ocrx_word' id='word_1_61' title='bbox 1992 561 2165 611; x_wconf 89' lang='lat' dir='ltr'><strong>teste-</strong></span> <span class='ocrx_word' id='word_1_62' title='bbox 2264 571 2526 626; x_wconf 89' lang='lat' dir='ltr'><strong>rumque,</strong></span> <span class='ocrx_word' id='word_1_63' title='bbox 2556 561 2614 609; x_wconf 92' lang='lat' dir='ltr'><strong>et</strong></span> <span class='ocrx_word' id='word_1_64' title='bbox 2644 554 2732 608; x_wconf 89' lang='lat' dir='ltr'><strong>his</strong></span> <span class='ocrx_word' id='word_1_65' title='bbox 2774 554 2861 608; x_wconf 92' lang='lat' dir='ltr'><strong>vel</strong></span> <span class='ocrx_word' id='word_1_66' title='bbox 2892 570 3095 609; x_wconf 88' lang='lat' dir='ltr'><strong>eorum</strong></span> <span class='ocrx_word' id='word_1_67' title='bbox 3126 555 3520 612; x_wconf 87' lang='lat' dir='ltr'><strong>successoribus</strong></span> <span class='ocrx_word' id='word_1_68' title='bbox 3543 563 3810 618; x_wconf 86' lang='lat' dir='ltr'><strong>communi-</strong></span> 
     </span>
    </p>
   </div>
   <div class='ocr_carea' id='block_1_6' title="bbox 538 645 3812 722">
    <p class='ocr_par' dir='ltr' id='par_1_6' title="bbox 538 645 3812 722">
     <span class='ocr_line' id='line_1_6' title="bbox 538 645 3812 722; baseline 0.003 -22"><span class='ocrx_word' id='word_1_69' title='bbox 538 652 647 714; x_wconf 92' lang='lat' dir='ltr'><strong>tur,</strong></span> <span class='ocrx_word' id='word_1_70' title='bbox 677 645 776 717; x_wconf 85' lang='lat' dir='ltr'><strong>qui</strong></span> <span class='ocrx_word' id='word_1_71' title='bbox 803 662 859 700; x_wconf 92' lang='lat' dir='ltr'><strong>se</strong></span> <span class='ocrx_word' id='word_1_72' title='bbox 885 646 1173 713; x_wconf 90' lang='lat' dir='ltr'><strong>ultimum,</strong></span> <span class='ocrx_word' id='word_1_73' title='bbox 1203 651 1262 702; x_wconf 90' lang='lat' dir='ltr'><strong>et</strong></span> <span class='ocrx_word' id='word_1_74' title='bbox 1299 665 1414 703; x_wconf 91' lang='lat' dir='ltr'><strong>non</strong></span> <span class='ocrx_word' id='word_1_75' title='bbox 1446 649 1628 704; x_wconf 87' lang='lat' dir='ltr'><strong>vocari</strong></span> <span class='ocrx_word' id='word_1_76' title='bbox 1666 649 1904 719; x_wconf 89' lang='lat' dir='ltr'><strong>dignum</strong></span> <span class='ocrx_word' id='word_1_77' title='bbox 1937 654 2164 722; x_wconf 85' lang='lat' dir='ltr'><strong>aposto-</strong></span> <span class='ocrx_word' id='word_1_78' title='bbox 2267 647 2516 702; x_wconf 88' lang='lat' dir='ltr'><strong>cautium</strong></span> <span class='ocrx_word' id='word_1_79' title='bbox 2544 647 2778 703; x_wconf 89' lang='lat' dir='ltr'><strong>nomina</strong></span> <span class='ocrx_word' id='word_1_80' title='bbox 2799 648 3220 703; x_wconf 85' lang='lat' dir='ltr'><strong>consentiamus</strong></span> <span class='ocrx_word' id='word_1_81' title='bbox 3239 648 3494 705; x_wconf 81' lang='lat' dir='ltr'><strong>admitti?</strong></span> <span class='ocrx_word' id='word_1_82' title='bbox 3516 653 3614 706; x_wconf 80' lang='lat' dir='ltr'><strong>Hoc</strong></span> <span class='ocrx_word' id='word_1_83' title='bbox 3637 671 3730 709; x_wconf 90' lang='lat' dir='ltr'><strong>non</strong></span> <span class='ocrx_word' id='word_1_84' title='bbox 3747 663 3812 713; x_wconf 85' lang='lat' dir='ltr'><strong>est</strong></span> 
     </span>
    </p>
   </div>
   <div class='ocr_carea' id='block_1_7' title="bbox 537 739 3814 812">
    <p class='ocr_par' dir='ltr' id='par_1_7' title="bbox 537 739 3814 812">
     <span class='ocr_line' id='line_1_7' title="bbox 537 739 3814 812; baseline 0.003 -19"><span class='ocrx_word' id='word_1_85' title='bbox 537 741 655 794; x_wconf 88' lang='lat' dir='ltr'><strong>lum</strong></span> <span class='ocrx_word' id='word_1_86' title='bbox 682 739 1026 810; x_wconf 81' lang='lat' dir='ltr'><strong>proﬁtetur?</strong></span> <span class='ocrx_word' id='word_1_87' title='bbox 1059 761 1086 788; x_wconf 85' lang='grc'><strong>››</strong></span> <span class='ocrx_word' id='word_1_88' title='bbox 1121 741 1163 809; x_wconf 88' lang='grc'><strong>(1</strong></span> <span class='ocrx_word' id='word_1_89' title='bbox 1192 743 1312 798; x_wconf 80' lang='lat' dir='ltr'><strong>Cor.</strong></span> <span class='ocrx_word' id='word_1_90' title='bbox 1346 759 1437 811; x_wconf 82' lang='lat' dir='ltr'><strong>xv,</strong></span> <span class='ocrx_word' id='word_1_91' title='bbox 1471 743 1544 812; x_wconf 89' lang='lat'><strong>9).</strong></span> <span class='ocrx_word' id='word_1_92' title='bbox 1575 743 1976 798; x_wconf 87' lang='lat' dir='ltr'><strong>Verumtamen</strong></span> <span class='ocrx_word' id='word_1_93' title='bbox 2005 749 2070 799; x_wconf 90' lang='lat' dir='ltr'><strong>ut</strong></span> <span class='ocrx_word' id='word_1_94' title='bbox 2094 745 2167 800; x_wconf 89' lang='lat' dir='ltr'><strong>ad</strong></span> <span class='ocrx_word' id='word_1_95' title='bbox 2266 741 2722 796; x_wconf 87' lang='lat' dir='ltr'><strong>condescendere</strong></span> <span class='ocrx_word' id='word_1_96' title='bbox 2767 742 2838 797; x_wconf 89' lang='lat' dir='ltr'><strong>ad</strong></span> <span class='ocrx_word' id='word_1_97' title='bbox 2879 741 3352 811; x_wconf 87' lang='lat' dir='ltr'><strong>subveniendum,</strong></span> <span class='ocrx_word' id='word_1_98' title='bbox 3391 743 3480 798; x_wconf 87' lang='lat' dir='ltr'><strong>sed</strong></span> <span class='ocrx_word' id='word_1_99' title='bbox 3503 745 3750 802; x_wconf 89' lang='lat' dir='ltr'><strong>evidenter</strong></span> <span class='ocrx_word' id='word_1_100' title='bbox 3768 749 3814 805; x_wconf 89' lang='lat' dir='ltr'><strong>in</strong></span> 
     </span>
    </p>
   </div>
   <div class='ocr_carea' id='block_1_8' title="bbox 539 832 3810 907">
    <p class='ocr_par' dir='ltr' id='par_1_8' title="bbox 539 832 3810 907">
     <span class='ocr_line' id='line_1_8' title="bbox 539 832 3810 907; baseline 0.004 -22"><span class='ocrx_word' id='word_1_101' title='bbox 539 832 857 888; x_wconf 88' lang='lat' dir='ltr'><strong>dilectionis</strong></span> <span class='ocrx_word' id='word_1_102' title='bbox 897 838 1011 888; x_wconf 89' lang='lat' dir='ltr'><strong>tue</strong></span> <span class='ocrx_word' id='word_1_103' title='bbox 1052 833 1221 888; x_wconf 89' lang='lat' dir='ltr'><strong>verba</strong></span> <span class='ocrx_word' id='word_1_104' title='bbox 1261 835 1584 904; x_wconf 87' lang='lat' dir='ltr'><strong>redeamus,</strong></span> <span class='ocrx_word' id='word_1_105' title='bbox 1630 835 1676 889; x_wconf 90' lang='lat' dir='ltr'><strong>si</strong></span> <span class='ocrx_word' id='word_1_106' title='bbox 1702 837 1975 891; x_wconf 84' lang='lat' dir='ltr'><strong>veraciter</strong></span> <span class='ocrx_word' id='word_1_107' title='bbox 2005 854 2163 893; x_wconf 79' lang='lat' dir='ltr'><strong>exse-</strong></span> <span class='ocrx_word' id='word_1_108' title='bbox 2267 835 2492 890; x_wconf 84' lang='lat' dir='ltr'><strong>inferna</strong></span> <span class='ocrx_word' id='word_1_109' title='bbox 2517 834 2794 907; x_wconf 85' lang='lat' dir='ltr'><strong>demergi.</strong></span> <span class='ocrx_word' id='word_1_110' title='bbox 2827 835 3065 902; x_wconf 87' lang='lat' dir='ltr'><strong>Parcite,</strong></span> <span class='ocrx_word' id='word_1_111' title='bbox 3098 851 3310 907; x_wconf 82' lang='lat' dir='ltr'><strong>queso,</strong></span> <span class='ocrx_word' id='word_1_112' title='bbox 3341 840 3398 891; x_wconf 93' lang='lat' dir='ltr'><strong>et</strong></span> <span class='ocrx_word' id='word_1_113' title='bbox 3428 838 3576 892; x_wconf 88' lang='lat' dir='ltr'><strong>nobis</strong></span> <span class='ocrx_word' id='word_1_114' title='bbox 3601 843 3651 893; x_wconf 89' lang='lat' dir='ltr'><strong>et</strong></span> <span class='ocrx_word' id='word_1_115' title='bbox 3674 841 3810 897; x_wconf 84' lang='lat' dir='ltr'><strong>vobis.</strong></span> 
     </span>
    </p>
   </div>
   <div class='ocr_carea' id='block_1_9' title="bbox 537 927 3813 1002">
    <p class='ocr_par' dir='ltr' id='par_1_9' title="bbox 537 927 3813 1002">
     <span class='ocr_line' id='line_1_9' title="bbox 537 927 3813 1002; baseline 0.002 -24"><span class='ocrx_word' id='word_1_116' title='bbox 537 931 700 980; x_wconf 89' lang='lat' dir='ltr'><strong>cutus</strong></span> <span class='ocrx_word' id='word_1_117' title='bbox 743 943 800 980; x_wconf 88' lang='lat' dir='ltr'><strong>es</strong></span> <span class='ocrx_word' id='word_1_118' title='bbox 849 928 969 982; x_wconf 86' lang='lat' dir='ltr'><strong>hec</strong></span> <span class='ocrx_word' id='word_1_119' title='bbox 1009 927 1276 982; x_wconf 90' lang='lat' dir='ltr'><strong>divinitus</strong></span> <span class='ocrx_word' id='word_1_120' title='bbox 1320 929 1463 983; x_wconf 87' lang='lat' dir='ltr'><strong>mihi</strong></span> <span class='ocrx_word' id='word_1_121' title='bbox 1508 930 1681 986; x_wconf 84' lang='lat' dir='ltr'><strong>fuisse</strong></span> <span class='ocrx_word' id='word_1_122' title='bbox 1711 930 1932 997; x_wconf 90' lang='lat' dir='ltr'><strong>collata,</strong></span> <span class='ocrx_word' id='word_1_123' title='bbox 1955 948 2084 1002; x_wconf 88' lang='lat' dir='ltr'><strong>que</strong></span> <span class='ocrx_word' id='word_1_124' title='bbox 2111 935 2168 986; x_wconf 91' lang='lat' dir='ltr'><strong>et</strong></span> <span class='ocrx_word' id='word_1_125' title='bbox 2265 929 2421 993; x_wconf 87' lang='lat' dir='ltr'><strong>Quod</strong></span> <span class='ocrx_word' id='word_1_126' title='bbox 2449 929 2496 982; x_wconf 92' lang='lat' dir='ltr'><strong>si</strong></span> <span class='ocrx_word' id='word_1_127' title='bbox 2526 944 2721 983; x_wconf 90' lang='lat' dir='ltr'><strong>curam</strong></span> <span class='ocrx_word' id='word_1_128' title='bbox 2748 929 2919 984; x_wconf 87' lang='lat' dir='ltr'><strong>vestri</strong></span> <span class='ocrx_word' id='word_1_129' title='bbox 2937 929 3083 984; x_wconf 90' lang='lat' dir='ltr'><strong>adeo</strong></span> <span class='ocrx_word' id='word_1_130' title='bbox 3104 945 3219 984; x_wconf 90' lang='lat' dir='ltr'><strong>non</strong></span> <span class='ocrx_word' id='word_1_131' title='bbox 3243 929 3478 998; x_wconf 88' lang='lat' dir='ltr'><strong>habetis,</strong></span> <span class='ocrx_word' id='word_1_132' title='bbox 3495 931 3616 986; x_wconf 89' lang='lat' dir='ltr'><strong>date</strong></span> <span class='ocrx_word' id='word_1_133' title='bbox 3637 935 3813 990; x_wconf 84' lang='lat' dir='ltr'><strong>veniam</strong></span> 
     </span>
    </p>
   </div>
   <div class='ocr_carea' id='block_1_10' title="bbox 538 1020 3812 1095">
    <p class='ocr_par' dir='ltr' id='par_1_10' title="bbox 538 1020 3812 1095">
     <span class='ocr_line' id='line_1_10' title="bbox 538 1020 3812 1095; baseline 0.002 -21"><span class='ocrx_word' id='word_1_134' title='bbox 538 1020 792 1090; x_wconf 77' lang='lat' dir='ltr'><strong>profecto</strong></span> <span class='ocrx_word' id='word_1_135' title='bbox 838 1037 1195 1094; x_wconf 86' lang='lat' dir='ltr'><strong>quecunque</strong></span> <span class='ocrx_word' id='word_1_136' title='bbox 1235 1026 1366 1077; x_wconf 89' lang='lat' dir='ltr'><strong>sunt</strong></span> <span class='ocrx_word' id='word_1_137' title='bbox 1404 1022 1554 1078; x_wconf 86' lang='lat' dir='ltr'><strong>bona</strong></span> <span class='ocrx_word' id='word_1_138' title='bbox 1591 1024 1743 1079; x_wconf 88' lang='lat' dir='ltr'><strong>dona</strong></span> <span class='ocrx_word' id='word_1_139' title='bbox 1773 1029 1906 1080; x_wconf 91' lang='lat' dir='ltr'><strong>sunt</strong></span> <span class='ocrx_word' id='word_1_140' title='bbox 1933 1025 2046 1093; x_wconf 89' lang='lat' dir='ltr'><strong>Dei,</strong></span> <span class='ocrx_word' id='word_1_141' title='bbox 2077 1042 2164 1079; x_wconf 89' lang='lat' dir='ltr'><strong>se-</strong></span> <span class='ocrx_word' id='word_1_142' title='bbox 2266 1023 2450 1076; x_wconf 91' lang='lat' dir='ltr'><strong>nobis.</strong></span> <span class='ocrx_word' id='word_1_143' title='bbox 2479 1023 2674 1078; x_wconf 91' lang='lat' dir='ltr'><strong>Dolere</strong></span> <span class='ocrx_word' id='word_1_144' title='bbox 2704 1026 2761 1077; x_wconf 90' lang='lat' dir='ltr'><strong>et</strong></span> <span class='ocrx_word' id='word_1_145' title='bbox 2791 1021 2929 1078; x_wconf 89' lang='lat' dir='ltr'><strong>ﬂere</strong></span> <span class='ocrx_word' id='word_1_146' title='bbox 2956 1040 3255 1095; x_wconf 89' lang='lat' dir='ltr'><strong>possumus</strong></span> <span class='ocrx_word' id='word_1_147' title='bbox 3281 1027 3336 1079; x_wconf 88' lang='lat' dir='ltr'><strong>et</strong></span> <span class='ocrx_word' id='word_1_148' title='bbox 3361 1024 3628 1091; x_wconf 88' lang='lat' dir='ltr'><strong>debemus,</strong></span> <span class='ocrx_word' id='word_1_149' title='bbox 3655 1027 3702 1081; x_wconf 90' lang='lat' dir='ltr'><strong>in</strong></span> <span class='ocrx_word' id='word_1_150' title='bbox 3722 1027 3812 1083; x_wconf 71' lang='lat' dir='ltr'><strong>hec</strong></span> 
     </span>
    </p>
   </div>
   <div class='ocr_carea' id='block_1_11' title="bbox 541 1115 3810 1191">
    <p class='ocr_par' dir='ltr' id='par_1_11' title="bbox 541 1115 3810 1191">
     <span class='ocr_line' id='line_1_11' title="bbox 541 1115 3810 1191; baseline 0.002 -24"><span class='ocrx_word' id='word_1_151' title='bbox 541 1129 716 1184; x_wconf 87' lang='lat' dir='ltr'><strong>quere</strong></span> <span class='ocrx_word' id='word_1_152' title='bbox 743 1130 884 1185; x_wconf 86' lang='lat' dir='ltr'><strong>ergo</strong></span> <span class='ocrx_word' id='word_1_153' title='bbox 919 1115 1283 1170; x_wconf 86' lang='lat' dir='ltr'><strong>hortamenta</strong></span> <span class='ocrx_word' id='word_1_154' title='bbox 1329 1133 1444 1170; x_wconf 88' lang='lat' dir='ltr'><strong>non</strong></span> <span class='ocrx_word' id='word_1_155' title='bbox 1492 1117 1804 1188; x_wconf 81' lang='lat' dir='ltr'><strong>indigentis</strong></span> <span class='ocrx_word' id='word_1_156' title='bbox 1848 1118 2060 1186; x_wconf 92' lang='lat' dir='ltr'><strong>doceri,</strong></span> <span class='ocrx_word' id='word_1_157' title='bbox 2113 1122 2170 1173; x_wconf 90' lang='lat' dir='ltr'><strong>et</strong></span> <span class='ocrx_word' id='word_1_158' title='bbox 2270 1115 2507 1187; x_wconf 88' lang='lat' dir='ltr'><strong>abrupta</strong></span> <span class='ocrx_word' id='word_1_159' title='bbox 2533 1115 2739 1171; x_wconf 88' lang='lat' dir='ltr'><strong>deduci</strong></span> <span class='ocrx_word' id='word_1_160' title='bbox 2789 1132 2891 1172; x_wconf 92' lang='lat' dir='ltr'><strong>nec</strong></span> <span class='ocrx_word' id='word_1_161' title='bbox 2933 1133 3250 1188; x_wconf 87' lang='lat' dir='ltr'><strong>possumus,</strong></span> <span class='ocrx_word' id='word_1_162' title='bbox 3297 1133 3397 1173; x_wconf 93' lang='lat' dir='ltr'><strong>nec</strong></span> <span class='ocrx_word' id='word_1_163' title='bbox 3441 1118 3696 1186; x_wconf 88' lang='lat' dir='ltr'><strong>debemus,</strong></span> <span class='ocrx_word' id='word_1_164' title='bbox 3721 1121 3810 1191; x_wconf 90' lang='lat' dir='ltr'><strong>qui,</strong></span> 
     </span>
    </p>
   </div>
   <div class='ocr_carea' id='block_1_12' title="bbox 534 1207 3813 1284">
    <p class='ocr_par' dir='ltr' id='par_1_12' title="bbox 534 1207 3813 1284">
     <span class='ocr_line' id='line_1_12' title="bbox 534 1207 3813 1284; baseline 0.002 -24"><span class='ocrx_word' id='word_1_165' title='bbox 534 1207 849 1262; x_wconf 90' lang='lat' dir='ltr'><strong>secundum</strong></span> <span class='ocrx_word' id='word_1_166' title='bbox 875 1225 1180 1279; x_wconf 87' lang='lat' dir='ltr'><strong>supernam</strong></span> <span class='ocrx_word' id='word_1_167' title='bbox 1209 1209 1641 1280; x_wconf 87' lang='lat' dir='ltr'><strong>dispositionem</strong></span> <span class='ocrx_word' id='word_1_168' title='bbox 1675 1212 1941 1266; x_wconf 90' lang='lat' dir='ltr'><strong>universa</strong></span> <span class='ocrx_word' id='word_1_169' title='bbox 1962 1216 2167 1266; x_wconf 92' lang='lat' dir='ltr'><strong>cuncta</strong></span> <span class='ocrx_word' id='word_1_170' title='bbox 2269 1213 2572 1280; x_wconf 84' lang='lat' dir='ltr'><strong>prestante</strong></span> <span class='ocrx_word' id='word_1_171' title='bbox 2601 1210 2716 1264; x_wconf 93' lang='lat' dir='ltr'><strong>Deo</strong></span> <span class='ocrx_word' id='word_1_172' title='bbox 2742 1215 2954 1279; x_wconf 90' lang='lat' dir='ltr'><strong>nostro,</strong></span> <span class='ocrx_word' id='word_1_173' title='bbox 2986 1210 3262 1265; x_wconf 85' lang='lat' dir='ltr'><strong>sinceram</strong></span> <span class='ocrx_word' id='word_1_174' title='bbox 3301 1227 3595 1284; x_wconf 86' lang='lat' dir='ltr'><strong>puramque</strong></span> <span class='ocrx_word' id='word_1_175' title='bbox 3617 1216 3813 1283; x_wconf 73' lang='lat' dir='ltr'><strong>paterna:</strong></span> 
     </span>
    </p>
   </div>
   <div class='ocr_carea' id='block_1_13' title="bbox 511 1299 3816 1376">
    <p class='ocr_par' dir='ltr' id='par_1_13' title="bbox 511 1299 3816 1376">
     <span class='ocr_line' id='line_1_13' title="bbox 511 1299 3816 1376; baseline 0.002 -22"><span class='ocrx_word' id='word_1_176' title='bbox 511 1299 891 1374; x_wconf 57' lang='lat' dir='ltr'><strong>.inspicientis</strong></span> <span class='ocrx_word' id='word_1_177' title='bbox 910 1318 1039 1374; x_wconf 87' lang='lat' dir='ltr'><strong>que</strong></span> <span class='ocrx_word' id='word_1_178' title='bbox 1067 1302 1140 1356; x_wconf 92' lang='lat' dir='ltr'><strong>ad</strong></span> <span class='ocrx_word' id='word_1_179' title='bbox 1161 1303 1531 1358; x_wconf 84' lang='lat' dir='ltr'><strong>Ecclesiarum</strong></span> <span class='ocrx_word' id='word_1_180' title='bbox 1555 1305 1847 1376; x_wconf 86' lang='lat' dir='ltr'><strong>pertinent</strong></span> <span class='ocrx_word' id='word_1_181' title='bbox 1865 1306 2164 1360; x_wconf 79' lang='lat' dir='ltr'><strong>unitatem.</strong></span> <span class='ocrx_word' id='word_1_182' title='bbox 2271 1302 2588 1357; x_wconf 83' lang='lat' dir='ltr'><strong>traditionis</strong></span> <span class='ocrx_word' id='word_1_183' title='bbox 2616 1303 2790 1358; x_wconf 84' lang='lat' dir='ltr'><strong>iidem</strong></span> <span class='ocrx_word' id='word_1_184' title='bbox 2821 1304 3400 1376; x_wconf 86' lang='lat' dir='ltr'><strong>communionemque</strong></span> <span class='ocrx_word' id='word_1_185' title='bbox 3428 1305 3668 1375; x_wconf 86' lang='lat' dir='ltr'><strong>retinere,</strong></span> <span class='ocrx_word' id='word_1_186' title='bbox 3703 1306 3816 1361; x_wconf 80' lang='lat' dir='ltr'><strong>etab</strong></span> 
     </span>
    </p>
   </div>
   <div class='ocr_carea' id='block_1_14' title="bbox 539 1394 3814 1470">
    <p class='ocr_par' dir='ltr' id='par_1_14' title="bbox 539 1394 3814 1470">
     <span class='ocr_line' id='line_1_14' title="bbox 539 1394 3814 1470; baseline 0.002 -23"><span class='ocrx_word' id='word_1_187' title='bbox 539 1395 606 1447; x_wconf 87' lang='lat' dir='ltr'><strong>Et</strong></span> <span class='ocrx_word' id='word_1_188' title='bbox 643 1394 912 1448; x_wconf 88' lang='lat' dir='ltr'><strong>adversus</strong></span> <span class='ocrx_word' id='word_1_189' title='bbox 938 1395 1222 1450; x_wconf 88' lang='lat' dir='ltr'><strong>diabolum</strong></span> <span class='ocrx_word' id='word_1_190' title='bbox 1244 1397 1706 1453; x_wconf 85' lang='lat' dir='ltr'><strong>conturbatorem</strong></span> <span class='ocrx_word' id='word_1_191' title='bbox 1743 1415 1872 1454; x_wconf 85' lang='lat' dir='ltr'><strong>vere</strong></span> <span class='ocrx_word' id='word_1_192' title='bbox 1897 1399 2050 1470; x_wconf 88' lang='lat' dir='ltr'><strong>pacis</strong></span> <span class='ocrx_word' id='word_1_193' title='bbox 2081 1404 2166 1455; x_wconf 87' lang='lat' dir='ltr'><strong>at-</strong></span> <span class='ocrx_word' id='word_1_194' title='bbox 2268 1396 2426 1451; x_wconf 92' lang='lat' dir='ltr'><strong>omni</strong></span> <span class='ocrx_word' id='word_1_195' title='bbox 2453 1397 2951 1468; x_wconf 86' lang='lat' dir='ltr'><strong>prevaricatorum</strong></span> <span class='ocrx_word' id='word_1_196' title='bbox 2999 1398 3335 1470; x_wconf 77' lang='lat' dir='ltr'><strong>contagione</strong></span> <span class='ocrx_word' id='word_1_197' title='bbox 3377 1397 3652 1453; x_wconf 85' lang='lat' dir='ltr'><strong>discretam</strong></span> <span class='ocrx_word' id='word_1_198' title='bbox 3687 1399 3814 1454; x_wconf 85' lang='lat' dir='ltr'><strong>etiam</strong></span> 
     </span>
    </p>
   </div>
   <div class='ocr_carea' id='block_1_15' title="bbox 541 1489 3818 1563">
    <p class='ocr_par' dir='ltr' id='par_1_15' title="bbox 541 1489 3818 1563">
     <span class='ocr_line' id='line_1_15' title="bbox 541 1489 3818 1563; baseline 0.002 -22"><span class='ocrx_word' id='word_1_199' title='bbox 541 1503 650 1559; x_wconf 86' lang='lat' dir='ltr'><strong>que</strong></span> <span class='ocrx_word' id='word_1_200' title='bbox 679 1489 989 1559; x_wconf 80' lang='lat' dir='ltr'><strong>compagis,</strong></span> <span class='ocrx_word' id='word_1_201' title='bbox 1034 1493 1095 1544; x_wconf 90' lang='lat' dir='ltr'><strong>ut</strong></span> <span class='ocrx_word' id='word_1_202' title='bbox 1139 1491 1360 1559; x_wconf 88' lang='lat' dir='ltr'><strong>asseris,</strong></span> <span class='ocrx_word' id='word_1_203' title='bbox 1411 1492 1634 1546; x_wconf 86' lang='lat' dir='ltr'><strong>fortiter</strong></span> <span class='ocrx_word' id='word_1_204' title='bbox 1678 1492 2056 1548; x_wconf 89' lang='lat' dir='ltr'><strong>resistentem.</strong></span> <span class='ocrx_word' id='word_1_205' title='bbox 2113 1493 2167 1548; x_wconf 90' lang='lat' dir='ltr'><strong>Si</strong></span> <span class='ocrx_word' id='word_1_206' title='bbox 2268 1490 2546 1545; x_wconf 88' lang='lat' dir='ltr'><strong>intentato</strong></span> <span class='ocrx_word' id='word_1_207' title='bbox 2580 1490 2832 1561; x_wconf 91' lang='lat' dir='ltr'><strong>periculo</strong></span> <span class='ocrx_word' id='word_1_208' title='bbox 2858 1491 3058 1545; x_wconf 90' lang='lat' dir='ltr'><strong>mortis</strong></span> <span class='ocrx_word' id='word_1_209' title='bbox 3090 1495 3353 1563; x_wconf 80' lang='lat' dir='ltr'><strong>optamus</strong></span> <span class='ocrx_word' id='word_1_210' title='bbox 3370 1490 3630 1562; x_wconf 88' lang='lat' dir='ltr'><strong>eligentes</strong></span> <span class='ocrx_word' id='word_1_211' title='bbox 3651 1491 3703 1560; x_wconf 86' lang='lat' dir='ltr'><strong>(si</strong></span> <span class='ocrx_word' id='word_1_212' title='bbox 3719 1492 3818 1546; x_wconf 88' lang='lat' dir='ltr'><strong>velit</strong></span> 
     </span>
    </p>
   </div>
   <div class='ocr_carea' id='block_1_16' title="bbox 542 1581 3818 1656">
    <p class='ocr_par' dir='ltr' id='par_1_16' title="bbox 542 1581 3818 1656">
     <span class='ocr_line' id='line_1_16' title="bbox 542 1581 3818 1656; baseline 0.001 -21"><span class='ocrx_word' id='word_1_213' title='bbox 542 1598 680 1651; x_wconf 85' lang='lat' dir='ltr'><strong>ergo</strong></span> <span class='ocrx_word' id='word_1_214' title='bbox 709 1581 778 1636; x_wconf 90' lang='lat' dir='ltr'><strong>de</strong></span> <span class='ocrx_word' id='word_1_215' title='bbox 809 1599 901 1636; x_wconf 88' lang='lat' dir='ltr'><strong>me</strong></span> <span class='ocrx_word' id='word_1_216' title='bbox 930 1583 1036 1637; x_wconf 90' lang='lat' dir='ltr'><strong>ista</strong></span> <span class='ocrx_word' id='word_1_217' title='bbox 1065 1585 1419 1654; x_wconf 90' lang='lat' dir='ltr'><strong>pronuntias,</strong></span> <span class='ocrx_word' id='word_1_218' title='bbox 1469 1589 1567 1640; x_wconf 92' lang='lat' dir='ltr'><strong>aut</strong></span> <span class='ocrx_word' id='word_1_219' title='bbox 1595 1587 1860 1640; x_wconf 87' lang='lat' dir='ltr'><strong>sectanda</strong></span> <span class='ocrx_word' id='word_1_220' title='bbox 1895 1586 1998 1641; x_wconf 91' lang='lat' dir='ltr'><strong>tibi</strong></span> <span class='ocrx_word' id='word_1_221' title='bbox 2040 1592 2172 1642; x_wconf 89' lang='lat' dir='ltr'><strong>sunt</strong></span> <span class='ocrx_word' id='word_1_222' title='bbox 2273 1583 2434 1652; x_wconf 88' lang='lat' dir='ltr'><strong>Deus)</strong></span> <span class='ocrx_word' id='word_1_223' title='bbox 2469 1583 2738 1653; x_wconf 87' lang='lat' dir='ltr'><strong>quelibet</strong></span> <span class='ocrx_word' id='word_1_224' title='bbox 2767 1583 2864 1637; x_wconf 89' lang='lat' dir='ltr'><strong>illa</strong></span> <span class='ocrx_word' id='word_1_225' title='bbox 2894 1584 3138 1655; x_wconf 90' lang='lat' dir='ltr'><strong>perpeti,</strong></span> <span class='ocrx_word' id='word_1_226' title='bbox 3185 1601 3358 1656; x_wconf 89' lang='lat' dir='ltr'><strong>quam</strong></span> <span class='ocrx_word' id='word_1_227' title='bbox 3397 1601 3580 1639; x_wconf 86' lang='lat' dir='ltr'><strong>causas</strong></span> <span class='ocrx_word' id='word_1_228' title='bbox 3625 1584 3818 1639; x_wconf 80' lang='lat' dir='ltr'><strong>incidere</strong></span> 
     </span>
    </p>
   </div>
   <div class='ocr_carea' id='block_1_17' title="bbox 540 1675 3818 1750">
    <p class='ocr_par' dir='ltr' id='par_1_17' title="bbox 540 1675 3818 1750">
     <span class='ocr_line' id='line_1_17' title="bbox 540 1675 3818 1750; baseline 0.002 -25"><span class='ocrx_word' id='word_1_229' title='bbox 540 1691 666 1745; x_wconf 82' lang='lat' dir='ltr'><strong>que</strong></span> <span class='ocrx_word' id='word_1_230' title='bbox 721 1692 754 1730; x_wconf 92' lang='lat' dir='ltr'><strong>a</strong></span> <span class='ocrx_word' id='word_1_231' title='bbox 806 1677 1049 1743; x_wconf 87' lang='lat' dir='ltr'><strong>Christo,</strong></span> <span class='ocrx_word' id='word_1_232' title='bbox 1105 1682 1171 1732; x_wconf 90' lang='lat' dir='ltr'><strong>ut</strong></span> <span class='ocrx_word' id='word_1_233' title='bbox 1221 1679 1506 1749; x_wconf 88' lang='lat' dir='ltr'><strong>prohibes,</strong></span> <span class='ocrx_word' id='word_1_234' title='bbox 1556 1679 1862 1734; x_wconf 90' lang='lat' dir='ltr'><strong>constituta</strong></span> <span class='ocrx_word' id='word_1_235' title='bbox 1895 1683 2045 1745; x_wconf 88' lang='lat' dir='ltr'><strong>sunt,</strong></span> <span class='ocrx_word' id='word_1_236' title='bbox 2073 1684 2172 1734; x_wconf 92' lang='lat' dir='ltr'><strong>aut</strong></span> <span class='ocrx_word' id='word_1_237' title='bbox 2192 1747 2229 1750; x_wconf 82' lang='lat'><em>_</em></span> <span class='ocrx_word' id='word_1_238' title='bbox 2273 1675 2652 1731; x_wconf 88' lang='lat' dir='ltr'><strong>damnationis</strong></span> <span class='ocrx_word' id='word_1_239' title='bbox 2680 1682 2932 1732; x_wconf 83' lang='lat' dir='ltr'><strong>eterne.</strong></span> <span class='ocrx_word' id='word_1_240' title='bbox 2957 1679 3116 1745; x_wconf 91' lang='lat' dir='ltr'><strong>Date,</strong></span> <span class='ocrx_word' id='word_1_241' title='bbox 3139 1679 3397 1750; x_wconf 90' lang='lat' dir='ltr'><strong>inquam,</strong></span> <span class='ocrx_word' id='word_1_242' title='bbox 3424 1677 3648 1745; x_wconf 88' lang='lat' dir='ltr'><strong>veniam,</strong></span> <span class='ocrx_word' id='word_1_243' title='bbox 3674 1678 3818 1732; x_wconf 89' lang='lat' dir='ltr'><strong>sicum</strong></span> 
     </span>
    </p>
   </div>
   <div class='ocr_carea' id='block_1_18' title="bbox 544 1747 3817 1843">
    <p class='ocr_par' dir='ltr' id='par_1_18' title="bbox 544 1747 3817 1843">
     <span class='ocr_line' id='line_1_18' title="bbox 544 1747 3817 1843; baseline 0.001 -22"><span class='ocrx_word' id='word_1_244' title='bbox 544 1769 726 1838; x_wconf 87' lang='lat' dir='ltr'><strong>palam</strong></span> <span class='ocrx_word' id='word_1_245' title='bbox 769 1774 823 1824; x_wconf 90' lang='lat' dir='ltr'><strong>te</strong></span> <span class='ocrx_word' id='word_1_246' title='bbox 869 1771 1018 1840; x_wconf 91' lang='lat' dir='ltr'><strong>quod</strong></span> <span class='ocrx_word' id='word_1_247' title='bbox 1062 1747 1264 1826; x_wconf 83' lang='lat' dir='ltr'><strong>Christi</strong></span> <span class='ocrx_word' id='word_1_248' title='bbox 1306 1772 1771 1843; x_wconf 89' lang='lat' dir='ltr'><strong>dispositionibus</strong></span> <span class='ocrx_word' id='word_1_249' title='bbox 1803 1773 2033 1828; x_wconf 84' lang='lat' dir='ltr'><strong>obviare</strong></span> <span class='ocrx_word' id='word_1_250' title='bbox 2069 1774 2167 1828; x_wconf 88' lang='lat' dir='ltr'><strong>de-</strong></span> <span class='ocrx_word' id='word_1_251' title='bbox 2191 1747 2248 1820; x_wconf 81' lang='grc' dir='ltr'><strong>Β</strong></span> <span class='ocrx_word' id='word_1_252' title='bbox 2271 1786 2368 1823; x_wconf 89' lang='lat' dir='ltr'><strong>vos</strong></span> <span class='ocrx_word' id='word_1_253' title='bbox 2388 1773 2893 1842; x_wconf 87' lang='lat' dir='ltr'><strong>propteramorem</strong></span> <span class='ocrx_word' id='word_1_254' title='bbox 2915 1747 3500 1842; x_wconf 48' lang='lat' dir='ltr'><strong>cujuslibet—hominis,</strong></span> <span class='ocrx_word' id='word_1_255' title='bbox 3519 1773 3594 1826; x_wconf 92' lang='lat' dir='ltr'><strong>vel</strong></span> <span class='ocrx_word' id='word_1_256' title='bbox 3609 1771 3817 1825; x_wconf 78' lang='lat' dir='ltr'><strong>timorem</strong></span> 
     </span>
    </p>
   </div>
   <div class='ocr_carea' id='block_1_19' title="bbox 538 1862 3818 1937">
    <p class='ocr_par' dir='ltr' id='par_1_19' title="bbox 538 1862 3818 1937">
     <span class='ocr_line' id='line_1_19' title="bbox 538 1862 3818 1937; baseline 0.001 -22"><span class='ocrx_word' id='word_1_257' title='bbox 538 1862 768 1932; x_wconf 89' lang='lat' dir='ltr'><strong>promis,</strong></span> <span class='ocrx_word' id='word_1_258' title='bbox 809 1867 908 1918; x_wconf 84' lang='lat' dir='ltr'><strong>aut</strong></span> <span class='ocrx_word' id='word_1_259' title='bbox 935 1865 1004 1918; x_wconf 84' lang='lat' dir='ltr'><strong>ad</strong></span> <span class='ocrx_word' id='word_1_260' title='bbox 1034 1865 1257 1920; x_wconf 90' lang='lat' dir='ltr'><strong>veniam</strong></span> <span class='ocrx_word' id='word_1_261' title='bbox 1284 1866 1523 1920; x_wconf 80' lang='lat' dir='ltr'><strong>luxurie</strong></span> <span class='ocrx_word' id='word_1_262' title='bbox 1571 1867 1642 1921; x_wconf 90' lang='lat' dir='ltr'><strong>de</strong></span> <span class='ocrx_word' id='word_1_263' title='bbox 1680 1883 1771 1921; x_wconf 88' lang='lat' dir='ltr'><strong>me</strong></span> <span class='ocrx_word' id='word_1_264' title='bbox 1813 1867 2172 1937; x_wconf 88' lang='lat' dir='ltr'><strong>cognosceris</strong></span> <span class='ocrx_word' id='word_1_265' title='bbox 2269 1863 2393 1918; x_wconf 82' lang='lat' dir='ltr'><strong>hec</strong></span> <span class='ocrx_word' id='word_1_266' title='bbox 2422 1863 2668 1918; x_wconf 88' lang='lat' dir='ltr'><strong>libenter</strong></span> <span class='ocrx_word' id='word_1_267' title='bbox 2714 1864 3018 1920; x_wconf 89' lang='lat' dir='ltr'><strong>incurritis.</strong></span> <span class='ocrx_word' id='word_1_268' title='bbox 3068 1866 3176 1919; x_wconf 88' lang='lat' dir='ltr'><strong>Nos</strong></span> <span class='ocrx_word' id='word_1_269' title='bbox 3224 1868 3461 1937; x_wconf 90' lang='lat' dir='ltr'><strong>propter</strong></span> <span class='ocrx_word' id='word_1_270' title='bbox 3490 1881 3712 1920; x_wconf 86' lang='lat' dir='ltr'><strong>amorem</strong></span> <span class='ocrx_word' id='word_1_271' title='bbox 3734 1864 3818 1928; x_wconf 86' lang='lat' dir='ltr'><strong>Dei,</strong></span> 
     </span>
    </p>
   </div>
   <div class='ocr_carea' id='block_1_20' title="bbox 538 1955 3820 2030">
    <p class='ocr_par' dir='ltr' id='par_1_20' title="bbox 538 1955 3820 2030">
     <span class='ocr_line' id='line_1_20' title="bbox 538 1955 3820 2030; baseline 0.001 -22"><span class='ocrx_word' id='word_1_272' title='bbox 538 1955 642 2009; x_wconf 91' lang='lat' dir='ltr'><strong>ista</strong></span> <span class='ocrx_word' id='word_1_273' title='bbox 670 1955 900 2025; x_wconf 89' lang='lat' dir='ltr'><strong>jactare.</strong></span> <span class='ocrx_word' id='word_1_274' title='bbox 947 1957 1059 2013; x_wconf 91' lang='lat' dir='ltr'><strong>Sed</strong></span> <span class='ocrx_word' id='word_1_275' title='bbox 1106 1964 1520 2030; x_wconf 88' lang='lat' dir='ltr'><strong>consequenter</strong></span> <span class='ocrx_word' id='word_1_276' title='bbox 1547 1960 1798 2014; x_wconf 86' lang='lat' dir='ltr'><strong>adnectis</strong></span> <span class='ocrx_word' id='word_1_277' title='bbox 1829 1961 2168 2015; x_wconf 83' lang='lat' dir='ltr'><strong>condescen-</strong></span> <span class='ocrx_word' id='word_1_278' title='bbox 2271 1958 2328 2010; x_wconf 90' lang='lat' dir='ltr'><strong>et</strong></span> <span class='ocrx_word' id='word_1_279' title='bbox 2355 1956 2619 2011; x_wconf 88' lang='lat' dir='ltr'><strong>timorem</strong></span> <span class='ocrx_word' id='word_1_280' title='bbox 2640 1957 2923 2027; x_wconf 63' lang='lat' dir='ltr'><strong>gehenna‘.</strong></span> <span class='ocrx_word' id='word_1_281' title='bbox 2940 1957 3074 2012; x_wconf 91' lang='lat' dir='ltr'><strong>talia</strong></span> <span class='ocrx_word' id='word_1_282' title='bbox 3099 1958 3436 2014; x_wconf 82' lang='lat' dir='ltr'><strong>refutamus.</strong></span> <span class='ocrx_word' id='word_1_283' title='bbox 3453 1959 3555 2012; x_wconf 89' lang='lat' dir='ltr'><strong>Nec</strong></span> <span class='ocrx_word' id='word_1_284' title='bbox 3579 1973 3661 2010; x_wconf 89' lang='lat' dir='ltr'><strong>vos</strong></span> <span class='ocrx_word' id='word_1_285' title='bbox 3681 1957 3820 2011; x_wconf 84' lang='lat' dir='ltr'><strong>creda-</strong></span> 
     </span>
    </p>
   </div>
   <div class='ocr_carea' id='block_1_21' title="bbox 537 2047 3822 2124">
    <p class='ocr_par' dir='ltr' id='par_1_21' title="bbox 537 2047 3822 2124">
     <span class='ocr_line' id='line_1_21' title="bbox 537 2047 3822 2124; baseline 0 -22"><span class='ocrx_word' id='word_1_286' title='bbox 537 2047 769 2104; x_wconf 91' lang='lat' dir='ltr'><strong>dibilem</strong></span> <span class='ocrx_word' id='word_1_287' title='bbox 815 2066 928 2119; x_wconf 89' lang='lat' dir='ltr'><strong>me,</strong></span> <span class='ocrx_word' id='word_1_288' title='bbox 971 2055 1028 2105; x_wconf 90' lang='lat' dir='ltr'><strong>et</strong></span> <span class='ocrx_word' id='word_1_289' title='bbox 1068 2051 1280 2122; x_wconf 88' lang='lat' dir='ltr'><strong>optima</strong></span> <span class='ocrx_word' id='word_1_290' title='bbox 1327 2052 1690 2123; x_wconf 89' lang='lat' dir='ltr'><strong>dispositione</strong></span> <span class='ocrx_word' id='word_1_291' title='bbox 1720 2069 1977 2108; x_wconf 88' lang='lat' dir='ltr'><strong>revocare</strong></span> <span class='ocrx_word' id='word_1_292' title='bbox 2008 2069 2170 2124; x_wconf 84' lang='lat' dir='ltr'><strong>posse</strong></span> <span class='ocrx_word' id='word_1_293' title='bbox 2272 2049 2343 2103; x_wconf 90' lang='lat' dir='ltr'><strong>tis</strong></span> <span class='ocrx_word' id='word_1_294' title='bbox 2388 2049 2798 2105; x_wconf 89' lang='lat' dir='ltr'><strong>dissimulando</strong></span> <span class='ocrx_word' id='word_1_295' title='bbox 2845 2067 3038 2105; x_wconf 88' lang='lat' dir='ltr'><strong>causas</strong></span> <span class='ocrx_word' id='word_1_296' title='bbox 3073 2057 3247 2123; x_wconf 88' lang='lat' dir='ltr'><strong>atque</strong></span> <span class='ocrx_word' id='word_1_297' title='bbox 3293 2067 3560 2124; x_wconf 89' lang='lat' dir='ltr'><strong>personas</strong></span> <span class='ocrx_word' id='word_1_298' title='bbox 3587 2049 3822 2121; x_wconf 86' lang='lat' dir='ltr'><strong>cujuslibet</strong></span> 
     </span>
    </p>
   </div>
   <div class='ocr_carea' id='block_1_22' title="bbox 539 2142 3822 2218">
    <p class='ocr_par' dir='ltr' id='par_1_22' title="bbox 539 2142 3822 2218">
     <span class='ocr_line' id='line_1_22' title="bbox 539 2142 3822 2218; baseline 0 -22"><span class='ocrx_word' id='word_1_299' title='bbox 539 2142 920 2198; x_wconf 89' lang='lat' dir='ltr'><strong>concordiam.</strong></span> <span class='ocrx_word' id='word_1_300' title='bbox 945 2143 1187 2199; x_wconf 87' lang='lat' dir='ltr'><strong>Proinde</strong></span> <span class='ocrx_word' id='word_1_301' title='bbox 1211 2145 1483 2216; x_wconf 88' lang='lat' dir='ltr'><strong>quoniam</strong></span> <span class='ocrx_word' id='word_1_302' title='bbox 1507 2145 1613 2200; x_wconf 91' lang='lat' dir='ltr'><strong>isto</strong></span> <span class='ocrx_word' id='word_1_303' title='bbox 1639 2147 1810 2202; x_wconf 90' lang='lat' dir='ltr'><strong>verbo</strong></span> <span class='ocrx_word' id='word_1_304' title='bbox 1837 2147 2172 2218; x_wconf 87' lang='lat' dir='ltr'><strong>frequenter</strong></span> <span class='ocrx_word' id='word_1_305' title='bbox 2271 2143 2533 2197; x_wconf 87' lang='lat' dir='ltr'><strong>amicitiis</strong></span> <span class='ocrx_word' id='word_1_306' title='bbox 2559 2160 2723 2214; x_wconf 91' lang='lat' dir='ltr'><strong>posse</strong></span> <span class='ocrx_word' id='word_1_307' title='bbox 2753 2144 3069 2216; x_wconf 88' lang='lat' dir='ltr'><strong>subripere,</strong></span> <span class='ocrx_word' id='word_1_308' title='bbox 3099 2145 3237 2217; x_wconf 89' lang='lat' dir='ltr'><strong>quia</strong></span> <span class='ocrx_word' id='word_1_309' title='bbox 3262 2161 3450 2217; x_wconf 90' lang='lat' dir='ltr'><strong>neque</strong></span> <span class='ocrx_word' id='word_1_310' title='bbox 3487 2162 3576 2200; x_wconf 90' lang='lat' dir='ltr'><strong>vos</strong></span> <span class='ocrx_word' id='word_1_311' title='bbox 3607 2145 3676 2199; x_wconf 86' lang='lat' dir='ltr'><strong>ita</strong></span> <span class='ocrx_word' id='word_1_312' title='bbox 3696 2142 3822 2197; x_wconf 82' lang='lat' dir='ltr'><strong>subti-</strong></span> 
     </span>
    </p>
   </div>
   <div class='ocr_carea' id='block_1_23' title="bbox 537 2236 3822 2311">
    <p class='ocr_par' dir='ltr' id='par_1_23' title="bbox 537 2236 3822 2311">
     <span class='ocr_line' id='line_1_23' title="bbox 537 2236 3822 2311; baseline 0.001 -21"><span class='ocrx_word' id='word_1_313' title='bbox 537 2236 790 2302; x_wconf 90' lang='lat' dir='ltr'><strong>utimini,</strong></span> <span class='ocrx_word' id='word_1_314' title='bbox 820 2237 959 2308; x_wconf 90' lang='lat' dir='ltr'><strong>quid</strong></span> <span class='ocrx_word' id='word_1_315' title='bbox 986 2238 1088 2292; x_wconf 92' lang='lat' dir='ltr'><strong>sibi</strong></span> <span class='ocrx_word' id='word_1_316' title='bbox 1121 2239 1256 2294; x_wconf 89' lang='lat' dir='ltr'><strong>velit</strong></span> <span class='ocrx_word' id='word_1_317' title='bbox 1283 2241 1596 2310; x_wconf 83' lang='lat' dir='ltr'><strong>explorem.</strong></span> <span class='ocrx_word' id='word_1_318' title='bbox 1630 2241 1857 2311; x_wconf 90' lang='lat' dir='ltr'><strong>Optima</strong></span> <span class='ocrx_word' id='word_1_319' title='bbox 1885 2241 2041 2296; x_wconf 89' lang='lat' dir='ltr'><strong>enim</strong></span> <span class='ocrx_word' id='word_1_320' title='bbox 2073 2242 2172 2297; x_wconf 89' lang='lat' dir='ltr'><strong>illa</strong></span> <span class='ocrx_word' id='word_1_321' title='bbox 2270 2237 2349 2292; x_wconf 89' lang='lat' dir='ltr'><strong>les</strong></span> <span class='ocrx_word' id='word_1_322' title='bbox 2376 2236 2530 2304; x_wconf 90' lang='lat' dir='ltr'><strong>estis,</strong></span> <span class='ocrx_word' id='word_1_323' title='bbox 2561 2237 2660 2308; x_wconf 87' lang='lat' dir='ltr'><strong>qui</strong></span> <span class='ocrx_word' id='word_1_324' title='bbox 2689 2253 2802 2292; x_wconf 92' lang='lat' dir='ltr'><strong>non</strong></span> <span class='ocrx_word' id='word_1_325' title='bbox 2835 2238 3056 2308; x_wconf 89' lang='lat' dir='ltr'><strong>possitis</strong></span> <span class='ocrx_word' id='word_1_326' title='bbox 3084 2239 3353 2310; x_wconf 80' lang='lat' dir='ltr'><strong>intelligi,</strong></span> <span class='ocrx_word' id='word_1_327' title='bbox 3379 2245 3436 2295; x_wconf 92' lang='lat' dir='ltr'><strong>et</strong></span> <span class='ocrx_word' id='word_1_328' title='bbox 3463 2255 3562 2294; x_wconf 89' lang='lat' dir='ltr'><strong>nos</strong></span> <span class='ocrx_word' id='word_1_329' title='bbox 3585 2239 3822 2310; x_wconf 77' lang='lat' dir='ltr'><strong>prestanto</strong></span> 
     </span>
    </p>
   </div>
   <div class='ocr_carea' id='block_1_24' title="bbox 544 2329 3358 2408">
    <p class='ocr_par' dir='ltr' id='par_1_24' title="bbox 544 2329 3358 2408">
     <span class='ocr_line' id='line_1_24' title="bbox 544 2329 3358 2408; baseline 0.003 -25"><span class='ocrx_word' id='word_1_330' title='bbox 544 2335 629 2384; x_wconf 89' lang='lat' dir='ltr'><strong>est</strong></span> <span class='ocrx_word' id='word_1_331' title='bbox 671 2329 928 2385; x_wconf 86' lang='lat' dir='ltr'><strong>Ecclesie</strong></span> <span class='ocrx_word' id='word_1_332' title='bbox 972 2332 1260 2386; x_wconf 91' lang='lat' dir='ltr'><strong>catholice</strong></span> <span class='ocrx_word' id='word_1_333' title='bbox 1313 2337 1482 2404; x_wconf 89' lang='lat' dir='ltr'><strong>atque</strong></span> <span class='ocrx_word' id='word_1_334' title='bbox 1528 2335 1851 2405; x_wconf 84' lang='lat' dir='ltr'><strong>apostolice</strong></span> <span class='ocrx_word' id='word_1_335' title='bbox 1877 2334 2169 2408; x_wconf 89' lang='lat' dir='ltr'><strong>dispositio</strong></span> <span class='ocrx_word' id='word_1_336' title='bbox 2272 2331 2385 2385; x_wconf 82' lang='lat' dir='ltr'><strong>Deo</strong></span> <span class='ocrx_word' id='word_1_337' title='bbox 2412 2335 2604 2386; x_wconf 77' lang='lat' dir='ltr'><strong>nostro</strong></span> <span class='ocrx_word' id='word_1_338' title='bbox 2633 2347 2750 2386; x_wconf 85' lang='lat' dir='ltr'><strong>non</strong></span> <span class='ocrx_word' id='word_1_339' title='bbox 2784 2331 3046 2402; x_wconf 77' lang='lat' dir='ltr'><strong>reperitis</strong></span> <span class='ocrx_word' id='word_1_340' title='bbox 3077 2331 3358 2388; x_wconf 83' lang='lat' dir='ltr'><strong>incautos.</strong></span> 
     </span>
    </p>
   </div>
   <div class='ocr_carea' id='block_1_25' title="bbox 543 2423 3826 2496">
    <p class='ocr_par' dir='ltr' id='par_1_25' title="bbox 543 2423 3826 2496">
     <span class='ocr_line' id='line_1_25' title="bbox 543 2423 3826 2496; baseline 0.002 -19"><span class='ocrx_word' id='word_1_341' title='bbox 543 2440 671 2494; x_wconf 87' lang='lat' dir='ltr'><strong>que</strong></span> <span class='ocrx_word' id='word_1_342' title='bbox 699 2424 768 2478; x_wconf 91' lang='lat' dir='ltr'><strong>ad</strong></span> <span class='ocrx_word' id='word_1_343' title='bbox 800 2423 1037 2479; x_wconf 90' lang='lat' dir='ltr'><strong>meliora</strong></span> <span class='ocrx_word' id='word_1_344' title='bbox 1057 2425 1405 2496; x_wconf 77' lang='lat' dir='ltr'><strong>proficiendo</strong></span> <span class='ocrx_word' id='word_1_345' title='bbox 1427 2427 1802 2483; x_wconf 85' lang='lat' dir='ltr'><strong>conscendere</strong></span> <span class='ocrx_word' id='word_1_346' title='bbox 1831 2445 1947 2484; x_wconf 91' lang='lat' dir='ltr'><strong>non</strong></span> <span class='ocrx_word' id='word_1_347' title='bbox 1976 2429 2048 2484; x_wconf 93' lang='lat' dir='ltr'><strong>ad</strong></span> <span class='ocrx_word' id='word_1_348' title='bbox 2080 2429 2167 2484; x_wconf 83' lang='lat' dir='ltr'><strong>in-</strong></span> <span class='ocrx_word' id='word_1_349' title='bbox 2343 2424 2543 2478; x_wconf 79' lang='lat' dir='ltr'><strong>Nonne</strong></span> <span class='ocrx_word' id='word_1_350' title='bbox 2571 2424 2756 2478; x_wconf 84' lang='lat' dir='ltr'><strong>missis</strong></span> <span class='ocrx_word' id='word_1_351' title='bbox 2785 2424 2896 2480; x_wconf 86' lang='lat' dir='ltr'><strong>huc</strong></span> <span class='ocrx_word' id='word_1_352' title='bbox 2925 2441 3072 2496; x_wconf 58' lang='lat' dir='ltr'><strong>sepe</strong></span> <span class='ocrx_word' id='word_1_353' title='bbox 3101 2425 3304 2480; x_wconf 74' lang='lat' dir='ltr'><strong>litteris</strong></span> <span class='ocrx_word' id='word_1_354' title='bbox 3331 2425 3608 2481; x_wconf 68' lang='lat' dir='ltr'><strong>indicastis</strong></span> <span class='ocrx_word' id='word_1_355' title='bbox 3632 2438 3826 2480; x_wconf 60' lang='lat' dir='ltr'><strong>eumce-</strong></span> 
     </span>
    </p>
   </div>
   <div class='ocr_carea' id='block_1_26' title="bbox 540 2516 3825 2591">
    <p class='ocr_par' dir='ltr' id='par_1_26' title="bbox 540 2516 3825 2591">
     <span class='ocr_line' id='line_1_26' title="bbox 540 2516 3825 2591; baseline 0.001 -22"><span class='ocrx_word' id='word_1_356' title='bbox 540 2516 745 2571; x_wconf 89' lang='lat' dir='ltr'><strong>feriora</strong></span> <span class='ocrx_word' id='word_1_357' title='bbox 775 2517 1172 2574; x_wconf 91' lang='lat' dir='ltr'><strong>descendendo</strong></span> <span class='ocrx_word' id='word_1_358' title='bbox 1200 2519 1466 2575; x_wconf 82' lang='lat' dir='ltr'><strong>deiicere.</strong></span> <span class='ocrx_word' id='word_1_359' title='bbox 1495 2520 1636 2576; x_wconf 90' lang='lat' dir='ltr'><strong>Cum</strong></span> <span class='ocrx_word' id='word_1_360' title='bbox 1659 2527 1854 2576; x_wconf 88' lang='lat' dir='ltr'><strong>autem</strong></span> <span class='ocrx_word' id='word_1_361' title='bbox 1876 2521 2014 2576; x_wconf 91' lang='lat' dir='ltr'><strong>dicis</strong></span> <span class='ocrx_word' id='word_1_362' title='bbox 2028 2537 2169 2576; x_wconf 85' lang='lat' dir='ltr'><strong>con-</strong></span> <span class='ocrx_word' id='word_1_363' title='bbox 2271 2517 2405 2572; x_wconf 87' lang='lat' dir='ltr'><strong>teris</strong></span> <span class='ocrx_word' id='word_1_364' title='bbox 2453 2517 2733 2572; x_wconf 87' lang='lat' dir='ltr'><strong>hereticis</strong></span> <span class='ocrx_word' id='word_1_365' title='bbox 2763 2533 2858 2572; x_wconf 89' lang='lat' dir='ltr'><strong>vos</strong></span> <span class='ocrx_word' id='word_1_366' title='bbox 2904 2517 3178 2573; x_wconf 87' lang='lat' dir='ltr'><strong>Eutichen</strong></span> <span class='ocrx_word' id='word_1_367' title='bbox 3209 2535 3440 2591; x_wconf 91' lang='lat' dir='ltr'><strong>quoque</strong></span> <span class='ocrx_word' id='word_1_368' title='bbox 3468 2533 3721 2589; x_wconf 87' lang='lat' dir='ltr'><strong>respuere.</strong></span> <span class='ocrx_word' id='word_1_369' title='bbox 3746 2516 3825 2570; x_wconf 80' lang='lat' dir='ltr'><strong>Hoc</strong></span> 
     </span>
    </p>
   </div>
   <div class='ocr_carea' id='block_1_27' title="bbox 539 2608 3827 2686">
    <p class='ocr_par' dir='ltr' id='par_1_27' title="bbox 539 2608 3827 2686">
     <span class='ocr_line' id='line_1_27' title="bbox 539 2608 3827 2686; baseline 0 -22"><span class='ocrx_word' id='word_1_370' title='bbox 539 2611 810 2666; x_wconf 76' lang='lat' dir='ltr'><strong>scandere</strong></span> <span class='ocrx_word' id='word_1_371' title='bbox 831 2628 935 2667; x_wconf 90' lang='lat' dir='ltr'><strong>nos</strong></span> <span class='ocrx_word' id='word_1_372' title='bbox 959 2612 1165 2668; x_wconf 89' lang='lat' dir='ltr'><strong>debere</strong></span> <span class='ocrx_word' id='word_1_373' title='bbox 1183 2614 1502 2670; x_wconf 90' lang='lat' dir='ltr'><strong>vobiscum.</strong></span> <span class='ocrx_word' id='word_1_374' title='bbox 1535 2615 1769 2670; x_wconf 84' lang='lat' dir='ltr'><strong>Interim</strong></span> <span class='ocrx_word' id='word_1_375' title='bbox 1785 2615 1909 2686; x_wconf 89' lang='lat' dir='ltr'><strong>jam</strong></span> <span class='ocrx_word' id='word_1_376' title='bbox 1935 2632 2054 2683; x_wconf 90' lang='lat' dir='ltr'><strong>vos,</strong></span> <span class='ocrx_word' id='word_1_377' title='bbox 2072 2619 2172 2671; x_wconf 90' lang='lat' dir='ltr'><strong>aut</strong></span> <span class='ocrx_word' id='word_1_378' title='bbox 2273 2610 2318 2664; x_wconf 90' lang='lat' dir='ltr'><strong>si</strong></span> <span class='ocrx_word' id='word_1_379' title='bbox 2337 2626 2555 2676; x_wconf 90' lang='lat' dir='ltr'><strong>verum,</strong></span> <span class='ocrx_word' id='word_1_380' title='bbox 2585 2613 2684 2665; x_wconf 89' lang='lat' dir='ltr'><strong>aut</strong></span> <span class='ocrx_word' id='word_1_381' title='bbox 2709 2626 2806 2666; x_wconf 90' lang='lat' dir='ltr'><strong>eos</strong></span> <span class='ocrx_word' id='word_1_382' title='bbox 2842 2610 2941 2682; x_wconf 90' lang='lat' dir='ltr'><strong>qui</strong></span> <span class='ocrx_word' id='word_1_383' title='bbox 2993 2613 3561 2668; x_wconf 87' lang='lat' dir='ltr'><strong>communicaverunt</strong></span> <span class='ocrx_word' id='word_1_384' title='bbox 3588 2608 3827 2666; x_wconf 79' lang='lat' dir='ltr'><strong>Eutichetis</strong></span> 
     </span>
    </p>
   </div>
   <div class='ocr_carea' id='block_1_28' title="bbox 539 2703 3827 2778">
    <p class='ocr_par' dir='ltr' id='par_1_28' title="bbox 539 2703 3827 2778">
     <span class='ocr_line' id='line_1_28' title="bbox 539 2703 3827 2778; baseline -0.001 -20"><span class='ocrx_word' id='word_1_385' title='bbox 539 2703 881 2760; x_wconf 88' lang='lat' dir='ltr'><strong>descendere</strong></span> <span class='ocrx_word' id='word_1_386' title='bbox 957 2711 1056 2760; x_wconf 89' lang='lat' dir='ltr'><strong>aut</strong></span> <span class='ocrx_word' id='word_1_387' title='bbox 1126 2706 1482 2762; x_wconf 88' lang='lat' dir='ltr'><strong>descendisse</strong></span> <span class='ocrx_word' id='word_1_388' title='bbox 1568 2709 1919 2764; x_wconf 87' lang='lat' dir='ltr'><strong>monstratis.</strong></span> <span class='ocrx_word' id='word_1_389' title='bbox 1985 2709 2168 2778; x_wconf 89' lang='lat' dir='ltr'><strong>Unde,</strong></span> <span class='ocrx_word' id='word_1_390' title='bbox 2270 2703 2684 2759; x_wconf 88' lang='lat' dir='ltr'><strong>successoribus</strong></span> <span class='ocrx_word' id='word_1_391' title='bbox 2714 2703 2925 2775; x_wconf 88' lang='lat' dir='ltr'><strong>pariter</strong></span> <span class='ocrx_word' id='word_1_392' title='bbox 2951 2704 3228 2774; x_wconf 75' lang='lat' dir='ltr'><strong>abdicata,</strong></span> <span class='ocrx_word' id='word_1_393' title='bbox 3259 2709 3364 2760; x_wconf 90' lang='lat' dir='ltr'><strong>aut</strong></span> <span class='ocrx_word' id='word_1_394' title='bbox 3407 2705 3630 2761; x_wconf 90' lang='lat' dir='ltr'><strong>aliorum</strong></span> <span class='ocrx_word' id='word_1_395' title='bbox 3656 2717 3827 2775; x_wconf 88' lang='lat' dir='ltr'><strong>quoque</strong></span> 
     </span>
    </p>
   </div>
   <div class='ocr_carea' id='block_1_29' title="bbox 541 2794 3828 2874">
    <p class='ocr_par' dir='ltr' id='par_1_29' title="bbox 541 2794 3828 2874">
     <span class='ocr_line' id='line_1_29' title="bbox 541 2794 3828 2874; baseline -0.001 -24"><span class='ocrx_word' id='word_1_396' title='bbox 541 2813 753 2866; x_wconf 90' lang='lat' dir='ltr'><strong>queso,</strong></span> <span class='ocrx_word' id='word_1_397' title='bbox 782 2800 870 2853; x_wconf 92' lang='lat' dir='ltr'><strong>vel</strong></span> <span class='ocrx_word' id='word_1_398' title='bbox 891 2815 1004 2871; x_wconf 89' lang='lat' dir='ltr'><strong>quo</strong></span> <span class='ocrx_word' id='word_1_399' title='bbox 1030 2800 1140 2854; x_wconf 89' lang='lat' dir='ltr'><strong>ista</strong></span> <span class='ocrx_word' id='word_1_400' title='bbox 1166 2800 1456 2855; x_wconf 82' lang='lat' dir='ltr'><strong>descensio</strong></span> <span class='ocrx_word' id='word_1_401' title='bbox 1495 2801 1622 2857; x_wconf 84' lang='lat' dir='ltr'><strong>est?</strong></span> <span class='ocrx_word' id='word_1_402' title='bbox 1673 2803 1874 2874; x_wconf 87' lang='lat' dir='ltr'><strong>Utique</strong></span> <span class='ocrx_word' id='word_1_403' title='bbox 1905 2818 1970 2856; x_wconf 85' lang='lat' dir='ltr'><strong>ex</strong></span> <span class='ocrx_word' id='word_1_404' title='bbox 2000 2818 2168 2873; x_wconf 88' lang='lat' dir='ltr'><strong>supe-</strong></span> <span class='ocrx_word' id='word_1_405' title='bbox 2272 2797 2675 2852; x_wconf 86' lang='lat' dir='ltr'><strong>hereticorum</strong></span> <span class='ocrx_word' id='word_1_406' title='bbox 2711 2797 3122 2853; x_wconf 88' lang='lat' dir='ltr'><strong>successoribus</strong></span> <span class='ocrx_word' id='word_1_407' title='bbox 3170 2799 3642 2855; x_wconf 89' lang='lat' dir='ltr'><strong>communicantes</strong></span> <span class='ocrx_word' id='word_1_408' title='bbox 3671 2794 3828 2851; x_wconf 83' lang='lat' dir='ltr'><strong>admit-</strong></span> 
     </span>
    </p>
   </div>
   <div class='ocr_carea' id='block_1_30' title="bbox 540 2887 3830 2967">
    <p class='ocr_par' dir='ltr' id='par_1_30' title="bbox 540 2887 3830 2967">
     <span class='ocr_line' id='line_1_30' title="bbox 540 2887 3830 2967; baseline 0.002 -24"><span class='ocrx_word' id='word_1_409' title='bbox 540 2889 676 2944; x_wconf 87' lang='lat' dir='ltr'><strong>riori</strong></span> <span class='ocrx_word' id='word_1_410' title='bbox 705 2893 953 2963; x_wconf 89' lang='lat' dir='ltr'><strong>quodam</strong></span> <span class='ocrx_word' id='word_1_411' title='bbox 979 2894 1103 2948; x_wconf 92' lang='lat' dir='ltr'><strong>loco</strong></span> <span class='ocrx_word' id='word_1_412' title='bbox 1131 2893 1202 2948; x_wconf 89' lang='lat' dir='ltr'><strong>ad</strong></span> <span class='ocrx_word' id='word_1_413' title='bbox 1235 2893 1503 2949; x_wconf 82' lang='lat' dir='ltr'><strong>inferiora</strong></span> <span class='ocrx_word' id='word_1_414' title='bbox 1542 2911 1786 2966; x_wconf 82' lang='lat' dir='ltr'><strong>queque</strong></span> <span class='ocrx_word' id='word_1_415' title='bbox 1829 2895 2114 2967; x_wconf 89' lang='lat' dir='ltr'><strong>deponitis</strong></span> <span class='ocrx_word' id='word_1_416' title='bbox 2137 2912 2172 2950; x_wconf 92' lang='lat' dir='ltr'><strong>a</strong></span> <span class='ocrx_word' id='word_1_417' title='bbox 2270 2889 2396 2945; x_wconf 67' lang='lat' dir='ltr'><strong>tite.</strong></span> <span class='ocrx_word' id='word_1_418' title='bbox 2448 2889 2557 2946; x_wconf 84' lang='lat' dir='ltr'><strong>Sed</strong></span> <span class='ocrx_word' id='word_1_419' title='bbox 2597 2889 2846 2958; x_wconf 81' lang='lat' dir='ltr'><strong>Acaciu8,</strong></span> <span class='ocrx_word' id='word_1_420' title='bbox 2887 2891 3096 2963; x_wconf 82' lang='lat' dir='ltr'><strong>inquiS,</strong></span> <span class='ocrx_word' id='word_1_421' title='bbox 3147 2891 3292 2947; x_wconf 83' lang='lat' dir='ltr'><strong>nihil</strong></span> <span class='ocrx_word' id='word_1_422' title='bbox 3338 2898 3531 2948; x_wconf 78' lang='lat' dir='ltr'><strong>contra</strong></span> <span class='ocrx_word' id='word_1_423' title='bbox 3554 2891 3703 2946; x_wconf 80' lang='lat' dir='ltr'><strong>ﬁdem</strong></span> <span class='ocrx_word' id='word_1_424' title='bbox 3724 2887 3830 2942; x_wconf 72' lang='grc' dir='ltr'>δίειιί</span> 
     </span>
    </p>
   </div>
   <div class='ocr_carea' id='block_1_31' title="bbox 540 2981 3828 3058">
    <p class='ocr_par' dir='ltr' id='par_1_31' title="bbox 540 2981 3828 3058">
     <span class='ocr_line' id='line_1_31' title="bbox 540 2981 3828 3058; baseline 0.003 -22"><span class='ocrx_word' id='word_1_425' title='bbox 540 2981 817 3039; x_wconf 89' lang='lat' dir='ltr'><strong>catholica</strong></span> <span class='ocrx_word' id='word_1_426' title='bbox 841 2986 1256 3058; x_wconf 90' lang='lat' dir='ltr'><strong>apostolicaque</strong></span> <span class='ocrx_word' id='word_1_427' title='bbox 1294 2988 1704 3042; x_wconf 89' lang='lat' dir='ltr'><strong>communione</strong></span> <span class='ocrx_word' id='word_1_428' title='bbox 1738 2989 1808 3044; x_wconf 89' lang='lat' dir='ltr'><strong>ad</strong></span> <span class='ocrx_word' id='word_1_429' title='bbox 1839 2989 2169 3044; x_wconf 84' lang='lat' dir='ltr'><strong>hereticam</strong></span> <span class='ocrx_word' id='word_1_430' title='bbox 2273 2983 2534 3038; x_wconf 82' lang='lat' dir='ltr'><strong>Eutiches</strong></span> <span class='ocrx_word' id='word_1_431' title='bbox 2549 2986 2606 3039; x_wconf 87' lang='lat' dir='ltr'><strong>et</strong></span> <span class='ocrx_word' id='word_1_432' title='bbox 2625 3000 2918 3040; x_wconf 87' lang='lat' dir='ltr'><strong>successor</strong></span> <span class='ocrx_word' id='word_1_433' title='bbox 2936 2985 3057 3056; x_wconf 89' lang='lat' dir='ltr'><strong>ejus</strong></span> <span class='ocrx_word' id='word_1_434' title='bbox 3076 2984 3290 3058; x_wconf 82' lang='lat' dir='ltr'><strong>legitur</strong></span> <span class='ocrx_word' id='word_1_435' title='bbox 3320 2985 3632 3058; x_wconf 86' lang='lat' dir='ltr'><strong>ubicunque</strong></span> <span class='ocrx_word' id='word_1_436' title='bbox 3656 2982 3828 3047; x_wconf 64' lang='lat' dir='ltr'><strong>dixisse,</strong></span> 
     </span>
    </p>
   </div>
   <div class='ocr_carea' id='block_1_32' title="bbox 542 3073 3827 3154">
    <p class='ocr_par' dir='ltr' id='par_1_32' title="bbox 542 3073 3827 3154">
     <span class='ocr_line' id='line_1_32' title="bbox 542 3073 3827 3154; baseline 0.002 -24"><span class='ocrx_word' id='word_1_437' title='bbox 542 3077 985 3150; x_wconf 89' lang='lat' dir='ltr'><strong>damnatamque</strong></span> <span class='ocrx_word' id='word_1_438' title='bbox 1031 3081 1328 3151; x_wconf 89' lang='lat' dir='ltr'><strong>prolapsos</strong></span> <span class='ocrx_word' id='word_1_439' title='bbox 1373 3081 1594 3150; x_wconf 91' lang='lat' dir='ltr'><strong>videtis,</strong></span> <span class='ocrx_word' id='word_1_440' title='bbox 1645 3083 2002 3154; x_wconf 85' lang='lat' dir='ltr'><strong>cognoscitis,</strong></span> <span class='ocrx_word' id='word_1_441' title='bbox 2058 3099 2170 3139; x_wconf 88' lang='lat' dir='ltr'><strong>non</strong></span> <span class='ocrx_word' id='word_1_442' title='bbox 2193 3115 2244 3154; x_wconf 74' lang='grc' dir='ltr'><strong><em>ρ</em></strong></span> <span class='ocrx_word' id='word_1_443' title='bbox 2272 3077 2433 3149; x_wconf 80' lang='lat' dir='ltr'><strong>quasi</strong></span> <span class='ocrx_word' id='word_1_444' title='bbox 2459 3094 2576 3132; x_wconf 89' lang='lat' dir='ltr'><strong>non</strong></span> <span class='ocrx_word' id='word_1_445' title='bbox 2602 3077 2676 3132; x_wconf 87' lang='lat' dir='ltr'><strong>sit</strong></span> <span class='ocrx_word' id='word_1_446' title='bbox 2703 3078 2973 3146; x_wconf 85' lang='lat' dir='ltr'><strong>deterius,</strong></span> <span class='ocrx_word' id='word_1_447' title='bbox 3021 3083 3079 3134; x_wconf 93' lang='lat' dir='ltr'><strong>et</strong></span> <span class='ocrx_word' id='word_1_448' title='bbox 3119 3096 3234 3134; x_wconf 90' lang='lat' dir='ltr'><strong>non</strong></span> <span class='ocrx_word' id='word_1_449' title='bbox 3261 3080 3551 3151; x_wconf 88' lang='lat' dir='ltr'><strong>ignorasse</strong></span> <span class='ocrx_word' id='word_1_450' title='bbox 3577 3073 3827 3137; x_wconf 66' lang='lat' dir='ltr'><strong>veritatem.</strong></span> 
     </span>
    </p>
   </div>
   <div class='ocr_carea' id='block_1_33' title="bbox 539 3168 3829 3247">
    <p class='ocr_par' dir='ltr' id='par_1_33' title="bbox 539 3168 3829 3247">
     <span class='ocr_line' id='line_1_33' title="bbox 539 3168 3829 3247; baseline -0.001 -23"><span class='ocrx_word' id='word_1_451' title='bbox 539 3172 782 3243; x_wconf 84' lang='lat' dir='ltr'><strong>negatis,</strong></span> <span class='ocrx_word' id='word_1_452' title='bbox 812 3175 869 3227; x_wconf 89' lang='lat' dir='ltr'><strong>et</strong></span> <span class='ocrx_word' id='word_1_453' title='bbox 895 3189 1009 3227; x_wconf 91' lang='lat' dir='ltr'><strong>non</strong></span> <span class='ocrx_word' id='word_1_454' title='bbox 1032 3174 1216 3228; x_wconf 83' lang='lat' dir='ltr'><strong>solum</strong></span> <span class='ocrx_word' id='word_1_455' title='bbox 1231 3174 1403 3229; x_wconf 88' lang='lat' dir='ltr'><strong>vosin</strong></span> <span class='ocrx_word' id='word_1_456' title='bbox 1423 3175 1665 3229; x_wconf 80' lang='lat' dir='ltr'><strong>inﬁrmis</strong></span> <span class='ocrx_word' id='word_1_457' title='bbox 1687 3177 1877 3247; x_wconf 73' lang='lat' dir='ltr'><strong>jacere</strong></span> <span class='ocrx_word' id='word_1_458' title='bbox 1905 3177 2166 3246; x_wconf 72' lang='lat' dir='ltr'><strong>delectat,</strong></span> <span class='ocrx_word' id='word_1_459' title='bbox 2196 3168 2248 3189; x_wconf 72' lang='grc' dir='ltr'>ν</span> <span class='ocrx_word' id='word_1_460' title='bbox 2272 3176 2325 3225; x_wconf 93' lang='lat' dir='ltr'><strong>et</strong></span> <span class='ocrx_word' id='word_1_461' title='bbox 2360 3175 2552 3226; x_wconf 90' lang='lat' dir='ltr'><strong>tamen</strong></span> <span class='ocrx_word' id='word_1_462' title='bbox 2593 3171 3041 3227; x_wconf 89' lang='lat' dir='ltr'><strong>communicasse</strong></span> <span class='ocrx_word' id='word_1_463' title='bbox 3083 3173 3340 3228; x_wconf 84' lang='lat' dir='ltr'><strong>veritatis</strong></span> <span class='ocrx_word' id='word_1_464' title='bbox 3366 3172 3618 3229; x_wconf 91' lang='lat' dir='ltr'><strong>inimicis.</strong></span> <span class='ocrx_word' id='word_1_465' title='bbox 3649 3171 3695 3227; x_wconf 89' lang='lat' dir='ltr'><strong>Si</strong></span> <span class='ocrx_word' id='word_1_466' title='bbox 3717 3168 3829 3224; x_wconf 83' lang='lat' dir='ltr'><strong>enim</strong></span> 
     </span>
    </p>
   </div>
   <div class='ocr_carea' id='block_1_34' title="bbox 536 3263 3827 3340">
    <p class='ocr_par' dir='ltr' id='par_1_34' title="bbox 536 3263 3827 3340">
     <span class='ocr_line' id='line_1_34' title="bbox 536 3263 3827 3340; baseline -0.001 -22"><span class='ocrx_word' id='word_1_467' title='bbox 536 3264 633 3318; x_wconf 87' lang='lat' dir='ltr'><strong>sed</strong></span> <span class='ocrx_word' id='word_1_468' title='bbox 661 3265 834 3320; x_wconf 90' lang='lat' dir='ltr'><strong>etiam</strong></span> <span class='ocrx_word' id='word_1_469' title='bbox 860 3266 917 3320; x_wconf 91' lang='lat' dir='ltr'><strong>in</strong></span> <span class='ocrx_word' id='word_1_470' title='bbox 949 3268 1237 3338; x_wconf 90' lang='lat' dir='ltr'><strong>superiore</strong></span> <span class='ocrx_word' id='word_1_471' title='bbox 1269 3275 1564 3323; x_wconf 88' lang='lat' dir='ltr'><strong>manentes</strong></span> <span class='ocrx_word' id='word_1_472' title='bbox 1595 3270 1727 3325; x_wconf 92' lang='lat' dir='ltr'><strong>sede</strong></span> <span class='ocrx_word' id='word_1_473' title='bbox 1767 3271 1934 3324; x_wconf 90' lang='lat' dir='ltr'><strong>vultis</strong></span> <span class='ocrx_word' id='word_1_474' title='bbox 1965 3271 2165 3340; x_wconf 89' lang='lat' dir='ltr'><strong>impel-</strong></span> <span class='ocrx_word' id='word_1_475' title='bbox 2269 3281 2399 3318; x_wconf 84' lang='lat' dir='ltr'><strong>cum</strong></span> <span class='ocrx_word' id='word_1_476' title='bbox 2431 3263 2639 3336; x_wconf 86' lang='lat' dir='ltr'><strong>aliquis</strong></span> <span class='ocrx_word' id='word_1_477' title='bbox 2673 3271 2825 3320; x_wconf 81' lang='lat' dir='ltr'><strong>recte</strong></span> <span class='ocrx_word' id='word_1_478' title='bbox 2856 3267 3084 3336; x_wconf 89' lang='lat' dir='ltr'><strong>sapiens</strong></span> <span class='ocrx_word' id='word_1_479' title='bbox 3109 3266 3180 3322; x_wconf 91' lang='lat' dir='ltr'><strong>de</strong></span> <span class='ocrx_word' id='word_1_480' title='bbox 3207 3266 3321 3322; x_wconf 82' lang='lat' dir='ltr'><strong>fide</strong></span> <span class='ocrx_word' id='word_1_481' title='bbox 3348 3267 3606 3322; x_wconf 86' lang='lat' dir='ltr'><strong>catholica</strong></span> <span class='ocrx_word' id='word_1_482' title='bbox 3627 3276 3827 3319; x_wconf 87' lang='lat' dir='ltr'><strong>commu-</strong></span> 
     </span>
    </p>
   </div>
   <div class='ocr_carea' id='block_1_35' title="bbox 543 3353 3828 3432">
    <p class='ocr_par' dir='ltr' id='par_1_35' title="bbox 543 3353 3828 3432">
     <span class='ocr_line' id='line_1_35' title="bbox 543 3353 3828 3432; baseline 0.002 -22"><span class='ocrx_word' id='word_1_483' title='bbox 543 3358 597 3412; x_wconf 90' lang='lat' dir='ltr'><strong>li.</strong></span> <span class='ocrx_word' id='word_1_484' title='bbox 629 3358 1092 3414; x_wconf 90' lang='lat' dir='ltr'><strong>Condescendere</strong></span> <span class='ocrx_word' id='word_1_485' title='bbox 1122 3378 1226 3416; x_wconf 92' lang='lat' dir='ltr'><strong>nos</strong></span> <span class='ocrx_word' id='word_1_486' title='bbox 1255 3362 1540 3417; x_wconf 91' lang='lat' dir='ltr'><strong>vobiscum</strong></span> <span class='ocrx_word' id='word_1_487' title='bbox 1568 3363 1834 3430; x_wconf 88' lang='lat' dir='ltr'><strong>invitatis,</strong></span> <span class='ocrx_word' id='word_1_488' title='bbox 1868 3363 1941 3417; x_wconf 89' lang='lat' dir='ltr'><strong>ad</strong></span> <span class='ocrx_word' id='word_1_489' title='bbox 1963 3363 2076 3418; x_wconf 90' lang='lat' dir='ltr'><strong>ima</strong></span> <span class='ocrx_word' id='word_1_490' title='bbox 2097 3363 2168 3418; x_wconf 86' lang='lat' dir='ltr'><strong>de</strong></span> <span class='ocrx_word' id='word_1_491' title='bbox 2272 3358 2424 3412; x_wconf 76' lang='lat' dir='ltr'><strong>Ilicet</strong></span> <span class='ocrx_word' id='word_1_492' title='bbox 2450 3357 2558 3412; x_wconf 88' lang='lat' dir='ltr'><strong>illis</strong></span> <span class='ocrx_word' id='word_1_493' title='bbox 2587 3358 2866 3414; x_wconf 68' lang='lat' dir='ltr'><strong>haereticis</strong></span> <span class='ocrx_word' id='word_1_494' title='bbox 2890 3359 3044 3414; x_wconf 87' lang='lat' dir='ltr'><strong>inter</strong></span> <span class='ocrx_word' id='word_1_495' title='bbox 3072 3375 3215 3432; x_wconf 87' lang='lat' dir='ltr'><strong>quos</strong></span> <span class='ocrx_word' id='word_1_496' title='bbox 3254 3360 3583 3415; x_wconf 85' lang='lat' dir='ltr'><strong>Euticheten</strong></span> <span class='ocrx_word' id='word_1_497' title='bbox 3606 3353 3828 3431; x_wconf 65' lang='lat' dir='ltr'><strong>posuistis.</strong></span> 
     </span>
    </p>
   </div>
   <div class='ocr_carea' id='block_1_36' title="bbox 537 3451 3828 3528">
    <p class='ocr_par' dir='ltr' id='par_1_36' title="bbox 537 3451 3828 3528">
     <span class='ocr_line' id='line_1_36' title="bbox 537 3451 3828 3528; baseline 0.005 -24"><span class='ocrx_word' id='word_1_498' title='bbox 537 3452 774 3506; x_wconf 87' lang='lat' dir='ltr'><strong>summis</strong></span> <span class='ocrx_word' id='word_1_499' title='bbox 803 3469 905 3507; x_wconf 90' lang='lat' dir='ltr'><strong>nos</strong></span> <span class='ocrx_word' id='word_1_500' title='bbox 935 3455 1315 3509; x_wconf 87' lang='lat' dir='ltr'><strong>coascendere</strong></span> <span class='ocrx_word' id='word_1_501' title='bbox 1344 3472 1439 3509; x_wconf 92' lang='lat' dir='ltr'><strong>vos</strong></span> <span class='ocrx_word' id='word_1_502' title='bbox 1468 3456 1766 3511; x_wconf 90' lang='lat' dir='ltr'><strong>nobiscum</strong></span> <span class='ocrx_word' id='word_1_503' title='bbox 1793 3473 2062 3528; x_wconf 84' lang='lat' dir='ltr'><strong>rogamus</strong></span> <span class='ocrx_word' id='word_1_504' title='bbox 2097 3457 2168 3512; x_wconf 89' lang='lat' dir='ltr'><strong>ad</strong></span> <span class='ocrx_word' id='word_1_505' title='bbox 2272 3451 2354 3505; x_wconf 69' lang='lat' dir='ltr'><strong>vel</strong></span> <span class='ocrx_word' id='word_1_506' title='bbox 2377 3451 2791 3506; x_wconf 66' lang='lat' dir='ltr'><strong>successoribus</strong></span> <span class='ocrx_word' id='word_1_507' title='bbox 2817 3468 3041 3520; x_wconf 68' lang='grc' dir='ltr'><strong>θοτιιων</strong></span> <span class='ocrx_word' id='word_1_508' title='bbox 3076 3469 3194 3508; x_wconf 72' lang='lat' dir='ltr'><strong>non</strong></span> <span class='ocrx_word' id='word_1_509' title='bbox 3235 3459 3323 3509; x_wconf 71' lang='lat' dir='ltr'><strong>est</strong></span> <span class='ocrx_word' id='word_1_510' title='bbox 3367 3455 3450 3508; x_wconf 68' lang='lat' dir='ltr'><strong>fas</strong></span> <span class='ocrx_word' id='word_1_511' title='bbox 3484 3470 3574 3508; x_wconf 74' lang='lat'><strong>805</strong></span> <span class='ocrx_word' id='word_1_512' title='bbox 3610 3453 3735 3506; x_wconf 70' lang='grc' dir='ltr'><strong>ίηίθτ</strong></span> <span class='ocrx_word' id='word_1_513' title='bbox 3765 3461 3828 3500; x_wconf 63' lang='grc'><strong>⁸⁸·</strong></span> 
     </span>
    </p>
   </div>
   <div class='ocr_carea' id='block_1_37' title="bbox 540 3539 3830 3620">
    <p class='ocr_par' dir='ltr' id='par_1_37' title="bbox 540 3539 3830 3620">
     <span class='ocr_line' id='line_1_37' title="bbox 540 3539 3830 3620; baseline 0.002 -22"><span class='ocrx_word' id='word_1_514' title='bbox 540 3561 769 3600; x_wconf 82' lang='lat' dir='ltr'><strong>summa</strong></span> <span class='ocrx_word' id='word_1_515' title='bbox 794 3546 862 3601; x_wconf 92' lang='lat' dir='ltr'><strong>de</strong></span> <span class='ocrx_word' id='word_1_516' title='bbox 895 3546 1044 3602; x_wconf 90' lang='lat' dir='ltr'><strong>imis.</strong></span> <span class='ocrx_word' id='word_1_517' title='bbox 1072 3550 1230 3602; x_wconf 90' lang='lat' dir='ltr'><strong>Nunc</strong></span> <span class='ocrx_word' id='word_1_518' title='bbox 1262 3549 1438 3620; x_wconf 86' lang='lat' dir='ltr'><strong>igitur</strong></span> <span class='ocrx_word' id='word_1_519' title='bbox 1466 3555 1768 3620; x_wconf 90' lang='lat' dir='ltr'><strong>conspectu</strong></span> <span class='ocrx_word' id='word_1_520' title='bbox 1803 3550 1951 3604; x_wconf 91' lang='lat' dir='ltr'><strong>illius</strong></span> <span class='ocrx_word' id='word_1_521' title='bbox 1991 3551 2170 3604; x_wconf 80' lang='lat' dir='ltr'><strong>excel-</strong></span> <span class='ocrx_word' id='word_1_522' title='bbox 2270 3544 2608 3599; x_wconf 73' lang='lat' dir='ltr'><strong>thOIicorum</strong></span> <span class='ocrx_word' id='word_1_523' title='bbox 2641 3545 2845 3600; x_wconf 75' lang='lat' dir='ltr'><strong>altaria</strong></span> <span class='ocrx_word' id='word_1_524' title='bbox 2885 3545 3200 3602; x_wconf 82' lang='lat' dir='ltr'><strong>nominare.</strong></span> <span class='ocrx_word' id='word_1_525' title='bbox 3245 3548 3323 3601; x_wconf 73' lang='lat' dir='ltr'><strong>Ita</strong></span> <span class='ocrx_word' id='word_1_526' title='bbox 3353 3563 3426 3602; x_wconf 87' lang='lat' dir='ltr'><strong>ne</strong></span> <span class='ocrx_word' id='word_1_527' title='bbox 3452 3561 3584 3617; x_wconf 82' lang='lat' dir='ltr'><strong>ergo</strong></span> <span class='ocrx_word' id='word_1_528' title='bbox 3609 3543 3736 3599; x_wconf 70' lang='lat' dir='ltr'><strong>illius</strong></span> <span class='ocrx_word' id='word_1_529' title='bbox 3755 3539 3830 3595; x_wconf 65' lang='grc' dir='ltr'><strong>δυ’</strong></span> 
     </span>
    </p>
   </div>
   <div class='ocr_carea' id='block_1_38' title="bbox 541 3637 3830 3714">
    <p class='ocr_par' dir='ltr' id='par_1_38' title="bbox 541 3637 3830 3714">
     <span class='ocr_line' id='line_1_38' title="bbox 541 3637 3830 3714; baseline -0.003 -20"><span class='ocrx_word' id='word_1_530' title='bbox 541 3654 616 3692; x_wconf 88' lang='lat' dir='ltr'><strong>se</strong></span> <span class='ocrx_word' id='word_1_531' title='bbox 640 3637 879 3709; x_wconf 89' lang='lat' dir='ltr'><strong>justitie</strong></span> <span class='ocrx_word' id='word_1_532' title='bbox 915 3641 1132 3711; x_wconf 86' lang='lat' dir='ltr'><strong>judicet</strong></span> <span class='ocrx_word' id='word_1_533' title='bbox 1170 3658 1350 3712; x_wconf 90' lang='lat' dir='ltr'><strong>genus</strong></span> <span class='ocrx_word' id='word_1_534' title='bbox 1387 3643 1725 3710; x_wconf 88' lang='lat' dir='ltr'><strong>humanum,</strong></span> <span class='ocrx_word' id='word_1_535' title='bbox 1757 3643 1882 3714; x_wconf 91' lang='lat' dir='ltr'><strong>quis</strong></span> <span class='ocrx_word' id='word_1_536' title='bbox 1911 3647 2170 3698; x_wconf 91' lang='lat' dir='ltr'><strong>nostrum</strong></span> <span class='ocrx_word' id='word_1_537' title='bbox 2269 3637 2492 3692; x_wconf 89' lang='lat' dir='ltr'><strong>tichetis</strong></span> <span class='ocrx_word' id='word_1_538' title='bbox 2519 3639 2937 3693; x_wconf 88' lang='lat' dir='ltr'><strong>successoribus</strong></span> <span class='ocrx_word' id='word_1_539' title='bbox 2955 3639 3434 3696; x_wconf 89' lang='lat' dir='ltr'><strong>communicando</strong></span> <span class='ocrx_word' id='word_1_540' title='bbox 3453 3639 3612 3694; x_wconf 91' lang='lat' dir='ltr'><strong>simili</strong></span> <span class='ocrx_word' id='word_1_541' title='bbox 3629 3639 3750 3691; x_wconf 83' lang='lat' dir='ltr'><strong>sorte</strong></span> <span class='ocrx_word' id='word_1_542' title='bbox 3769 3640 3830 3686; x_wconf 81' lang='lat' dir='ltr'><strong>te-</strong></span> 
     </span>
    </p>
   </div>
   <div class='ocr_carea' id='block_1_39' title="bbox 539 3724 3830 3805">
    <p class='ocr_par' dir='ltr' id='par_1_39' title="bbox 539 3724 3830 3805">
     <span class='ocr_line' id='line_1_39' title="bbox 539 3724 3830 3805; baseline -0.002 -19"><span class='ocrx_word' id='word_1_543' title='bbox 539 3731 743 3788; x_wconf 89' lang='lat' dir='ltr'><strong>debeat</strong></span> <span class='ocrx_word' id='word_1_544' title='bbox 770 3733 934 3788; x_wconf 90' lang='lat' dir='ltr'><strong>alteri</strong></span> <span class='ocrx_word' id='word_1_545' title='bbox 949 3734 1204 3790; x_wconf 91' lang='lat' dir='ltr'><strong>obedire.</strong></span> <span class='ocrx_word' id='word_1_546' title='bbox 1233 3739 1315 3791; x_wconf 85' lang='lat' dir='ltr'><strong>An</strong></span> <span class='ocrx_word' id='word_1_547' title='bbox 1338 3735 1478 3790; x_wconf 90' lang='lat' dir='ltr'><strong>dicis</strong></span> <span class='ocrx_word' id='word_1_548' title='bbox 1502 3740 1562 3790; x_wconf 90' lang='lat' dir='ltr'><strong>ut</strong></span> <span class='ocrx_word' id='word_1_549' title='bbox 1593 3741 1793 3791; x_wconf 88' lang='lat' dir='ltr'><strong>cetera</strong></span> <span class='ocrx_word' id='word_1_550' title='bbox 1816 3753 1967 3791; x_wconf 90' lang='lat' dir='ltr'><strong>nunc</strong></span> <span class='ocrx_word' id='word_1_551' title='bbox 1995 3737 2168 3792; x_wconf 92' lang='lat' dir='ltr'><strong>omit-</strong></span> <span class='ocrx_word' id='word_1_552' title='bbox 2273 3737 2440 3786; x_wconf 91' lang='lat' dir='ltr'><strong>netur</strong></span> <span class='ocrx_word' id='word_1_553' title='bbox 2470 3731 2771 3787; x_wconf 81' lang='lat' dir='ltr'><strong>obnoxius.</strong></span> <span class='ocrx_word' id='word_1_554' title='bbox 2799 3732 2872 3786; x_wconf 93' lang='lat' dir='ltr'><strong>De</strong></span> <span class='ocrx_word' id='word_1_555' title='bbox 2890 3731 3092 3787; x_wconf 89' lang='lat' dir='ltr'><strong>talibus</strong></span> <span class='ocrx_word' id='word_1_556' title='bbox 3112 3733 3330 3805; x_wconf 90' lang='lat' dir='ltr'><strong>quippe</strong></span> <span class='ocrx_word' id='word_1_557' title='bbox 3349 3733 3720 3788; x_wconf 87' lang='lat' dir='ltr'><strong>convenienter</strong></span> <span class='ocrx_word' id='word_1_558' title='bbox 3734 3724 3830 3782; x_wconf 81' lang='lat' dir='ltr'><strong>dici-</strong></span> 
     </span>
    </p>
   </div>
   <div class='ocr_carea' id='block_1_40' title="bbox 540 3823 3829 3900">
    <p class='ocr_par' dir='ltr' id='par_1_40' title="bbox 540 3823 3829 3900">
     <span class='ocr_line' id='line_1_40' title="bbox 540 3823 3829 3900; baseline -0.002 -22"><span class='ocrx_word' id='word_1_559' title='bbox 540 3831 680 3894; x_wconf 87' lang='lat' dir='ltr'><strong>tam,</strong></span> <span class='ocrx_word' id='word_1_560' title='bbox 713 3827 1006 3884; x_wconf 89' lang='lat' dir='ltr'><strong>descendit</strong></span> <span class='ocrx_word' id='word_1_561' title='bbox 1043 3829 1318 3883; x_wconf 89' lang='lat' dir='ltr'><strong>Dominus</strong></span> <span class='ocrx_word' id='word_1_562' title='bbox 1365 3829 1484 3900; x_wconf 92' lang='lat' dir='ltr'><strong>ipse</strong></span> <span class='ocrx_word' id='word_1_563' title='bbox 1531 3831 1602 3885; x_wconf 91' lang='lat' dir='ltr'><strong>de</strong></span> <span class='ocrx_word' id='word_1_564' title='bbox 1647 3831 1786 3886; x_wconf 81' lang='lat' dir='ltr'><strong>celo</strong></span> <span class='ocrx_word' id='word_1_565' title='bbox 1809 3830 1837 3885; x_wconf 80' lang='lat'><strong>‘?</strong></span> <span class='ocrx_word' id='word_1_566' title='bbox 1877 3831 2174 3886; x_wconf 89' lang='lat' dir='ltr'><strong>Descendit</strong></span> <span class='ocrx_word' id='word_1_567' title='bbox 2271 3831 2404 3880; x_wconf 87' lang='lat' dir='ltr'><strong>tur:</strong></span> <span class='ocrx_word' id='word_1_568' title='bbox 2438 3846 2464 3874; x_wconf 78' lang='grc' dir='ltr'>α</span> <span class='ocrx_word' id='word_1_569' title='bbox 2499 3825 2847 3880; x_wconf 89' lang='lat' dir='ltr'><strong>Descendant</strong></span> <span class='ocrx_word' id='word_1_570' title='bbox 2884 3826 2945 3880; x_wconf 93' lang='lat' dir='ltr'><strong>in</strong></span> <span class='ocrx_word' id='word_1_571' title='bbox 2988 3826 3283 3881; x_wconf 86' lang='lat' dir='ltr'><strong>infernum</strong></span> <span class='ocrx_word' id='word_1_572' title='bbox 3311 3827 3559 3882; x_wconf 90' lang='lat' dir='ltr'><strong>viventes</strong></span> <span class='ocrx_word' id='word_1_573' title='bbox 3594 3823 3732 3893; x_wconf 83' lang='lat' dir='ltr'><strong>(Psal.</strong></span> <span class='ocrx_word' id='word_1_574' title='bbox 3755 3833 3829 3874; x_wconf 68' lang='grc' dir='ltr'><strong>ων.</strong></span> 
     </span>
    </p>
   </div>
   <div class='ocr_carea' id='block_1_41' title="bbox 537 3917 3830 3992">
    <p class='ocr_par' dir='ltr' id='par_1_41' title="bbox 537 3917 3830 3992">
     <span class='ocr_line' id='line_1_41' title="bbox 537 3917 3830 3992; baseline 0.001 -17"><span class='ocrx_word' id='word_1_575' title='bbox 537 3921 722 3991; x_wconf 86' lang='lat' dir='ltr'><strong>plane,</strong></span> <span class='ocrx_word' id='word_1_576' title='bbox 755 3921 856 3976; x_wconf 90' lang='lat' dir='ltr'><strong>sed</strong></span> <span class='ocrx_word' id='word_1_577' title='bbox 895 3927 960 3976; x_wconf 89' lang='lat' dir='ltr'><strong>ut</strong></span> <span class='ocrx_word' id='word_1_578' title='bbox 1001 3922 1295 3978; x_wconf 89' lang='lat' dir='ltr'><strong>hominem</strong></span> <span class='ocrx_word' id='word_1_579' title='bbox 1313 3923 1383 3978; x_wconf 92' lang='lat' dir='ltr'><strong>ab</strong></span> <span class='ocrx_word' id='word_1_580' title='bbox 1418 3940 1612 3979; x_wconf 90' lang='lat' dir='ltr'><strong>errore</strong></span> <span class='ocrx_word' id='word_1_581' title='bbox 1645 3924 1930 3992; x_wconf 90' lang='lat' dir='ltr'><strong>liberaret,</strong></span> <span class='ocrx_word' id='word_1_582' title='bbox 1965 3941 2080 3979; x_wconf 89' lang='lat' dir='ltr'><strong>non</strong></span> <span class='ocrx_word' id='word_1_583' title='bbox 2107 3931 2173 3980; x_wconf 86' lang='lat' dir='ltr'><strong>ut</strong></span> <span class='ocrx_word' id='word_1_584' title='bbox 2277 3917 2378 3988; x_wconf 74' lang='grc'><strong>16),</strong></span> <span class='ocrx_word' id='word_1_585' title='bbox 2411 3939 2438 3967; x_wconf 68' lang='grc' dir='ltr'><strong>η</strong></span> <span class='ocrx_word' id='word_1_586' title='bbox 2471 3917 2570 3989; x_wconf 87' lang='lat' dir='ltr'><strong>qui</strong></span> <span class='ocrx_word' id='word_1_587' title='bbox 2601 3918 2738 3972; x_wconf 86' lang='lat' dir='ltr'><strong>dum</strong></span> <span class='ocrx_word' id='word_1_588' title='bbox 2766 3918 2864 3973; x_wconf 81' lang='lat' dir='ltr'><strong>illa</strong></span> <span class='ocrx_word' id='word_1_589' title='bbox 2891 3918 3023 3985; x_wconf 80' lang='lat' dir='ltr'><strong>Vita,</strong></span> <span class='ocrx_word' id='word_1_590' title='bbox 3052 3935 3165 3990; x_wconf 83' lang='lat' dir='ltr'><strong>qua</strong></span> <span class='ocrx_word' id='word_1_591' title='bbox 3183 3919 3378 3990; x_wconf 87' lang='lat' dir='ltr'><strong>justus</strong></span> <span class='ocrx_word' id='word_1_592' title='bbox 3401 3920 3551 3989; x_wconf 84' lang='lat' dir='ltr'><strong>vivit,</strong></span> <span class='ocrx_word' id='word_1_593' title='bbox 3575 3933 3692 3972; x_wconf 82' lang='lat' dir='ltr'><strong>vera</strong></span> <span class='ocrx_word' id='word_1_594' title='bbox 3707 3917 3830 3983; x_wconf 71' lang='lat' dir='ltr'><strong>atque</strong></span> 
     </span>
    </p>
   </div>
   <div class='ocr_carea' id='block_1_42' title="bbox 538 4011 3832 4089">
    <p class='ocr_par' dir='ltr' id='par_1_42' title="bbox 538 4011 3832 4089">
     <span class='ocr_line' id='line_1_42' title="bbox 538 4011 3832 4089; baseline 0.001 -22"><span class='ocrx_word' id='word_1_595' title='bbox 538 4014 658 4085; x_wconf 87' lang='lat' dir='ltr'><strong>ejus</strong></span> <span class='ocrx_word' id='word_1_596' title='bbox 700 4015 1034 4071; x_wconf 89' lang='lat' dir='ltr'><strong>misceretur</strong></span> <span class='ocrx_word' id='word_1_597' title='bbox 1076 4017 1276 4071; x_wconf 90' lang='lat' dir='ltr'><strong>errori.</strong></span> <span class='ocrx_word' id='word_1_598' title='bbox 1324 4019 1525 4073; x_wconf 88' lang='lat' dir='ltr'><strong>Nonne</strong></span> <span class='ocrx_word' id='word_1_599' title='bbox 1565 4018 1683 4088; x_wconf 87' lang='lat' dir='ltr'><strong>ipse</strong></span> <span class='ocrx_word' id='word_1_600' title='bbox 1712 4019 2074 4089; x_wconf 87' lang='lat' dir='ltr'><strong>premonuit,</strong></span> <span class='ocrx_word' id='word_1_601' title='bbox 2107 4021 2174 4074; x_wconf 90' lang='lat' dir='ltr'><strong>ut</strong></span> <span class='ocrx_word' id='word_1_602' title='bbox 2273 4011 2553 4066; x_wconf 75' lang='lat' dir='ltr'><strong>cathOlica</strong></span> <span class='ocrx_word' id='word_1_603' title='bbox 2605 4015 2884 4082; x_wconf 71' lang='lat' dir='ltr'><strong>putantur</strong></span> <span class='ocrx_word' id='word_1_604' title='bbox 2937 4012 3145 4079; x_wconf 78' lang='lat' dir='ltr'><strong>Vivere,</strong></span> <span class='ocrx_word' id='word_1_605' title='bbox 3195 4019 3433 4085; x_wconf 81' lang='lat' dir='ltr'><strong>repente</strong></span> <span class='ocrx_word' id='word_1_606' title='bbox 3485 4019 3579 4068; x_wconf 85' lang='lat' dir='ltr'><strong>aut</strong></span> <span class='ocrx_word' id='word_1_607' title='bbox 3619 4012 3670 4065; x_wconf 87' lang='lat' dir='ltr'><strong>in</strong></span> <span class='ocrx_word' id='word_1_608' title='bbox 3700 4020 3832 4080; x_wconf 68' lang='grc' dir='ltr'><strong>Ρτουί</strong></span> 
     </span>
    </p>
   </div>
   <div class='ocr_carea' id='block_1_43' title="bbox 537 4101 3834 4178">
    <p class='ocr_par' dir='ltr' id='par_1_43' title="bbox 537 4101 3834 4178">
     <span class='ocr_line' id='line_1_43' title="bbox 537 4101 3834 4178; baseline -0.002 -17"><span class='ocrx_word' id='word_1_609' title='bbox 537 4107 715 4178; x_wconf 88' lang='lat' dir='ltr'><strong>quiin</strong></span> <span class='ocrx_word' id='word_1_610' title='bbox 745 4111 892 4163; x_wconf 92' lang='lat' dir='ltr'><strong>tecto</strong></span> <span class='ocrx_word' id='word_1_611' title='bbox 915 4108 1290 4164; x_wconf 90' lang='lat' dir='ltr'><strong>consisterent</strong></span> <span class='ocrx_word' id='word_1_612' title='bbox 1326 4127 1443 4166; x_wconf 92' lang='lat' dir='ltr'><strong>non</strong></span> <span class='ocrx_word' id='word_1_613' title='bbox 1491 4111 1922 4178; x_wconf 89' lang='lat' dir='ltr'><strong>descenderent,</strong></span> <span class='ocrx_word' id='word_1_614' title='bbox 1960 4127 2061 4166; x_wconf 91' lang='lat' dir='ltr'><strong>nec</strong></span> <span class='ocrx_word' id='word_1_615' title='bbox 2098 4111 2171 4165; x_wconf 88' lang='lat' dir='ltr'><strong>ad</strong></span> <span class='ocrx_word' id='word_1_616' title='bbox 2273 4105 2583 4176; x_wconf 84' lang='lat' dir='ltr'><strong>pravitatis,</strong></span> <span class='ocrx_word' id='word_1_617' title='bbox 2630 4109 2730 4158; x_wconf 83' lang='lat' dir='ltr'><strong>aut</strong></span> <span class='ocrx_word' id='word_1_618' title='bbox 2775 4105 2835 4159; x_wconf 90' lang='lat' dir='ltr'><strong>in</strong></span> <span class='ocrx_word' id='word_1_619' title='bbox 2879 4105 3164 4160; x_wconf 84' lang='lat' dir='ltr'><strong>heretice</strong></span> <span class='ocrx_word' id='word_1_620' title='bbox 3210 4105 3626 4162; x_wconf 89' lang='lat' dir='ltr'><strong>communionis</strong></span> <span class='ocrx_word' id='word_1_621' title='bbox 3665 4101 3834 4158; x_wconf 72' lang='lat' dir='ltr'><strong>inferna</strong></span> 
     </span>
    </p>
   </div>
   <div class='ocr_carea' id='block_1_44' title="bbox 539 4199 3829 4271">
    <p class='ocr_par' dir='ltr' id='par_1_44' title="bbox 539 4199 3829 4271">
     <span class='ocr_line' id='line_1_44' title="bbox 539 4199 3829 4271; baseline 0.001 -19"><span class='ocrx_word' id='word_1_622' title='bbox 539 4217 605 4253; x_wconf 81' lang='lat' dir='ltr'><strong>ea</strong></span> <span class='ocrx_word' id='word_1_623' title='bbox 655 4217 784 4271; x_wconf 88' lang='lat' dir='ltr'><strong>que</strong></span> <span class='ocrx_word' id='word_1_624' title='bbox 828 4202 887 4255; x_wconf 91' lang='lat' dir='ltr'><strong>in</strong></span> <span class='ocrx_word' id='word_1_625' title='bbox 938 4201 1110 4256; x_wconf 89' lang='lat' dir='ltr'><strong>domo</strong></span> <span class='ocrx_word' id='word_1_626' title='bbox 1157 4203 1425 4258; x_wconf 90' lang='lat' dir='ltr'><strong>videntur</strong></span> <span class='ocrx_word' id='word_1_627' title='bbox 1466 4221 1586 4258; x_wconf 88' lang='lat' dir='ltr'><strong>esse</strong></span> <span class='ocrx_word' id='word_1_628' title='bbox 1625 4203 1880 4258; x_wconf 89' lang='lat' dir='ltr'><strong>tollenda</strong></span> <span class='ocrx_word' id='word_1_629' title='bbox 1905 4205 1932 4258; x_wconf 85' lang='lat'><strong>?</strong></span> <span class='ocrx_word' id='word_1_630' title='bbox 1973 4205 2171 4259; x_wconf 81' lang='lat' dir='ltr'><strong>Nonne</strong></span> <span class='ocrx_word' id='word_1_631' title='bbox 2274 4203 2536 4269; x_wconf 71' lang='lat' dir='ltr'><strong>vergunt.</strong></span> <span class='ocrx_word' id='word_1_632' title='bbox 2567 4199 2704 4252; x_wconf 79' lang='lat' dir='ltr'><strong>Ecce</strong></span> <span class='ocrx_word' id='word_1_633' title='bbox 2729 4199 2922 4271; x_wconf 82' lang='lat' dir='ltr'><strong>quales</strong></span> <span class='ocrx_word' id='word_1_634' title='bbox 2947 4199 3169 4255; x_wconf 83' lang='lat' dir='ltr'><strong>Christo</strong></span> <span class='ocrx_word' id='word_1_635' title='bbox 3195 4199 3386 4256; x_wconf 82' lang='lat' dir='ltr'><strong>dicitis</strong></span> <span class='ocrx_word' id='word_1_636' title='bbox 3413 4217 3533 4256; x_wconf 86' lang='lat' dir='ltr'><strong>esse</strong></span> <span class='ocrx_word' id='word_1_637' title='bbox 3560 4205 3829 4270; x_wconf 71' lang='grc' dir='ltr'><strong>ρτεερουθη·</strong></span> 
     </span>
    </p>
   </div>
   <div class='ocr_carea' id='block_1_45' title="bbox 537 4282 3835 4369">
    <p class='ocr_par' dir='ltr' id='par_1_45' title="bbox 537 4282 3835 4369">
     <span class='ocr_line' id='line_1_45' title="bbox 537 4282 3835 4369; baseline 0.003 -24"><span class='ocrx_word' id='word_1_638' title='bbox 537 4309 635 4363; x_wconf 84' lang='lat' dir='ltr'><strong>pro</strong></span> <span class='ocrx_word' id='word_1_639' title='bbox 686 4293 954 4348; x_wconf 92' lang='lat' dir='ltr'><strong>omnibus</strong></span> <span class='ocrx_word' id='word_1_640' title='bbox 1002 4297 1294 4364; x_wconf 85' lang='lat' dir='ltr'><strong>Apostolus</strong></span> <span class='ocrx_word' id='word_1_641' title='bbox 1357 4318 1384 4345; x_wconf 91' lang='grc'><strong>‹‹</strong></span> <span class='ocrx_word' id='word_1_642' title='bbox 1411 4297 1620 4352; x_wconf 89' lang='lat' dir='ltr'><strong>clamat</strong></span> <span class='ocrx_word' id='word_1_643' title='bbox 1663 4313 1830 4363; x_wconf 90' lang='lat' dir='ltr'><strong>unus,</strong></span> <span class='ocrx_word' id='word_1_644' title='bbox 1881 4297 2000 4369; x_wconf 91' lang='lat' dir='ltr'><strong>qui,</strong></span> <span class='ocrx_word' id='word_1_645' title='bbox 2048 4298 2174 4369; x_wconf 91' lang='lat' dir='ltr'><strong>plus</strong></span> <span class='ocrx_word' id='word_1_646' title='bbox 2273 4293 2390 4347; x_wconf 81' lang='lat' dir='ltr'><strong>dos.</strong></span> <span class='ocrx_word' id='word_1_647' title='bbox 2426 4291 2570 4348; x_wconf 85' lang='lat' dir='ltr'><strong>Cum</strong></span> <span class='ocrx_word' id='word_1_648' title='bbox 2599 4291 2692 4347; x_wconf 83' lang='lat' dir='ltr'><strong>ille</strong></span> <span class='ocrx_word' id='word_1_649' title='bbox 2738 4309 2841 4347; x_wconf 84' lang='lat' dir='ltr'><strong>nec</strong></span> <span class='ocrx_word' id='word_1_650' title='bbox 2880 4293 3106 4347; x_wconf 83' lang='lat' dir='ltr'><strong>animas</strong></span> <span class='ocrx_word' id='word_1_651' title='bbox 3140 4299 3364 4348; x_wconf 76' lang='lat' dir='ltr'><strong>nostras</strong></span> <span class='ocrx_word' id='word_1_652' title='bbox 3394 4293 3614 4349; x_wconf 71' lang='lat' dir='ltr'><strong>sibimet</strong></span> <span class='ocrx_word' id='word_1_653' title='bbox 3639 4282 3835 4362; x_wconf 63' lang='grc' dir='ltr'><strong>Ρτωείρίί</strong></span> 
     </span>
    </p>
   </div>
   <div class='ocr_carea' id='block_1_46' title="bbox 2273 4379 3833 4459">
    <p class='ocr_par' dir='ltr' id='par_1_46' title="bbox 2273 4379 3833 4459">
     <span class='ocr_line' id='line_1_46' title="bbox 2273 4379 3833 4459; baseline -0.004 -19"><span class='ocrx_word' id='word_1_654' title='bbox 2273 4385 2560 4457; x_wconf 89' lang='lat' dir='ltr'><strong>anteponi.</strong></span> <span class='ocrx_word' id='word_1_655' title='bbox 2588 4387 2702 4440; x_wconf 90' lang='lat' dir='ltr'><strong>lmo</strong></span> <span class='ocrx_word' id='word_1_656' title='bbox 2733 4391 2788 4440; x_wconf 93' lang='lat' dir='ltr'><strong>et</strong></span> <span class='ocrx_word' id='word_1_657' title='bbox 2813 4386 2998 4442; x_wconf 89' lang='lat' dir='ltr'><strong>adhuc</strong></span> <span class='ocrx_word' id='word_1_658' title='bbox 3019 4387 3276 4458; x_wconf 90' lang='lat' dir='ltr'><strong>queritis</strong></span> <span class='ocrx_word' id='word_1_659' title='bbox 3297 4387 3526 4459; x_wconf 88' lang='lat' dir='ltr'><strong>quando</strong></span> <span class='ocrx_word' id='word_1_660' title='bbox 3551 4384 3704 4441; x_wconf 88' lang='lat' dir='ltr'><strong>fuerit</strong></span> <span class='ocrx_word' id='word_1_661' title='bbox 3723 4379 3833 4434; x_wconf 85' lang='lat' dir='ltr'><strong>dam-</strong></span> 
     </span>
    </p>
   </div>
   <div class='ocr_carea' id='block_1_47' title="bbox 538 4472 3836 4556">
    <p class='ocr_par' dir='ltr' id='par_1_47' title="bbox 538 4472 3836 4556">
     <span class='ocr_line' id='line_1_47' title="bbox 538 4472 3836 4556; baseline 0.002 -22"><span class='ocrx_word' id='word_1_662' title='bbox 538 4479 786 4535; x_wconf 88' lang='lat' dir='ltr'><strong>veritatis</strong></span> <span class='ocrx_word' id='word_1_663' title='bbox 830 4489 1122 4552; x_wconf 86' lang='lat' dir='ltr'><strong>ageretur,</strong></span> <span class='ocrx_word' id='word_1_664' title='bbox 1169 4482 1373 4554; x_wconf 91' lang='lat' dir='ltr'><strong>quibus</strong></span> <span class='ocrx_word' id='word_1_665' title='bbox 1415 4499 1520 4538; x_wconf 91' lang='lat' dir='ltr'><strong>nec</strong></span> <span class='ocrx_word' id='word_1_666' title='bbox 1563 4484 1635 4538; x_wconf 93' lang='lat' dir='ltr'><strong>ad</strong></span> <span class='ocrx_word' id='word_1_667' title='bbox 1666 4485 1866 4540; x_wconf 88' lang='lat' dir='ltr'><strong>horam</strong></span> <span class='ocrx_word' id='word_1_668' title='bbox 1901 4483 2442 4556; x_wconf 73' lang='lat' dir='ltr'><strong>cessimusDnaius</strong></span> <span class='ocrx_word' id='word_1_669' title='bbox 2491 4479 2744 4546; x_wconf 76' lang='lat' dir='ltr'><strong>AcaciUS,</strong></span> <span class='ocrx_word' id='word_1_670' title='bbox 2797 4480 2962 4551; x_wconf 81' lang='lat' dir='ltr'><strong>quasi</strong></span> <span class='ocrx_word' id='word_1_671' title='bbox 3012 4493 3210 4535; x_wconf 76' lang='lat' dir='ltr'><strong>revera</strong></span> <span class='ocrx_word' id='word_1_672' title='bbox 3257 4480 3485 4536; x_wconf 84' lang='lat' dir='ltr'><strong>etiamsi</strong></span> <span class='ocrx_word' id='word_1_673' title='bbox 3523 4495 3646 4536; x_wconf 84' lang='lat' dir='ltr'><strong>eum</strong></span> <span class='ocrx_word' id='word_1_674' title='bbox 3696 4472 3836 4530; x_wconf 55' lang='lat' dir='ltr'><strong>minus</strong></span> 
     </span>
    </p>
   </div>
   <div class='ocr_carea' id='block_1_48' title="bbox 537 4563 3834 4650">
    <p class='ocr_par' dir='ltr' id='par_1_48' title="bbox 537 4563 3834 4650">
     <span class='ocr_line' id='line_1_48' title="bbox 537 4563 3834 4650; baseline -0.002 -22"><span class='ocrx_word' id='word_1_675' title='bbox 537 4573 905 4645; x_wconf 86' lang='lat' dir='ltr'><strong>subjectionis</strong></span> <span class='ocrx_word' id='word_1_676' title='bbox 952 4576 1135 4647; x_wconf 88' lang='lat' dir='ltr'><strong>gratia</strong></span> <span class='ocrx_word' id='word_1_677' title='bbox 1166 4581 1222 4632; x_wconf 89' lang='lat' dir='ltr'><strong>et</strong></span> <span class='ocrx_word' id='word_1_678' title='bbox 1249 4577 1459 4633; x_wconf 89' lang='lat' dir='ltr'><strong>veritas</strong></span> <span class='ocrx_word' id='word_1_679' title='bbox 1491 4578 1784 4650; x_wconf 87' lang='lat' dir='ltr'><strong>Evangelii</strong></span> <span class='ocrx_word' id='word_1_680' title='bbox 1810 4580 2174 4650; x_wconf 88' lang='lat' dir='ltr'><strong>permaneret</strong></span> <span class='ocrx_word' id='word_1_681' title='bbox 2271 4577 2403 4628; x_wconf 90' lang='lat' dir='ltr'><strong>ante</strong></span> <span class='ocrx_word' id='word_1_682' title='bbox 2435 4573 2765 4628; x_wconf 88' lang='lat' dir='ltr'><strong>damnasset</strong></span> <span class='ocrx_word' id='word_1_683' title='bbox 2791 4589 2906 4628; x_wconf 90' lang='lat' dir='ltr'><strong>non</strong></span> <span class='ocrx_word' id='word_1_684' title='bbox 2935 4574 3107 4628; x_wconf 91' lang='lat' dir='ltr'><strong>fuerit</strong></span> <span class='ocrx_word' id='word_1_685' title='bbox 3131 4573 3466 4631; x_wconf 82' lang='lat' dir='ltr'><strong>orthodoxe</strong></span> <span class='ocrx_word' id='word_1_686' title='bbox 3505 4579 3560 4629; x_wconf 90' lang='lat' dir='ltr'><strong>et</strong></span> <span class='ocrx_word' id='word_1_687' title='bbox 3582 4563 3834 4643; x_wconf 69' lang='lat' dir='ltr'><strong>apostolict</strong></span> 
     </span>
    </p>
   </div>
   <div class='ocr_carea' id='block_1_49' title="bbox 536 4661 3832 4744">
    <p class='ocr_par' dir='ltr' id='par_1_49' title="bbox 536 4661 3832 4744">
     <span class='ocr_line' id='line_1_49' title="bbox 536 4661 3832 4744; baseline -0.002 -24"><span class='ocrx_word' id='word_1_688' title='bbox 536 4667 688 4739; x_wconf 89' lang='lat' dir='ltr'><strong>apud</strong></span> <span class='ocrx_word' id='word_1_689' title='bbox 715 4685 810 4723; x_wconf 91' lang='lat' dir='ltr'><strong>vos</strong></span> <span class='ocrx_word' id='word_1_690' title='bbox 833 4669 862 4724; x_wconf 81' lang='lat'><strong>?</strong></span> <span class='ocrx_word' id='word_1_691' title='bbox 905 4669 1117 4725; x_wconf 88' lang='lat' dir='ltr'><strong>Videtis</strong></span> <span class='ocrx_word' id='word_1_692' title='bbox 1153 4671 1440 4727; x_wconf 83' lang='lat' dir='ltr'><strong>caelestem</strong></span> <span class='ocrx_word' id='word_1_693' title='bbox 1466 4672 1799 4744; x_wconf 87' lang='lat' dir='ltr'><strong>Magistrum</strong></span> <span class='ocrx_word' id='word_1_694' title='bbox 1826 4673 2173 4727; x_wconf 83' lang='lat' dir='ltr'><strong>condescen-</strong></span> <span class='ocrx_word' id='word_1_695' title='bbox 2273 4667 2708 4735; x_wconf 84' lang='lat' dir='ltr'><strong>communionis,</strong></span> <span class='ocrx_word' id='word_1_696' title='bbox 2756 4667 2918 4738; x_wconf 91' lang='lat' dir='ltr'><strong>cujus</strong></span> <span class='ocrx_word' id='word_1_697' title='bbox 2956 4667 3359 4738; x_wconf 87' lang='lat' dir='ltr'><strong>prevaricator</strong></span> <span class='ocrx_word' id='word_1_698' title='bbox 3389 4667 3594 4724; x_wconf 83' lang='lat' dir='ltr'><strong>exstitit</strong></span> <span class='ocrx_word' id='word_1_699' title='bbox 3617 4669 3668 4720; x_wconf 86' lang='lat' dir='ltr'><strong>et</strong></span> <span class='ocrx_word' id='word_1_700' title='bbox 3687 4661 3832 4717; x_wconf 83' lang='lat' dir='ltr'><strong>deser-</strong></span> 
     </span>
    </p>
   </div>
   <div class='ocr_carea' id='block_1_50' title="bbox 535 4747 3833 4832">
    <p class='ocr_par' dir='ltr' id='par_1_50' title="bbox 535 4747 3833 4832">
     <span class='ocr_line' id='line_1_50' title="bbox 535 4747 3833 4832; baseline -0.002 -18"><span class='ocrx_word' id='word_1_701' title='bbox 535 4760 670 4816; x_wconf 88' lang='lat' dir='ltr'><strong>dere</strong></span> <span class='ocrx_word' id='word_1_702' title='bbox 725 4763 908 4817; x_wconf 82' lang='lat' dir='ltr'><strong>noxiis</strong></span> <span class='ocrx_word' id='word_1_703' title='bbox 947 4767 1349 4820; x_wconf 85' lang='lat' dir='ltr'><strong>recusantem?</strong></span> <span class='ocrx_word' id='word_1_704' title='bbox 1399 4767 1691 4821; x_wconf 88' lang='lat' dir='ltr'><strong>Postremo</strong></span> <span class='ocrx_word' id='word_1_705' title='bbox 1736 4765 2014 4820; x_wconf 89' lang='lat' dir='ltr'><strong>faciamus</strong></span> <span class='ocrx_word' id='word_1_706' title='bbox 2065 4764 2169 4820; x_wconf 83' lang='lat' dir='ltr'><strong>ali-</strong></span> <span class='ocrx_word' id='word_1_707' title='bbox 2274 4765 2365 4816; x_wconf 91' lang='lat' dir='ltr'><strong>tor</strong></span> <span class='ocrx_word' id='word_1_708' title='bbox 2394 4760 2825 4832; x_wconf 89' lang='lat' dir='ltr'><strong>participatione</strong></span> <span class='ocrx_word' id='word_1_709' title='bbox 2861 4760 3093 4816; x_wconf 88' lang='lat' dir='ltr'><strong>secludi.</strong></span> <span class='ocrx_word' id='word_1_710' title='bbox 3137 4760 3294 4817; x_wconf 90' lang='lat' dir='ltr'><strong>Sicut</strong></span> <span class='ocrx_word' id='word_1_711' title='bbox 3335 4761 3511 4817; x_wconf 89' lang='lat' dir='ltr'><strong>etiam</strong></span> <span class='ocrx_word' id='word_1_712' title='bbox 3538 4756 3744 4832; x_wconf 88' lang='lat' dir='ltr'><strong>quilibet</strong></span> <span class='ocrx_word' id='word_1_713' title='bbox 3765 4747 3833 4821; x_wconf 77' lang='lat' dir='ltr'><strong>qui</strong></span> 
     </span>
    </p>
   </div>
   <div class='ocr_carea' id='block_1_51' title="bbox 540 4842 3833 4929">
    <p class='ocr_par' dir='ltr' id='par_1_51' title="bbox 540 4842 3833 4929">
     <span class='ocr_line' id='line_1_51' title="bbox 540 4842 3833 4929; baseline -0.002 -20"><span class='ocrx_word' id='word_1_714' title='bbox 540 4871 709 4926; x_wconf 89' lang='lat' dir='ltr'><strong>quem</strong></span> <span class='ocrx_word' id='word_1_715' title='bbox 755 4857 1032 4911; x_wconf 90' lang='lat' dir='ltr'><strong>corruisse</strong></span> <span class='ocrx_word' id='word_1_716' title='bbox 1077 4859 1144 4912; x_wconf 91' lang='lat' dir='ltr'><strong>ad</strong></span> <span class='ocrx_word' id='word_1_717' title='bbox 1200 4875 1372 4929; x_wconf 89' lang='lat' dir='ltr'><strong>quem</strong></span> <span class='ocrx_word' id='word_1_718' title='bbox 1399 4859 1832 4929; x_wconf 84' lang='lat' dir='ltr'><strong>benignissime</strong></span> <span class='ocrx_word' id='word_1_719' title='bbox 1878 4859 2174 4913; x_wconf 82' lang='lat' dir='ltr'><strong>sublevan-</strong></span> <span class='ocrx_word' id='word_1_720' title='bbox 2272 4854 2443 4910; x_wconf 89' lang='lat' dir='ltr'><strong>fuerit</strong></span> <span class='ocrx_word' id='word_1_721' title='bbox 2467 4860 2597 4909; x_wconf 88' lang='lat' dir='ltr'><strong>ante</strong></span> <span class='ocrx_word' id='word_1_722' title='bbox 2623 4854 2948 4922; x_wconf 88' lang='lat' dir='ltr'><strong>catholicus,</strong></span> <span class='ocrx_word' id='word_1_723' title='bbox 2979 4855 3300 4926; x_wconf 89' lang='lat' dir='ltr'><strong>cuicunque</strong></span> <span class='ocrx_word' id='word_1_724' title='bbox 3343 4854 3549 4910; x_wconf 87' lang='lat' dir='ltr'><strong>heresi</strong></span> <span class='ocrx_word' id='word_1_725' title='bbox 3577 4842 3833 4907; x_wconf 81' lang='lat' dir='ltr'><strong>communi-</strong></span> 
     </span>
    </p>
   </div>
   <div class='ocr_carea' id='block_1_52' title="bbox 537 4947 3833 5023">
    <p class='ocr_par' dir='ltr' id='par_1_52' title="bbox 537 4947 3833 5023">
     <span class='ocr_line' id='line_1_52' title="bbox 537 4947 3833 5023; baseline -0.005 -20"><span class='ocrx_word' id='word_1_726' title='bbox 537 4949 673 5004; x_wconf 91' lang='lat' dir='ltr'><strong>dum</strong></span> <span class='ocrx_word' id='word_1_727' title='bbox 703 4951 997 5020; x_wconf 89' lang='lat' dir='ltr'><strong>paululum</strong></span> <span class='ocrx_word' id='word_1_728' title='bbox 1030 4952 1316 5022; x_wconf 90' lang='lat' dir='ltr'><strong>quispiam</strong></span> <span class='ocrx_word' id='word_1_729' title='bbox 1343 4951 1477 5007; x_wconf 89' lang='lat' dir='ltr'><strong>velit</strong></span> <span class='ocrx_word' id='word_1_730' title='bbox 1506 4952 1739 5006; x_wconf 85' lang='lat' dir='ltr'><strong>inﬂecti.</strong></span> <span class='ocrx_word' id='word_1_731' title='bbox 1775 4953 1921 5023; x_wconf 85' lang='lat' dir='ltr'><strong>Ergo</strong></span> <span class='ocrx_word' id='word_1_732' title='bbox 1948 4955 2013 5006; x_wconf 90' lang='lat' dir='ltr'><strong>ut</strong></span> <span class='ocrx_word' id='word_1_733' title='bbox 2056 4951 2168 5006; x_wconf 85' lang='lat' dir='ltr'><strong>eri-</strong></span> <span class='ocrx_word' id='word_1_734' title='bbox 2272 4964 2406 5003; x_wconf 89' lang='lat' dir='ltr'><strong>cans</strong></span> <span class='ocrx_word' id='word_1_735' title='bbox 2449 4947 2654 5004; x_wconf 89' lang='lat' dir='ltr'><strong>merito</strong></span> <span class='ocrx_word' id='word_1_736' title='bbox 2686 4948 2979 5019; x_wconf 88' lang='lat' dir='ltr'><strong>judicatur</strong></span> <span class='ocrx_word' id='word_1_737' title='bbox 3025 4965 3059 5002; x_wconf 89' lang='lat' dir='ltr'><strong>a</strong></span> <span class='ocrx_word' id='word_1_738' title='bbox 3085 4952 3279 5004; x_wconf 89' lang='lat' dir='ltr'><strong>nostra</strong></span> <span class='ocrx_word' id='word_1_739' title='bbox 3308 4948 3573 5004; x_wconf 89' lang='lat' dir='ltr'><strong>societate</strong></span> <span class='ocrx_word' id='word_1_740' title='bbox 3600 4951 3833 5000; x_wconf 84' lang='lat' dir='ltr'><strong>removen-</strong></span> 
     </span>
    </p>
   </div>
   <div class='ocr_carea' id='block_1_53' title="bbox 541 5037 3831 5114">
    <p class='ocr_par' dir='ltr' id='par_1_53' title="bbox 541 5037 3831 5114">
     <span class='ocr_line' id='line_1_53' title="bbox 541 5037 3831 5114; baseline 0.001 -18"><span class='ocrx_word' id='word_1_741' title='bbox 541 5048 707 5114; x_wconf 87' lang='lat' dir='ltr'><strong>gatur</strong></span> <span class='ocrx_word' id='word_1_742' title='bbox 724 5043 918 5113; x_wconf 87' lang='lat' dir='ltr'><strong>jacens</strong></span> <span class='ocrx_word' id='word_1_743' title='bbox 948 5045 1314 5099; x_wconf 89' lang='lat' dir='ltr'><strong>miserantem</strong></span> <span class='ocrx_word' id='word_1_744' title='bbox 1354 5045 1617 5100; x_wconf 90' lang='lat' dir='ltr'><strong>convenit</strong></span> <span class='ocrx_word' id='word_1_745' title='bbox 1665 5045 1931 5100; x_wconf 91' lang='lat' dir='ltr'><strong>inclinari</strong></span> <span class='ocrx_word' id='word_1_746' title='bbox 1962 5061 2079 5100; x_wconf 90' lang='lat' dir='ltr'><strong>non</strong></span> <span class='ocrx_word' id='word_1_747' title='bbox 2110 5051 2174 5100; x_wconf 87' lang='lat' dir='ltr'><strong>ut</strong></span> <span class='ocrx_word' id='word_1_748' title='bbox 2273 5043 2394 5110; x_wconf 87' lang='lat' dir='ltr'><strong>dus,</strong></span> <span class='ocrx_word' id='word_1_749' title='bbox 2439 5045 2538 5097; x_wconf 91' lang='lat' dir='ltr'><strong>aut</strong></span> <span class='ocrx_word' id='word_1_750' title='bbox 2573 5041 2632 5097; x_wconf 87' lang='lat' dir='ltr'><strong>in</strong></span> <span class='ocrx_word' id='word_1_751' title='bbox 2669 5041 2765 5096; x_wconf 83' lang='lat' dir='ltr'><strong>tali</strong></span> <span class='ocrx_word' id='word_1_752' title='bbox 2798 5045 2948 5096; x_wconf 89' lang='lat' dir='ltr'><strong>sorte</strong></span> <span class='ocrx_word' id='word_1_753' title='bbox 2980 5041 3279 5098; x_wconf 89' lang='lat' dir='ltr'><strong>defunctus</strong></span> <span class='ocrx_word' id='word_1_754' title='bbox 3304 5042 3460 5098; x_wconf 90' lang='lat' dir='ltr'><strong>inter</strong></span> <span class='ocrx_word' id='word_1_755' title='bbox 3489 5037 3831 5096; x_wconf 68' lang='lat' dir='ltr'><strong>catholicorum</strong></span> 
     </span>
    </p>
   </div>
   <div class='ocr_carea' id='block_1_54' title="bbox 540 5135 3829 5210">
    <p class='ocr_par' dir='ltr' id='par_1_54' title="bbox 540 5135 3829 5210">
     <span class='ocr_line' id='line_1_54' title="bbox 540 5135 3829 5210; baseline -0.001 -20"><span class='ocrx_word' id='word_1_756' title='bbox 540 5151 672 5191; x_wconf 90' lang='lat' dir='ltr'><strong>cum</strong></span> <span class='ocrx_word' id='word_1_757' title='bbox 727 5135 929 5192; x_wconf 90' lang='lat' dir='ltr'><strong>eodem</strong></span> <span class='ocrx_word' id='word_1_758' title='bbox 986 5137 1376 5208; x_wconf 84' lang='lat' dir='ltr'><strong>precipitetur</strong></span> <span class='ocrx_word' id='word_1_759' title='bbox 1431 5139 1489 5192; x_wconf 94' lang='lat' dir='ltr'><strong>in</strong></span> <span class='ocrx_word' id='word_1_760' title='bbox 1547 5139 1788 5194; x_wconf 86' lang='lat' dir='ltr'><strong>foveam.</strong></span> <span class='ocrx_word' id='word_1_761' title='bbox 1841 5139 2019 5210; x_wconf 90' lang='lat' dir='ltr'><strong>Igitur</strong></span> <span class='ocrx_word' id='word_1_762' title='bbox 2068 5155 2174 5210; x_wconf 89' lang='lat' dir='ltr'><strong>per</strong></span> <span class='ocrx_word' id='word_1_763' title='bbox 2273 5135 2510 5191; x_wconf 89' lang='lat' dir='ltr'><strong>nomina</strong></span> <span class='ocrx_word' id='word_1_764' title='bbox 2537 5136 2863 5191; x_wconf 88' lang='lat' dir='ltr'><strong>nullatenus</strong></span> <span class='ocrx_word' id='word_1_765' title='bbox 2889 5136 3518 5207; x_wconf 77' lang='lat' dir='ltr'><strong>computari.Miramur</strong></span> <span class='ocrx_word' id='word_1_766' title='bbox 3544 5140 3710 5189; x_wconf 87' lang='lat' dir='ltr'><strong>tamen</strong></span> <span class='ocrx_word' id='word_1_767' title='bbox 3731 5137 3829 5196; x_wconf 79' lang='lat' dir='ltr'><strong>q||°°</strong></span> 
     </span>
    </p>
   </div>
   <div class='ocr_carea' id='block_1_55' title="bbox 541 5218 3830 5302">
    <p class='ocr_par' dir='ltr' id='par_1_55' title="bbox 541 5218 3830 5302">
     <span class='ocr_line' id='line_1_55' title="bbox 541 5218 3830 5302; baseline -0.003 -18"><span class='ocrx_word' id='word_1_768' title='bbox 541 5229 778 5300; x_wconf 90' lang='lat' dir='ltr'><strong>litteras,</strong></span> <span class='ocrx_word' id='word_1_769' title='bbox 831 5246 974 5302; x_wconf 90' lang='lat' dir='ltr'><strong>quos</strong></span> <span class='ocrx_word' id='word_1_770' title='bbox 1025 5247 1128 5302; x_wconf 89' lang='lat' dir='ltr'><strong>per</strong></span> <span class='ocrx_word' id='word_1_771' title='bbox 1176 5231 1505 5288; x_wconf 87' lang='lat' dir='ltr'><strong>Sinelicium</strong></span> <span class='ocrx_word' id='word_1_772' title='bbox 1534 5232 1830 5288; x_wconf 89' lang='lat' dir='ltr'><strong>diaconem</strong></span> <span class='ocrx_word' id='word_1_773' title='bbox 1852 5232 2173 5288; x_wconf 88' lang='lat' dir='ltr'><strong>destinastis</strong></span> <span class='ocrx_word' id='word_1_774' title='bbox 2273 5229 2445 5284; x_wconf 91' lang='lat' dir='ltr'><strong>modo</strong></span> <span class='ocrx_word' id='word_1_775' title='bbox 2473 5230 2583 5284; x_wconf 91' lang='lat' dir='ltr'><strong>ista</strong></span> <span class='ocrx_word' id='word_1_776' title='bbox 2609 5229 2895 5302; x_wconf 88' lang='lat' dir='ltr'><strong>profertis,</strong></span> <span class='ocrx_word' id='word_1_777' title='bbox 2937 5229 3044 5284; x_wconf 88' lang='lat' dir='ltr'><strong>hoc</strong></span> <span class='ocrx_word' id='word_1_778' title='bbox 3081 5234 3165 5285; x_wconf 92' lang='lat' dir='ltr'><strong>est</strong></span> <span class='ocrx_word' id='word_1_779' title='bbox 3189 5236 3253 5285; x_wconf 92' lang='lat' dir='ltr'><strong>ut</strong></span> <span class='ocrx_word' id='word_1_780' title='bbox 3277 5235 3333 5285; x_wconf 91' lang='lat' dir='ltr'><strong>et</strong></span> <span class='ocrx_word' id='word_1_781' title='bbox 3359 5229 3630 5301; x_wconf 86' lang='lat' dir='ltr'><strong>synodum</strong></span> <span class='ocrx_word' id='word_1_782' title='bbox 3655 5218 3830 5277; x_wconf 78' lang='lat' dir='ltr'><strong>Chalce-</strong></span> 
     </span>
    </p>
   </div>
   <div class='ocr_carea' id='block_1_56' title="bbox 541 5312 3828 5396">
    <p class='ocr_par' dir='ltr' id='par_1_56' title="bbox 541 5312 3828 5396">
     <span class='ocr_line' id='line_1_56' title="bbox 541 5312 3828 5396; baseline -0.002 -19"><span class='ocrx_word' id='word_1_783' title='bbox 541 5323 612 5379; x_wconf 88' lang='lat' dir='ltr'><strong>de</strong></span> <span class='ocrx_word' id='word_1_784' title='bbox 637 5323 726 5378; x_wconf 89' lang='lat' dir='ltr'><strong>his</strong></span> <span class='ocrx_word' id='word_1_785' title='bbox 753 5341 899 5395; x_wconf 90' lang='lat' dir='ltr'><strong>quos</strong></span> <span class='ocrx_word' id='word_1_786' title='bbox 923 5323 1243 5395; x_wconf 88' lang='lat' dir='ltr'><strong>baptizavit,</strong></span> <span class='ocrx_word' id='word_1_787' title='bbox 1285 5342 1427 5396; x_wconf 90' lang='lat' dir='ltr'><strong>quos</strong></span> <span class='ocrx_word' id='word_1_788' title='bbox 1470 5326 1754 5382; x_wconf 89' lang='lat' dir='ltr'><strong>ordinavit</strong></span> <span class='ocrx_word' id='word_1_789' title='bbox 1791 5325 2020 5381; x_wconf 81' lang='lat' dir='ltr'><strong>Aeacius</strong></span> <span class='ocrx_word' id='word_1_790' title='bbox 2048 5341 2169 5380; x_wconf 90' lang='lat' dir='ltr'><strong>ma-</strong></span> <span class='ocrx_word' id='word_1_791' title='bbox 2275 5323 2588 5379; x_wconf 89' lang='lat' dir='ltr'><strong>donensem</strong></span> <span class='ocrx_word' id='word_1_792' title='bbox 2617 5339 2717 5378; x_wconf 90' lang='lat' dir='ltr'><strong>vos</strong></span> <span class='ocrx_word' id='word_1_793' title='bbox 2743 5323 3030 5394; x_wconf 86' lang='lat' dir='ltr'><strong>suscipere</strong></span> <span class='ocrx_word' id='word_1_794' title='bbox 3060 5340 3163 5395; x_wconf 90' lang='lat' dir='ltr'><strong>pro</strong></span> <span class='ocrx_word' id='word_1_795' title='bbox 3192 5323 3301 5380; x_wconf 84' lang='lat' dir='ltr'><strong>ﬁde</strong></span> <span class='ocrx_word' id='word_1_796' title='bbox 3327 5321 3598 5378; x_wconf 86' lang='lat' dir='ltr'><strong>catholica</strong></span> <span class='ocrx_word' id='word_1_797' title='bbox 3624 5312 3828 5389; x_wconf 66' lang='lat' dir='ltr'><strong>proiilel&#39;</strong></span> 
     </span>
    </p>
   </div>
   <div class='ocr_carea' id='block_1_57' title="bbox 532 5404 3830 5492">
    <p class='ocr_par' dir='ltr' id='par_1_57' title="bbox 532 5404 3830 5492">
     <span class='ocr_line' id='line_1_57' title="bbox 532 5404 3830 5492; baseline -0.001 -22"><span class='ocrx_word' id='word_1_798' title='bbox 532 5416 726 5486; x_wconf 88' lang='lat' dir='ltr'><strong>jorum</strong></span> <span class='ocrx_word' id='word_1_799' title='bbox 772 5417 1075 5472; x_wconf 90' lang='lat' dir='ltr'><strong>traditione</strong></span> <span class='ocrx_word' id='word_1_800' title='bbox 1122 5419 1460 5488; x_wconf 82' lang='lat' dir='ltr'><strong>confectam,</strong></span> <span class='ocrx_word' id='word_1_801' title='bbox 1507 5423 1564 5474; x_wconf 92' lang='lat' dir='ltr'><strong>et</strong></span> <span class='ocrx_word' id='word_1_802' title='bbox 1601 5435 1731 5474; x_wconf 90' lang='lat' dir='ltr'><strong>vera</strong></span> <span class='ocrx_word' id='word_1_803' title='bbox 1761 5418 2050 5492; x_wconf 88' lang='lat' dir='ltr'><strong>precipue</strong></span> <span class='ocrx_word' id='word_1_804' title='bbox 2079 5434 2169 5474; x_wconf 88' lang='lat' dir='ltr'><strong>re-</strong></span> <span class='ocrx_word' id='word_1_805' title='bbox 2274 5417 2437 5487; x_wconf 90' lang='lat' dir='ltr'><strong>mini,</strong></span> <span class='ocrx_word' id='word_1_806' title='bbox 2467 5421 2525 5472; x_wconf 91' lang='lat' dir='ltr'><strong>et</strong></span> <span class='ocrx_word' id='word_1_807' title='bbox 2550 5433 2646 5472; x_wconf 90' lang='lat' dir='ltr'><strong>eos</strong></span> <span class='ocrx_word' id='word_1_808' title='bbox 2669 5433 2814 5488; x_wconf 90' lang='lat' dir='ltr'><strong>quos</strong></span> <span class='ocrx_word' id='word_1_809' title='bbox 2838 5416 3130 5472; x_wconf 90' lang='lat' dir='ltr'><strong>damnavit</strong></span> <span class='ocrx_word' id='word_1_810' title='bbox 3155 5417 3494 5473; x_wconf 81' lang='lat' dir='ltr'><strong>sectantium</strong></span> <span class='ocrx_word' id='word_1_811' title='bbox 3514 5404 3830 5470; x_wconf 45' lang='lat' dir='ltr'><strong>communit?</strong></span> 
     </span>
    </p>
   </div>
   <div class='ocr_carea' id='block_1_58' title="bbox 538 5498 3829 5586">
    <p class='ocr_par' dir='ltr' id='par_1_58' title="bbox 538 5498 3829 5586">
     <span class='ocr_line' id='line_1_58' title="bbox 538 5498 3829 5586; baseline -0.001 -23"><span class='ocrx_word' id='word_1_812' title='bbox 538 5509 820 5581; x_wconf 90' lang='lat' dir='ltr'><strong>ligionum</strong></span> <span class='ocrx_word' id='word_1_813' title='bbox 849 5511 1217 5568; x_wconf 89' lang='lat' dir='ltr'><strong>sollicitudini</strong></span> <span class='ocrx_word' id='word_1_814' title='bbox 1255 5518 1454 5568; x_wconf 88' lang='lat' dir='ltr'><strong>vestre</strong></span> <span class='ocrx_word' id='word_1_815' title='bbox 1502 5529 1820 5586; x_wconf 90' lang='lat' dir='ltr'><strong>congruam</strong></span> <span class='ocrx_word' id='word_1_816' title='bbox 1849 5511 2172 5584; x_wconf 85' lang='lat' dir='ltr'><strong>prebemns</strong></span> <span class='ocrx_word' id='word_1_817' title='bbox 2272 5514 2428 5566; x_wconf 88' lang='lat' dir='ltr'><strong>tores</strong></span> <span class='ocrx_word' id='word_1_818' title='bbox 2491 5527 2610 5566; x_wconf 91' lang='lat' dir='ltr'><strong>non</strong></span> <span class='ocrx_word' id='word_1_819' title='bbox 2667 5509 2885 5582; x_wconf 90' lang='lat' dir='ltr'><strong>pariter</strong></span> <span class='ocrx_word' id='word_1_820' title='bbox 2955 5511 3407 5583; x_wconf 88' lang='lat' dir='ltr'><strong>generaliterque</strong></span> <span class='ocrx_word' id='word_1_821' title='bbox 3473 5505 3666 5581; x_wconf 86' lang='lat' dir='ltr'><strong>putetis</strong></span> <span class='ocrx_word' id='word_1_822' title='bbox 3704 5498 3829 5555; x_wconf 61' lang='lat' dir='ltr'><strong>fuisse</strong></span> 
     </span>
    </p>
   </div>
   <div class='ocr_carea' id='block_1_59' title="bbox 543 5597 3829 5678">
    <p class='ocr_par' dir='ltr' id='par_1_59' title="bbox 543 5597 3829 5678">
     <span class='ocr_line' id='line_1_59' title="bbox 543 5597 3829 5678; baseline -0.003 -22"><span class='ocrx_word' id='word_1_823' title='bbox 543 5601 663 5657; x_wconf 89' lang='lat' dir='ltr'><strong>sine</strong></span> <span class='ocrx_word' id='word_1_824' title='bbox 695 5603 1029 5663; x_wconf 82' lang='lat' dir='ltr'><strong>difﬁcultate</strong></span> <span class='ocrx_word' id='word_1_825' title='bbox 1086 5607 1452 5664; x_wconf 87' lang='lat' dir='ltr'><strong>medicinam.</strong></span> <span class='ocrx_word' id='word_1_826' title='bbox 1505 5607 1628 5674; x_wconf 89' lang='lat' dir='ltr'><strong>Quo</strong></span> <span class='ocrx_word' id='word_1_827' title='bbox 1667 5625 1769 5664; x_wconf 91' lang='lat' dir='ltr'><strong>nos</strong></span> <span class='ocrx_word' id='word_1_828' title='bbox 1807 5606 1974 5662; x_wconf 88' lang='lat' dir='ltr'><strong>vultis</strong></span> <span class='ocrx_word' id='word_1_829' title='bbox 2024 5607 2174 5662; x_wconf 90' lang='lat' dir='ltr'><strong>ultra</strong></span> <span class='ocrx_word' id='word_1_830' title='bbox 2273 5605 2587 5660; x_wconf 87' lang='lat' dir='ltr'><strong>damnatos.</strong></span> <span class='ocrx_word' id='word_1_831' title='bbox 2636 5603 2928 5660; x_wconf 89' lang='lat' dir='ltr'><strong>Ostendite</strong></span> <span class='ocrx_word' id='word_1_832' title='bbox 2979 5621 3118 5677; x_wconf 87' lang='lat' dir='ltr'><strong>ergo</strong></span> <span class='ocrx_word' id='word_1_833' title='bbox 3169 5622 3297 5678; x_wconf 86' lang='lat' dir='ltr'><strong>que</strong></span> <span class='ocrx_word' id='word_1_834' title='bbox 3349 5603 3593 5677; x_wconf 83' lang='lat' dir='ltr'><strong>synodus</strong></span> <span class='ocrx_word' id='word_1_835' title='bbox 3635 5597 3688 5652; x_wconf 91' lang='lat' dir='ltr'><strong>in</strong></span> <span class='ocrx_word' id='word_1_836' title='bbox 3727 5601 3829 5647; x_wconf 64' lang='lat' dir='ltr'><strong>una&#39;</strong></span> 
     </span>
    </p>
   </div>
   <div class='ocr_carea' id='block_1_60' title="bbox 543 5693 3826 5771">
    <p class='ocr_par' dir='ltr' id='par_1_60' title="bbox 543 5693 3826 5771">
     <span class='ocr_line' id='line_1_60' title="bbox 543 5693 3826 5771; baseline 0.001 -22"><span class='ocrx_word' id='word_1_837' title='bbox 543 5694 934 5754; x_wconf 83' lang='lat' dir='ltr'><strong>descendere?</strong></span> <span class='ocrx_word' id='word_1_838' title='bbox 1000 5701 1144 5766; x_wconf 85' lang='lat' dir='ltr'><strong>Quid</strong></span> <span class='ocrx_word' id='word_1_839' title='bbox 1197 5703 1449 5758; x_wconf 76' lang='lat' dir='ltr'><strong>tacetis?</strong></span> <span class='ocrx_word' id='word_1_840' title='bbox 1503 5701 1648 5766; x_wconf 90' lang='lat' dir='ltr'><strong>Quid</strong></span> <span class='ocrx_word' id='word_1_841' title='bbox 1705 5700 2172 5756; x_wconf 89' lang='lat' dir='ltr'><strong>verecundamini</strong></span> <span class='ocrx_word' id='word_1_842' title='bbox 2274 5714 2501 5771; x_wconf 90' lang='lat' dir='ltr'><strong>quaque</strong></span> <span class='ocrx_word' id='word_1_843' title='bbox 2551 5698 2753 5754; x_wconf 81' lang='lat' dir='ltr'><strong>heresi</strong></span> <span class='ocrx_word' id='word_1_844' title='bbox 2809 5715 2939 5755; x_wconf 91' lang='lat' dir='ltr'><strong>cum</strong></span> <span class='ocrx_word' id='word_1_845' title='bbox 2971 5699 3262 5756; x_wconf 88' lang='lat' dir='ltr'><strong>erroribus</strong></span> <span class='ocrx_word' id='word_1_846' title='bbox 3290 5709 3633 5754; x_wconf 78' lang='lat' dir='ltr'><strong>successores</strong></span> <span class='ocrx_word' id='word_1_847' title='bbox 3677 5693 3826 5742; x_wconf 75' lang='grc' dir='ltr'><strong>οοιυω</strong></span> 
     </span>
    </p>
   </div>
   <div class='ocr_carea' id='block_1_61' title="bbox 551 5778 3826 5867">
    <p class='ocr_par' dir='ltr' id='par_1_61' title="bbox 551 5778 3826 5867">
     <span class='ocr_line' id='line_1_61' title="bbox 551 5778 3826 5867; baseline 0.001 -29"><span class='ocrx_word' id='word_1_848' title='bbox 551 5786 730 5839; x_wconf 76' lang='lat' dir='ltr'><strong>verbis</strong></span> <span class='ocrx_word' id='word_1_849' title='bbox 781 5792 1098 5861; x_wconf 83' lang='lat' dir='ltr'><strong>exprimere</strong></span> <span class='ocrx_word' id='word_1_850' title='bbox 1145 5795 1296 5866; x_wconf 86' lang='lat' dir='ltr'><strong>quod</strong></span> <span class='ocrx_word' id='word_1_851' title='bbox 1353 5795 1522 5851; x_wconf 83' lang='lat' dir='ltr'><strong>corde</strong></span> <span class='ocrx_word' id='word_1_852' title='bbox 1577 5793 1868 5867; x_wconf 82' lang='lat' dir='ltr'><strong>gestatis?</strong></span> <span class='ocrx_word' id='word_1_853' title='bbox 1920 5795 2042 5866; x_wconf 82' lang='lat' dir='ltr'><strong>Ipsa</strong></span> <span class='ocrx_word' id='word_1_854' title='bbox 2078 5810 2172 5848; x_wconf 89' lang='lat' dir='ltr'><strong>vos</strong></span> <span class='ocrx_word' id='word_1_855' title='bbox 2275 5793 2362 5848; x_wconf 89' lang='lat' dir='ltr'><strong>his</strong></span> <span class='ocrx_word' id='word_1_856' title='bbox 2412 5793 2898 5848; x_wconf 74' lang='lat' dir='ltr'><strong>communicantes</strong></span> <span class='ocrx_word' id='word_1_857' title='bbox 2956 5794 3237 5867; x_wconf 85' lang='lat' dir='ltr'><strong>simulque</strong></span> <span class='ocrx_word' id='word_1_858' title='bbox 3301 5807 3500 5846; x_wconf 83' lang='lat' dir='ltr'><strong>omnes</strong></span> <span class='ocrx_word' id='word_1_859' title='bbox 3561 5802 3660 5842; x_wconf 88' lang='lat' dir='ltr'><strong>non</strong></span> <span class='ocrx_word' id='word_1_860' title='bbox 3715 5778 3826 5830; x_wconf 65' lang='grc' dir='ltr'><strong>ὅλαι·</strong></span> 
     </span>
    </p>
   </div>
  </div>
