4062 6188
186 282 282 336 981

1427 291 1897 347 DECRETALIUM
1934 293 2321 348 COLLECTIO.

3446 305 3551 358 98‘2

180 394 300 455 net,
341 395 398 443 et
445 391 772 461 complices.
825 396 1018 465 Itaque
1071 395 1163 450 ille
1210 400 1394 451 vester
1441 398 1679 453 Aeacius
1722 399 1820 470 qui
1842 402 2138 485 Asionem
2194 402 2408 456 nitatur
2465 406 2740 469 astruere,
2790 407 2963 474 atque
3016 404 3261 460 invicem
3324 406 3553 463 sibimet

181 483 531 538 Eutichianis
572 484 884 540 hmresibus
928 489 1246 544 detestabili
1292 493 1699 546 communione
1731 492 1813 546 fa-

180 580 308 629 ctus
359 584 443 630 est
484 578 762 650 particeps
805 581 874 634 ab
926 582 1128 637 eadem
1171 585 1385 654 synodo
1430 585 1550 639 sine
1593 585 1814 640 dubita-

89 721 104 738 κ
181 670 342 723 tione
383 671 682 726 damnatus
725 677 830 727 est.
866 675 1003 738 Quae
1053 677 1326 730 Eutichen
1373 679 1818 750 Dioscorumque

179 779 315 816 cum
365 766 782 820 successoribus
832 784 1029 822 eorum
1085 769 1284 840 hisque
1329 771 1819 826 communicantes

179 859 456 927 synodico
490 863 684 913 tenore
715 863 1034 930 prostravit.
1058 863 1144 918 Sic
1172 880 1268 918 vos
1299 881 1563 935 sequaces
1593 882 1817 937 quoque

180 967 386 1006 eorum
438 954 802 1008 Timotheum
863 957 1210 1028 Petrumque
1271 958 1437 1012 simili
1493 960 1818 1014 deﬁnitione

180 1049 381 1123 243
400 1051 483 1121 dej
494 1053 620 1105 ecit.
642 1053 885 1106 Proinde
909 1055 952 1108 si
977 1072 1042 1108 ea
1059 1072 1184 1125 quee
1203 1056 1260 1109 in
1279 1059 1494 1126 synodo
1515 1059 1820 1114 Chalcedo-

181 1146 347 1197 nensi
370 1162 476 1215 pro
497 1145 609 1199 ﬁde
638 1151 694 1199 et
720 1148 1121 1202 communione
1149 1151 1422 1205 catholica
1451 1153 1576 1222 lege
1598 1158 1820 1222 aposto-

181 1237 286 1289 lica
341 1238 574 1292 deﬁnita
625 1244 775 1305 sunt,
823 1257 950 1295 vere
994 1247 1262 1313 certeque
1316 1245 1633 1312 sectamini,
1678 1246 1819 1299 sicut

183 1336 373 1383 vestra
399 1332 753 1400 professione
781 1334 1078 1404 multiplici
1107 1336 1453 1403 continetur,
1486 1342 1586 1391 aut
1608 1355 1819 1392 succes-

182 1440 340 1477 sores
364 1425 434 1478 ab
463 1425 558 1480 illa
584 1426 802 1496 synodo
836 1428 1232 1482 damnatorum
1266 1430 1463 1501 hisque
1490 1433 1815 1486 communi-

181 1521 378 1571 cantes
413 1519 660 1588 abjicite,
695 1527 791 1574 aut
822 1522 864 1574 si
894 1523 1029 1576 istos
1060 1523 1358 1577 admittitis
1399 1543 1466 1579 ea
1495 1544 1623 1598 quae
1661 1529 1820 1582 nulla

180 1612 398 1680 synodo
431 1630 529 1682 pro
558 1614 690 1680 ﬁde,
724 1620 781 1668 et
827 1617 1229 1671 communione
1275 1619 1547 1673 catholica
1585 1626 1642 1675 et
1679 1639 1814 1692 apo-

181 1705 384 1759 stolica
414 1711 547 1760 sunt
590 1709 872 1778 perplexa,
902 1727 1014 1763 non
1046 1712 1228 1765 solum
1271 1714 1407 1766 falso
1437 1731 1535 1768 vos
1570 1716 1815 1770 retinere

179 1801 558 1868 perpendilis,
588 1802 682 1854 sed
713 1802 945 1873 insuper
975 1805 1315 1877 labefactare
1343 1808 1652 1875 conamini,
1677 1813 1733 1863 et
1758 1810 1814 1863 in
1838 1781 1892 1853 B

183 1893 583 1947 Eutichianam
606 1894 867 1949 haeresim
889 1896 1007 1951 sine
1028 1901 1428 1954 retractatione
1449 1901 1820 1956 reciditisme-

181 1986 411 2056 ritoque
441 2004 472 2038 a
507 1989 793 2042 catholicis
819 1991 1138 2060 probamini
1165 2010 1283 2047 esse
1309 1994 1539 2060 vitandi,
1572 1996 1723 2066 quia,
1757 2000 1821 2050 ut

181 2081 355 2132 talem
388 2081 766 2150 pestilentiam
809 2088 1086 2154 perpetuo
1127 2103 1422 2156 possemus
1461 2088 1720 2154 evadere,
1755 2106 1820 2143 ea

180 2189 314 2242 quae
341 2180 536 2228 contra
569 2175 748 2245 ipsam
776 2177 845 2230 ab
874 2178 966 2231 illa
1007 2182 1452 2249 congregatione
1488 2186 1818 2236 sanctorum

179 2268 419 2320 Patrum
439 2269 744 2324 salubriter
759 2271 988 2325 decreta
1007 2273 1280 2343 leguntur
1307 2276 1633 2329 nullatenus
1652 2277 1820 2330 muti-

180 2361 374 2426 landa,
423 2379 532 2416 non
584 2363 770 2417 solum
815 2365 960 2419 sedis
1005 2368 1322 2437 apostolica?
1383 2370 1673 2439 praesules,
1721 2370 1818 2424 sed

177 2454 353 2508 etiam
381 2455 756 2511 Orientalium
776 2459 1075 2528 regionum
1093 2459 1367 2515 catlinlice
1383 2479 1657 2517 censuere
1681 2480 1821 2534 pon-

177 2547 382 2602 tiﬁces.
419 2553 500 2602 An
528 2551 755 2604 Petrum
789 2551 971 2606 dicitis
999 2553 1172 2607 fuisse
1200 2559 1530 2625 purgatum,
1553 2557 1642 2610 cui
1670 2573 1821 2612 com—

177 2643 494 2696 municavit
538 2644 788 2708 Aeacius,
840 2663 1041 2700 verum
1096 2648 1500 2702 assertionibus
1564 2651 1814 2705 edocete.

177 2736 294 2789 Hoc
322 2736 624 2802 ostendite,
655 2740 762 2792 hoc
791 2740 1045 2809 probate.
1077 2741 1289 2804 Quibus
1319 2742 1412 2795 ille
1445 2742 1644 2797 modis.
1679 2743 1816 2807 Qui-

175 2831 283 2883 bus
310 2829 404 2883 ille
435 2830 645 2900 regulis
675 2832 746 2886 ab
777 2832 1111 2887 Eutichiana
1143 2834 1317 2888 fuerit
1354 2836 1704 2905 professione
1732 2838 1816 2891 vel

172 2923 587 2978 communione
615 2926 945 2994 mundatus,
974 2933 1034 2980 ut
1061 2944 1192 2981 cum
1223 2927 1280 2981 id
1309 2928 1686 2983 nihilominus
1711 2931 1820 2984 evi-

174 3017 339 3072 denti
385 3033 579 3071 rerum
631 3019 898 3074 claruerit
942 3021 1421 3076 demonstratione
1477 3023 1816 3091 convictum,

176 3112 374 3182 palam
413 3117 720 3183 aperteque
752 3114 973 3183 possitis
1012 3114 1325 3181 advertere,
1356 3121 1454 3171 aut
1481 3132 1579 3170 vos
1614 3116 1817 3171 debere

173 3205 382 3258 cedere
412 3205 653 3269 veritati,
680 3212 774 3260 aut
802 3207 1068 3261 adversus
1094 3209 1243 3262 hanc
1271 3208 1566 3262 manifesta
1589 3209 1818 3264 dimica-

173 3301 334 3351 tione
364 3299 695 3368 contligere,
730 3317 833 3354 nec
864 3301 1019 3354 vobis
1047 3301 1444 3367 blandiamini,
1480 3302 1614 3373 quia
1645 3303 1818 3357 ﬁdem

171 3393 523 3445 catholicam
571 3392 915 3461 proﬁtemini
944 3412 1042 3449 vos
1073 3401 1269 3450 tenere
1299 3396 1395 3466 qui
1429 3395 1676 3450 Euthicis
1714 3413 1816 3450 no-

174 3502 314 3539 men
344 3485 652 3554 adjuvistis,
683 3487 814 3556 quia
859 3504 926 3540 ea
958 3488 1129 3542 veluti
1174 3489 1482 3559 praedicare
1510 3489 1819 3543 videamini

168 3595 307 3649 qua:
340 3579 650 3632 orthodoxa
689 3581 1016 3650 praedicavit
1048 3582 1376 3652 antiquitas.
1407 3583 1623 3636 Clamat
1661 3583 1816 3637 enim

170 3673 336 3725 vobis
364 3672 461 3725 illa
487 3673 816 3742 evangelica
841 3675 1120 3728 sententia
1143 3693 1155 3729 :
1179 3698 1204 3725 «
1228 3681 1333 3730 Aut
1360 3677 1529 3730 facite
1555 3677 1819 3731 arborem

169 3768 393 3819 bonam
427 3772 482 3818 et
529 3767 746 3819 fructus
793 3768 915 3836 ejus
961 3768 1160 3834 bonos,
1193 3773 1292 3822 aut
1338 3769 1507 3824 facite
1557 3770 1816 3824 arborem

173 3861 416 3924 malam,
448 3863 502 3913 et
547 3861 763 3914 fructus
813 3861 935 3930 ejus
983 3862 1164 3916 malos
1191 3864 1405 3930 (Matth.
1450 3881 1546 3931 xu,
1579 3867 1688 3932 33).
1720 3886 1746 3911 »
1775 3867 1818 3918 A

169 3953 460 4006 fructibus
489 3952 644 4007 enim
673 3955 842 4008 arbor
878 3956 1264 4025 cognoscitur,
1293 3957 1350 4010 id
1381 3965 1485 4025 est,
1515 3957 1557 4010 si
1585 3974 1738 4024 voce,
1771 3957 1816 4010 si

170 4047 308 4111 ﬁde,
341 4046 384 4099 si
427 4048 783 4115 professione
824 4048 1095 4103 catholica
1138 4055 1193 4103 et
1231 4051 1535 4120 apostolica
1579 4051 1820 4105 ﬁdeliter

174 4140 567 4210 veraciterque
633 4141 954 4211 gloriamini
1017 4143 1186 4212 hujus
1240 4148 1296 4197 et
1352 4144 1816 4198 communionem

175 4233 437 4304 recipite.
474 4233 533 4287 Si
566 4251 698 4288 vero
730 4235 1125 4289 haereticorum
1159 4237 1369 4290 scilicet
1387 4237 1815 4292 damnatorum-

174 4345 287 4398 qua
318 4327 407 4381 vel
435 4327 522 4380 his
548 4332 646 4381 aut
683 4329 1095 4383 successoribus
1133 4346 1333 4384 eorum
1380 4331 1814 4385 communican-

174 4422 324 4474 tium
350 4421 682 4475 communio
713 4422 871 4475 vobis
902 4423 1108 4492 placet.
1133 4423 1276 4486 Quid
1311 4423 1507 4478 statis?
1534 4424 1679 4488 Quid
1709 4425 1813 4478 cir-

1919 495 2284 566 congruentis
2296 495 2626 550 orthodoxae
2639 497 3004 567 professionis
3015 501 3551 572 communionisque

1920 589 1992 642 sit
2019 589 2240 643 unitas?
2270 589 2420 642 Hanc
2458 590 2602 643 sicut
2627 589 2947 645 dilectionis
2978 594 3090 646 tum
3119 593 3322 648 littera:
3351 595 3550 649 cohor-

1918 686 2133 748 tantur,
2166 682 2308 736 meis
2336 698 2561 752 quoque
2600 683 2946 753 temporibus
2987 686 3280 752 custodiri,
3309 704 3424 758 qua
3454 705 3548 742 va-

1917 776 2031 844 leo,
2061 792 2228 846 prece
2259 776 2496 846 deposco
2534 792 2662 847 quaa
2689 793 2790 847 per
2814 781 2896 831 tot
2928 794 3108 832 annos
3134 779 3206 833 ab
3235 779 3343 834 illis
3369 783 3550 837 Patri-

1918 869 2023 923 bus
2071 869 2335 940 gloriosis
2381 869 2596 923 illibata
2640 870 2962 942 intactaque
3009 877 3223 927 servata
3266 877 3370 929 est.
3422 876 3551 930 Haec

1919 963 2070 1018 enim
2121 969 2224 1029 est,
2266 963 2412 1017 sicut
2455 963 2574 1033 ipse
2623 962 2782 1032 dicis,
2827 980 3000 1035 quam
3047 967 3194 1020 Deus
3240 973 3435 1024 noster
3480 969 3550 1025 de

1919 1057 2183 1110 omnibus
2196 1056 2341 1110 bene
2356 1057 2412 1110 fu
2421 1060 2628 1122 turam,
2645 1062 2702 1111 et
2719 1058 3036 1112 secundum
3053 1076 3217 1114 suam
3229 1062 3523 1118 veritatem
3534 1105 3548 1129 ,

1919 1154 1976 1204 et
2003 1151 2264 1221 regulam
2295 1150 2747 1220 gubernandam,
2777 1154 2834 1205 et
2858 1153 3123 1221 prtescius
3165 1157 3298 1208 ante
3336 1156 3549 1212 consti-

1917 1243 2045 1308 tuit,
2077 1247 2132 1296 et
2162 1242 2396 1313 singulis
2431 1243 2748 1314 quibusque
2787 1245 3140 1316 temporibus
3172 1263 3273 1300 sua
3307 1248 3547 1319 disposi-

1920 1335 2072 1390 tione
2114 1336 2518 1390 convenienter
2554 1337 2784 1407 aptavit.
2834 1339 2960 1392 Haec
3000 1344 3083 1393 est
3127 1339 3382 1394 voluntas
3426 1342 3551 1410 Dei,

1919 1429 2080 1498 cujus
2113 1435 2172 1483 tu
2202 1429 2414 1499 ingeris
2456 1430 2806 1484 mentionem
2839 1447 3014 1501 quam
3046 1448 3154 1502 ego
3189 1449 3418 1505 quoque
3447 1451 3550 1506 pro

1919 1539 2048 1576 meo
2071 1523 2326 1588 modulo,
2345 1540 2516 1594 quem
2539 1525 2814 1578 Dominus
2834 1525 3052 1580 donare
3073 1526 3362 1596 dignetur,
3385 1529 3552 1600 cupio

1920 1633 2150 1687 prorsus
2190 1617 2448 1687 implere,
2477 1621 2542 1671 ut
2569 1634 2682 1670 non
2722 1633 2854 1672 reus
2895 1619 2965 1673 de
3012 1620 3182 1690 hujus
3211 1622 3407 1676 talenti
3436 1639 3547 1676 coa-

1919 1710 2072 1763 lestis
2122 1709 2505 1764 diminutione
2557 1710 2827 1781 reperiar,
2872 1712 2931 1765 in
2977 1712 3085 1767 hoc
3129 1713 3365 1784 talento,
3406 1715 3551 1770 sicut

1918 1805 2036 1875 ipse
2085 1820 2315 1875 quoque
2371 1821 2474 1858 nos
2528 1803 2824 1872 admones,
2878 1805 3294 1861 incrementum
3344 1808 3552 1862 Christi

1919 1899 2141 1968 postulo
2166 1899 2458 1969 consequi,
2489 1903 2545 1952 et
2570 1898 2790 1952 nullum
2823 1915 3052 1968 prorsus
3081 1901 3334 1955 incidere
3365 1901 3546 1955 detri-

1917 1996 2196 2046 mentum.
2225 1992 2358 2046 Hinc
2384 1996 2468 2046 est
2498 1991 2650 2062 quod
2681 1991 2960 2062 prioribus
2993 1992 3310 2048 dilectionis
3331 1999 3443 2048 tua:
3466 1994 3553 2049 lit-

1918 2085 2072 2151 teris,
2101 2085 2242 2139 sicut
2270 2090 2363 2139 tua
2388 2101 2613 2156 quoque
2639 2086 2847 2157 pagina
2867 2086 3206 2157 designavit,
3230 2103 3334 2158 pro
3363 2094 3548 2143 vestra

1919 2180 2135 2249 sumpsi
2170 2179 2346 2233 salute
2386 2179 2690 2244 tristitiam,
2723 2179 2819 2233 ubi
2857 2181 3108 2250 comperi
3136 2181 3284 2252 quod
3314 2185 3438 2236 erat
3457 2198 3550 2237 vo-

1918 2273 2003 2326 bis
2028 2272 2289 2338 noxium,
2319 2276 2377 2326 et
2401 2288 2546 2327 verte
2576 2273 2728 2342 pacis
2756 2274 3109 2328 contrarium
3147 2275 3352 2345 reperi.
3397 2275 3545 2330 Con-

1917 2366 2178 2420 tristatur
2212 2366 2364 2420 enim
2402 2367 2700 2437 Apostolus
2741 2367 2811 2421 de
2850 2383 3045 2422 errore
3091 2368 3460 2437 deviantium,
3494 2374 3553 2425 et

1920 2459 2174 2513 laetitiam
2195 2459 2474 2530 recipitde
2491 2459 2706 2514 eisdem
2723 2477 2822 2514 sua
2841 2461 3242 2531 przedicatione
3262 2463 3548 2532 correctis,

1919 2553 1964 2606 si
2003 2557 2197 2607 autem
2232 2559 2328 2607 tua
2355 2553 2616 2619 charitas,
2644 2560 2708 2608 ut
2749 2554 2906 2621 dixit,
2935 2555 3126 2609 nescio
3167 2571 3414 2626 quorum
3444 2572 3545 2612 ne-

1917 2647 2176 2701 cessitate
2220 2647 2650 2718 constringitur,
2681 2649 2831 2719 quod
2874 2664 3012 2718 pace
3049 2652 3146 2702 tua
3173 2649 3432 2715 dixerim,
3460 2667 3548 2704 sa-

1918 2741 2117 2795 cerdos
2159 2757 2262 2810 pro
2302 2741 2536 2795 veritate
2579 2742 2910 2811 promenda,
2943 2758 3047 2796 nec
3086 2742 3269 2796 facere
3315 2743 3551 2798 deberet

1919 2834 2157 2889 omnino
2183 2850 2295 2888 non
2325 2833 2530 2898 dicere,
2558 2833 2834 2905 ignoscite
2861 2834 3022 2888 nobis
3048 2835 3374 2890 hominibus
3401 2835 3552 2890 timi-

1919 2927 2185 2994 dissimis,
2215 2927 2261 2981 si
2290 2927 2623 2982 cohortante
2653 2945 2755 2982 nos
2783 2927 3046 2996 terribili,
3073 2932 3130 2982 et
3153 2917 3329 2982 divini
3345 2928 3552 3000 judicii

1920 3021 2122 3093 grandi
2167 3021 2495 3076 necessitate
2540 3022 3013 3093 constringimur,
3043 3022 3188 3076 sicut
3219 3022 3551 3093 qualescun-

1867 3150 1890 3175 η
1918 3133 2026 3187 que
2055 3116 2340 3170 ministros
2367 3115 2571 3169 Christi
2597 3116 2776 3182 decet,
2805 3133 2907 3170 nos
2945 3116 3166 3170 animas
3198 3120 3418 3170 nostras
3447 3134 3549 3189 po-

1920 3226 2054 3264 nere
2084 3226 2184 3279 pro
2215 3208 2448 3262 veritate
2487 3209 2796 3276 salvandas,
2823 3225 2995 3280 quam
3041 3225 3138 3263 eas
3176 3210 3380 3264 lucrari
3408 3211 3550 3265 velle

1918 3302 2172 3356 veritatis
2196 3301 2574 3356 diminutione
2607 3301 2955 3372 perdendas,
2981 3308 3046 3356 ut
3079 3321 3194 3358 non
3231 3303 3414 3358 dicam
3449 3321 3546 3359 cu-

1911 3395 2147 3466 juslibet
2183 3401 2382 3449 contra
2420 3394 2589 3448 ﬁdem
2634 3395 2807 3448 libitis
2853 3395 3219 3451 abdicandas.
3253 3399 3376 3452 ἰδίω
3407 3397 3552 3452 mihi

1917 3495 2049 3542 sunt
2075 3505 2217 3559 quas
2246 3487 2474 3542 dilectio
2514 3491 2611 3541 tua
2647 3488 3015 3542 commendat
3058 3493 3224 3543 certe
3256 3489 3387 3544 ﬁdei
3417 3506 3548 3559 per-

1917 3588 2102 3653 petuae
2127 3599 2256 3636 cum
2283 3599 2348 3636 eo
2380 3581 2704 3652 quicunque
2729 3581 2905 3635 voluit
2929 3581 2988 3635 in
3009 3582 3216 3637 Christi
3246 3582 3550 3638 visceribus

1919 3675 2204 3729 amicitias.
2241 3675 2335 3729 Hic
2367 3692 2479 3729 non
2506 3680 2621 3728 tam
2652 3678 2920 3745 optamus
2950 3676 3203 3746 praeponi
3233 3676 3380 3742 aliis,
3409 3677 3554 3732 sicut

1920 3769 2197 3839 praedicis,
2222 3785 2396 3838 quam
2419 3785 2548 3822 cum
2567 3769 2827 3822 ﬁdelibus
2853 3769 3069 3823 cunctis
3090 3774 3351 3824 sanctum
3365 3773 3422 3824 et
3435 3770 3550 3824 Deo

1921 3863 2187 3932 placitum
2213 3863 2424 3917 habere
2455 3861 2828 3917 consortium.

1990 3957 2114 4010 Haec
2145 3956 2305 4024 mihi,
2333 3973 2505 4027 quam
2536 3955 2770 4010 mandat
2797 3955 3021 4010 dilectio
3061 3959 3179 4022 tua,
3209 3972 3317 4026 pax
3349 3955 3548 4012 solida.

1924 4051 2249 4105 lnconvulsa
2291 4056 2348 4104 et
2390 4050 2658 4121 perennis
2693 4049 2799 4103 hoc
2839 4066 3018 4103 unum
3061 4049 3370 4118 vinculum,
3409 4049 3553 4105 sicut

1919 4145 2090 4198 etiam
2114 4144 2232 4214 ipse
2253 4143 2540 4198 desideras
2566 4144 2958 4215 salutare,quo
2987 4148 3191 4198 cuncta
3213 4143 3361 4197 uniri
3381 4143 3557 4214 possit

1921 4239 2186 4293 Ecclesia.
2239 4239 2351 4292 Hoc
2404 4237 2610 4309 quibus
2658 4249 2744 4292 est
2790 4237 3091 4305 creditum,
3138 4237 3283 4291 sicut
3331 4241 3388 4291 et
3430 4236 3551 4308 ipse

1919 4331 2256 4401 depreceris,
2290 4331 2566 4403 protectio
2609 4331 2801 4386 divina
2839 4330 3114 4402 perﬁciat.
3149 4331 3275 4385 Hec
3311 4333 3398 4384 est
3424 4346 3553 4402 qua:

1923 4449 1946 4470 ‹‹
1979 4426 2124 4478 Deus
2152 4428 2237 4479 est
2267 4425 2513 4479 charitas
2543 4427 2582 4492 (ι
2609 4428 2765 4480 Joan.
2802 4441 2876 4492 iv,
2909 4426 2984 4494 8),
3016 4446 3044 4473 ››
3076 4441 3186 4495 qua
3217 4424 3395 4495 poscis
3429 4445 3457 4473 α
3485 4424 3556 4479 de

169 4514 534 4586 cumspicitis
595 4515 766 4569 simul
813 4521 869 4569 et
914 4532 1113 4570 eorum
1166 4521 1358 4587 aperte
1409 4518 2090 4590 manifestequeDcorde
2130 4534 2273 4588 puro
2316 4523 2370 4572 et
2412 4505 2761 4572 conscientia
2805 4518 2976 4585 bona,
3017 4521 3076 4572 et
3111 4517 3220 4571 ﬁde
3261 4533 3379 4571 non
3425 4516 3556 4571 ﬁcta

171 4609 418 4664 remotis
445 4609 750 4663 obstaculis
781 4609 998 4680 dogma
1029 4611 1342 4665 defendite.
1372 4611 1515 4674 Quid
1543 4612 1697 4666 enim
1721 4613 1813 4682 ju-

173 4704 310 4756 vat?
340 4704 461 4758 lmo
495 4708 550 4756 et
578 4703 709 4756 satis
737 4707 932 4772 gravat
961 4703 1124 4757 dictis
1163 4704 1442 4774 polliceri,
1473 4705 1620 4775 quod
1661 4706 1820 4759 factis

169 4802 427 4866 negatur
445 4801 507 4849 ut
522 4813 637 4851 non
661 4797 844 4851 solum
866 4798 987 4867 ipsa
1008 4814 1112 4868 per
1131 4815 1187 4851 se
1210 4798 1441 4852 haeresis
1464 4799 1815 4866 Eutichiana,

170 4907 357 4961 quam
412 4890 481 4943 sit
530 4892 755 4945 funesta
811 4891 1130 4945 Christiano
1183 4897 1537 4946 sacramento
1595 4893 1819 4962 possitis

172 5001 515 5056 agnoscere,
546 4985 642 5038 sed
687 4988 902 5054 quanta
937 4988 992 5039 et
1038 5002 1213 5055 quam
1253 4985 1443 5056 gravia
1485 4985 1718 5039 haeresis
1759 4987 1818 5039 in

172 5078 261 5132 sui
305 5077 638 5131 deﬁnitione
667 5077 971 5132 contineat.
1006 5080 1145 5133 Ecce
1192 5079 1263 5132 ad
1307 5095 1436 5150 qua:
1474 5095 1575 5134 nos
1617 5079 1817 5150 princi-

169 5172 323 5242 pitia
341 5171 804 5225 condescendere
835 5172 1172 5242 provocatis,
1193 5177 1366 5244 atque
1389 5189 1494 5227 nos
1514 5173 1642 5226 vita?
1663 5180 1820 5228 aeter-

173 5283 268 5320 nae
313 5265 562 5335 pericula
594 5265 799 5336 cupitis
837 5266 1129 5334 inclinare,
1160 5267 1268 5321 hoc
1299 5267 1576 5321 descensu
1607 5267 1819 5322 salvare

171 5363 260 5412 est
292 5363 694 5428 aegrotantem,
724 5376 796 5413 an
839 5376 968 5413 cum
1010 5360 1318 5431 languente
1363 5360 1660 5415 consumi?
1693 5361 1818 5414 Hinc

171 5454 287 5506 erit
304 5452 518 5521 optima
539 5452 837 5522 dispositio
861 5453 955 5506 illa
977 5470 1148 5524 quam
1179 5470 1458 5508 memoras
1484 5454 1819 5524 reparanda:

170 5545 521 5600 concordiae.
553 5551 635 5599 An
667 5546 762 5599 illa
800 5545 1005 5617 potius,
1039 5551 1102 5601 ut
1132 5547 1352 5617 rejectis
1381 5547 1662 5616 contagiis
1688 5563 1818 5618 per-

173 5638 433 5693 ﬁdorum
483 5638 704 5710 integra
744 5638 855 5694 ﬁde
893 5640 1117 5695 sincera
1155 5640 1237 5693 sui
1270 5640 1673 5694 communione
1715 5655 1818 5710 po-

175 5733 355 5786 tiatur
382 5733 718 5788 communio
747 5734 1023 5789 catholica
1047 5737 1217 5807 atque
1251 5733 1559 5804 apostolica
1591 5733 1818 5788 haereti-

175 5843 376 5879 .-nrum
413 5826 542 5881 tabe
569 5827 824 5896 depulsa,
858 5829 1253 5884 intemeratam
1288 5844 1404 5882 sure
1436 5827 1564 5881 ﬁdei
1594 5829 1819 5882 confes-

1919 4613 1965 4676 (Ι
2007 4613 2142 4665 Tim.
2193 4628 2230 4679 ι,
2269 4615 2342 4678 ὃ).
2374 4635 2400 4659 ››
2446 4611 2737 4674 Quomodo
2784 4627 2923 4681 ergo
2967 4611 3036 4665 de
3081 4609 3253 4663 corde
3296 4625 3462 4680 puro,
3505 4609 3553 4663 si

1921 4703 2315 4757 haereticorum
2355 4703 2525 4757 fuerit
2571 4703 2925 4774 participatio
2971 4702 3226 4773 polluta?
3253 4700 3552 4766 Quomodo

1919 4797 2260 4852 conscientia
2286 4797 2458 4862 bona,
2487 4796 2530 4850 si
2558 4797 2838 4852 malorum
2865 4796 3035 4850 fuerit
3073 4795 3398 4850 confusione
3423 4811 3548 4867 per-

1923 4891 2081 4944 mista
2101 4891 2129 4944 ?
2163 4891 2460 4954 Quomodo
2488 4890 2600 4944 ﬁde
2634 4907 2750 4945 non
2778 4890 2926 4956 ﬁcta,
2955 4890 3001 4943 si
3030 4889 3200 4944 fuerit
3229 4889 3396 4943 mista
3422 4905 3552 4944 cum

1923 4984 2194 5054 perfidis?
2221 4986 2355 5048 Quae
2386 4985 2430 5039 si
2462 4984 2769 5056 prudentia
2812 4988 2926 5050 tua,
2957 4983 3100 5038 sicut
3134 4984 3311 5038 Deum
3352 4982 3556 5054 pradi-

1921 5094 2134 5145 camus,
2185 5078 2488 5148 diligenter
2541 5078 2814 5144 advertat,
2872 5077 3141 5148 perspicit
3193 5077 3551 5148 apostolicam

1921 5171 2120 5225 sedem
2151 5189 2265 5226 non
2286 5171 2460 5226 vitare
2490 5189 2711 5243 pacem,
2732 5171 2827 5226 sed
2853 5171 3250 5226 haereticorum
3270 5171 3556 5225 damnato-

1923 5281 2163 5336 rumque
2179 5265 2358 5319 vitare
2388 5265 2644 5337 vestigia.
2677 5266 2814 5330 Quae
2835 5264 3010 5319 etiam
3030 5281 3128 5319 vos
3148 5261 3556 5318 rationabiliter

1921 5358 2209 5414 intuentes
2237 5359 2463 5413 creditis
2491 5359 2952 5430 componendum
2981 5358 3257 5429 populum
3286 5356 3554 5411 Constan-

1924 5453 2384 5524 tinopolitanum,
2415 5460 2529 5508 non
2576 5453 2908 5524 permittere
2952 5448 3280 5505 submoveri
3319 5445 3552 5502 nomine

1922 5547 2292 5616 perﬁdorum.
2323 5546 2600 5611 Quisnam
2628 5547 2734 5601 hoc
2754 5547 2813 5600 in
2842 5543 3088 5599 Ecclesia
3119 5542 3236 5610 Dei,
3260 5555 3450 5612 quasso
3473 5542 3552 5607 te,

1922 5641 2096 5710 possit
2129 5640 2348 5708 audire,
2379 5658 2510 5695 cum
2548 5641 2746 5712 utique
2772 5642 3056 5710 pastorem
3088 5635 3248 5706 sequi
3280 5650 3421 5706 grex
3452 5632 3550 5686 de-

1922 5733 2052 5788 beat
2078 5735 2148 5789 ad
2172 5751 2377 5806 pascua
2404 5734 2671 5788 salutaria
2701 5737 3091 5797 revocantem,
3120 5745 3237 5784 non
3267 5743 3373 5799 per
3390 5724 3552 5781 devia

1927 5844 2157 5898 gregem
2203 5833 2401 5902 pastor
2432 5832 2742 5884 errantem.
2791 5824 2883 5878 Dic
2914 5823 3078 5891 mihi,
3113 5839 3254 5892 rogo
3283 5827 3360 5886 te.
3391 5835 3554 5892 grex,
