4062 6188
583 298 694 348 '983

1493 293 1773 348 APPEND.
1815 293 1902 347 AD
1940 293 2100 346 S/EC.
2145 291 2229 344 IX.
2259 315 2326 328 --
2369 289 2608 344 ISIDORI
2644 290 3068 346 MERCATORIS

3775 304 3852 355 98$

589 417 696 472 pro
735 405 812 469 te,
849 417 922 455 an
964 402 1020 454 te
1057 416 1162 471 pro
1204 415 1378 474 grege
1425 401 1754 457 redditurus
1801 418 1860 458 es
1897 402 2179 457 rationem
2199 404 2227 458 τ
2246 411 2306 484 Α
2326 399 2475 454 duas.
2519 399 2601 453 Ad
2659 399 2926 454 Galathas
2978 397 3216 470 epistola
3261 415 3390 455 una.
3430 401 3511 455 Ad
3549 401 3854 476 Philippenses

587 495 770 561 Certe,
799 495 846 548 si
872 493 1030 548 vobis
1057 494 1164 548 hoc
1199 495 1403 566 placet,
1435 497 1617 551 multo
1650 495 1832 567 magis
1871 513 2037 551 causa
2063 497 2224 552 nobis

592 592 676 642 est
711 588 944 658 justior,
972 589 1071 660 qui
1114 590 1392 660 populum
1436 590 1757 645 Romanum
1787 607 1818 643 a
1847 589 1962 644 ﬁde
1990 590 2085 645 illa
2122 607 2225 646 sua

590 683 880 753 laudabili,
897 684 1185 755 majorum
1205 683 1505 739 traditione
1525 688 1793 755 percepta
1814 683 2098 738 declinare
2122 700 2225 739 nos

591 775 816 846 penitus
857 792 976 831 non
1028 776 1309 832 sinentem
1352 776 1599 832 libenter
1645 776 1982 846 audivimus,
2035 777 2080 831 si
2127 793 2225 832 vos

589 869 1279 942 Constantinopolitanam
1316 870 1542 942 plebem
1572 870 1642 926 ab
1669 871 1936 926 haeretica
1965 887 2224 926 commu-

593 964 764 1020 nione
811 964 1122 1032 discedere,
1153 969 1516 1019 recusantem
1559 980 1676 1019 non
1705 964 1873 1019 vultis
1907 964 2220 1033 offendere,

592 1058 689 1113 sed
717 1074 822 1113 nos
849 1057 1034 1113 dicitis
1058 1058 1266 1113 debere
1297 1058 1547 1129 dirigere
1577 1058 1674 1130 qui
1705 1074 1833 1113 eam
1859 1060 2085 1113 valeant
2109 1058 2221 1113 mi-

588 1151 791 1223 tigare.
819 1151 1109 1216 Quomodo
1138 1169 1232 1207 me
1261 1151 1525 1207 auditura
1553 1156 1638 1208 est
1667 1168 1841 1223 quem
1872 1152 2094 1207 videtur
2117 1153 2221 1207 ha-

588 1245 726 1300 bere
753 1249 1106 1315 suspectum,
1131 1246 1177 1299 si
1204 1246 1473 1315 praesules
1500 1261 1629 1299 suos
1649 1245 1887 1316 despicit
1916 1246 2224 1304 admonen-

593 1342 694 1407 tes,
716 1354 907 1393 nonne
922 1338 1059 1408 ipsis
1087 1338 1353 1410 apostolis
1381 1342 1467 1393 est
1487 1343 1837 1410 praeceptum
1853 1339 1914 1393 in
1937 1339 2224 1410 aliquibus

590 1430 918 1501 regionibus
942 1431 1098 1486 verbi
1136 1431 1537 1502 praedicatione
1579 1448 1697 1487 non
1733 1431 1863 1487 uti?
1889 1431 1955 1486 Ili
1987 1431 2220 1503 quippe,

590 1524 800 1596 inquis,
818 1541 932 1580 non
957 1525 1186 1580 fuerant
1211 1524 1499 1593 audiendi,
1515 1525 1833 1593 veniemus,
1858 1526 2036 1581 frater
2056 1525 2226 1580 Enni-

594 1619 735 1685 ﬁmi,
769 1618 890 1673 sine
921 1618 1271 1674 dubitatione
1297 1618 1592 1674 veniemus
1619 1619 1690 1674 ad
1730 1619 1870 1674 illud
1899 1619 2223 1691 pavendum

589 1712 836 1766 tribunal
861 1712 1088 1779 Christi,
1110 1717 1172 1767 ut
1195 1717 1412 1767 taceam
1439 1713 1575 1784 quia
1600 1729 1669 1768 ex
1692 1714 1800 1768 hoc
1821 1713 1892 1768 sit
1917 1713 2225 1768 metuenda

590 1803 854 1873 vindicta,
887 1809 944 1860 et
971 1779 1475 1860 circumstantibus
1505 1805 1614 1860 illis
1645 1822 1679 1860 a
1710 1805 1916 1877 quibus
1942 1805 2082 1860 ﬁdes
2105 1779 2301 1876 ipsaB

590 1897 822 1953 defensa
856 1900 958 1952 est.
990 1900 1113 1953 Non
1141 1897 1256 1953 illic
1287 1898 1753 1967 inficiationibus,
1788 1915 1902 1954 non
1933 1898 2222 1953 dilationi-

590 1991 712 2059 bus,
748 2007 861 2046 non
888 1991 1303 2046 inclusionibus
1349 1998 1436 2048 est
1466 1993 1780 2064 agendum,
1815 1993 1914 2047 sed
1953 1991 2224 2047 manifes-

593 2085 807 2139 tissime
852 2086 1359 2156 comprobandum,
1389 2089 1585 2140 utrum
1622 2086 1772 2141 beati
1801 2085 1952 2140 Petri
1982 2086 2227 2157 gloriosa

593 2178 872 2233 confessio
907 2179 1177 2250 cuiquam
1223 2196 1423 2234 eorum
1471 2197 1613 2250 quos
1656 2178 1938 2250 regendos
1985 2180 2223 2251 accepit,

591 2271 906 2342 quidquam
934 2271 1278 2326 subtraxerit
1304 2272 1376 2326 ad
1397 2273 1656 2327 salutem.
1678 2275 1764 2326 An
1791 2288 1916 2326 eam
1945 2273 2226 2328 occultare

590 2364 789 2434 nollet,
837 2363 1008 2419 etiam
1056 2381 1186 2419 cum
1236 2381 1337 2419 suo
1379 2365 1634 2436 periculo
1671 2365 1904 2420 rebellis
1950 2365 2229 2421 exstiterit

591 2457 872 2513 obstinata
919 2457 1218 2528 pernicies.
1267 2458 1347 2513 Ibi
1393 2463 1546 2514 certe
1584 2458 1987 2514 dilucidabitur
2033 2461 2226 2514 utrum

591 2567 717 2621 ego,
749 2551 894 2606 sicut
935 2550 1168 2622 putatis,
1207 2551 1468 2620 acerbus,
1514 2569 1700 2624 asper,
1730 2555 1789 2607 et
1829 2552 2003 2607 nimis
2049 2552 2227 2607 durus

590 2643 950 2715 difﬁcilisque
991 2645 1100 2700 sim
1129 2645 1290 2700 vobis
1328 2646 1426 2717 qui
1464 2662 1595 2700 cum
1625 2646 1844 2701 ratione
1868 2649 2112 2700 vestram
2137 2662 2223 2700 sa-

588 2737 764 2792 lutem
791 2738 1062 2808 parturio,
1100 2738 1200 2809 qui
1235 2738 1419 2793 clamo
1455 2738 1651 2807 etiam,
1681 2739 1726 2792 si
1751 2741 2040 2793 austerum
2066 2737 2225 2792 vide-

588 2835 681 2884 tur
724 2829 1070 2900 antidotum,
1098 2830 1354 2902 accipite,
1387 2847 1598 2902 quasso,
1647 2830 1844 2898 bibite,
1876 2830 2066 2900 vivite,
2095 2831 2226 2886 nolo

591 2921 938 2982 moriemini.
968 2925 1054 2978 An
1087 2939 1184 2978 vos
1223 2924 1322 2995 qui
1359 2940 1394 2978 a
1431 2923 1612 2978 noxiis
1655 2923 1926 2994 prohibiti
1975 2923 2226 2980 medicos

588 3015 791 3071 ducitis
825 3015 1219 3085 exsecrandos,
1253 3016 1369 3071 imo
1395 3016 1495 3088 qui
1531 3015 1699 3072 vultis
1722 3016 2016 3072 vobiscum
2041 3017 2225 3074 medi-

589 3125 684 3164 cos
717 3111 1000 3180 aegrotare
1029 3125 1204 3181 quam
1242 3125 1338 3164 vos
1381 3109 1634 3181 recipere
1671 3110 1994 3166 sanitatem.
2021 3112 2091 3166 Et
2119 3111 2227 3166 alia
2247 3145 2301 3220 Ο

591 3218 787 3258 manu.
817 3201 1089 3258 Dominus
1119 3205 1175 3257 te
1202 3201 1530 3258 incolumen
1563 3203 1864 3258 custodiat.

591 3322 732 3377 Ordo
781 3326 988 3380 Veteris
1041 3325 1384 3386 Testamenti,
1436 3339 1592 3394 quem
1631 3329 1821 3379 sancta
1864 3329 1918 3380 et
1963 3326 2228 3381 catholica

658 3398 899 3466 Romana
942 3397 1170 3466 suscipit
1212 3399 1264 3449 et
1304 3399 1592 3450 veneratur
1631 3395 1886 3456 Ecclesia.
1914 3397 2153 3466 digestus
2190 3413 2226 3452 a

659 3465 871 3521 Gelasio
885 3481 1059 3536 papa,
1090 3481 1211 3520 cum
1238 3482 1343 3520 Lxx
1371 3469 1647 3536 episcopis.

659 3577 888 3632 Genesis
932 3577 1078 3632 liber
1101 3593 1268 3632 unus.
1303 3577 1474 3631 Exodi
1509 3577 1653 3632 liber
1692 3593 1862 3632 unus.
1890 3577 2118 3633 Levitici
2148 3579 2216 3633 1i-

586 3671 691 3724 ber
741 3686 906 3724 unus.
953 3670 1184 3725 Numeri
1223 3669 1368 3724 liber
1407 3685 1576 3724 unus.
1611 3671 2040 3725 Deutcronomii
2083 3671 2227 3726 liber

589 3779 755 3818 unus.
799 3765 930 3818 Jesu
974 3764 1124 3819 Nave
1167 3762 1312 3818 liber
1355 3779 1524 3819 unus.
1565 3763 1827 3819 Judicum
1870 3763 2015 3818 liber
2057 3780 2222 3819 unus.

589 3855 740 3910 Ruth
775 3855 918 3911 liber
949 3872 1114 3910 unus.
1157 3857 1490 3927 Regnorum
1534 3855 1681 3910 liber
1718 3873 1888 3912 unus.
1937 3857 2222 3928 Paralipo-

588 3966 801 4004 menon
826 3949 956 4004 libri
985 3951 1114 4004 duo.
1140 3950 1500 4004 Psalmorum
1527 3966 1589 4004 CL
1613 3949 1757 4004 liber
1782 3966 1948 4006 unus.
1973 3950 2227 4005 Salomo-

589 4042 676 4097 nis
711 4043 842 4098 libri
873 4060 953 4099 ιιι.
987 4044 1448 4111 Proverbiorum,
1485 4043 1851 4098 Ecclesiastes
1895 4047 1953 4097 et
1993 4043 2226 4100 Cantica

588 4137 966 4192 canticorum.
997 4139 1158 4205 Item,
1183 4137 1484 4208 Sapientiae
1512 4136 1660 4192 liber
1682 4152 1852 4191 unus.
1886 4136 2227 4192 Ecclesiasti-

586 4246 684 4284 cus
714 4229 858 4285 liber
886 4246 1050 4284 unus.
1083 4233 1246 4299 Item,
1277 4231 1415 4284 ordo
1441 4230 1871 4301 prophetarum.
1899 4229 2054 4284 Isaiae
2080 4229 2226 4284 liber

589 4337 756 4377 unus.
778 4322 1044 4377 Jeremize
1069 4323 1218 4377 liber
1242 4339 1413 4378 unus.
1443 4323 1680 4390 Emoch,
1703 4322 1762 4376 id
1788 4327 1892 4392 est,
1920 4323 1990 4376 de
2009 4323 2227 4377 lamen-

589 4416 896 4471 tationibus
926 4416 1060 4471 suis.
1089 4416 1396 4473 Ezechielis
1439 4415 1584 4470 liber
1609 4433 1776 4471 unus.
1810 4416 2052 4471 Danielis
2080 4416 2227 4471 liber

589 4526 752 4565 unus.
798 4510 939 4565 Osee
970 4510 1116 4565 liber
1157 4527 1324 4564 unus.
1372 4513 1540 4564 Amos
1583 4509 1728 4564 liber
1764 4526 1932 4564 unus.
1977 4510 2302 4590 MichzeseD

587 4603 729 4658 liber
751 4620 918 4659 unus.
946 4605 1066 4659 Joel
1095 4603 1241 4658 liber
1275 4619 1442 4658 unus.
1476 4602 1671 4657 Abdiae
1698 4603 2030 4658 libenunus.
2068 4605 2225 4659 Jonas

587 4697 726 4752 liber
752 4715 916 4752 unus.
957 4698 1179 4753 Nahum
1222 4696 1371 4751 liber
1397 4713 1565 4751 unus.
1595 4697 1850 4751 Habacuc
1884 4695 2027 4751 liber
2051 4713 2218 4752 unus.

585 4790 882 4861 Sophoniaa
925 4791 1072 4845 liber
1116 4807 1286 4846 unus.
1318 4790 1514 4861 Aggmi
1555 4789 1700 4844 liber
1745 4806 1915 4844 unus.
1945 4789 2224 4845 Zacharias

583 4883 729 4937 liber
752 4901 922 4940 unus.
951 4885 1240 4939 Malachias
1281 4884 1427 4938 liber
1468 4900 1633 4938 unus.
1669 4884 1830 4950 Item,
1865 4883 2002 4937 ordo
2041 4883 2222 4938 histo-

585 4977 822 5032 riarum.
871 4977 971 5031 Job
1016 4977 1162 5032 liber
1207 4993 1371 5031 unus.
1417 4977 1607 5032 Tobias
1654 4976 1800 5031 liber
1838 4993 2003 5031 unus.
2047 4976 2224 5032 Esdra

583 5068 730 5123 liber
772 5086 938 5124 unus.
985 5071 1188 5125 Esther
1225 5070 1371 5125 liber
1411 5087 1580 5125 unus.
1625 5070 1816 5125 Judith
1863 5069 2009 5125 liber
2053 5087 2221 5126 unus.

583 5162 1034 5218 Machabasorum
1059 5163 1204 5218 liber
1231 5179 1398 5220 unus.
1433 5166 1599 5234 Item,
1628 5163 1769 5218 ordo
1800 5163 2224 5234 Scripturarum

585 5255 718 5310 Novi
745 5258 803 5311 et
841 5256 1044 5312 aeterni
1085 5257 1454 5313 Testamenti.
1498 5256 1943 5328 Evangeliorum
1986 5257 2117 5312 libri
2147 5273 2220 5312 IV.

583 5349 907 5405 Secundum
927 5350 1255 5406 Matthazum
1283 5350 1425 5407 liber
1445 5367 1616 5417 unus,
1639 5351 1952 5406 secundum
1971 5351 2222 5406 Marcum

584 5442 727 5498 liber
755 5460 922 5514 unus,
953 5445 1271 5500 secundum
1299 5444 1507 5500 Lucam
1533 5444 1682 5499 liber
1705 5460 1875 5513 unus,
1904 5443 2221 5498 secundum

580 5537 862 5593 Joannem
915 5537 1058 5594 liber
1105 5555 1274 5594 unus.
1319 5541 1563 5594 Actuum
1617 5537 2012 5608 apostolorum
2076 5536 2225 5592 liber

583 5643 750 5684 unus.
779 5630 1046 5702 Epistolas
1089 5633 1252 5688 Pauli
1296 5629 1554 5703 apostoli,
1573 5646 1829 5685 numero
1855 5645 1971 5686 xrv.
1999 5631 2081 5685 Ad
2112 5632 2222 5687 Ro-

584 5733 783 5775 manos
808 5723 1050 5793 epistola
1073 5741 1204 5779 una.
1227 5725 1310 5779 Ad
1341 5722 1666 5779 Corinthios
1693 5722 1940 5793 epistolae
1963 5723 2111 5780 duae.
2142 5725 2224 5780 Ad

590 5809 858 5880 Ephesios
886 5815 1125 5884 epistola
1150 5833 1285 5872 una.
1319 5817 1401 5872 Ad
1432 5814 1950 5872 Thessalonicenses
1971 5817 2222 5889 epistolae

2325 492 2562 563 epistola
2600 509 2735 548 una.
2767 494 2848 550 Ad
2890 492 3252 548 Timotheum
3298 493 3535 565 epistola
3559 496 3687 553 dum.
3707 501 3770 555 Ad
3786 502 3853 557 Ti-

2323 591 2447 640 tum
2479 585 2715 656 epistola
2743 602 2881 641 una.
2912 587 2995 642 Ad
3019 585 3409 641 Philemonem
3448 587 3656 659 epistola
3673 605 3776 648 una.
3796 595 3854 650 Ad

2325 679 2590 734 Hebraeos
2634 679 2872 751 epistola
2923 696 3062 735 una.
3107 681 3268 746 Item,
3317 681 3649 753 Apocalypsis
3685 685 3855 742 Joannis

2322 771 2467 827 liber
2508 789 2675 827 unus.
2721 774 2880 841 Item,
2921 773 3204 828 canonica:
3251 773 3511 844 epistolae,
3550 791 3752 832 numero
3776 795 3853 848 vn;

2323 865 2474 920 Petri
2501 865 2745 937 apostoli
2771 867 3021 938 epistola:
3060 866 3210 921 dum.
3236 867 3418 921 Jacobi
3445 869 3659 938 apostoli
3681 871 3856 943 epistola

2325 976 2459 1014 una.
2503 960 2737 1015 Joannis
2793 960 3034 1031 apostoli
3077 959 3330 1031 epistola
3370 965 3499 1016 tres.
3537 962 3675 1017 Judaa
3711 965 3856 1021 Zelotis

2323 1053 2562 1124 apostoli
2593 1053 2830 1126 epistola
2858 1070 2989 1109 una.

2323 1160 2598 1229 Incipiunt
2637 1159 2851 1214 decreta
2894 1159 3096 1216 Gelasii
3129 1174 3311 1230 papae.
3359 1162 3621 1214 Decretum
3659 1177 3752 1216 cum
3789 1177 3857 1219 LIX

2476 1231 2737 1300 episcopis
2762 1230 3008 1286 habitum
3036 1230 3102 1285 de
3127 1232 3450 1300 apocryphis

2396 1334 2524 1386 Post
2573 1332 2954 1404 propheticas,
3007 1332 3363 1404 evangelicas
3405 1338 3566 1406 atque
3609 1335 3858 1406 apostolicus

2323 1425 2658 1496 Scripturas,
2705 1426 2911 1497 quibus
2958 1426 3202 1482 Ecclesia
3247 1427 3518 1482 catholica
3557 1443 3650 1498 per
3683 1428 3857 1498 gratiam

2325 1519 2425 1574 Dei
2461 1519 2698 1574 fundata
2723 1522 2827 1590 est,
2859 1519 3001 1574 illud
3031 1520 3206 1575 etiam
3235 1520 3609 1576 intimandum
3646 1526 3857 1592 putamus,

2323 1613 2473 1683 quod
2499 1611 2756 1683 quamvis
2782 1613 3064 1668 universas
3092 1629 3195 1684 per
3222 1613 3418 1669 orbem
3449 1613 3707 1668 catholicae
3728 1614 3855 1669 Eccle-

2325 1704 2423 1759 siae
2470 1721 2619 1760 unus
2663 1706 2949 1761 thalamus
2991 1706 3197 1762 Christi
3235 1706 3325 1762 sit.
3377 1707 3575 1763 Sancta
3607 1712 3763 1764 tamen
3789 1709 3860 1763 Ilo-

2326 1815 2517 1866 mana,
2542 1799 2818 1854 catholica
2841 1803 2899 1854 et
2926 1783 3232 1871 apostolica
3261 1801 3510 1856 Ecclesia
3533 1800 3681 1855 nullis
3701 1801 3860 1871 synodi-

2327 1892 2405 1946 cis
2461 1893 2777 1948 constitutis
2826 1893 3046 1948 caeteris
3100 1893 3362 1949 Ecclesiis
3414 1895 3630 1966 praelata
3667 1897 3748 1949 est.
3788 1893 3858 1948 Sed

2325 1987 2650 2058 evangelica
2674 2003 2808 2041 voce
2839 1987 3059 2042 Domini
3100 1991 3158 2042 et
3195 1987 3496 2043 Salvatoris
3519 1987 3675 2042 nostri
3709 1987 3857 2058 prima-

2325 2084 2447 2134 tum
2493 2079 2781 2135 obtinuit:
2817 2100 2844 2130 «
2871 2082 2954 2135 Tu
3001 2097 3060 2135 es
3106 2082 3328 2149 Petrus,
3364 2081 3636 2153 inquiens,
3665 2083 3712 2135 et
3745 2096 3862 2150 super

2325 2172 2473 2228 hanc
2507 2176 2726 2243 petram
2773 2173 3067 2228 mdiﬁcabo
3116 2174 3423 2228 Ecclesiam
3465 2189 3654 2240 meam,
3676 2177 3723 2228 et
3738 2176 3862 2244 porta

2324 2265 2494 2322 inferi
2528 2282 2647 2321 non
2684 2267 3075 2338 praevalebunt
3115 2267 3392 2322 adversus
3421 2283 3562 2334 eam,
3585 2271 3634 2322 et
3656 2265 3739 2321 tibi
3768 2265 3864 2319 dabo

2324 2359 2505 2414 claves
2529 2360 2696 2430 regni
2724 2361 3022 2428 caelorum,
3049 2363 3107 2415 et
3132 2376 3490 2433 quaecunque
3509 2360 3734 2431 ligaveris
3748 2374 3864 2428 super

2322 2456 2554 2519 terram,
2587 2456 2758 2507 erunt
2794 2453 2973 2525 ligata
3001 2457 3060 2508 et
3085 2453 3144 2508 in
3171 2455 3347 2522 coelo;
3380 2457 3439 2509 et
3465 2469 3768 2526 quascunque
3788 2452 3865 2506 sol-

2324 2546 2470 2601 veris
2496 2563 2668 2617 super
2704 2551 2935 2616 terram,
2968 2552 3139 2602 erunt
3179 2547 3373 2603 soluta
3399 2552 3458 2602 et
3480 2548 3538 2602 in
3570 2548 3691 2602 ccelo
3711 2545 3864 2616 (Matth.

2325 2655 2435 2710 xvr,
2466 2643 2551 2706 l8,
2585 2642 2688 2710 l9).
2721 2661 2749 2691 »
2780 2641 2883 2696 Cui
2913 2640 3045 2695 data
3075 2645 3160 2696 est
3183 2641 3359 2696 etiam
3387 2641 3614 2696 societas
3635 2639 3866 2696 beatissimi

2324 2733 2485 2788 Pauli
2505 2733 2743 2804 apostoli
2766 2733 2914 2788 vasis
2938 2734 3254 2804 electionis,
3279 2735 3385 2806 qui
3408 2751 3524 2790 non
3551 2733 3751 2800 diverso,
3771 2731 3868 2786 sicut

2324 2825 2577 2882 haeretici
2601 2826 2861 2898 garriunt
2909 2827 3009 2882 sed
3040 2843 3160 2882 uno
3185 2830 3472 2899 tempore,
3500 2843 3608 2884 uno
3631 2826 3868 2896 eodemque

2326 2919 2419 2973 die
2451 2919 2691 2991 gloriosa
2737 2924 2924 2975 morte
2967 2937 3098 2975 cum
3137 2921 3303 2976 Petro
3339 2921 3401 2977 in
3443 2921 3576 2977 urbe
3617 2915 3870 2985 Roma,sub

2325 3015 2540 3069 Caesare
2582 3013 2802 3069 Nerone
2841 3013 3170 3084 agonizans,
3197 3019 3505 3071 coronatus
3528 3017 3624 3082 est,
3652 3018 3699 3069 et
3725 3011 3872 3084 pariter

2326 3106 2709 3178 supradictam
2740 3109 2999 3162 sanctam
3042 3108 3366 3164 Romanam
3408 3108 3688 3164 Ecclesiam
3712 3103 3868 3161 Christo

2326 3201 2564 3254 Domino
2607 3205 3095 3269 consecraverunt,
3123 3201 3384 3274 talesque
3420 3201 3669 3257 omnibus
3704 3196 3871 3254 urbibus

2323 3293 2383 3347 in
2411 3293 2676 3348 universo
2713 3293 2932 3348 mundo
2971 3309 3072 3349 sua
3096 3296 3408 3365 prmsentia
3443 3300 3606 3367 atque
3629 3288 3870 3348 venerando

2324 3385 2617 3458 triumpho
2643 3387 3036 3457 praetulerunt.
3063 3389 3158 3443 Est
3173 3404 3310 3459 ergo
3342 3388 3530 3460 prima
3550 3387 3683 3443 Petri
3704 3381 3871 3457 apostoli

2323 3480 2480 3534 sedes
2504 3481 2762 3535 Romana
2790 3481 3040 3536 Ecclesia
3064 3497 3178 3536 non
3215 3482 3438 3538 habens
3463 3482 3721 3537 maculam
3744 3491 3871 3547 neque

2323 3589 2551 3644 rugam,
2573 3590 2678 3628 nec
2696 3573 2911 3646 aliquid
2931 3575 3280 3646 hujusmodi.
3303 3575 3568 3632 Secunda
3585 3579 3747 3630 autem
3764 3569 3873 3624 sedes

2325 3667 2476 3738 apud
2503 3667 2903 3722 Alexandriam
2932 3667 3084 3722 beati
3112 3668 3264 3723 Petri
3302 3671 3538 3725 nomine
3564 3687 3595 3723 a
3620 3669 3772 3724 Marco
3793 3663 3873 3733 ejus

2323 3760 2620 3831 discipulo,
2649 3765 2706 3815 et
2749 3760 3092 3831 evangelista
3137 3767 3477 3818 consecrata
3520 3765 3616 3818 est.
3655 3763 3873 3832 Ipseque:

2323 3855 2490 3908 Petro
2515 3855 2769 3924 apostolo
2794 3854 2856 3909 in
2883 3855 3126 3926 Egypto
3152 3855 3427 3926 directus,
3447 3856 3670 3912 verbum
3692 3847 3874 3906 veritath

2323 3947 2662 4018 praedicavit,
2697 3952 2754 4002 et
2795 3948 3109 4018 gloriosum
3140 3950 3562 4005 consummavit
3594 3945 3873 4017 martyrium

2322 4041 2509 4096 Tertia
2546 4057 2679 4096 vero
2725 4041 2888 4095 sedes
2936 4042 3086 4113 apud
3119 4043 3483 4098 Antiochiam
3529 4041 3749 4114 ejusdem
3784 4037 3872 4090 bea-

2323 4133 2522 4188 tissimi
2549 4133 2698 4191 Petri
2722 4135 2959 4205 apostoli
3004 4135 3246 4190 habetur
3288 4137 3656 4202 honorabilis,
3681 4150 3738 4189 eo
3768 4125 3874 4202 quod

2322 4227 2454 4294 illic,
2490 4227 2820 4298 priusquam
2863 4230 3099 4283 Romam
3127 4229 3391 4297 venisset,
3423 4229 3697 4284 habitavit.
3728 4226 3779 4279 Et
3797 4220 3874 4274 illic

2323 4320 2574 4392 primum
2596 4337 2810 4376 nomen
2835 4321 3287 4377 Christianorum
3317 4325 3558 4379 novellae
3576 4320 3739 4394 gentis
3758 4330 3874 4372 exor-

2321 4419 2445 4468 tum
2467 4419 2567 4469 est.
2583 4416 2651 4469 Et
2669 4415 2927 4486 quamvis
2946 4434 2972 4466 «
2989 4416 3144 4470 aliud
3158 4415 3602 4472 fundamentum
3620 4415 3777 4470 nullus
3791 4422 3875 4481 ρος⁴

2326 4507 2396 4561 sit
2420 4523 2634 4579 ponere
2664 4512 2877 4579 praeter
2900 4507 2959 4562 id
2983 4509 3137 4580 quod
3157 4509 3409 4580 positum
3435 4513 3540 4580 est,
3563 4509 3653 4581 qui
3676 4509 3744 4562 est
3763 4499 3874 4557 Chn-

2324 4603 2441 4655 stus
2465 4602 2626 4655 Jesus
2651 4600 2696 4670 (1
2725 4603 2843 4659 Cor.
2875 4617 2954 4668 ιιι,
2995 4604 3098 4671 Η),
3127 4623 3156 4652 ››
3186 4605 3385 4658 tamen
3419 4603 3494 4658 ad
3522 4598 3871 4657 aediﬁcationem

2323 4698 2572 4748 nostram
2593 4695 2793 4749 eadem
2820 4699 3014 4750 sancta
3031 4696 3286 4751 Romana
3309 4697 3556 4752 Ecclesia
3576 4699 3690 4768 post
3705 4693 3800 4748 illas
3815 4688 3877 4738 Ve-

2323 4787 2457 4841 teris
2495 4791 2551 4842 et
2589 4788 2728 4843 Novi
2753 4789 3095 4844 Testamenti
3140 4806 3279 4861 quas
3325 4790 3658 4862 regulariter
3695 4778 3874 4850 suscepi-

2327 4898 2474 4951 mus,
2507 4881 2678 4936 etiam
2711 4881 2922 4954 suscipi
2953 4899 3068 4937 non
3104 4883 3371 4954 prohibet
3400 4884 3715 4956 Scripturas,
3743 4877 3787 4932 id
3808 4877 3877 4932 est.

2321 4979 2574 5030 sanctam
2604 4977 2882 5047 synodum
2923 4976 3212 5032 Nicaanam
3256 4981 3641 5033 trecentorum
3665 4974 3819 5029 decem
3840 4966 3878 5017 εί

2323 5074 2446 5124 octo
2487 5071 2740 5138 Patrum,
2769 5069 3061 5125 mediante
3091 5070 3328 5125 Maximo
3368 5070 3722 5126 Constantino
3745 5067 3878 5131 Augu-

2325 5165 2432 5218 sto.
2462 5164 2720 5219 Sanctam
2749 5163 3031 5235 synodum
3056 5164 3426 5235 Ephesinam,
3451 5165 3511 5219 in
3536 5180 3643 5236 qua
3664 5154 3878 5217 Nestorius

2324 5256 2736 5313 condemnatus
2803 5259 2909 5325 est,
2971 5274 3253 5314 consensu
3300 5257 3612 5314 beatissimi
3667 5242 3877 5310 Cale-“iﬁlli

2323 5366 2508 5424 papae,
2537 5350 2827 5406 mediante
2856 5350 3065 5422 Cyrillo
3104 5351 3466 5407 Alexandriae
3505 5350 3644 5406 sedis
3671 5339 3875 5400 antistite,

2324 5447 2382 5498 et
2422 5443 2658 5498 Arcadio
2706 5442 2777 5499 ab
2817 5444 2975 5499 Italia
3025 5445 3322 5500 destinato.
3369 5445 3627 5500 Sanctam
3665 5433 3873 5511 synodum

2323 5537 2644 5595 Chalcedon
2653 5553 2848 5592 ensem
2858 5580 2871 5605 ,
2885 5537 3176 5594 mediante
3187 5537 3461 5594 Martiano
3474 5536 3710 5608 Augusto
3725 5527 3876 5584 etAna‘

2323 5631 2461 5686 tolio
2477 5630 3102 5702 Constantinopolitano
3121 5631 3406 5704 episcopo,
3424 5631 3484 5685 in
3506 5647 3612 5702 qua
3623 5620 3877 5683 Nestor-iant

2323 5727 2381 5778 et
2409 5723 2743 5779 Euthiciana
2767 5723 3029 5780 similiter
3050 5741 3181 5780 cum
3207 5725 3434 5780 Discoro
3460 5725 3682 5795 ejusque
3698 5706 3874 5782 compli-

2324 5817 2484 5872 cibus
2509 5817 2792 5873 damnata?
2821 5821 2970 5884 sunt,
2988 5822 3046 5874 et
3065 5818 3112 5874 si
3132 5835 3260 5891 qum
3279 5822 3415 5874 sunt
3439 5816 3664 5873 concilia
3683 5829 3708 5866 ιι
3726 5800 3876 5863 sancti-
