4062 6188
156 309 259 356 985

1418 297 1889 360 DECRETALIUM
1927 303 2310 360 COLLECTIO.

3417 313 3519 366 986

151 410 421 466 Patribus
437 410 714 468 instituta.
734 413 863 468 Post
880 412 1087 469 horum
1105 414 1521 485 auctoritatem,
1539 421 1595 470 et
1612 419 1790 470 custo-
1811 427 1869 498 Α
1890 431 1982 468 ras
2031 413 2433 484 interpretatus
2461 419 2564 470 est.
2602 414 2716 470 Sed
2757 415 3032 487 quoniam
3076 415 3273 472 beatus
3313 417 3516 473 Hiero-

151 504 386 573 dienda,
403 509 459 560 et
479 505 802 576 recipienda
822 507 1176 562 mandamus.
1196 509 1330 562 Item
1349 509 1622 580 opuscula
1641 509 1790 563 beati

150 598 368 668 Cyrilli,
381 599 644 670 Cypriani
665 601 1016 672 martyris,et
1035 602 1500 671 Carthaginensis
1516 602 1785 673 episcopi.

151 690 356 763 244
379 693 540 761 Item,
558 694 830 764 opuscula
852 694 1002 749 beati
1029 695 1290 764 Gregorii
1318 696 1648 750 Nazianzeni
1673 696 1789 766 epi-

150 784 332 855 scopi.
362 787 527 852 Item,
567 787 837 857 opuscula
879 787 1027 842 beati
1065 788 1247 842 Basilii
1275 789 1638 860 Cappadocia:
1665 790 1786 860 epi-

149 879 333 948 scopi.
372 880 533 946 Item,
566 880 834 950 opuscula
878 881 1033 937 beati
1081 882 1370 936 Athanasii
1418 881 1787 937 Alexandrini

148 971 423 1042 episcopi.
481 974 643 1040 Item,
683 975 952 1045 opuscula
993 975 1145 1030 beati
1187 975 1381 1046 Cyrilli
1425 975 1787 1030 Alexandrini

148 1066 423 1136 episcopi.
487 1067 644 1134 Item,
703 1068 975 1138 opuscula
1024 1069 1172 1124 beati
1218 1070 1450 1125 Joannis
1511 1071 1782 1125 Constan-

146 1158 517 1229 tinopolitani
556 1159 828 1231 episcopi.
875 1163 1036 1230 Item,
1084 1163 1358 1233 opuscula
1400 1162 1551 1217 beati
1605 1163 1782 1218 Theo-

145 1251 293 1322 phili
318 1253 688 1307 Alexandrini
715 1255 986 1324 episcopi.
1013 1257 1178 1325 Item,
1210 1257 1480 1327 opuscula
1514 1255 1666 1311 beati
1697 1257 1784 1310 Hi-

146 1345 276 1398 larii
303 1346 646 1400 Pictavensis
685 1346 956 1418 episcopi.
981 1350 1144 1416 Item,
1173 1350 1442 1420 opuscula
1466 1349 1618 1404 beati
1648 1354 1782 1405 Am-

145 1438 329 1493 brosii
363 1439 796 1495 Mediolanensis
832 1442 1104 1513 episcopi.
1137 1444 1300 1511 Item,
1324 1445 1594 1514 opuscula
1631 1444 1784 1498 beati

147 1532 454 1602 Augustini
484 1534 860 1605 Hipponensis
876 1535 1142 1607 episcopi.
1162 1539 1322 1604 Item,
1337 1538 1612 1608 opuscula
1631 1538 1783 1593 beati

148 1625 485 1697 Hieronymi
510 1628 852 1700 presbyteri.
893 1631 1054 1696 Item,
1082 1631 1351 1701 opuscula
1392 1632 1651 1702 Prosperi
1679 1632 1784 1686 viri

147 1719 580 1790 religiosissimi.
609 1723 773 1790 Item,
801 1722 1036 1794 epistola
1061 1724 1264 1778 Leonis
1293 1740 1454 1795 papas
1477 1725 1548 1779 ad
1570 1725 1780 1780 Flavia-

1890 523 2096 578 nymus
2121 524 2253 562 eum
2273 507 2333 561 in
2358 508 2642 580 aliquibus
2669 509 2740 564 de
2767 509 2986 564 arbitrii
3005 510 3266 565 libertate
3284 512 3517 567 notavit.

1890 600 1988 655 Illa
2017 600 2294 654 sentimus
2319 617 2447 671 quae
2472 601 2810 672 praedictum
2841 603 3073 657 beatum
3104 604 3518 673 Hieronymum

1889 693 2095 747 sentire
2125 693 2541 764 cognoscimus,
2576 680 2633 750 et
2661 712 2779 750 non
2817 696 3004 750 solum
3051 697 3120 750 de
3159 697 3387 763 Ruﬁno,
3419 697 3519 752 sed

1889 787 2064 840 etiam
2105 787 2173 842 de
2213 787 2448 841 diversis
2477 804 2621 858 quos
2648 789 2734 842 vir
2759 790 2963 861 saepius
3009 795 3360 844 memoratus
3399 791 3518 844 zelo

1886 880 2002 947 Dei,
2033 885 2090 934 et
2134 879 2265 936 ﬁdei
2312 880 2588 952 religione
2631 883 3022 953 reprehendit.
3067 885 3228 951 Item,
3257 884 3519 954 Origenis

1885 974 2161 1028 nonnulla
2189 975 2457 1045 opuscula
2488 992 2617 1046 qum
2646 976 2732 1029 vir
2755 976 3110 1030 beatissimus
3136 976 3515 1048 Hieronymus

1887 1083 2003 1121 non
2046 1067 2310 1138 repudiat
2350 1068 2590 1138 legenda
2637 1069 3011 1140 suscepimus.
3043 1070 3280 1142 Reliqua
3324 1077 3518 1125 autem

1885 1161 2078 1215 omnia
2129 1177 2259 1215 cum
2307 1166 2536 1216 auctore
2585 1177 2687 1216 suo
2738 1162 2976 1216 dicimus
3029 1179 3150 1216 esse
3198 1165 3513 1231 renuenda,

1885 1254 2168 1310 Chronica
2210 1254 2438 1309 Eusebii
2469 1255 2826 1310 Caesariensis
2861 1260 2917 1309 et
2962 1256 3217 1326 ejusdem
3255 1257 3514 1312 ecclesia-

1883 1347 2035 1401 sticae
2079 1348 2339 1403 Historiae
2383 1348 2528 1403 liber
2557 1349 2816 1420 quamvis
2862 1350 2921 1403 in
2950 1350 3135 1420 primo
3174 1350 3515 1404 narrationis

1883 1458 1998 1495 sua:
2022 1441 2167 1495 libro
2191 1441 2460 1513 tepuerit.
2484 1444 2553 1496 Et
2577 1446 2774 1513 postea
2793 1443 2855 1496 in
2881 1443 3144 1497 laudibus
3164 1448 3332 1514 atque
3352 1460 3518 1498 excu-

1884 1534 2100 1589 satione
2127 1535 2385 1606 Origenis
2415 1536 2754 1591 schismatici
2796 1553 2977 1591 unum
3022 1537 3421 1608 conscripserit
3442 1538 3513 1592 li-

1880 1627 2072 1698 brum,
2103 1631 2338 1699 propter
2366 1645 2559 1684 rerum
2602 1635 2792 1685 tamen
2840 1631 3104 1685 notitiam
3133 1631 3513 1701 singularem,

1883 1737 2010 1792 quae
2047 1722 2119 1776 ad
2161 1722 2600 1778 instructionem
2630 1723 2919 1794 pertinent
2958 1741 3368 1796 usquequaque
3398 1742 3514 1780 non

147 1827 292 1866 num
311 1813 996 1885 Constantinopolitanum
1017 1817 1341 1888 episcopum
1365 1815 1656 1874 destinata.
1677 1819 1781 1874 Cu-
1801 1799 1857 1872 Β
1881 1814 2120 1870 dicimus
2149 1816 2495 1872 renuendos.
2525 1819 2688 1885 Item,
2712 1817 2975 1872 Orosium
3000 1818 3187 1872 virum
3209 1818 3514 1874 eruditissi-

135 1905 235 1976 jus
263 1911 484 1961 textum
511 1907 819 1978 quispiam,
848 1910 892 1963 si
922 1926 1101 1982 usque
1129 1910 1203 1965 ad
1229 1927 1408 1964 unum
1444 1913 1558 1966 lota
1581 1911 1775 1984 dispu-

145 1999 368 2067 taverit,
383 2003 568 2055 etnon
578 2016 705 2056 eam
715 2002 775 2056 in
786 2003 1051 2058 omnibus
1060 2003 1460 2059 venerabiliter
1477 2006 1774 2077 receperit,

142 2093 451 2148 anathema
467 2093 558 2149 sit.
573 2097 734 2166 Item,
751 2097 1017 2168 opuscula
1037 2102 1205 2169 atque
1228 2101 1498 2154 tractatus
1518 2099 1778 2155 omnium

143 2186 597 2242 orthodoxorum
615 2190 848 2244 Patrum
875 2191 975 2262 qui
995 2190 1054 2246 in
1071 2190 1227 2246 nullo
1242 2207 1275 2245 a
1291 2197 1501 2247 sancta:
1520 2193 1776 2250 Ecclesiae

139 2279 424 2335 Romanae
453 2283 734 2337 consortio
775 2283 1096 2353 deviarunt,
1129 2301 1236 2339 nec
1277 2284 1347 2339 ab
1385 2285 1508 2356 ejus
1547 2286 1661 2342 ﬁde
1686 2288 1776 2343 vel

139 2373 544 2444 praedicatione
571 2375 811 2447 sejuncti
847 2381 997 2446 sunt,
1029 2378 1126 2434 sed
1154 2378 1334 2449 ipsius
1355 2380 1776 2437 communionis

140 2482 250 2537 per
278 2467 530 2538 gratiam
571 2468 670 2524 Dei
700 2486 882 2541 usque
921 2470 981 2526 in
1013 2471 1284 2526 ultimum
1310 2471 1464 2527 diem
1493 2473 1623 2529 vitae
1657 2491 1775 2529 sua:

136 2560 303 2615 fuere
331 2561 632 2634 participes
656 2562 933 2634 legendos
956 2564 1334 2620 decernimus.
1381 2567 1545 2637 Item,
1579 2567 1773 2623 decre-

135 2653 282 2709 tales
309 2655 571 2726 epistolas
595 2673 735 2728 quas
753 2657 1074 2713 beatissimi
1104 2675 1270 2732 papae
1295 2659 1530 2716 diversis
1557 2666 1774 2734 tempo-

133 2747 300 2801 ribus
322 2748 393 2802 ab
420 2749 564 2804 urbe
588 2751 852 2806 Romana
879 2767 984 2823 pro
1008 2752 1365 2811 diversorum
1391 2756 1626 2810 Patrum
1648 2771 1777 2811 con-

136 2841 417 2896 solatione
454 2842 737 2899 dederunt
764 2845 1174 2901 venerabiliter
1204 2848 1573 2920 recipiendas.
1611 2851 1772 2917 Item,

138 2939 300 3005 gesta
343 2939 672 2992 sanctorum
708 2943 1030 3010 martyrum
1058 2940 1156 3011 qui
1204 2941 1617 3013 multiplicibus
1661 2946 1776 2997 tor-

133 3034 470 3083 mentorum
503 3030 864 3099 cruciatibus,
896 3035 956 3087 et
975 3034 1332 3090 mirabilibus
1351 3035 1774 3091 confessionum

135 3121 451 3192 triumphis
475 3122 769 3180 irradiant.
794 3125 933 3190 Quis
961 3126 1067 3182 ista
1092 3129 1504 3184 catholicorum
1530 3129 1766 3195 dubitet,

136 3218 199 3268 et
225 3216 453 3286 majora
483 3233 576 3273 eos
599 3217 656 3273 in
684 3219 962 3290 agonibus
990 3221 1161 3276 fuisse
1195 3239 1511 3294 perpessos,
1532 3239 1638 3278 nec
1663 3223 1777 3278 suis

133 3309 358 3364 viribus
386 3311 483 3366 sed
513 3311 701 3383 gratia
739 3313 842 3369 Dei
883 3317 940 3368 et
983 3315 1270 3386 adjutorio
1317 3316 1583 3372 universa
1630 3318 1774 3374 tole-

133 3403 336 3459 resse?
386 3403 498 3460 Sed
541 3405 672 3462 ideo
718 3407 1035 3464 secundum
1079 3409 1374 3483 antiquam
1413 3412 1774 3468 consuetudi-

132 3513 275 3552 nem
316 3498 592 3570 singulari
626 3502 848 3557 cautela
892 3501 951 3557 in
998 3509 1191 3559 sancta
1233 3505 1493 3560 Romana
1529 3505 1778 3560 Ecclesia

131 3608 256 3646 non
267 3593 563 3662 leguntur,
585 3594 717 3666 quia
731 3599 787 3651 et
807 3612 1006 3652 eorum
1025 3597 1123 3669 qui
1137 3597 1522 3670 conscripsere
1541 3600 1777 3656 nomina

130 3686 371 3758 penitus
387 3686 746 3760 ignorantur,
767 3694 824 3746 et
838 3691 909 3745 ab
928 3691 1251 3748 infidelibus
1265 3692 1456 3748 idiotis
1468 3695 1772 3765 superﬂua,

130 3786 236 3834 aut
255 3780 450 3835 minus
465 3787 596 3852 apta
617 3799 793 3855 quam
812 3784 898 3839 rei
915 3785 1054 3841 ordo
1067 3785 1241 3842 fuerit
1261 3803 1382 3842 esse
1397 3790 1690 3858 putantur,
1708 3787 1777 3842 si-

131 3879 236 3929 cut
257 3873 560 3944 cujusdem
585 3876 770 3948 Cyrici
789 3883 846 3934 et
867 3879 1076 3947 Julitae,
1099 3879 1246 3935 sicut
1264 3881 1487 3952 Georgii
1508 3880 1778 3936 aliorum-

133 3982 253 4038 que
271 3967 374 4039 huj
383 3969 605 4023 usmodi
630 3970 919 4042 passiones
938 3988 1069 4044 quae
1089 3973 1160 4028 ab
1181 3973 1462 4030 hereticis
1475 3974 1777 4046 perhiben-

134 4066 233 4116 tur
257 4061 612 4134 compositae,
642 4069 880 4136 propter
906 4067 1082 4138 quod,
1112 4071 1178 4122 ut
1200 4066 1414 4123 dictum
1445 4071 1548 4135 est,
1576 4085 1648 4123 ne
1685 4069 1774 4122 vel

132 4155 277 4210 levis
299 4155 684 4213 subsannandi
715 4158 962 4215 oriretur
980 4160 1198 4216 occasio
1224 4160 1284 4216 in
1308 4165 1499 4216 sancta
1516 4162 1776 4218 Romana

127 4249 389 4305 Ecclesia
419 4267 533 4305 non
559 4252 849 4324 leguntur.
877 4253 986 4309 Nos
1011 4259 1206 4310 tamen
1234 4271 1366 4310 cum
1391 4255 1661 4326 praedicta
1681 4257 1777 4311 Ec-

131 4343 308 4398 clesia
324 4359 526 4399 omnes
541 4350 840 4418 martyres,
858 4350 916 4403 et
934 4364 1134 4403 eorum
1156 4348 1428 4420 gloriosos
1446 4365 1660 4421 agones
1676 4349 1775 4421 qui

130 4436 220 4492 eis
237 4438 430 4509 magis
449 4455 625 4510 quam
651 4439 982 4497 hominibus
1001 4443 1119 4497 noti
1140 4446 1274 4498 sunt
1298 4443 1455 4498 omni
1480 4442 1775 4499 devotione

1795 3169 1850 3244 C

1877 1925 2038 1964 mum
2069 1909 2476 1978 collaudamus,
2499 1910 2630 1982 quia
2649 1911 2810 1966 valde
2836 1911 3002 1966 nobis
3023 1912 3400 1967 necessariam
3421 1913 3516 1967 ad«

1876 2019 2068 2058 versus
2098 2019 2456 2075 paganorum
2481 2005 2793 2060 calumnias
2818 2005 3058 2076 dignam
3085 2005 3375 2060 ordinavit
3404 2005 3512 2060 his-

1875 2097 2102 2168 toriam,
2114 2097 2371 2170 miraque
2386 2097 2664 2154 brevitate
2677 2099 2980 2154 contexuit.
2998 2101 3159 2167 Item,
3171 2115 3516 2155 veneramur

1876 2190 2086 2246 Sedulii
2109 2192 2371 2247 Paschale
2397 2209 2559 2264 opus,
2587 2192 2742 2263 quod
2764 2192 3006 2248 heroicis
3029 2193 3326 2264 descripsit
3350 2195 3515 2249 versi-

1874 2283 2001 2353 bus,
2016 2287 2074 2339 et
2083 2284 2297 2357 insigni
2314 2285 2482 2340 laude
2494 2285 2875 2357 praeferimus.
2894 2287 3300 2354 ltem,Juvenci
3313 2287 3514 2343 nihilo-

1875 2377 2426 2434 minuslaboriosum
2439 2395 2580 2451 opus
2598 2395 2713 2434 non
2735 2380 3080 2451 spernimus,
3095 2381 3194 2437 sed
3210 2380 3509 2437 miramur.

1947 2471 2167 2526 Caetera
2207 2488 2337 2543 quae
2385 2472 2456 2528 ab
2502 2473 2788 2527 haereticis
2823 2473 2939 2529 sive
2977 2473 3348 2529 schismaticis
3387 2491 3514 2530 con-

1874 2563 2083 2636 scripta
2108 2565 2194 2620 vel
2229 2565 2535 2636 praedicata
2577 2571 2711 2622 sunt
2733 2567 3063 2623 nullatenus
3093 2568 3296 2639 recipit
3322 2569 3514 2623 catho-

1875 2657 1983 2712 lica
2013 2663 2070 2714 et
2096 2658 2404 2730 apostolica
2439 2659 2700 2715 Romana
2732 2661 2998 2730 Ecclesia,
3030 2677 3062 2716 e
3087 2661 3295 2734 quibus
3323 2677 3506 2734 pauca

1874 2767 2003 2823 qua:
2033 2752 2105 2807 ad
2146 2753 2490 2808 memoriam
2521 2754 2776 2822 veniunt,
2808 2758 2863 2809 et
2890 2771 2922 2809 a
2960 2754 3248 2810 catholicis
3275 2756 3506 2812 vitanda

1874 2848 2008 2900 sunt
2025 2845 2308 2901 credimus
2330 2863 2450 2902 esse
2481 2847 2798 2903 subdenda.
2831 2849 2992 2918 Item,
3009 2849 3210 2904 notitia
3228 2849 3509 2904 librorum

1875 2939 2336 3011 apocryphorum
2383 2940 2481 3012 qui
2528 2957 2643 2995 non
2694 2941 3066 3013 recipiuntur.
3100 2946 3514 2998 Armunensem

1875 3033 2155 3104 synodum
2179 3050 2213 3087 a
2240 3035 2569 3089 Constantio
2595 3035 2817 3090 Caesare
2845 3035 3206 3091 Constantini
3238 3036 3355 3091 ﬁlio
3383 3053 3514 3092 cono

1875 3132 2193 3198 gregatam,
2209 3127 2501 3182 mediante
2512 3129 2694 3184 Tauro
2710 3129 3005 3200 praefecto,
3021 3146 3091 3184 ex
3108 3133 3243 3185 tunc
3261 3134 3319 3185 et
3337 3147 3510 3200 nunc,

1878 3225 1934 3274 et
1963 3236 2137 3291 usque
2166 3220 2224 3274 in
2251 3225 2531 3276 aaternum
2560 3222 2861 3277 conﬁtetur
2887 3239 3008 3278 esse
3035 3223 3387 3278 damnatam.
3421 3225 3511 3279 lti-

1879 3313 2172 3368 nerarium
2194 3315 2426 3370 nomine
2443 3315 2595 3370 Petri
2614 3315 2851 3386 apostoli
2870 3316 3024 3387 quod
3045 3316 3365 3386 appellatur
3386 3335 3512 3372 san-

1876 3407 1951 3461 cti
1979 3407 2289 3462 Clementis
2313 3408 2441 3462 libri
2470 3424 2712 3464 numero
2746 3409 2946 3464 decem
2974 3409 3308 3480 apocryphi.
3336 3413 3509 3465 Actus

1874 3500 2110 3555 nomine
2127 3501 2367 3557 Δηὼ-θῶ
2383 3502 2625 3572 apostoli
2643 3518 2803 3572 apoc.
2823 3506 2994 3557 Actus
3021 3503 3256 3557 nomine
3277 3503 3509 3558 Thomte

1877 3594 2116 3666 apostoli
2140 3611 2302 3666 apoc.
2331 3599 2498 3651 Actus
2525 3595 2760 3650 nomine
2789 3595 3039 3667 Philippi
3065 3612 3226 3667 apoc.
3260 3597 3513 3668 Evange-

1875 3687 2015 3743 lium
2038 3689 2274 3744 nomine
2295 3688 2539 3745 Matthiae
2567 3706 2730 3760 apoc.
2758 3690 3135 3760 Evangelium
3153 3691 3391 3745 nomine
3411 3693 3512 3746 Pe-

1875 3781 1949 3836 tri
1977 3782 2215 3853 apostoli
2255 3799 2414 3854 apoc.
2453 3783 2823 3854 Evangelium
2857 3784 3092 3838 nomine
3121 3783 3313 3839 Jacobi
3341 3801 3504 3856 apoc.

1876 3875 2244 3946 Evangelium
2269 3876 2503 3931 nomine
2531 3877 2803 3932 Barnabm
2821 3894 2982 3948 apoc.
3012 3877 3387 3948 Evangelium
3408 3895 3510 3934 no-

1874 3969 2027 4024 mine
2057 3969 2308 4041 Thomas,
2330 3987 2446 4042 quo
2477 3974 2716 4026 utuntur
2741 3970 3034 4026 Manichmi
3074 3987 3237 4043 apoc.
3260 3973 3508 4044 Evange-

1875 4063 2016 4117 lium
2046 4063 2278 4119 nomine
2304 4064 2701 4120 Bartholomaei
2744 4066 2984 4136 apostoli
3008 4082 3171 4136 apoc.
3204 4067 3507 4137 Evangelia

1875 4173 2004 4228 qua:
2031 4157 2252 4212 falsavit
2277 4158 2556 4213 Lucianus
2583 4175 2745 4231 apoc.
2769 4159 2935 4215 Liber
2959 4160 3030 4214 de
3057 4159 3302 4216 infantia
3321 4159 3509 4216 Salva-

1877 4250 2013 4305 toris
2059 4267 2219 4322 apoc.
2276 4252 2581 4323 Evangelia
2632 4269 2762 4324 qua:
2826 4253 3049 4309 falsavit
3092 4254 3297 4310 Esitius
3345 4271 3505 4326 apoc.

1875 4342 2039 4399 Liber
2067 4344 2137 4401 de
2168 4344 2464 4402 nativitate
2501 4346 2807 4403 Salvatoris
2851 4351 2910 4402 et
2937 4348 3008 4402 de
3041 4348 3210 4403 Maria
3237 4352 3296 4405 et
3321 4349 3505 4406 obste-

1875 4437 2030 4492 tricae
2055 4455 2214 4510 apoc.
2242 4440 2412 4496 Liber
2431 4440 2532 4513 qui
2555 4442 2877 4513 appellatur
2898 4442 3150 4498 Pastoris
3171 4459 3334 4514 apoc.
3357 4443 3510 4499 Libri

127 4547 505 4587 veneramur.
526 4535 688 4602 Item,
708 4535 854 4590 vitas
878 4537 1134 4607 Patrum,
1161 4537 1854 4617 Pauli,Antonii,Hila.D
1876 4547 2074 4586 omnes
2130 4549 2270 4604 quos
2315 4533 2449 4589 fecit
2503 4534 2707 4590 Lucius
2751 4534 3058 4606 discipulus
3102 4535 3310 4590 diaboli
3345 4552 3506 4607 apoc.

125 4625 340 4692 tionis,
371 4629 430 4681 et
459 4627 720 4683 omnium
752 4630 1127 4686 eremitarum
1165 4647 1258 4686 eas
1283 4634 1500 4702 tamen,
1530 4648 1668 4704 quas
1692 4631 1779 4686 vir

125 4719 502 4775 beatissimus
515 4721 814 4795 descripsit
833 4724 1213 4796 Hieronymus
1233 4741 1362 4780 cum
1383 4726 1542 4781 omni
1562 4727 1776 4782 honore

125 4813 504 4885 suscipimus.
522 4817 664 4870 Item
679 4820 834 4872 actus
853 4817 1004 4873 beati
1019 4817 1272 4873 Silvestri
1287 4819 1614 4890 apostolica;
1629 4819 1779 4875 sedis

125 4907 424 4978 przesulis.
441 4907 596 4964 Licet
614 4910 738 4980 ejus
752 4911 851 4982 qui
871 4911 1203 4982 conscripsit
1225 4928 1439 4968 nomen
1457 4912 1774 4984 ignoretur,

126 5017 170 5056 a
193 5000 398 5056 multis
426 5005 618 5057 tamen
647 5003 708 5058 in
739 5004 881 5059 urbe
909 5007 1088 5060 Roma
1115 5005 1403 5061 catholicis
1429 5006 1545 5077 legi
1568 5023 1779 5078 cogno-

123 5095 346 5162 vimus,
389 5098 447 5150 et
483 5113 588 5167 pro
630 5097 866 5169 antiquo
913 5115 1019 5154 usu
1071 5100 1256 5154 multa
1312 5100 1436 5155 haec
1481 5104 1778 5156 mutantur

121 5188 423 5245 Ecclesia.
476 5192 639 5258 Item,
695 5192 1036 5264 scripturam
1088 5193 1158 5248 de
1210 5194 1538 5250 inventione
1597 5195 1777 5250 crucis

123 5282 472 5351 Dominicae,
498 5289 555 5339 et
581 5284 752 5340 aliam
779 5287 1115 5358 scripturam
1134 5288 1204 5343 de
1230 5287 1554 5344 inventione
1580 5289 1776 5360 capitis

117 5378 372 5433 Joannis
394 5377 660 5449 Baptista
686 5381 921 5435 novellae
945 5381 1209 5453 quaedam
1236 5382 1544 5438 relationes
1562 5386 1696 5437 sunt
1720 5387 1777 5438 et

121 5470 408 5526 nonnulli
424 5488 519 5526 eas
533 5473 793 5529 catholici
817 5459 1034 5546 legunt.
1062 5476 1170 5531 Sed
1199 5493 1329 5531 cum
1354 5477 1477 5531 haec
1495 5477 1566 5532 ad
1587 5476 1778 5532 catho-

113 5567 375 5620 licorum
408 5582 614 5622 manus
638 5567 950 5625 adveniunt
973 5570 1126 5625 beati
1158 5569 1314 5624 Pauli
1357 5570 1599 5641 apostoli
1624 5587 1774 5642 prae-

115 5660 306 5714 cedat
349 5661 650 5716 sententia.
699 5662 902 5718 Omnia
940 5663 1198 5735 probate,
1233 5663 1386 5734 quod
1430 5663 1650 5718 bonum
1693 5667 1780 5719 est

115 5757 354 5808 tenete.
387 5755 548 5824 Item,
583 5755 821 5810 Ruﬁnus
848 5756 934 5812 vir
962 5756 1262 5828 religiosus
1291 5756 1568 5828 plurimos
1594 5757 1773 5812 eccle-

117 5846 347 5906 siastici
377 5848 566 5918 operis
590 5849 771 5906 edidit
795 5849 970 5906 libros
999 5850 1303 5906 nonnullas
1328 5849 1503 5908 etiam
1529 5851 1775 5922 scriptu-

1877 4625 2046 4680 Liber
2075 4625 2172 4696 qui
2200 4627 2523 4699 appellatur
2546 4627 3009 4682 Fundamentum
3034 4644 3195 4700 apoc.
3218 4628 3387 4684 Liber
3411 4631 3510 4701 qui

1877 4723 2197 4795 appellatur
2238 4721 2559 4777 Thesaurus
2597 4737 2756 4793 apoc.
2805 4720 2974 4775 Liber
3011 4721 3081 4777 de
3119 4721 3342 4777 ﬁliabus
3368 4723 3510 4780 Ade:

1876 4817 2156 4873 Geneseos
2180 4831 2341 4888 apoc.
2374 4814 2545 4870 Liber
2572 4815 2670 4886 qui
2705 4815 3026 4886 appellatur
3053 4818 3210 4870 actus
3245 4817 3425 4873 Tecla:
3455 4824 3513 4875 et

1875 4911 2034 4966 Pauli
2070 4909 2312 4983 apostoli
2350 4925 2508 4980 apoc.
2556 4908 2721 4964 Liber
2773 4908 2873 4981 qui
2914 4910 3238 4980 appellatur
3277 4912 3511 4983 Nepotis

1876 5021 2038 5076 apoc.
2066 5004 2232 5059 Liber
2255 5002 2695 5058 Proverbiorum
2719 5003 2817 5074 qui
2847 5003 2919 5058 ab
2951 5003 3230 5059 haereticis
3259 5007 3508 5061 conscri‘

1875 5101 2006 5170 ptus
2036 5101 2096 5153 et
2133 5096 2314 5152 sancti
2355 5096 2503 5168 Syrti
2556 5095 2793 5151 nomine
2833 5103 3188 5168 praenotatus
3231 5102 3318 5154 est
3346 5116 3503 5170 apoc.

1875 5191 2166 5248 Revelatio
2196 5206 2325 5263 quae
2351 5190 2678 5262 appellatur
2702 5191 2937 5246 Thomaa
2963 5192 3203 5263 apostoli
3227 5209 3386 5263 apoc.
3405 5194 3510 5248 Re-

1875 5286 2080 5341 velatio
2095 5301 2225 5356 quae
2251 5284 2574 5356 appellatur
2599 5284 2868 5356 Stephani
2894 5302 3051 5357 apoc.
3072 5285 3358 5342 Revelatio
3378 5300 3507 5355 quae

1877 5379 2194 5451 appellatur
2222 5378 2381 5432 Pauli
2414 5394 2580 5450 apoc.
2608 5377 2775 5433 Liber
2811 5380 2910 5450 qui
2944 5379 3259 5450 appellatur
3281 5377 3504 5431 Transi-

1876 5478 1985 5541 tus,
2013 5474 2070 5528 id
2095 5476 2198 5541 est,
2233 5472 2546 5543 assumptio
2573 5476 2782 5527 sanctae
2806 5473 2990 5527 Mariae
3015 5488 3178 5542 apoc.
3219 5471 3385 5525 Liber
3409 5471 3507 5542 qui

1878 5567 2198 5638 appellatur
2215 5565 2554 5621 Paenitentia
2567 5565 2702 5620 Adae
2718 5581 2878 5636 apoc.
2898 5564 3063 5618 Liber
3098 5562 3254 5632 Ogiae
3275 5563 3510 5619 nomine

1878 5659 2123 5732 gigantis
2161 5659 2260 5732 qui
2290 5676 2422 5714 cum
2459 5659 2703 5714 dracone
2747 5661 2874 5728 post
2909 5657 3182 5711 diluvium
3224 5673 3510 5729 pugnasse

1875 5753 2212 5825 perhibetur
2237 5769 2400 5824 apoc.
2431 5751 2596 5807 Liber
2621 5751 2718 5822 qui
2749 5749 3067 5821 appellatur
3084 5752 3511 5808 Testamentum

1875 5847 1997 5913 Job,
2030 5863 2189 5919 apoc.
2236 5845 2405 5902 Liber
2448 5845 2546 5914 qui
2593 5843 2914 5914 appellatur
2954 5845 3286 5914 poenitentia
3314 5845 3373 5904 S.
3400 5847 3504 5917 Cy-
