4062 6188
577 296 678 348 987

1469 288 1751 347 APPEND.
1794 290 1883 346 AD
1922 293 2083 347 S/EC.
2126 290 2212 345 lx.

2344 290 2586 348 lSlDORl
2624 286 3044 347 MERCATORIS
3752 299 3827 349 eius

579 402 784 473 priani,
806 416 965 471 apoc.
997 399 1161 454 Liber
1187 400 1287 471 qui
1316 399 1638 471 appellatur
1661 400 1989 472 pcenitentia
2009 401 2208 454 Januue
2230 414 2287 487 Α
2310 405 2406 472 pta
2430 406 2579 467 sunt,
2610 415 2771 471 apoc.
2802 400 2928 453 Haec
2956 403 3010 452 et
3042 398 3235 453 omnia
3263 398 3454 453 similia
3476 399 3645 453 Simon
3668 399 3830 472 lagus,

579 497 638 549 et
656 492 940 561 Mambrae,
958 508 1118 564 apoc.
1142 492 1308 548 Liber
1325 491 1426 565 qui
1445 493 1764 565 appellatur
1788 493 1978 549 Sortes
1993 498 2213 565 aposto-

576 587 788 655 lorum,
809 602 969 657 apoc.
994 586 1163 640 Liber
1179 586 1276 657 qui
1300 586 1620 657 appellatur
1639 587 1781 641 Laus
1799 586 2208 658 apostolorum,

580 697 742 752 apoc.
776 679 943 735 Liber
983 679 1356 750 Pbisiologus,
1384 680 1482 751 qui
1532 679 1604 734 ab
1640 681 1925 735 haereticis
1967 680 2209 735 conscri-

578 780 709 847 ptus
738 780 841 843 est,
872 779 930 829 et
958 773 1106 829 beati
1138 773 1421 828 Ambrosii
1465 773 1699 828 nomine
1746 774 2024 845 signatus,
2053 790 2211 845 apoc.

580 867 822 922 Historia
866 866 1090 921 Eusebii
1138 866 1418 938 Pamphili
1463 882 1623 938 apoc.
1677 867 1955 938 Opuscula
1994 868 2213 922 Tertul-

579 961 721 1016 liani
756 977 915 1033 apoc.
947 960 1233 1031 Opuscula
1261 960 1536 1015 Lactantii
1560 977 1723 1031 apoc.
1760 960 2042 1031 Opuscula
2068 961 2213 1015 Afri-

583 1056 708 1109 cani
738 1071 901 1126 apoc.
935 1055 1217 1125 Opuscula
1250 1054 1579 1108 Postumani
1611 1059 1669 1109 et
1707 1055 1846 1109 Galli
1877 1071 2035 1126 apoc.
2070 1055 2219 1125 Opu-

588 1148 743 1203 scula
759 1147 1028 1213 Montani,
1046 1147 1329 1216 Priscillae,
1348 1152 1404 1201 et
1417 1148 1738 1202 Maximillae
1760 1165 1919 1219 apoc.
1941 1148 2220 1220 Opuscula

589 1242 781 1297 omnia
808 1241 998 1295 Fausti
1022 1240 1318 1295 Manichaei
1348 1257 1509 1312 apoc.
1543 1241 1825 1312 Opuscula
1850 1242 2216 1297 Commodini

590 1351 751 1405 apoc.
782 1334 1059 1405 Opuseula
1088 1334 1320 1388 alterius
1340 1335 1643 1389 Clementis
1670 1335 2032 1390 Alexandrini
2056 1351 2217 1406 apoc.

589 1427 875 1499 Opuscula
918 1427 1094 1482 Tascii
1138 1428 1405 1499 Cypriani
1450 1446 1613 1499 apoc.
1662 1429 1939 1500 Opuscula
1985 1428 2220 1484 Arnobii

592 1538 754 1593 apoc.
812 1521 1099 1592 Opuseula
1149 1522 1379 1593 Tyeonii
1434 1538 1594 1593 apoc.
1649 1523 1927 1593 Opuscula
1975 1522 2221 1578 Cassiani

590 1615 905 1687 presbyteri
932 1615 1236 1670 Galliarum
1268 1632 1427 1686 apoc.
1456 1617 1738 1687 Opuseula
1762 1616 2034 1671 Victorini
2071 1616 2219 1670 Pita-

590 1709 877 1764 bionensis
904 1725 1065 1781 apoc.
1091 1709 1377 1779 Opuscula
1405 1710 1595 1763 Fausti
1622 1709 1894 1780 Regeusis
1914 1710 2220 1765 Galliarum

2310 494 2567 548 Nicolaus
2609 493 2887 561 Cerintus,
2919 491 3187 558 Marcion,
3231 490 3496 557 Basilides,
3537 491 3701 558 Ebion,
3728 494 3831 547 Pau-

2310 586 2399 641 lus
2432 588 2604 642 etiam
2645 585 3125 653 Samosathamus,
3157 584 3439 651 Photinus,
3467 590 3518 638 et
3557 584 3775 651 Bonosus,
3796 592 3836 640 et

2312 681 2411 754 qui
2440 680 2607 735 simili
2637 696 2828 735 errore
2856 680 3206 734 defecerunt.
3237 680 3516 733 Montanus
3538 694 3724 749 quoque
3742 695 3834 732 cum

2316 775 2429 830 suis
2478 774 2897 830 obscenissimis
2944 773 3297 844 sequacibus,
3335 771 3657 842 Apollinaris,
3690 773 3834 827 Valen-

2314 869 2483 935 tinus,
2531 869 2785 934 Faustus,
2831 867 3149 933 Africanus,
3193 865 3479 930 Sabellius,
3525 864 3678 929 Arius,
3712 865 3834 919 Mace-

2317 962 2540 1028 donius,
2581 962 2921 1027 Eunomius,
2953 962 3223 1025 Novatus,
3264 958 3567 1025 Sabbatius,
3603 959 3833 1019 Ctelestius,

2317 1058 2589 1123 Donatus,
2620 1055 2963 1120 Eustathius,
2990 1054 3335 1115 Iovinianus,
3373 1052 3631 1122 Pelagius,
3656 1051 3838 1105 Julianus

2317 1149 2659 1214 Celanensis,
2706 1148 3015 1215 Caelestius,
3048 1147 3399 1211 Maximinus,
3449 1144 3767 1199 Priscillianus
3795 1146 3841 1198 ab

2320 1243 2606 1314 Hispania,
2638 1242 2923 1296 Nestorius
2962 1238 3621 1310 Constantinopolitanus,
3646 1238 3842 1291 Maximus

2318 1337 2540 1403 unicus,
2582 1336 2922 1407 Lampetius,
2966 1335 3276 1402 Dioscorus,
3315 1332 3605 1397 Eutichius,
3633 1333 3782 1385 Petrus
3807 1336 3842 1383 et

2322 1430 2462 1485 alius
2516 1432 2728 1495 Petrus,
2781 1446 2811 1483 e
2868 1428 3072 1500 quibus
3139 1443 3288 1481 unus
3340 1424 3710 1489 Alexandriam,
3748 1423 3843 1476 alius

2322 1524 2680 1578 Antiochiam
2729 1522 3050 1589 maculavit,
3086 1521 3321 1577 Aeacius
3369 1517 3843 1588 Constantinopolita-

2322 1634 2429 1672 nus
2471 1634 2600 1671 cum
2646 1616 3007 1671 consortibus
3051 1615 3185 1682 suis,
3219 1630 3445 1668 necnon
3486 1618 3538 1667 et
3577 1627 3739 1665 omnes
3768 1610 3844 1663 hs:-

2324 1711 2466 1765 resei
2494 1710 2995 1780 haereseorumque
3023 1708 3285 1779 discipuli
3314 1707 3430 1761 sive
3474 1705 3761 1760 schismatici
3781 1703 3846 1757 do-

591 1819 751 1874 apoc.
796 1802 1077 1875 Opuscula
1124 1802 1416 1857 Frumenti
1463 1803 1577 1857 ceci
1626 1806 1846 1858 Centon
1887 1803 1956 1857 de
2001 1783 2582 1873 ChristoBcuerunt,
2608 1820 2851 1874 quorum
2904 1803 3138 1856 nomina
3182 1800 3422 1855 minime
3468 1798 3751 1864 retinentur,
3774 1811 3850 1849 non

594 1895 915 1967 Virgilianis
939 1899 1299 1967 compactum
1326 1896 1599 1964 versibus,
1628 1913 1789 1967 apoc.
1825 1897 2072 1967 Epistula
2096 1898 2225 1951 Jesu

592 1989 664 2044 ad
690 1988 1014 2061 Abagarum
1046 2005 1240 2060 regem
1269 2005 1431 2060 apoc.
1477 1990 1727 2060 Epistola
1756 1990 1994 2061 Abagari
2027 1989 2102 2044 ad
2135 1991 2223 2045 Je-

593 2098 720 2138 sum
750 2099 909 2155 apoc.
934 2082 1121 2137 Passio
1149 2082 1330 2153 Cyrici
1361 2086 1419 2137 et
1446 2083 1634 2138 Julitaa
1666 2099 1826 2154 apoc.
1849 2084 2040 2138 Passio
2059 2084 2229 2138 Geor-

598 2175 673 2247 gii
694 2191 854 2246 apoc.
878 2174 1174 2245 Scriptura
1189 2191 1317 2246 quae
1337 2176 1657 2246 appellatur
1677 2176 2061 2231 Contradictio
2079 2177 2231 2231 Salo-

598 2269 784 2323 monis
813 2284 971 2339 apoc.
997 2268 1325 2323 Philacteria
1352 2268 1549 2323 omnia
1574 2285 1703 2340 qua).
1729 2285 1844 2325 non
1869 2270 2227 2341 angelorum,

601 2367 666 2416 ut
680 2361 765 2415 illi
783 2361 1138 2433 conﬁngunt,
1161 2361 1260 2416 sed
1289 2361 1619 2417 dmmonum
1645 2362 1833 2435 magis
1851 2369 1973 2419 arte
1992 2362 2234 2418 conseri-

2324 1899 2507 1953 solum
2554 1897 2871 1967 repudiata,
2911 1896 3008 1951 sed
3059 1896 3130 1949 ab
3173 1895 3329 1948 omni
3376 1894 3633 1958 Romana,
3656 1890 3851 1945 catholica

2326 1995 2383 2046 et
2433 1992 2745 2062 apostolica
2793 1990 3032 2045 Ecclesia
3081 1989 3397 2054 eliminata,
3450 1991 3603 2057 atque
3640 2000 3742 2038 cum
3779 1982 3851 2034 suis

2329 2085 2673 2152 auctoribus,
2694 2088 3106 2155 auctorumque
3123 2081 3461 2153 sequacibus
3473 2080 3567 2134 sub
3585 2078 3853 2133 anathemate

2330 2178 2611 2232 insolubili
2632 2178 2856 2232 vinculo
2889 2178 2945 2231 in
2980 2183 3258 2233 aeternum
3290 2174 3617 2230 confitemur
3642 2187 3736 2225 esse
3752 2170 3853 2223 dam-

2333 2276 2485 2326 nata.

1134 2745 1706 2840 INCIPIUNT
1794 2748 2321 2841 DECRETA
2402 2748 3003 2842 ANASTASII
3088 2747 3452 2841 PAPIE.

674 3109 724 3162 l.
755 3103 917 3171 Quod
944 3121 1047 3177 pro
1069 3105 1295 3162 Christo
1324 3106 1601 3177 fungatur
1624 3107 1935 3180 legatione,
1964 3108 2104 3163 dum
2134 3124 2238 3181 pro
2260 3121 2315 3195 C
2340 3124 2445 3180 per
2469 3111 2732 3163 contexta
2770 3124 2873 3179 per
2898 3111 3082 3163 totum
3110 3108 3277 3162 malas
3326 3106 3492 3161 sortis
3514 3102 3728 3175 patiatur
3746 3097 3867 3195 iacer-

607 3217 746 3272 pace
778 3202 1045 3272 precatur
1070 3199 1352 3256 Ecclesiae.

677 3296 731 3349 2.
761 3294 928 3359 Quod
956 3310 1074 3349 non
1103 3293 1175 3348 sit
1198 3297 1414 3348 temere
1432 3293 1816 3364 judicandum
1845 3295 1916 3351 de
1939 3295 2027 3350 his
2052 3297 2149 3368 qui
2171 3296 2243 3351 ad

608 3388 914 3445 Dominum
941 3386 1357 3459 migraverunt.

680 3486 735 3539 3.
793 3483 864 3538 Ut
925 3482 1255 3553 specialiter
1298 3481 1359 3535 in
1419 3481 1657 3537 ecclesia
1721 3499 1931 3538 nomen
1992 3488 2247 3540 taceatur

610 3576 823 3634 Acacii.

681 3672 736 3725 4.
768 3667 926 3737 Quod
952 3683 1306 3741 magnopere
1334 3668 1627 3725 contentio
1658 3670 1730 3724 sit
1766 3670 2029 3725 cavenda.

685 3766 739 3820 5.
766 3764 838 3819 Ut
861 3761 1279 3817 Alexandrinus
1305 3763 1624 3835 imperator
1642 3763 1948 3820 admoneat
1972 3763 2046 3819 ad
2072 3764 2247 3820 ﬁdem

616 3860 919 3924 sinceram,
954 3861 1009 3911 et
1039 3855 1111 3911 ad
1140 3872 1338 3926 pacem
1367 3857 1552 3912 redire
1581 3857 1936 3913 catholicam.

682 3955 735 4007 6.
764 3951 1054 4005 Admonet
1100 3948 1511 4021 imperatorem
1548 3954 1616 4005 ut
1658 3952 1977 4008 constitutis
2019 3955 2244 4025 aposto-

613 4046 738 4103 lica:
768 4045 915 4100 sedis
944 4043 1322 4114 obtemperet.

686 4144 739 4194 7.
780 4137 946 4202 Quod
987 4154 1081 4191 eos
1124 4153 1267 4207 quos
1307 4142 1435 4208 post
1476 4138 1907 4194 damnationem
1954 4155 2118 4193 suam
2162 4141 2249 4194 vel

616 4230 917 4302 baptizavit
946 4230 1032 4284 vel
1069 4229 1353 4285 ordinavit
1378 4230 1634 4296 Aeacius,
1662 4231 1818 4286 nulla
1848 4231 2033 4302 portio
2064 4231 2246 4286 laesio-

619 4324 708 4379 nis
732 4324 997 4394 attingat.
2211 4311 2236 4331 ⁸

689 4421 742 4474 8.
770 4416 932 4483 Quod
960 4416 1094 4471 mali
1118 4416 1266 4471 bona
1294 4416 1671 4473 ministrando
1700 4416 1808 4472 sibi
1838 4420 2249 4475 tantummodo

621 4515 881 4583 noceant,
909 4526 1015 4567 nec
1044 4510 1305 4567 Ecclesia
1331 4515 1691 4567 sacramenta
1714 4514 2159 4569 commaculent.

1024 4607 1117 4664 Ad
1143 4608 1497 4663 Anastasium
1525 4609 1849 4675 Augustum.

695 4699 1110 4758 Gloriosissimo
1135 4704 1194 4755 et
1212 4699 1656 4755 clementissimo
1684 4700 1801 4755 ﬁlio
1825 4702 2133 4757 Anssnsxo
2152 4703 2259 4756 Au-

626 4800 810 4869 gusto,
835 4798 1172 4852 Aussusws
1204 4793 1524 4867 episcopus.

699 4888 1008 4945 Exordium
1034 4888 1393 4958 pontiﬁcatus
1413 4888 1529 4944 mei
1550 4889 1817 4961 primitus
1835 4887 2022 4945 oblata
2033 4888 2259 4962 populis

626 4997 763 5057 pace
779 4981 1218 5054 pronuntio,con
1225 4982 1469 5038 ﬁdenter
1478 4998 1581 5054 pro
1594 4983 1705 5038 ﬁde
1717 4982 2014 5039 catholica:
2026 4983 2261 5039 humilis

629 5076 825 5150 pietati
841 5080 1043 5131 vestrae
1068 5078 1330 5146 peccator
1355 5093 1612 5145 occurro,
1634 5076 1693 5131 in
1708 5093 1821 5149 quo
1840 5077 2092 5148 primum
2116 5077 2260 5132 mihi

633 5170 893 5227 divinum
922 5168 1179 5223 favorem
1218 5169 1627 5241 propinquasse
1653 5169 1898 5241 conﬁdo,
1929 5170 2083 5243 quod
2107 5185 2261 5226 nunc

629 5262 1003 5322 consonantia
1023 5261 1083 5316 in
1102 5277 1197 5316 me
1221 5262 1610 5333 augustissimi
1641 5264 1893 5319 nominis
1916 5265 1997 5319 tui
2027 5282 2140 5319 non
2162 5265 2261 5319 du-

626 5359 785 5415 bium
798 5359 1029 5431 prastat
1041 5355 1408 5423 auxilium,ut
1418 5356 1562 5413 sicut
1575 5359 1911 5429 praecisum
1923 5358 2260 5415 vocabulum

627 5452 853 5526 pietatis
867 5455 983 5508 tua;
1001 5466 1106 5523 per
1122 5450 1409 5506 universas
1425 5457 1626 5522 gentes
1654 5454 1768 5507 toto
1789 5452 1925 5509 orbe
1941 5451 2260 5523 prefulget,

631 5546 712 5602 ita
724 5563 825 5619 per
837 5545 1223 5601 ministerium
1239 5542 1575 5600 humilitatis
1586 5561 1750 5615 mem,
1764 5545 1909 5599 sicut
1921 5549 2261 5616 semperest,

633 5639 792 5694 sedes
804 5639 1116 5694 beatissimi
1135 5638 1281 5695 Petri
1300 5637 1359 5693 in
1379 5637 1639 5694 universa
1661 5637 1905 5694 Ecclesia
1917 5638 2263 5711 assignatum

635 5732 739 5785 sibi
768 5748 802 5785 a
826 5732 1064 5787 Domino
1093 5735 1205 5789 Deo
1228 5737 1416 5787 teneat
1448 5732 1852 5805 principatum.
1896 5733 2005 5787 Nec
2032 5739 2268 5805 propter

636 5838 818 5880 unum
842 5832 1137 5882 mortuum
1179 5826 1392 5883 diutius
1425 5827 1617 5884 tunica
1641 5826 1734 5881 illa
1759 5826 2066 5882 Salvatoris
2094 5826 2263 5882 desu-

2341 3208 2485 3271 tum,
2514 3219 2643 3274 quas
2670 3201 2787 3256 sola
2810 3202 2869 3256 in
2895 3201 3303 3256 discussionem
3332 3216 3439 3271 pro
3466 3196 3705 3253 ﬁrmitate
3724 3190 3789 3245 sui
3809 3204 3869 3240 ve-

2343 3296 2467 3351 nire
2514 3312 2632 3351 non
2670 3296 2878 3367 potuit,
2909 3295 3215 3349 serenitate
3248 3298 3351 3349 tua
3380 3291 3651 3365 praecipue
3686 3280 3871 3355 rempub.

2345 3391 2719 3462 gubernante.
2752 3389 2856 3447 Cui
2885 3389 3056 3443 etiam
3093 3389 3153 3443 in
3186 3388 3412 3459 privata
3442 3386 3550 3441 vita
3590 3388 3748 3438 tamen
3779 3377 3875 3430 circa

2344 3484 2580 3539 sincera:
2610 3483 2899 3555 religionis
2923 3482 3179 3537 studium
3208 3481 3343 3547 fuit,
3365 3488 3429 3535 ut
3454 3481 3591 3534 sicut
3609 3477 3735 3531 fama
3750 3468 3874 3525 certis

2346 3578 2486 3632 sime
2534 3576 2857 3644 celebravit,
2897 3592 3067 3631 nemo
3109 3575 3292 3647 magis
3334 3575 3428 3629 vel
3471 3575 3614 3629 inter
3654 3566 3880 3641 ριπθοψιιοε

2346 3671 2670 3726 sacerdotes
2713 3670 2977 3743 praeﬁxas
3016 3685 3049 3724 a
3088 3668 3292 3723 sanctis
3335 3666 3587 3723 Patribus
3626 3660 3801 3733 regulas
3818 3654 3881 3709 Ec-

2346 3765 2528 3819 clesim
2571 3765 2883 3819 custodisse
2928 3764 3163 3818 dicatur.
3212 3762 3376 3826 Quod
3425 3763 3666 3825 sanctum
3703 3750 3878 3808 studium

2347 3874 2476 3914 cum
2507 3858 2801 3928 majestate
2825 3857 3054 3929 imperii
3084 3855 3322 3911 crevisse
3355 3854 3693 3911 conﬁdimus.

2419 3952 2550 4007 CAP.
2584 3953 2623 4007 1.
2657 3952 2962 4022 Legatione
3006 3951 3199 4021 itaque
3241 3949 3551 4021 fungimur
3589 3961 3680 4017 pro
3711 3937 3883 3996 Christo,

2348 4061 2452 4100 nec
2478 4061 2574 4099 eos
2613 4048 2848 4115 propter
2884 4043 3257 4099 offensionem
3286 4044 3376 4098 vel
3420 4038 3720 4098 scandalum
3758 4030 3881 4103 patia-

2350 4138 2493 4193 mini
2538 4138 2760 4210 publice
2804 4137 3113 4205 nominari,
3147 4153 3400 4208 quorum
3445 4134 3638 4191 merita
3676 4129 3746 4183 vel
3780 4128 3885 4177 actus

2349 4227 2511 4286 illum
2530 4232 2778 4303 judicem
2805 4232 2984 4286 latere
3014 4248 3127 4285 non
3154 4238 3410 4302 possunt,
3430 4231 3488 4285 in
3515 4228 3664 4298 cujus
3679 4224 3777 4295 jam
3799 4216 3886 4269 ειιῦί

2346 4326 2565 4398 judicio
2598 4326 2909 4381 constituti.
2942 4326 3055 4379 Nec
3082 4325 3197 4379 illic
3226 4341 3286 4379 se
3319 4330 3525 4397 prmest
3559 4307 3888 4375 intei'sei‘ereiu

2352 4436 2589 4492 corpore
2637 4420 2867 4474 mortali
2910 4419 3099 4474 adhuc
3140 4418 3455 4473 temeraria
3499 4406 3825 4488 praesumptio,
3852 4401 3888 4452 in

2269 4496 2330 4569 D
2354 4531 2467 4586 quo
2495 4530 2613 4570 non
2640 4515 2823 4568 solum
2851 4513 3131 4569 confessio
3160 4512 3293 4567 facit
3324 4519 3525 4584 aperta
3551 4508 3731 4564 merita
3762 4500 3891 4566 singu'

2356 4609 2564 4677 lorum,
2597 4608 2693 4663 sed
2737 4608 2907 4662 etiam
2952 4607 3161 4662 silentii
3208 4606 3387 4678 ipsius
3433 4621 3547 4660 non
3590 4599 3751 4674 potest
3772 4595 3888 4647 latere

2356 4704 2663 4756 secretum.
2723 4703 2983 4773 Namque
3035 4704 3094 4755 et
3150 4701 3535 4772 praedecessor
3583 4699 3750 4751 noster

2358 4794 2511 4850 Felix
2552 4801 2611 4851 et
2645 4797 2818 4852 etiam
2852 4796 3084 4850 Aeacius
3112 4795 3225 4849 illic
3264 4794 3467 4866 procul
3513 4789 3674 4846 dubio
3709 4773 3893 4873 suntnbl

2355 4891 2745 4963 unusquisque
2770 4890 2873 4944 sub
2899 4893 3059 4945 tanto
3072 4888 3268 4959 judice
3290 4904 3410 4943 non
3434 4889 3614 4957 potest
3629 4878 3822 4954 perdere
3840 4882 3893 4922 sul

2358 4984 2542 5040 meriti
2573 4985 2924 5056 qualitatem.

2432 5080 2496 5134 ll.
2517 5080 2711 5149 Itaque
2738 5082 3010 5133 monente
3039 5094 3140 5132 nos
3158 5075 3490 5131 beatissimo
3508 5066 3899 5144 Apostolomﬁlue

2360 5172 2433 5227 sit
2457 5172 2515 5226 in
2540 5172 2649 5226 hoc
2670 5170 3076 5227 offendiculum
3103 5170 3163 5225 in
3189 5169 3455 5234 Ecclesia,
3482 5167 3611 5221 dum
3631 5156 3761 5235 quod
3774 5153 3897 5208 facet?

2363 5282 2475 5321 non
2507 5280 2810 5337 possumus
2839 5264 2908 5320 de
2936 5265 3023 5319 his
3067 5264 3164 5336 qui
3203 5263 3323 5335 jam
3359 5246 3896 5323 transieruntjudicm'

2362 5375 2654 5426 conemur,
2700 5357 3121 5413 observandum
3165 5373 3288 5413 esse
3329 5351 3695 5427 tranquillitas
3729 5348 3803 5397 tua
3832 5347 3894 5387 (θ’

2364 5459 2616 5526 gnoscat.
2630 5453 2723 5507 Ait
2737 5452 2891 5507 enim
2908 5452 2979 5507 de
3000 5452 3089 5507 his
3111 5451 3209 5524 qui
3231 5452 3301 5506 de
3320 5449 3493 5504 rebus
3512 5447 3580 5502 ad
3602 5446 3753 5498 Deum
3771 5431 3894 5527 solum

2363 5546 2783 5619 pertinentibus
2819 5546 3082 5618 judicare
3128 5548 3491 5617 praesumunt
3522 5558 3536 5596 :
3567 5560 3594 5589 α
3622 5537 3770 5593 Nemo
3794 5531 3895 5579 enim

2365 5644 2624 5695 nostrum
2668 5639 2770 5695 sibi
2800 5640 2955 5709 vivit,
2985 5644 3041 5694 et
3069 5656 3241 5694 nemo
3284 5640 3540 5692 nostrum
3581 5631 3675 5687 sibi
3712 5620 3897 5712 morilut

2365 5734 2492 5790 Sive
2522 5735 2679 5789 enim
2708 5734 2954 5789 vivimus
2984 5734 3098 5790 sive
3125 5732 3426 5797 morimur,
3448 5724 3659 5784 Domini
3682 5718 3899 5812 ςυωιιῆιθ

2366 5828 2472 5883 hoc
2498 5828 2652 5884 enim
2672 5828 2950 5911 .Christus
2980 5827 3290 5883 resurrexit
3317 5842 3348 5879 a
3378 5822 3637 5887 moi-tius,
3663 5818 3715 5870 ut
3737 5814 3781 5864 et
3803 5814 3904 5856 πνο-
