4062 6188
229 313 344 364 989

1471 305 1946 365 DECRETALIUM
1983 306 2370 366 COLLECTIO.

3493 316 3596 369 990

232 433 370 472 rum
386 416 1488 474 etmortuorumdominetur.Tuautem
1503 418 1870 492 quidjudicas
1892 425 2078 505 Atus,
2126 420 2172 473 si
2207 435 2319 490 qua
2351 419 2566 474 viscera
2611 419 2995 476 miserationis
3034 417 3268 491 implete
3318 418 3594 491 gaudium

230 510 471 566 fratrem
485 514 544 566 tu
552 515 774 579 um,aut
784 528 958 584 quare
972 513 1194 584 spernis
1205 512 1439 568 fratrem
1455 513 1651 568 tuum?
1663 513 1870 568 Omnes

235 603 435 678 245
466 604 746 660 stabimus
773 612 907 660 ante
940 606 1187 661 tribunal
1211 606 1436 663 Christi.
1469 605 1754 678 Scriptum
1786 611 1872 661 est

233 700 397 753 enim
449 714 463 752 :
512 717 541 749 α
583 699 719 754 Vivo
763 715 872 770 ego
909 699 1048 755 dicit
1088 700 1385 767 Dominus,
1426 701 1695 772 quoniam
1728 700 1871 755 mihi

234 791 506 846 ﬂectetur
552 809 725 847 omne
766 809 918 864 genu
958 796 1017 848 et
1051 794 1236 848 omnis
1281 795 1476 865 lingua
1513 793 1873 850 conﬁtebitur

239 885 379 940 Deo.
407 885 600 957 Itaque
631 886 1022 958 unusquisque
1045 905 1148 958 pro
1171 904 1231 942 se
1263 888 1479 942 ratione
1508 887 1708 942 reddet
1737 888 1868 943 Deo.

235 978 364 1033 Non
425 995 564 1051 ergo
618 980 866 1051 amplius
925 980 1169 1036 invicem
1215 981 1558 1052 judicemus,
1614 981 1712 1036 sed
1763 981 1872 1036 hoc

227 1071 489 1140 judicate
530 1073 712 1144 magis
755 1090 830 1128 ne
872 1074 1094 1145 ponatis
1141 1073 1549 1130 oﬁ‘endiculum
1590 1075 1756 1130 fratri
1783 1075 1872 1130 vel

235 1164 573 1220 scandalum
618 1170 784 1234 (Rom.
823 1183 934 1234 xIv,
979 1169 1155 1237 7-14).
1185 1190 1212 1217 ››
1252 1168 1440 1223 Monet
1477 1167 1654 1240 igitur
1676 1168 1874 1223 beatus

233 1259 536 1330 Apostolus
565 1276 634 1314 ne
663 1259 733 1314 de
760 1261 849 1315 his
874 1261 1036 1316 nobis
1056 1278 1474 1332 praesumamus
1494 1262 1776 1332 judicium
1803 1262 1874 1316 de

238 1352 453 1424 quibus
476 1369 646 1408 nemo
677 1357 860 1424 potest
877 1355 1082 1409 melius
1105 1355 1191 1410 vel
1213 1355 1401 1409 verius
1418 1355 1675 1426 judicare
1695 1371 1871 1426 quam

237 1445 412 1512 Deus,
453 1445 560 1500 sibi
599 1446 657 1500 in
695 1447 801 1502 hoc
831 1448 1113 1519 quispiam
1144 1449 1480 1503 temerarios
1509 1465 1678 1503 ausus
1708 1465 1871 1503 usur-

238 1541 362 1610 pet,
391 1544 447 1594 et
473 1546 707 1611 propter
733 1540 839 1596 hoc
879 1558 987 1612 pax
1016 1547 1185 1613 atque
1212 1542 1399 1597 unitas
1425 1542 1684 1597 Ecclesiae
1711 1542 1872 1597 dissi-

236 1637 432 1704 petur.
470 1633 610 1687 Nam
652 1638 711 1688 et
750 1635 808 1689 in
850 1636 1178 1706 Regnorum
1224 1635 1370 1691 libro
1412 1636 1620 1691 dicitur
1650 1653 1662 1691 :
1695 1656 1721 1688 «
1753 1637 1875 1692 Non

238 1727 537 1797 quomodo
557 1726 712 1782 videt
732 1728 925 1796 homo,
944 1729 1098 1784 videt
1115 1736 1172 1785 et
1190 1730 1356 1796 Deus,
1381 1731 1509 1801 quia
1533 1730 1703 1785 homo
1724 1729 1877 1785 videt

237 1819 305 1873 in
340 1820 504 1887 facie,
534 1822 679 1876 Deus
702 1827 894 1877 autem
921 1822 1075 1877 videt
1101 1822 1158 1877 in
1188 1823 1354 1878 corde
1377 1827 1418 1892 (l
1440 1826 1568 1894 Reg.
1603 1840 1712 1892 xw,
1743 1825 1816 1893 7).
1843 1844 1871 1874 ιι
1896 1804 1952 1876 Β

246 1915 393 1967 Item
438 1913 496 1968 in
525 1914 998 1987 Paralipomenon
1047 1916 1192 1971 libro
1225 1917 1411 1987 primo
1441 1933 1454 1970 :
1487 1939 1514 1966 ‹‹
1545 1919 1610 1972 Et
1640 1934 1811 1983 nunc,
1843 1935 1876 1973 ο

240 2007 508 2062 Salomon
535 2007 676 2063 scito
698 2009 880 2064 Deum
907 2011 1140 2064 Patrum
1170 2013 1424 2076 tuorum,
1455 2017 1512 2066 et
1538 2011 1681 2065 servi
1709 2011 1789 2066 illi
1818 2011 1877 2065 in

238 2101 415 2155 corde
439 2102 686 2173 perfecto
708 2109 764 2157 et
789 2102 847 2157 in
874 2103 1064 2158 animo
1094 2104 1368 2174 perfecto,
1393 2110 1449 2159 et
1475 2105 1530 2168 in
1560 2104 1752 2159 animo
1778 2121 1875 2159 vo-

237 2192 419 2259 lente,
461 2195 731 2265 quoniam
756 2196 948 2250 omnia
975 2196 1150 2251 corda
1175 2201 1463 2252 scrutatur
1490 2199 1636 2252 Deus
1665 2203 1721 2252 et
1751 2215 1875 2253 om-

241 2302 383 2340 nem
412 2288 817 2360 cogitationem
845 2289 1003 2344 novit
1029 2291 1077 2360 (Ι
1099 2291 1231 2345 Par.
1262 2307 1452 2359 xxviu,
1482 2293 1556 2359 9).
1587 2314 1614 2342 ››
1654 2293 1790 2346 Item
1817 2291 1876 2346 in

245 2379 538 2436 Ezechiele
582 2381 703 2436 haec
746 2381 884 2437 dicit
922 2381 1193 2438 Dominus
1238 2384 1383 2438 Deus
1422 2401 1435 2438 :
1483 2405 1511 2433 «
1553 2383 1607 2440 Si
1635 2383 1876 2453 dixistis,

245 2472 451 2528 domus
475 2474 668 2541 lsraél,
690 2479 748 2530 et
770 2475 1141 2547 cogitationes
1161 2475 1392 2548 spiritus
1412 2477 1603 2544 vestri,
1627 2493 1732 2549 ego
1751 2477 1878 2532 novi

247 2567 465 2634 (Ezech.
508 2584 583 2636 XI,
627 2567 701 2631 5}.
736 2589 764 2622 io
795 2569 954 2625 Unde
994 2576 1052 2625 et
1090 2569 1160 2625 de
1189 2571 1428 2626 Domino
1447 2570 1643 2641 judice
1674 2571 1881 2627 dicitur

245 2660 310 2714 in
364 2662 666 2733 Evangelia
709 2679 722 2717 :
764 2685 791 2713 ‹‹
833 2663 1030 2720 Sciens
1073 2671 1266 2720 autem
1311 2666 1473 2720 Jesus
1510 2666 1880 2738 cogitationes

246 2770 450 2809 eorum
480 2755 626 2810 dixit
651 2771 665 2810 :
688 2756 832 2821 Quid
851 2758 1114 2830 cogitatis
1140 2759 1290 2813 mala
1322 2758 1380 2813 in
1401 2759 1666 2814 cordibus
1685 2759 1881 2815 vestris

249 2849 469 2917 (Matth.
502 2865 577 2916 1x,
605 2849 682 2919 4).
712 2872 740 2901 ››

320 2943 411 2998 Ill.
441 2944 747 2999 Precamur
765 2943 954 3016 itaque
978 2945 1344 3002 dilectionem
1374 2951 1640 3014 vestram,
1666 2951 1728 3002 ut
1751 2965 1877 3018 spe-

245 3039 472 3096 cialiter
511 3058 722 3098 nomen
765 3046 1024 3098 taceatur
1059 3044 1263 3112 Acacii,
1304 3048 1370 3099 ut
1399 3045 1552 3117 quod
1589 3046 1783 3101 multis
1814 3062 1882 3100 ex

249 3135 434 3189 causis
470 3136 801 3192 scandalum
830 3137 917 3191 vel
946 3137 1348 3193 oﬂ‘endiculum
1365 3138 1624 3194 Ecclesia:
1638 3139 1882 3195 cont-ita—

248 3227 351 3295 vit,
377 3229 604 3300 speciali
633 3231 1020 3302 appellatione
1048 3235 1322 3299 taceatur,
1363 3249 1518 3301 cum,
1560 3231 1706 3287 sicut
1735 3232 1877 3287 dixi-

251 3338 401 3389 mus,
426 3323 484 3376 in
512 3324 881 3394 generalitate
909 3325 1268 3380 sacerdotum
1291 3326 1732 3398 uniuscujusque
1757 3343 1880 3382 me-

249 3411 430 3465 ritum
455 3412 615 3467 illum
641 3413 816 3468 latere
844 3430 958 3468 non
987 3413 1184 3485 possit,
1207 3413 1306 3486 qui
1337 3415 1494 3470 novit
1523 3415 1659 3486 quid
1680 3415 1882 3486 cuique

250 3504 624 3560 tribuendum
650 3505 742 3575 sit,
767 3523 872 3578 pro
893 3509 1171 3562 estimata
1197 3507 1623 3579 dispensatione
1649 3509 1881 3563 merito-

254 3614 412 3666 rum,
450 3599 536 3653 cui
581 3599 685 3654 soli
715 3601 1092 3672 cogitationes
1125 3617 1351 3672 quoque
1381 3602 1697 3656 manifesta:
1729 3605 1880 3656 sunt.

252 3693 500 3756 Quantos
527 3709 660 3748 vero
687 3710 948 3749 excessus
975 3697 1147 3766 atque
1166 3694 1652 3767 pemsumptiones
1671 3695 1884 3750 habue-

254 3786 332 3839 rit
349 3785 582 3842 Acacius
612 3803 684 3841 ne
709 3788 1030 3842 clementiae
1063 3791 1174 3842 tua:
1202 3805 1510 3859 suggerere
1537 3805 1642 3860 per
1665 3789 1887 3860 singula

254 3879 496 3934 fortasse
547 3880 805 3935 videatur
861 3898 1196 3947 onerosum,
1238 3881 1536 3936 Cresconio
1574 3882 1659 3936 vel
1711 3882 1886 3936 etiam

255 3973 540 4027 Germano
573 3974 838 4029 fratribus
880 3978 936 4029 et
973 3975 1324 4046 coepiscopis
1352 3976 1515 4043 meis,
1553 3991 1697 4046 quos
1725 3975 1883 4028 misi-

257 4083 388 4120 mus
431 4067 502 4122 ad
535 4069 904 4123 serenitatem
942 4075 1098 4123 tuam
1127 4069 1197 4123 de
1226 4069 1408 4123 causis
1438 4069 1679 4140 singulis
1707 4068 1888 4124 Acacii

254 4159 445 4233 qualis
488 4161 658 4216 fuerit
700 4163 1137 4218 instructionem
1191 4162 1578 4234 plenissimam
1627 4162 1889 4218 dedimus

254 4255 580 4310 clementia
625 4260 844 4326 vestrae,
879 4257 1179 4328 specialius
1211 4256 1644 4322 recensendam,
1692 4256 1737 4311 si
1780 4256 1890 4312 hoc

253 4347 456 4420 pietati
476 4355 590 4404 tua;
610 4349 890 4421 placuerit
913 4350 1191 4406 curiosius
1209 4349 1502 4422 indagare,
1525 4365 1596 4404 ne
1614 4350 1676 4403 in
1696 4349 1889 4421 aliquo

257 4458 323 4496 sn
333 4443 644 4514 ggestionis
660 4448 866 4498 nostrae
886 4443 1114 4514 veritas,
1139 4443 1383 4499 defuisse
1405 4443 1682 4511 videatur,
1702 4446 1768 4498 ut
1785 4459 1892 4515 pro

1969 528 2186 578 meum,
2211 517 2272 567 ut
2291 511 2536 584 idipsum
2554 511 2753 568 dicatis
2767 529 2967 568 omnes
2985 512 3244 568 eamdem
3260 511 3358 567 cha
3367 513 3597 568 ritatem

1970 605 2250 661 habentes
2276 605 2420 660 nihil
2447 623 2552 678 per
2577 606 3002 663 contentionem
3031 622 3213 678 neque
3242 623 3344 678 per
3368 607 3600 662 inanem

1974 699 2234 772 gloriam,
2261 698 2360 754 sed
2383 699 2442 754 in
2465 699 2780 756 humilitate
2807 699 3016 756 mentis
3036 700 3280 754 invicem
3304 699 3594 755 aestiman-

1971 800 2056 849 tes
2082 793 2399 864 semetipsis
2429 794 2748 864 superiores
2781 811 2895 849 non
2927 811 3026 848 sua
3055 793 3268 864 singuli
3298 793 3599 865 respicien-

1969 892 2076 956 tes,
2106 887 2204 942 sed
2237 886 2476 941 aliomm
2512 887 2671 955 (Phil.
2701 903 2760 954 ιι,
2801 891 2932 956 l-5).
2963 908 2991 936 ››

2040 981 2104 1035 ν.
2160 981 2271 1035 Hoc
2316 983 2508 1034 tamen
2556 980 2842 1050 praecipue
2890 981 3118 1035 insinuo
3156 979 3447 1035 serenitati
3487 983 3598 1035 tuas

1975 1073 2415 1147 gloriosissimas,
2433 1077 2491 1128 et
2507 1073 2984 1140 clementissimae,
3001 1074 3080 1128 ﬁli
3095 1077 3366 1145 Auguste,
3390 1077 3452 1128 ut
3468 1091 3598 1129 cum

1973 1185 2157 1223 causae
2193 1167 2706 1223 Alexandrinorum
2743 1167 3032 1238 patuerint
3068 1167 3338 1238 piissimis
3367 1169 3598 1222 auribus

1972 1262 2193 1329 vestris,
2221 1261 2290 1316 ad
2315 1261 2654 1316 catholicam
2688 1264 2746 1314 et
2772 1260 3051 1314 sinceram
3082 1260 3251 1315 ﬁdem
3283 1277 3375 1314 eos
3400 1267 3596 1316 aucto-

1972 1355 2157 1423 ritate,
2181 1355 2477 1426 sapientia,
2501 1353 2818 1425 divinisque
2842 1353 3038 1408 vestris
3061 1353 3297 1408 monitis
3318 1354 3504 1408 redire
3527 1353 3601 1409 fa-

1975 1449 2135 1504 ciatis
2159 1465 2171 1503 :
2196 1465 2328 1503 nam
2349 1447 2485 1520 quid
2511 1447 2824 1502 tenendum
2851 1448 2998 1501 sitin
3021 1447 3296 1519 religione
3320 1448 3601 1502 catholica

1975 1542 2290 1598 secundum
2304 1541 2534 1597 deﬁnita
2547 1543 2778 1596 Patrum
2794 1545 2852 1595 et
2864 1541 3323 1612 praedicationem
3339 1542 3601 1597 omnium

1974 1637 2328 1692 sacerdotum
2353 1635 2450 1707 qui
2473 1636 2530 1689 in
2555 1635 2800 1689 Ecclesia
2821 1634 3155 1701 ﬂoruerunt,
3180 1635 3223 1688 si
3247 1636 3351 1690 hoc
3372 1651 3601 1707 quoque

1975 1730 2358 1804 prteceperitis
2387 1728 2693 1784 scientibus
2720 1729 2777 1783 in
2808 1728 3146 1782 memoriam
3167 1730 3604 1784 transmittendo

1976 1823 2378 1880 renovabimus
2405 1821 2804 1894 ignorantibus
2831 1822 2900 1875 ad
2929 1821 3259 1876 discendum
3280 1837 3383 1892 pro
3413 1822 3602 1876 oflicio

1977 1922 2185 1973 nostrae
2229 1915 2616 1972 instructionis
2659 1915 2985 1983 otferemus,
3032 1919 3093 1969 ut
3119 1915 3275 1969 nulla
3301 1918 3455 1970 extra
3482 1915 3604 1970 haec

1974 2011 2337 2084 ingeniorum
2355 2009 2628 2081 jactantia
2656 2009 2745 2063 vel
2775 2007 3024 2079 pravitas
3043 2007 3327 2062 audiatur.

2046 2107 2134 2160 VI.
2157 2105 2292 2160 Illud
2318 2120 2450 2158 vero
2470 2102 2852 2175 peculiaribus
2865 2119 2969 2173 pro
2988 2118 3179 2156 amore
3197 2101 3605 2173 imperiivestri

1976 2203 2034 2255 et
2077 2199 2428 2254 beatitudine
2473 2214 2601 2269 quae
2647 2197 2915 2268 consequi
2945 2197 3190 2267 potuerit
3218 2195 3474 2268 regimen
3503 2213 3606 2269 pro

1975 2293 2282 2365 apostolico
2313 2291 2590 2346 beneﬁcio
2618 2290 3016 2363 praedicamus,
3063 2293 3126 2343 ut
3161 2290 3309 2346 sicut
3348 2290 3510 2346 decet
3548 2295 3606 2346 et

1977 2387 2222 2460 Spiritus
2237 2392 2465 2441 sanctus
2481 2385 2653 2440 dictat
2667 2384 2897 2439 monitis
2909 2384 3116 2439 nostris
3131 2383 3449 2440 obedientia
3469 2401 3607 2456 prae-

1977 2482 2198 2547 beatur,
2231 2483 2293 2535 ut
2315 2480 2466 2534 bona
2493 2478 2685 2534 omnia
2708 2483 2954 2532 vestram
2979 2478 3392 2549 rempublicam
3413 2495 3607 2534 conse-

1977 2578 2249 2647 quantur,
2301 2573 2444 2628 sicut
2478 2573 2539 2627 in
2570 2573 2763 2627 Exodo
2797 2571 3192 2643 promittitur:
3225 2594 3253 2619 ‹‹
3280 2573 3334 2627 Si
3363 2573 3609 2630 audieris

1976 2684 2169 2724 vocem
2196 2667 2421 2722 Domini
2448 2667 2548 2722 Dei
2573 2665 2676 2734 tui,
2706 2671 2763 2721 et
2789 2682 2919 2738 quae
2947 2667 3172 2737 placent
3195 2665 3246 2720 ei
3286 2665 3486 2721 feceris
3510 2684 3604 2722 co-

1977 2779 2100 2818 ram
2123 2762 2267 2833 ipso,
2297 2766 2354 2815 et
2379 2760 2661 2816 obedieris
2686 2759 2985 2831 praeceptis
3026 2759 3152 2830 ejus
3191 2762 3247 2814 et
3273 2760 3607 2816 custodieris

1979 2871 2208 2911 omnem
2230 2854 2511 2926 justitiam
2555 2854 2699 2925 ejus,
2739 2869 2969 2908 omnem
3003 2852 3400 2908 inﬁrmitatem
3432 2871 3601 2927 quam

1978 2948 2284 3022 importavi
2317 2947 2590 3020 Egyptiis
2617 2965 2732 3002 non
2757 2946 3083 3018 importabo
3111 2948 3168 3000 in
3201 2950 3277 3002 te.
3311 2949 3429 3018 Ego
3451 2949 3606 3003 enim

1979 3043 2254 3100 Dominus
2282 3059 2428 3111 sum,
2460 3041 2558 3114 qui
2579 3041 2799 3096 salvum
2823 3041 2970 3096 facio
2997 3044 3052 3096 te
3083 3040 3278 3112 (Exod.
3326 3058 3415 3108 xv,
3443 3045 3552 3114 27).
3581 3067 3607 3092 »

1981 3139 2049 3193 Et
2085 3137 2196 3193 illic
2240 3137 2449 3192 iterum
2503 3135 2639 3190 tuba
2686 3135 3079 3207 potentissima
3104 3134 3342 3190 canitur.
3374 3155 3402 3187 ι(
3429 3136 3608 3204 Nunc,

1983 3231 2169 3300 Israel,
2201 3230 2337 3302 quid
2368 3229 2643 3284 Dominus
2672 3230 2818 3284 Deus
2844 3232 2974 3284 tuus
2999 3230 3305 3300 postulata
3338 3234 3393 3284 te
3432 3231 3607 3298 aliud,

1981 3341 2154 3396 quam
2184 3328 2245 3377 ut
2268 3323 2469 3378 timeas
2495 3322 2798 3376 Dominum
2827 3328 3011 3388 tuum,
3035 3328 3092 3376 et
3121 3322 3377 3376 ambules
3401 3323 3458 3377 in
3485 3340 3603 3379 om-

1981 3417 2149 3472 nibus
2193 3417 2296 3470 viis
2323 3417 2466 3488 ejus,
2505 3419 2562 3469 et
2595 3415 2802 3486 diligas
2839 3431 2992 3482 eum,
3040 3418 3097 3468 et
3135 3415 3344 3469 servias
3373 3417 3609 3472 Domino

1984 3507 2097 3560 Deo
2126 3510 2226 3560 tuo
2252 3522 2321 3560 ex
2349 3509 2471 3559 toto
2491 3503 2664 3559 corde
2691 3509 2746 3558 et
2767 3519 2831 3556 ex
2853 3506 2971 3557 tota
2995 3502 3190 3556 anima
3211 3509 3304 3558 tua
3325 3505 3607 3560 custodire

1983 3604 2267 3670 praecepta
2321 3597 2549 3652 Domini
2600 3597 2705 3652 Dei
2758 3595 2841 3650 tui
2893 3599 2950 3650 et
2990 3595 3260 3666 justitias,
3311 3614 3450 3669 quas
3500 3615 3608 3671 ego

1985 3693 2200 3747 mando
2223 3692 2326 3747 tibi
2349 3695 2522 3758 (Deut.
2545 3707 2598 3757 x,
2627 3694 2710 3758 l2,
2740 3691 2844 3761 l3).
2877 3711 2904 3738 ››
2929 3690 3055 3744 Hzec
3075 3695 3478 3762 suggerentem
3496 3693 3604 3749 fre-

1985 3785 2253 3857 quentius
2287 3802 2403 3840 non
2444 3787 2672 3855 spernat
2721 3784 2901 3854 pietas
2942 3787 3058 3838 tua.
3092 3788 3237 3838 Ante
3265 3785 3456 3839 oculos
3485 3789 3611 3841 tuos

1987 3879 2202 3934 habens
2233 3878 2455 3934 Domini
2496 3879 2555 3932 in
2584 3876 2888 3948 Evangelio
2916 3877 3155 3931 verbum
3183 3893 3196 3931 :
3235 3896 3263 3929 «
3303 3877 3408 3942 Qui
3454 3879 3613 3935 audit

1986 3989 2101 4038 vos,
2127 3989 2218 4026 me
2245 3971 2422 4026 audit.
2453 3972 2518 4024 Et
2537 3973 2636 4042 qui
2663 3987 2757 4024 vos
2783 3970 3018 4041 spernit,
3043 3987 3134 4024 me
3156 3971 3404 4042 spernit;
3437 3977 3493 4026 et
3512 3974 3612 4045 qui

1990 4083 2080 4120 me
2107 4065 2343 4136 spernit,
2372 4065 2590 4135 spernit
2613 4079 2742 4118 eum
2769 4063 2865 4134 qui
2893 4079 2985 4117 me
3007 4063 3160 4118 misit
3186 4064 3338 4133 (Luc.
3362 4082 3418 4132 x,
3453 4067 3558 4137 l6).
3584 4086 3611 4119 »

1988 4160 2129 4214 Nam
2152 4162 2211 4213 et
2229 4157 2530 4230 Apostolus
2556 4158 2864 4212 concinens
2898 4148 3171 4212 salvatori
3205 4164 3398 4214 nostro
3422 4159 3500 4215 ita
3537 4160 3616 4215 lo-

1991 4253 2186 4324 quitur
2209 4269 2222 4308 :
2250 4272 2276 4304 α
2299 4253 2653 4324 Quapropter
2673 4250 2770 4322 qui
2790 4251 2912 4306 hmo
2929 4251 3164 4322 spernit,
3188 4268 3304 4308 non
3322 4253 3617 4309 hominem

1989 4347 2226 4418 spernit,
2276 4345 2375 4400 sed
2414 4345 2715 4401 Dominum
2747 4344 2844 4416 qui
2875 4344 3032 4400 dedit
3058 4343 3330 4416 Spiritum
3356 4351 3618 4404 sanctum

1990 4456 2159 4496 suum
2183 4440 2244 4494 in
2273 4439 2431 4495 vobis
2476 4441 2520 4508 (ι
2551 4441 2730 4495 Thess.
2773 4455 2846 4509 ιν,
2876 4438 2951 4509 8).
2984 4460 3012 4488 ››
3059 4441 3257 4494 Pectus
3299 4440 3620 4497 clementiae

256 4534 449 4590 divina
480 4536 757 4608 sapientia
775 4544 956 4593 vestra
981 4538 1278 4609 perspicue
1305 4537 1496 4593 videre
1517 4536 1745 4609 possitis
1771 4554 1888 4592 non
1909 4545 1968 4618 D
1991 4539 2187 4589 vestra:
2203 4532 2513 4588 sacrarium
2527 4536 2612 4586 est
2631 4529 2868 4603 publica:
2888 4532 3192 4600 felicitatis,
3216 4537 3278 4586 ut
3294 4536 3621 4604 prmstantia

255 4629 529 4701 superbia
578 4631 665 4686 vel
714 4631 956 4687 elatione
1001 4631 1154 4687 sedis
1179 4631 1506 4704 apostolica!
1541 4631 1600 4686 in
1628 4631 1894 4686 Acacium

257 4724 440 4779 talem
467 4725 802 4796 processisse
832 4727 1198 4793 sententiam,
1239 4725 1338 4781 sed
1367 4725 1711 4781 facinoribus
1729 4725 1895 4780 certis

257 4823 540 4889 quantum
581 4836 683 4874 nos
719 4820 856 4875 illud
886 4820 1172 4891 judicium
1222 4820 1377 4892 quod
1403 4820 1592 4875 solum
1630 4820 1751 4875 falli
1779 4836 1893 4874 non

258 4914 451 4984 potest
485 4913 838 4969 aestimamus
875 4915 996 4970 zelo
1044 4914 1226 4986 magis
1250 4913 1562 4969 divinitatis
1581 4918 1892 4969 extortam.

336 5007 423 5062 IV.
452 5008 561 5063 Nos
581 5024 717 5063 vero
736 5009 1027 5064 humiliter
1046 5006 1428 5080 supplicantes
1447 5008 1894 5062 controversiam

257 5102 324 5156 in
357 5101 598 5156 Ecclesia
625 5118 922 5158 remanere
960 5103 1248 5169 nolumus,
1290 5117 1422 5157 cum
1458 5101 1640 5173 magis
1669 5100 1897 5155 vitanda

262 5195 554 5250 contentio
597 5196 670 5250 sit
712 5195 856 5250 sicut
893 5195 1099 5251 dicitur
1146 5197 1204 5251 in
1241 5195 1593 5268 proverbiis:
1627 5217 1653 5244 ‹‹
1689 5194 1896 5250 Odium

263 5289 506 5344 suscitat
531 5290 824 5344 contentio
852 5291 1028 5361 (Prov.
1059 5307 1113 5359 x,
1147 5293 1251 5358 l2).
1286 5312 1313 5340 ››
1345 5291 1549 5346 Omnes
1576 5292 1772 5344 autem
1801 5288 1896 5360 qui

259 5398 386 5438 non
417 5383 792 5452 contendunt,
820 5385 1070 5456 protegit
1093 5385 1286 5440 anima
1309 5401 1438 5440 mea
1460 5383 1731 5440 amicitia.
1759 5383 1899 5437 Nam

260 5482 326 5531 et
354 5478 654 5547 Apostolus
691 5477 765 5532 ad
789 5477 1106 5532 Corinthios
1141 5495 1154 5532 :
1189 5500 1217 5526 «ι
1248 5479 1390 5534 Cum
1421 5477 1573 5533 enim
1602 5477 1715 5530 sint
1749 5476 1900 5531 inter

260 5586 368 5625 vos
380 5571 776 5625 mmulationes
789 5574 846 5625 et
863 5573 1252 5627 contentiones
1262 5615 1275 5640 ,
1293 5589 1478 5626 nonne
1500 5571 1758 5626 carnales
1771 5570 1901 5624 estis

263 5670 329 5718 et
357 5665 672 5718 secundum
705 5665 997 5720 hominem
1026 5665 1334 5720 ambulatis
1359 5665 1433 5734 (II
1456 5667 1574 5722 Cor.
1606 5681 1701 5731 xu,
1729 5667 1838 5730 20).
1871 5684 1898 5712 »

261 5758 410 5812 ltem
428 5757 498 5811 ad
517 5758 904 5830 Philippenses
919 5776 932 5814 :
950 5778 977 5811 α
994 5759 1047 5816 Si
1063 5777 1177 5832 qua
1193 5775 1331 5831 ergo
1349 5758 1659 5814 consolatio
1672 5757 1730 5812 in
1747 5757 1902 5815 Chri-

265 5856 380 5917 sto,
410 5849 458 5905 si
483 5866 596 5925 qua
612 5852 878 5908 allocutio
901 5853 1208 5910 charitatis.
1243 5852 1298 5910 Si
1329 5869 1443 5926 qua
1472 5852 1711 5910 societas
1736 5849 1898 5924 spiri-

1994 4633 2197 4696 vestra,
2226 4643 2338 4699 qua
2362 4627 2515 4680 velut
2538 4625 2809 4680 vicarium
2835 4625 3142 4697 praesidere
3160 4625 3333 4696 jussit
3355 4627 3415 4681 in
3433 4629 3619 4696 terris,

1995 4720 2304 4792 evangeliis
2336 4718 2771 4791 apostolicisque
2792 4719 3092 4790 praeceptis
3115 4735 3231 4774 non
3254 4719 3397 4776 dura
3420 4739 3620 4796 super-

1994 4814 2085 4871 bia
2124 4815 2363 4881 resistat,
2396 4813 2491 4868 sed
2533 4829 2636 4884 per
2671 4811 3060 4868 obedientiam
3091 4829 3222 4885 qua:
3263 4821 3397 4872 sunt
3423 4819 3619 4874 saluti-

1996 4910 2136 4978 fera,
2169 4907 2586 4980 compleantur.

2069 5005 2177 5059 νη.
2203 5004 2328 5058 Jam
2357 5001 2674 5057 secundum
2710 5001 2969 5057 Ecclesiae
3006 5003 3300 5060 catholicae
3326 5013 3620 5064 consuetu-

1997 5096 2188 5152 dinem
2233 5093 2681 5151 sacratissimum
2724 5095 3043 5152 serenitatis
3085 5102 3198 5154 tuaa
3226 5103 3420 5170 pectus
3443 5117 3622 5173 agno-

1997 5195 2134 5259 scat,
2159 5189 2315 5262 quod
2336 5189 2559 5244 nullum
2583 5188 2653 5244 de
2675 5189 2762 5244 his
2781 5191 2864 5245 vel
2884 5207 3028 5262 quos
3047 5191 3355 5264 baptizavit
3373 5195 3622 5262 Aeacius,

1996 5285 2084 5339 vel
2133 5300 2274 5356 quos
2317 5282 2601 5352 sacerdos,
2650 5300 2750 5338 seu
2796 5284 2988 5340 levitas
3025 5286 3339 5341 secundum
3381 5302 3626 5345 canones

1997 5377 2279 5435 ordinavit
2316 5378 2432 5433 ulla
2468 5393 2565 5433 eos
2602 5394 2668 5432 ex
2700 5377 2932 5434 nomine
2957 5379 3140 5434 Acacii
3168 5379 3351 5450 portio
3377 5380 3626 5438 laesionis

1999 5473 2269 5545 attingat,
2301 5489 2414 5544 quo
2433 5471 2670 5528 forsitan
2691 5472 3073 5544 periniquum
3094 5472 3296 5527 tradita
3313 5490 3628 5532 sacramen-

2001 5567 2041 5622 ti
2073 5566 2259 5638 gratia
2296 5567 2484 5621 minus
2525 5565 2696 5620 firma
2721 5566 2997 5620 videatur.
3030 5566 3167 5619 Nam
3197 5568 3255 5620 et
3279 5567 3628 5638 baptismum

2000 5661 2154 5732 quod
2190 5660 2385 5731 procul
2417 5660 2478 5714 ﬁt
2522 5659 2594 5713 ab
2645 5659 2890 5713 Ecclesia
2930 5658 3044 5712 sive
3088 5658 3159 5711 ab
3186 5658 3445 5717 adultero
3484 5665 3630 5721 vela

2002 5755 2127 5811 fure
2159 5753 2329 5809 fuerit
2355 5753 2554 5807 datum
2593 5753 2664 5806 ad
2695 5750 3100 5822 percipientem
3131 5767 3341 5808 munus
3369 5759 3629 5827 pervenit

2007 5848 2306 5914 illibatum,
2339 5846 2472 5918 quia
2503 5863 2613 5901 vox
2645 5845 2740 5900 illa
2768 5861 2893 5915 qua!
2935 5861 3039 5917 per
3067 5846 3393 5906 columbam
3417 5852 3628 5925 sonuit,
