4062 6188
555 293 649 344 991

1441 285 1721 340 ΑΡΡΕΝΙ).
1763 287 1849 342 AD
1888 287 2047 341 SIEC.
2090 287 2175 340 IX.

2313 285 2561 341 ISIDORI
2599 283 3021 341 MERCATORIS
3741 293 3814 346 992

546 412 780 451 omnem
825 394 1107 449 maculam
1133 393 1401 448 humanae
1427 394 1753 464 pollutionis
1782 395 2040 460 exclusit,
2072 410 2182 464 qua
2201 403 2261 477 Α
2279 394 2431 465 pavit
2450 378 2751 464 egisse,'ac
2777 391 3018 464 proinde
3045 406 3143 446 eos
3167 393 3416 446 metuere
3440 392 3529 463 qui
3555 394 3629 449 vel
3653 395 3701 449 in
3721 413 3822 452 con-

547 490 864 545 declaratur
899 504 962 542 ac
1001 487 1205 543 dicitur
1233 505 1246 542 :
1281 509 1309 537 «
1338 488 1432 542 Hic
1463 492 1543 542 est
1569 487 1668 559 qui
1694 488 1943 558 baptizat
1969 489 2027 541 in
2057 489 2178 558 Spi-

542 584 656 638 ritu
709 585 765 636 et
813 581 948 652 igne
988 582 1162 652 (Joan.
1198 600 1234 650 l,
1270 584 1378 650 33).
1413 603 1441 630 ››
1490 584 1634 636 Nam
1673 582 1718 634 si
1765 582 1996 635 visibilis
2046 582 2180 636 solis

540 676 702 730 istius
726 675 873 730 radii
897 693 1028 731 cum
1050 693 1155 747 per
1183 676 1305 730 loca
1326 676 1679 730 {nitidissima
1705 680 2000 731 transeunt
2023 675 2180 730 nulla

543 774 832 825 contactus
862 769 1256 841 inquinatione
1283 770 1663 838 maculantur,
1695 770 1877 824 multo
1903 770 2083 839 magis
2110 770 2177 822 il-

541 863 650 918 lius
692 863 788 935 qui
831 864 1004 918 istum
1044 863 1319 918 visibilem
1358 863 1490 918 fecit
1518 863 1694 918 virtus
1733 863 1887 916 nulla
1931 861 2180 916 ministri

543 957 886 1028 indignitate
927 957 1357 1028 constringitur.
1404 958 1547 1011 Nam
1573 962 1628 1010 et
1651 959 1676 1011 J
1685 957 1818 1011 udas
1844 973 1974 1010 cum
2009 956 2181 1011 fuerit
2208 1031 2210 1033 ὶ

545 1051 854 1122 sacrilegus
885 1055 1055 1122 atque
1090 1051 1202 1120 fur,
1237 1050 1517 1122 quidquid
1555 1051 1672 1121 egit
1706 1050 1856 1104 inter
1897 1051 2178 1122 apostolos

543 1161 646 1215 pro
674 1144 948 1215 dignitate
967 1144 1268 1198 commissa
1294 1144 1574 1198 beneﬁcia
1597 1160 1701 1213 per
1723 1143 2025 1214 indignum
2047 1143 2178 1197 data

543 1238 698 1293 nulla
739 1254 804 1292 ex
847 1238 952 1292 hoc
981 1238 1326 1292 detrimenta
1354 1241 1675 1304 senserunt,
1705 1238 2030 1292 declarante
2067 1238 2176 1291 hoc

543 1331 732 1402 ipsum
753 1331 991 1385 Domino
1009 1331 1469 1385 manifestissima
1483 1347 1619 1386 voce
1639 1348 1651 1385 :
1677 1349 1704 1382 ‹(
1724 1331 1954 1401 Scribaa,
1968 1331 2175 1401 inquit,

543 1430 599 1480 et
625 1424 878 1480 Pharisei
917 1441 1090 1495 super
1127 1425 1458 1478 cathedram
1484 1423 1659 1494 Moysi
1676 1424 1874 1478 sedent
1891 1442 1906 1493 ;
1939 1439 2065 1494 quae
2093 1423 2174 1478 di-

544 1524 681 1573 cunt
711 1519 900 1588 facite,
940 1535 1069 1589 qua:
1094 1523 1283 1573 autem
1311 1518 1523 1572 faciunt
1549 1518 1723 1572 nolite
1745 1519 1951 1586 facere,
1981 1518 2176 1571 dicunt

545 1612 701 1667 enim
741 1615 799 1667 et
841 1628 955 1666 non
992 1612 1208 1666 faciunt
1245 1612 1460 1681 (Matth.
1500 1628 1652 1679 x1111,
1696 1613 1768 1681 3).
1811 1632 1839 1660 ››
1889 1609 2176 1681 Quidquid

546 1722 683 1777 ergo
710 1705 780 1760 ad
811 1706 1106 1761 hominem
1131 1706 1451 1776 perfectum
1478 1705 1715 1776 quilibet
1738 1704 1798 1759 in
1821 1704 2056 1759 ecclesia
2075 1703 2178 1757 mi-

2281 489 2686 542 secrationibus
2749 487 2836 540 vel
2880 486 2938 539 in
2992 485 3335 556 baptismate
3379 488 3624 556 mysteria
3662 491 3821 544 tradita

2279 585 2669 652 susceperunt,
2727 597 2799 634 ne
2848 579 3008 634 irrita
3059 578 3334 634 beneﬁcia
3358 579 3533 634 divina
3565 581 3819 638 videantur.

2279 675 2638 731 Meminerint
2686 675 2744 728 in
2782 674 2887 728 hac
2927 689 3153 744 quoque
3197 676 3352 742 parte
3398 673 3633 728 similiter
3673 680 3824 730 tracta-

2278 774 2400 824 tum
2434 771 2739 840 praevalere
2761 767 3134 838 superiorem,
3158 767 3292 837 quia
3310 783 3423 821 non
3443 767 3553 822 sine
3575 771 3825 840 usurpatio-

2278 880 2351 918 ne
2383 864 2630 917 nominis
2663 862 2962 917 sacerdotii
3003 861 3354 931 adjudicatus
3392 862 3494 915 hoc
3521 862 3642 931 egit,
3670 863 3716 916 in
3740 880 3822 933 quo

2277 957 2546 1011 virtutem
2593 973 2752 1010 suam
2797 955 3184 1010 obtinentibus
3214 954 3506 1024 mysteriis.
3537 956 3591 1008 In
3617 956 3704 1009 hoc
3728 973 3826 1027 quo-

2279 1067 2386 1120 que
2443 1067 2538 1103 rea
2589 1050 2693 1103 sibi
2739 1066 2985 1120 persona
3039 1065 3156 1103 non
3198 1049 3411 1102 nocuit.
3454 1049 3582 1102 Nam
3620 1048 3678 1101 ad
3707 1049 3824 1103 illum

2277 1144 2570 1215 pertinuit,
2603 1144 2756 1214 quod
2787 1143 2921 1197 tuba
2960 1143 3226 1196 Davidica
3265 1142 3519 1196 canitur:
3551 1164 3575 1190 «
3603 1143 3826 1196 Verumta-

2279 1254 2411 1292 men
2439 1239 2587 1290 Deus
2617 1237 3012 1308 conquassabit
3045 1237 3227 1307 capita
3253 1235 3605 1290 inimicorum
3633 1252 3822 1302 suorum,

2276 1331 2547 1386 verticem
2563 1331 2750 1401 capilli
2765 1330 3281 1400 perambulantium
3297 1330 3354 1382 in
3377 1329 3581 1383 delictis
3593 1329 3823 1398 suistl’sal.

2276 1441 2436 1492 vau,
2493 1424 2601 1496 24).
2657 1444 2683 1474 »
2736 1425 2876 1478 Nam
2924 1423 3191 1493 superbia
3237 1423 3597 1492 semper’sibi
3623 1439 3720 1476 non
3740 1423 3825 1476 aliis

2276 1519 2411 1573 facil
2439 1518 2662 1572 ruinam
2674 1559 2687 1586 ,
2709 1517 2860 1588 quod
2875 1517 3144 1571 universa
3161 1517 3572 1587 Scripturarum
3587 1516 3826 1570 caelestium

2275 1614 2513 1667 testatur
2549 1611 2874 1677 auctoritas,
2920 1611 3064 1664 sicut
3112 1610 3283 1665 etiam
3321 1626 3423 1680 per
3463 1609 3707 1680 Spiritum
3739 1625 3825 1662 san-

2277 1710 2432 1760 ctum
2495 1706 2706 1759 dicitur
2762 1705 2819 1758 in
2868 1704 3248 1776 prophetico:
3289 1705 3469 1757 «Non
3520 1702 3751 1756 habitabit
3785 1701 3824 1754 in

543 1800 721 1855 nister
751 1798 935 1854 ofﬁcio
961 1816 1061 1854 suo
1100 1799 1323 1854 videtur
1361 1799 1607 1870 operari,
1649 1800 1758 1854 hoc
1787 1801 1970 1853 totum
1995 1797 2171 1852 conti-
2194 1788 2252 1861 B
2273 1799 2465 1854 medio
2492 1800 2697 1853 domus
2726 1815 2871 1854 mea:
2897 1797 2996 1868 qui
3028 1798 3162 1852 facit
3193 1797 3518 1868 superbiam
3548 1797 3688 1858 (Psal.
3716 1811 3752 1849 c.
3774 1800 3820 1861 7)..

543 1893 666 1948 neri
695 1893 987 1964 implendo
1013 1892 1320 1948 divinitatis
1352 1892 1637 1947 affectum.
1670 1895 1749 1948 Ita
1772 1893 1865 1946 ille
1885 1908 1988 1963 per
2003 1908 2178 1963 quem

541 1986 795 2042 Christus
820 1987 1076 2058 loquitur
1105 1986 1308 2041 Paulus
1327 1986 1617 2042 afﬁrmat:
1671 2007 1700 2036 ‹‹
1740 1987 1857 2057 Ego
1908 1986 2176 2056 plantavi,

543 2080 740 2151 Apollo
771 2079 994 2151 rigavit,
1021 2080 1122 2134 sed
1150 2080 1298 2134 Deus
1323 2079 1745 2135 incrementum
1773 2079 1954 2149 dedit,
1986 2079 2178 2149 itaque

543 2190 731 2246 neque
775 2173 872 2244 qui
908 2173 1131 2244 plantat
1156 2177 1241 2228 est
1267 2173 1504 2243 aliquid,
1540 2189 1723 2245 neque
1753 2173 1852 2244 qui
1882 2172 2050 2242 rigat,
2079 2172 2178 2226 sed

544 2268 642 2340 qui
668 2268 1087 2322 incrementum
1110 2267 1225 2334 dat,
1252 2266 1468 2336 Deusta
1485 2269 1606 2324 Cor.
1637 2269 1689 2336 6,
1719 2269 1793 2334 7).
1820 2286 1847 2315 n
1880 2266 1927 2319 A
1949 2266 2061 2320 Deo
2084 2281 2180 2319 au-

543 2364 662 2416 tem
701 2377 820 2416 non
869 2360 1163 2431 quaeritur,
1206 2360 1332 2432 quis
1375 2361 1460 2415 vel
1509 2360 1701 2432 qualia
1755 2359 2047 2430 praedicet,
2080 2358 2180 2413 sed

543 2471 714 2528 quem
749 2453 1025 2525 praedicet
1067 2458 1124 2509 et
1164 2459 1226 2508 ut
1263 2453 1486 2509 invidos
1516 2470 1637 2509 esse
1677 2452 1826 2508 bene
1864 2452 2177 2524 praedicare

544 2549 834 2604 Christum
866 2547 1166 2604 conﬁrmet
1183 2563 1293 2619 quo
1316 2549 1471 2604 malo
1497 2547 1754 2603 diabolus
1777 2546 1897 2618 ipsc
1927 2545 2180 2618 dejectus

543 2645 600 2698 et
627 2643 733 2698 hoc
758 2641 880 2714 ipso
907 2642 1215 2715 prmdicare
1240 2658 1360 2697 non
1388 2641 1616 2698 desinit.

613 2737 746 2793 VIII.
775 2737 904 2792 Ideo
930 2752 1067 2808 ergo
1099 2740 1156 2792 et
1177 2735 1270 2790 hic
1310 2735 1472 2806 cujus
1519 2751 1735 2790 nomen
1772 2734 2020 2789 dicimus
2050 2733 2180 2789 reti-

543 2829 799 2885 nendum
815 2829 966 2884 male
975 2829 1130 2884 bona
1144 2827 1525 2884 ministrando
1546 2828 1654 2882 sibi
1670 2830 1950 2899 quantum
1965 2827 2176 2882 nocuit.

545 2923 690 2977 Nam
709 2922 1032 2978 inviolabile
1053 2925 1476 2977 sacramentum
1498 2923 1650 2994 quod
1677 2938 1781 2993 per
1799 2922 1964 2976 illum
1982 2922 2180 2976 datum

546 3019 632 3071 est
654 3015 775 3070 aliis
794 3015 1202 3087 perfectionem
1224 3031 1340 3070 suae
1354 3014 1576 3070 virtutis
1590 3015 1856 3070 obtinuit.
1871 3015 2032 3079 Quod
2049 3031 2180 3070 cum

540 3109 621 3165 ita
647 3109 718 3164 sit
739 3109 1062 3181 aliquorum
1075 3110 1136 3164 in
1153 3112 1380 3164 tantum
1399 3126 1459 3164 se
1485 3109 1745 3165 extendit
1763 3109 1984 3164 curiosa
2005 3109 2180 3181 suspi-

2276 1893 2434 1948 Unde
2487 1909 2615 1946 cum
2647 1893 2752 1946 sibi
2777 1892 3084 1947 sacerdotis
3114 1907 3331 1946 nomen
3361 1890 3694 1946 vindicaverit
3715 1889 3827 1943 dam-

2279 1990 2442 2041 natus
2485 1986 2546 2040 in
2586 1986 2761 2056 ipsius
2803 1987 3076 2040 verticem
3121 1985 3404 2056 superbia)
3441 1991 3619 2039 tumor
3641 1983 3826 2037 inﬂictas

2277 2083 2381 2149 est,
2429 2080 2564 2151 quia
2608 2096 2722 2135 non
2747 2080 2994 2151 populus
3020 2079 3118 2150 qui
3144 2079 3202 2133 in
3229 2078 3557 2134 ministeriis
3581 2079 3745 2133 domus
3773 2077 3826 2146 ip-

2277 2173 2393 2228 sius
2439 2173 2662 2228 sitiebat
2705 2175 2964 2228 exclusus
3010 2178 3112 2242 est,
3161 2175 3259 2229 sed
3297 2173 3486 2228 anima
3513 2172 3620 2227 sola
3645 2172 3718 2224 illa
3737 2185 3825 2240 qua!

2275 2269 2628 2338 peccaverat,
2653 2268 2809 2338 justo
2831 2268 3048 2338 judicio
3093 2267 3342 2339 propriae
3374 2267 3549 2338 culpae
3579 2268 3684 2319 erat
3703 2264 3826 2318 obnoo

2276 2360 2387 2415 xia.
2438 2361 2585 2424 Quid
2623 2361 2834 2432 ubique
2877 2377 3179 2415 numerosa
3205 2361 3621 2432 Scripturarum
3649 2361 3826 2412 testatur

2277 2454 2596 2524 instructio,
2635 2454 2787 2508 unde
2822 2456 3058 2510 remotis
3083 2455 3381 2510 hominem
3417 2454 3600 2508 studiis
3623 2453 3718 2507 sive
3745 2466 3827 2504 ver~

2276 2548 2470 2618 sutiis,
2517 2548 2577 2602 in
2619 2548 2726 2602 hac
2770 2548 2956 2604 adhuc
3009 2549 3278 2619 praesenti
3342 2548 3636 2621 fragilitate
3682 2545 3828 2616 posito-

2274 2658 2407 2696 rum
2435 2641 2755 2697 secundum
2779 2657 2972 2713 preces
3001 2647 3218 2698 nostras
3249 2643 3458 2697 annisu
3488 2648 3540 2696 et
3566 2641 3828 2695 auctoritate

2277 2735 2561 2807 imperiali
2603 2735 2801 2791 offerte
2845 2737 2960 2791 Deo
3008 2740 3203 2792 nostro
3247 2753 3426 2792 unam
3451 2736 3743 2790 catholicam
3765 2733 3830 2785 Ec-

2277 2829 2504 2884 clesiam
2531 2832 2588 2884 et
2616 2830 3008 2902 apostolicam,
3054 2831 3190 2901 quia
3233 2831 3345 2885 hoc
3390 2831 3567 2886 solum
3593 2834 3661 2885 est
3685 2828 3731 2882 in
3751 2842 3830 2896 quo

2279 2939 2395 2978 non
2423 2924 2609 2978 solum
2642 2923 2703 2977 in
2735 2923 2919 2995 terris,
2951 2924 3052 2978 sed
3089 2925 3261 2980 etiam
3290 2925 3356 2980 in
3394 2926 3531 2981 caelo
3554 2921 3831 2992 triumphare

2281 3017 2400 3072 sine
2456 3016 2570 3072 ﬁne
2622 3018 2878 3089 Epossitis.
2936 3018 3281 3089 Subscripto,
3347 3019 3684 3090 omnipotens
3728 3015 3832 3068 Deus

2280 3126 2522 3181 regnum
2591 3116 2648 3168 et
2707 3113 2945 3167 salutem
3017 3115 3174 3167 tuam
3228 3120 3508 3185 perpetua
3554 3108 3832 3183 protectione

544 3203 650 3273 cio,
710 3206 772 3258 ut
817 3162 1163 3274 ilmaginetur
1214 3204 1435 3275 prolato
1495 3221 1528 3258 a
1557 3220 1709 3275 papa
1754 3204 1936 3258 Felice
1960 3162 2254 3274 judicioc
2279 3162 2576 3276 cuEtodiat,
2633 3205 3037 3277 gloriosissime
3085 3209 3143 3261 et
3177 3162 3624 3274 clamgntissinie,
3667 3216 3834 3272 semper

549 3300 745 3367 postea
773 3296 1141 3353 inefficaciter
1157 3297 1216 3352 in
1248 3297 1613 3352 sacramentis
1630 3314 1758 3369 quae
1775 3298 2003 3352 Aeacius
2026 3314 2179 3352 usur-

2279 3302 2553 3371 Auguste.

1105 3680 1676 3774 INCIPIUNT
1745 3681 2269 3775 DECRETA
2338 3683 2918 3777 SYMMACHI
2990 3688 3354 3781 PAPAE.

618 4054 665 4107 1.
697 4053 766 4107 Ut
785 4067 877 4106 res
901 4048 1151 4106 ecclesias
1177 4066 1295 4105 non
1321 4049 1664 4117 alienentur,
1705 4050 1804 4105 sed
1848 4050 2063 4105 clericis
2090 4052 2176 4105 vel

546 4144 842 4200 monachis
876 4149 973 4199 aut
997 4143 1318 4215 peregrinis
1343 4143 1401 4196 in
1432 4160 1598 4198 usum
1628 4144 2029 4198 tantummodo
2060 4145 2172 4198 lar-

547 4238 798 4309 giantur.

614 4333 669 4385 2.
703 4332 771 4386 Ut
807 4331 999 4384 nullus
1027 4329 1304 4384 honorem
1327 4327 1578 4399 praemiis
1601 4328 1855 4400 accipiat.

616 4425 668 4478 3.
696 4424 769 4478 Ut
805 4426 1060 4495 raptores
1090 4421 1392 4477 viduarum
1417 4422 1503 4476 vel
1525 4422 1814 4493 virginum
1833 4422 1902 4477 ab
1926 4422 2175 4479 ecclesiae

543 4517 950 4574 communione
987 4516 1292 4588 pellantur.

613 4615 667 4668 4.
695 4613 767 4668 Ut
789 4611 975 4667 vidum
1015 4611 1104 4666 vel
1144 4610 1394 4681 virgines
1433 4609 1700 4680 professas
1743 4611 2174 4680 continentiam,

546 4708 692 4762 ultra
723 4722 838 4761 non
869 4705 1110 4760 nubant.

616 4803 666 4854 5.
692 4801 761 4854 Ut
786 4800 974 4854 nullus
991 4815 1094 4870 per
1111 4797 1392 4852 ambitum
1411 4797 1484 4852 ad
1507 4798 1894 4870 episcopatum
1922 4799 2172 4856 accedat.

612 4892 985 4950 Dilectissimo
1009 4891 1172 4947 fratri
1199 4895 1452 4949 Cassamo
1480 4891 1832 4948 Sruucaus.

616 4988 886 5043 Hortatur
907 5001 1010 5041 nos
1039 4985 1276 5057 aequitas
1306 4985 1709 5058 postulationis
1749 4986 2030 5043 desiderio
2063 4991 2175 5043 tuae

542 5080 914 5139 fraternitatis
965 5083 1254 5152 gratanter
1305 5096 1578 5148 annuere,
1635 5081 1770 5151 quia
1820 5081 1890 5136 de
1935 5080 2175 5154 singulis

542 5193 672 5250 quae
701 5175 773 5230 ab
798 5174 1102 5246 apostolica
1145 5173 1280 5228 sede
1313 5173 1620 5228 concedere
1653 5175 1940 5246 supplicas
1962 5176 2116 5248 quod
2141 5195 2173 5231 a

539 5273 771 5326 Patrum
826 5268 1043 5324 cautela
1091 5271 1148 5322 et
1195 5267 1521 5338 provisione
1589 5284 1703 5322 non
1755 5267 2056 5340 discrepat.
2108 5273 2174 5326 Et

539 5363 793 5437 quamvis
819 5360 1209 5418 ecclesiastica
1250 5377 1432 5431 preme
1458 5361 1671 5430 regula:
1704 5363 1902 5418 omnia
1934 5380 2175 5436 conpre-

541 5458 813 5526 hendant,
850 5459 1044 5511 tamen
1094 5454 1449 5526 superﬂuum
1504 5470 1625 5510 esse
1679 5472 1797 5510 non
1851 5457 2169 5527 credimus,

540 5567 692 5606 nunc
717 5566 847 5621 quae
873 5553 1007 5604 sunt
1032 5547 1239 5619 saepius
1270 5547 1576 5602 interdicta
1603 5551 1886 5619 repetere.

613 5645 746 5698 CAP.
778 5647 820 5698 Ι.
850 5641 1236 5697 Possessionee
1268 5641 1466 5712 igitur,
1494 5657 1633 5713 quas
1662 5642 2056 5715 unusquisque
2088 5659 2173 5699 ec-

546 5737 796 5790 ecclesiee
821 5735 1067 5806 propria:
1095 5734 1256 5789 dedit
1279 5739 1378 5790 aut
1391 5735 1623 5806 reliquit
1646 5735 1904 5806 arbitrio,
1926 5737 2170 5794 alienare

545 5826 890 5902 quibuslibet
909 5826 1084 5881 titulis
1112 5829 1280 5897 atque
1307 5828 1769 5885 distractionibus
1791 5829 1880 5884 vel
1907 5830 2010 5885 sub
2035 5847 2170 5901 quo-

2273 4066 2499 4121 cunque
2529 4056 2871 4122 argumento
2921 4069 3037 4107 non
3069 4053 3344 4122 patimur,
3391 4052 3498 4107 nisi
3542 4048 3742 4105 forsitan
3763 4046 3832 4095 aut

2273 4144 2488 4200 clericis
2518 4144 2804 4199 honorum
2830 4146 3068 4217 meritis,
3102 4150 3200 4201 aut
3228 4145 3586 4202 monasteriis
3609 4133 3834 4210 religioni!

2275 4237 2504 4306 intuitu,
2556 4242 2655 4293 aut
2704 4242 2856 4294 certe
2913 4241 3237 4311 peregrinis
3288 4241 3334 4294 si
3381 4239 3665 4294 necessitas
3692 4225 3832 4298 largiri

2273 4332 2530 4402 suaserit,
2572 4332 2650 4387 sic
2684 4337 2880 4388 tamen
2918 4338 2983 4388 ut
3025 4334 3147 4389 haec
3196 4335 3320 4406 ipsa
3363 4351 3482 4389 non
3505 4335 3744 4404 perpetuo
3766 4319 3834 4376 sed

2275 4425 2667 4498 temporaliter
2695 4427 3088 4498 perfruantur.

2349 4521 2412 4574 ll.
2442 4519 2580 4574 Illud
2608 4536 2953 4592 magnopere
2983 4537 3358 4576 commonens
3380 4524 3443 4576 ut
3464 4519 3520 4573 hi
3547 4516 3636 4589 qui
3657 4527 3752 4569 non
3767 4506 3835 4563 Dei

2279 4612 2476 4683 gratia,
2508 4613 2604 4668 sed
2629 4614 3002 4685 promissione
3029 4631 3226 4670 rerum
3243 4612 3719 4670 ecclesiasticarum
3736 4617 3836 4676 pm“

2275 4706 2448 4760 missa
2471 4706 2545 4760 ad
2570 4708 2950 4763 sacerdotium
2983 4713 3260 4764 conantur
3299 4707 3566 4763 accedere
3592 4696 3834 4759 desiderio.

2274 4816 2405 4854 rum
2432 4799 2632 4854 talium
2658 4802 3047 4873 reprimantur
3075 4803 3328 4858 effectus.
3355 4801 3466 4866 Qui
3484 4805 3658 4856 autem
3687 4793 3744 4847 ab
3766 4790 3836 4842 liu-

2267 4893 2524 4965 jusmodi
2539 4910 2596 4949 se
2609 4894 2923 4952 intentione
2940 4913 3054 4951 non
3069 4897 3335 4952 cohibent
3349 4893 3603 4950 vindictis
3613 4895 3836 4945 canonum

2275 4987 2453 5043 sciant
2478 5005 2536 5044 se
2567 4988 2688 5044 sine
2719 4990 3074 5045 dubitatione
3105 4990 3504 5062 subjiciendos,
3540 5003 3604 5041 ne
3631 4980 3763 5038 facile
3784 4971 3834 5027 ad

2275 5083 2653 5137 sacerdotium
2673 5084 3078 5154 permittantur
3093 5085 3383 5152 accedere,
3397 5083 3596 5155 quibus
3610 5082 3661 5133 et
3678 5069 3833 5146 gradus

2274 5180 2332 5230 et
2361 5181 2617 5248 tempora
2641 5179 2950 5233 constituta
2977 5183 3127 5246 sunt,
3157 5195 3260 5251 per
3290 5195 3416 5249 qua:
3445 5177 3518 5230 ad
3545 5175 3675 5228 hanc
3699 5160 3834 5234 digni-

2273 5274 2445 5324 tatem
2475 5271 2719 5326 debeant
2743 5272 3012 5343 aspirare,
3041 5273 3173 5344 quia
3203 5273 3522 5344 quicunque
3549 5269 3657 5323 sine
3675 5259 3832 5317 statuta

2273 5372 2646 5436 promovetur
2671 5382 2792 5420 non
2819 5366 2980 5421 facile
3007 5372 3159 5422 caret
3184 5366 3422 5434 offensa,
3453 5369 3509 5419 et
3530 5363 3642 5418 sine
3665 5347 3832 5426 experi‘

2273 5463 2470 5513 mento
2484 5475 2597 5514 non
2621 5465 2805 5529 posset
2819 5460 2947 5532 quis
2959 5460 3250 5516 electionis
3263 5459 3518 5516 obtinere
3535 5447 3829 5511 sententiam.

2346 5553 2432 5606 III.
2465 5554 2741 5624 Raptores
2772 5553 2949 5625 igitur
2976 5555 3060 5609 vel
3083 5554 3375 5610 viduarum
3405 5552 3491 5608 vel
3512 5547 3759 5618 virginum
3781 5532 3831 5588 οδ

2270 5645 2692 5702 immanitatem
2721 5648 2864 5703 tanti
2895 5648 3160 5704 facinoris
3184 5649 3543 5714 detestamur,
3570 5643 3681 5697 illos
3705 5632 3829 5688 ηδε·

2269 5740 2520 5796 mentius
2537 5743 2933 5814 persequendo
2949 5743 3046 5815 qui
3065 5760 3248 5798 sacras
3266 5741 3508 5812 virgines
3527 5737 3608 5791 vel
3633 5728 3827 5786 volentes

2270 5834 2354 5888 vel
2403 5833 2605 5890 invitas
2641 5836 3013 5893 matrimonio
3057 5837 3266 5893 sociare
3310 5833 3669 5892 tentaverunt.
3718 5821 3827 5884 0005
