4062 6188
169 327 276 379 893

1410 319 1888 378 DECRETALIUM
1927 319 2311 377 COLLECTIO.

3439 329 3544 386 994

168 451 277 504 pro
311 449 377 488 ea
415 432 806 502 nefandissimi
849 432 1104 488 criminis
1144 431 1440 489 atrocitate
1473 450 1507 487 a
1545 449 1809 488 commu-
1832 443 1891 516 Α
1911 435 2065 486 ctum
2091 436 2174 486 est
2199 429 2418 487 nonies.
2450 431 2519 488 Ut
2551 431 2725 488 facias
2750 447 3038 506 rogamus,
3072 433 3290 491 dictum
3327 440 3412 491 est
3449 437 3545 493 de-

164 528 346 582 nione
372 527 642 598 suspendi
667 526 1057 598 praecipimus.

239 623 330 676 IV.
371 623 562 692 Neque
609 621 808 676 viduas
861 621 934 676 ad
977 621 1204 693 nuptias
1248 621 1491 677 transire
1533 621 1804 693 patimur,

165 731 301 786 quas
330 715 387 769 in
416 715 682 786 religioso
710 716 1000 786 proposito
1027 716 1231 771 diurna
1257 715 1648 771 observatione
1674 731 1806 786 per-

167 813 526 864 manserunt.
561 810 834 865 Similiter
872 810 1119 881 virgines
1160 811 1373 866 nubere
1416 809 1806 881 prohibemus,

168 919 320 973 quas
337 903 500 957 annis
521 903 786 974 plurimis
806 903 864 958 in
888 903 1247 959 monasteriis
1275 906 1501 959 aetatem
1523 902 1809 975 peregisse

171 996 502 1068 contigerit.
519 1009 528 1024 '

246 1088 442 1162 246
457 1092 568 1146 ν.Ν
579 1091 921 1161 ullusitaque
935 1108 1036 1162 per
1045 1091 1322 1146 ambitum
1340 1091 1412 1144 ad
1426 1091 1806 1162 episcopalem

174 1185 456 1238 honorem
499 1183 865 1255 permittatur
902 1185 1186 1239 accedere.
1222 1185 1360 1238 Nam
1403 1200 1533 1238 cum
1577 1184 1669 1238 hic
1717 1201 1811 1238 ex-

170 1293 364 1330 cessus
389 1277 447 1330 in
492 1277 632 1331 laica
657 1278 1086 1332 conversatione
1115 1277 1394 1348 culpetur,
1430 1277 1557 1348 quis
1588 1277 1812 1331 dubitat

173 1370 333 1440 quod
362 1370 644 1441 religiosis
670 1374 727 1425 et
752 1373 868 1426 Deo
899 1371 1268 1426 servientibus
1312 1371 1571 1425 incurrat
1603 1387 1809 1441 oppro-

172 1463 368 1517 brium
384 1463 412 1518 ‘?
435 1464 492 1519 Si
514 1465 640 1535 quis
661 1465 1043 1536 episc0patum
1064 1464 1410 1531 desiderans,
1427 1464 1555 1518 data
1573 1463 1815 1536 pecunia

175 1560 444 1627 potentes
473 1575 742 1629 personas
778 1559 1018 1612 minime
1064 1557 1480 1629 suffragatrices
1523 1557 1812 1622 adhibeat,

176 1668 283 1706 nec
327 1652 400 1705 ad
431 1653 722 1707 decretum
755 1653 860 1707 sibi
909 1652 1234 1706 faciendum
1265 1652 1494 1706 clericos
1535 1652 1625 1705 vel
1667 1652 1815 1706 cives

176 1745 559 1814 subscribere,
584 1746 838 1800 adhibito
863 1745 1164 1816 cujuslibet
1182 1745 1408 1816 generis
1423 1745 1647 1811 timore,
1666 1762 1816 1800 com-

1911 524 2045 580 cies.

1978 619 2044 674 Il.
2066 618 2460 690 Symmachus,
2477 620 2774 692 episcopus
2790 623 3052 678 Ecclesiae
3074 625 3366 680 catholicae
3386 624 3544 681 urbis

1908 714 2121 780 Romae,
2160 712 2345 768 dixit:
2386 713 2703 769 Concilium
2747 715 3062 772 dilectionis
3103 721 3302 773 vestra:
3345 721 3541 791 negle-

1909 809 1996 861 cta
2043 806 2248 860 hiemis
2286 807 2609 878 asperitate,
2645 808 2963 865 sollicitudo
2993 815 3184 866 vestra
3221 829 3325 882 pro
3367 815 3540 869 eccle-

1910 899 2129 955 siastica
2141 900 2514 956 indemnitate
2529 902 2847 972 specialiter
2859 905 3241 976 congregavit,
3256 911 3321 962 ut
3335 906 3546 977 episco-

1911 996 2097 1065 palem
2119 995 2403 1049 ambitum
2428 1000 2484 1050 et
2505 996 2849 1050 confusionis
2880 997 3186 1066 incertum,
3209 1000 3292 1054 vel
3314 1003 3547 1072 popula-

1913 1105 2033 1143 rem
2054 1088 2366 1142 tumultum
2386 1105 2561 1159 quem
2588 1106 2691 1160 per
2706 1090 3135 1162 subreptionem
3157 1092 3367 1148 diaboli
3391 1112 3547 1150 usur-

1912 1181 2144 1253 patione
2159 1181 2484 1252 aliquorum
2499 1186 2759 1254 tempore
2778 1184 3150 1240 ordinationis
3169 1203 3312 1242 meae
3330 1192 3550 1244 constat

1913 1280 2198 1344 exortum,
2228 1276 2652 1332 communicato
2681 1279 2891 1348 pariter
2915 1282 3155 1334 tractatu
3198 1281 3258 1335 in
3288 1281 3547 1337 futurum

1912 1369 2196 1440 possimus
2227 1369 2457 1424 robuste
2488 1388 2552 1425 ac
2579 1371 2843 1426 vivaciter
2870 1376 3190 1445 amputare.
3224 1378 3403 1446 Atque
3421 1376 3549 1432 ideo

1915 1479 2212 1518 caveamus
2240 1464 2298 1518 in
2326 1473 2637 1534 posterum,
2669 1483 2741 1520 ne
2769 1467 3058 1521 subversio
3086 1467 3420 1539 disciplinae,
3453 1476 3552 1525 aut

1914 1556 2148 1610 audacia
2190 1559 2665 1628 praesumentium
2711 1559 2915 1630 gestiat
2961 1564 3184 1616 tentare
3232 1562 3459 1631 similia,
3493 1568 3551 1618 et

1916 1650 2039 1720 pari
2085 1650 2444 1721 adjuvatione
2489 1655 2799 1707 tractemus
2837 1655 3134 1725 expressis,
3164 1655 3374 1711 scilicet
3413 1674 3544 1712 sen-

1916 1744 2109 1798 tentiis
2139 1744 2454 1800 sancientes
2480 1747 2618 1816 quid
2649 1746 2798 1802 circa
2840 1749 3079 1802 Romani
3115 1749 3365 1820 episcopi
3393 1750 3543 1806 ordi-

176 1839 379 1910 pellat,
414 1841 499 1893 vel
546 1839 795 1910 praemiis
849 1839 1133 1910 aliquibus
1182 1840 1462 1894 hortetur.
1512 1830 2214 1902 DecretumBnationem
2268 1839 2474 1894 debeat
2527 1840 2818 1895 custodiri.
2867 1841 3121 1896 Universi
3167 1842 3414 1913 episcopi
3458 1844 3545 1898 vel

176 1933 305 1987 sine
354 1933 659 1988 visitatoris
715 1933 1019 2004 prasentia
1090 1949 1258 1987 nemo
1321 1933 1600 2002 conﬁciat,
1656 1933 1815 2003 cujus

179 2026 512 2080 testimonio
543 2027 880 2082 clericorum
912 2045 976 2082 ac
1013 2027 1218 2082 civium
1261 2027 1437 2098 possit
1466 2027 1816 2082 unanimitas

173 2120 478 2175 declarari.
504 2123 810 2176 Hortamur
839 2122 1028 2192 itaque
1057 2124 1123 2175 ut
1142 2138 1244 2191 pro
1275 2121 1565 2176 catholicae
1585 2121 1812 2192 religio-

173 2214 267 2267 nis
315 2213 528 2267 intuitu
575 2214 945 2269 Ecclesiarum
989 2231 1127 2285 pace
1166 2215 1286 2268 haec
1325 2214 1587 2269 universa
1625 2215 1817 2268 ﬁdeles

175 2308 390 2362 devota
414 2311 604 2362 mente
632 2307 974 2373 custodiant,
1004 2308 1138 2379 quia
1165 2325 1281 2362 non
1311 2313 1393 2362 est
1419 2308 1659 2362 dubium
1677 2323 1818 2378 pra-

175 2402 526 2456 varicatores
565 2401 1001 2457 interdictorum
1039 2401 1242 2456 talium
1277 2403 1441 2472 juxta
1465 2402 1819 2457 venerandos

176 2511 434 2549 canones
456 2495 698 2567 propriae
725 2496 1145 2550 communionis
1175 2496 1364 2550 subire
1385 2495 1690 2567 jacturam,
1713 2496 1819 2550 hoc

179 2594 386 2644 tamen
414 2590 485 2644 ad
512 2591 769 2645 omnium
801 2590 1201 2662 episcoporum
1227 2591 1488 2644 volumus
1513 2590 1701 2645 efferri
1721 2607 1821 2644 no-

178 2683 390 2737 titiam.
439 2684 584 2738 Deus
614 2689 668 2739 te
700 2683 1048 2739 incolumem
1079 2683 1376 2751 custodiat,
1405 2684 1577 2738 frater
1605 2683 1817 2738 charis-

177 2777 350 2832 sime.
380 2778 519 2833 Data
544 2795 638 2834 Vlll
665 2778 795 2832 Idus
825 2777 1102 2848 Januarii,
1125 2777 1303 2833 Probo
1335 2781 1398 2833 C.
1424 2779 1674 2833 consule.

179 2951 467 3019 Incipiunt
506 2951 750 3020 capitula
781 2951 974 3075 prima;
1015 2949 1210 3018 synodi
1237 2953 1489 3006 Romana
1521 2951 1620 3004 sub
1663 2952 1820 3020 Sym-

816 3037 933 3075 mac
974 3037 1002 3075 ο
1028 3037 1197 3075 pana.

816 3037 1002 3076 macno
1025 3037 1197 3092 papa.

265 3162 313 3209 ί.
344 3156 652 3228 Suggestio
688 3156 973 3228 Fulgentii
1003 3155 1389 3210 archidiaconi
1427 3155 1688 3212 Ecclesia:
1720 3157 1826 3211 Ro-

178 3266 377 3304 mana:
396 3250 465 3305 de
481 3256 831 3322 congregata
850 3250 1064 3322 synodo
1089 3268 1152 3305 ex
1176 3255 1461 3322 praecepto
1488 3266 1647 3321 papae
1669 3249 1826 3321 Sym-

177 3344 398 3399 machi.

259 3441 317 3492 2.
346 3439 716 3493 lnterlocutio
759 3438 1088 3510 Symmachi
1117 3443 1183 3493 ut
1211 3439 1547 3510 episcopalis
1577 3438 1827 3494 ambitus

180 3531 481 3586 radicibus
510 3536 862 3605 amputetur.

262 3629 316 3680 3.
349 3627 644 3681 Sententia
675 3627 876 3698 synodi
905 3631 968 3681 ut
991 3627 1034 3682 si
1069 3629 1194 3700 quis
1222 3644 1371 3698 papa
1399 3628 1699 3700 superstite
1722 3644 1827 3699 pro

179 3722 455 3775 Romano
472 3720 801 3791 pontiﬁcatu
817 3721 1084 3793 cuiquam
1112 3721 1367 3794 quolibet
1386 3723 1557 3777 modo
1579 3722 1826 3777 favorem

179 3817 464 3886 praestare
481 3814 854 3882 convincitur,
871 3816 979 3870 loci
996 3817 1084 3871 sui
1103 3816 1305 3872 ordine
1317 3816 1403 3871 vel
1423 3816 1830 3871 communione

183 3909 472 3979 privetur.

262 4002 315 4057 4.
348 4003 417 4056 Ut
446 4018 593 4073 papa
623 4008 947 4074 praeventus
974 4008 1158 4060 morte
1188 4022 1303 4060 non
1337 4004 1590 4076 potuerit
1609 4009 1741 4058 ante
1759 4003 1831 4058 de

180 4096 278 4152 sui
339 4096 675 4151 successoris
725 4097 1001 4153 electione
1061 4098 1387 4166 decernere,
1437 4100 1485 4153 is
1538 4098 1834 4154 ordinetur

179 4190 434 4244 antistes
460 4206 636 4262 quem
669 4194 906 4246 cunctus
941 4193 1143 4263 clerus,
1171 4197 1270 4247 aut
1307 4197 1460 4248 certe
1487 4209 1618 4264 pars
1647 4192 1836 4263 major

184 4284 460 4356 elegerit.

265 4382 322 4433 5.
354 4379 426 4432 Ut
455 4377 500 4432 si
527 4377 654 4450 quis
693 4379 1029 4448 ambientes,
1057 4380 1143 4436 vel
1178 4380 1428 4436 fautores
1461 4379 1838 4434 ambientium

182 4473 699 4545 conjuratoresque
729 4473 1071 4545 prodiderit,
1102 4490 1218 4530 non
1249 4475 1434 4530 solum
1460 4477 1736 4546 purgatus
1761 4473 1838 4527 vi-

176 4567 401 4622 deatur
447 4583 586 4638 esse,
628 4567 675 4622 si
720 4567 895 4622 fuerit
938 4568 1240 4640 particeps,
1284 4584 1482 4624 verum
1530 4567 1700 4623 etiam
1749 4579 1909 4653 re-D

173 4661 596 4716 muneratione
626 4661 996 4733 dignissimus
1031 4663 1363 4718 aestimetur.

261 4757 396 4810 Post
425 4754 781 4810 consulatum
809 4757 1050 4823 Paulini,
1079 4757 1183 4811 viri
1207 4756 1523 4823 clarissimi,
1555 4756 1831 4812 Kalendas

171 4849 372 4905 Martii
405 4849 464 4902 in
491 4849 722 4904 basilica
751 4849 904 4905 beati
931 4851 1084 4904 Petri
1114 4851 1372 4922 apostoli,
1397 4851 1612 4922 synodo
1633 4851 1827 4921 praesi-

170 4945 364 4999 dente
384 4943 714 4998 beatissimo
739 4960 888 5015 papa
916 4945 1280 5017 Symmacho,
1296 4943 1630 5015 Fulgentius
1651 4944 1830 4998 archi-

170 5039 472 5093 diaconus
501 5037 645 5093 dixit
676 5055 689 5092 :

259 5134 390 5186 CAP.
428 5132 467 5184 1.
498 5131 800 5187 Beatitudo
830 5137 1016 5188 vestra
1044 5133 1274 5189 directis
1298 5133 1540 5187 antehac
1570 5149 1674 5204 per
1701 5148 1830 5204 pro-

169 5243 218 5279 γ
247 5224 409 5279 ncias
436 5226 869 5281 auctoritatibus
897 5227 1230 5299 frequenter
1259 5227 1429 5283 Italiae
1466 5226 1827 5282 sacerdotum

165 5318 480 5391 synodum
522 5321 870 5388 convocavit,
898 5337 1146 5393 quorum
1191 5321 1493 5392 praesentia
1537 5321 1596 5375 in
1634 5320 1828 5376 vestris

165 5413 418 5468 videtur
441 5414 616 5468 oculis
639 5415 960 5470 constituta.
990 5416 1146 5469 Nunc
1169 5415 1461 5470 beatitudo
1491 5418 1675 5470 vestra
1699 5431 1827 5486 quae

161 5508 262 5564 ad
309 5506 713 5561 ecclesiasticas
753 5509 1156 5564 indemnitates
1186 5509 1274 5563 vel
1318 5510 1386 5563 ad
1424 5525 1624 5580 pacem
1654 5509 1829 5563 totius

165 5601 458 5658 Ecclesiae
503 5601 809 5672 pertinent,
838 5602 954 5657 sive
997 5602 1360 5658 concordiam
1402 5602 1671 5673 dignetur
1713 5607 1826 5656 tra-

157 5693 480 5751 ctabiliter
532 5695 817 5750 ordinare.
872 5697 1256 5751 Acclamatum
1304 5701 1388 5750 est
1440 5696 1512 5750 ab
1562 5695 1830 5751 omnibus

159 5787 476 5860 episcopis
518 5793 574 5843 et
618 5789 1002 5861 presbyteris:
1037 5790 1272 5859 Exaudi,
1298 5789 1540 5860 Christe,
1581 5789 1830 5862 Symma-

157 5882 304 5940 cho
331 5882 468 5937 vita.
498 5882 718 5938 Dictum
758 5882 962 5940 decies.
1002 5885 1174 5956 Cujus
1212 5884 1404 5940 sedem
1441 5887 1495 5939 et
1523 5901 1722 5954 annos,
1751 5884 1831 5939 di-

604 5981 874 6046 PATROL.
924 5981 1150 6047 CXXX.

1846 3200 1901 3275 C

1915 1932 2231 2003 presbyteri
2259 1933 2546 2003 dixerunt,
2577 1939 2639 1989 ut
2663 1933 2760 1989 fiat
2785 1950 3073 2006 rogamus,
3103 1934 3319 1990 dictum
3343 1943 3428 1992 est
3456 1938 3550 1992 de-

1916 2025 2064 2094 cies;
2095 2030 2159 2080 ut
2186 2027 2449 2082 scandala
2480 2031 2852 2100 amputentur
2880 2045 3170 2100 rogamus,
3203 2029 3420 2085 dictum
3463 2038 3547 2086 est

1919 2119 2146 2188 nonies;
2190 2124 2251 2174 ut
2292 2121 2541 2174 ambitus
2585 2122 2979 2193 exstinguatur
3016 2139 3304 2194 rogamus,
3334 2125 3548 2181 dictum

1920 2216 2006 2264 est
2057 2212 2274 2282 decies;
2326 2213 2550 2282 exaudi,
2593 2215 2834 2282 Christe,
2881 2216 3221 2287 Symmacho
3269 2217 3404 2284 vita,
3457 2219 3545 2273 di-

1919 2310 2072 2359 ctum
2105 2309 2191 2360 est
2219 2307 2443 2377 septies.
2473 2307 2640 2377 Cujus
2670 2308 2865 2363 sedem
2895 2312 2953 2363 et
2979 2326 3183 2380 annos,
3217 2310 3432 2366 dictum
3467 2319 3552 2368 est

1920 2399 2253 2470 quinquies;
2298 2405 2359 2454 ut
2395 2400 2466 2455 de
2508 2403 2778 2472 praesenti
2818 2401 2933 2470 ﬁat,
2968 2402 3184 2458 dictum
3227 2408 3314 2460 est
3343 2407 3546 2463 decies.

1921 2491 2292 2563 Symmachus
2342 2494 2642 2566 episcopus
2687 2495 2831 2551 dixit
2859 2513 2871 2551 :
2899 2497 3181 2561 Quoniam
3231 2498 3552 2556 fraternitas

1920 2591 2103 2641 vestra
2121 2603 2315 2641 curam
2344 2588 2680 2658 provisionis
2703 2592 2911 2644 nostrae
2927 2591 3044 2644 suis
3063 2591 3553 2650 exhortationibus

1923 2679 2189 2750 incitavit,
2222 2685 2278 2736 et
2314 2682 2552 2753 parilem
2599 2683 2748 2738 circa
2779 2684 3039 2740 Ecclesiae
3087 2687 3553 2758 tranquillitatem

1923 2775 2021 2829 Dei
2049 2775 2226 2829 nostri
2248 2777 2656 2848 contemplatio
2684 2777 2943 2832 animum
2973 2783 3227 2849 praestat,
3249 2781 3396 2836 sicut
3415 2799 3556 2854 pra:-

1924 2868 2026 2922 fati
2069 2885 2284 2936 sumus,
2313 2870 2381 2924 de
2410 2870 2744 2926 liberatione
2777 2871 2836 2926 in
2866 2873 3136 2943 praesenti
3173 2874 3374 2930 habita
3421 2876 3558 2948 quid

1925 2962 2147 3033 placeat
2176 2980 2244 3018 ex
2288 2964 2552 3019 omnibus
2587 2966 2784 3020 vestris
2821 2966 3130 3022 informate
3168 2967 3226 3022 in
3266 2970 3561 3025 sententiis

1925 3072 2053 3127 quae
2075 3057 2133 3111 in
2161 3058 2268 3112 hoc
2295 3058 2604 3114 venerabili
2632 3059 2872 3115 concilio
2899 3077 3002 3131 per
3027 3062 3401 3118 ecclesiastica
3416 3065 3562 3119 reci-

1929 3154 2121 3205 tentur
2139 3151 2341 3206 ofﬁcia.
2361 3153 2618 3224 Cumque
2636 3153 3029 3222 surrexissent,
3048 3160 3104 3210 et
3119 3157 3290 3228 paulo
3310 3161 3439 3229 post
3463 3159 3564 3213 ite-

1927 3260 2056 3298 rum
2075 3245 2486 3314 consedissent,
2507 3247 2821 3302 Emilianus
2847 3248 3104 3303 notarius
3119 3250 3319 3320 synodi
3339 3251 3564 3308 decreta

1927 3339 2194 3409 vulgavit.

2001 3433 2087 3486 Ill.
2109 3433 2351 3504 Propter
2370 3434 2698 3505 frequentes
2717 3434 2967 3490 ambitus
2982 3437 3360 3508 quorumdam
3383 3441 3439 3494 et
3460 3439 3559 3494 Ec-

1928 3525 2113 3580 clesiae
2124 3526 2469 3597 nuditatem,
2483 3528 2569 3583 vel
2584 3528 2781 3600 populi
2799 3529 3153 3585 collisionem
3172 3547 3301 3603 quae
3322 3531 3562 3589 moleste

1929 3624 1986 3674 et
2000 3619 2457 3691 incompetenter
2473 3621 2862 3694 episcopatum
2872 3623 3318 3680 desiderantium
3331 3643 3568 3698 genera-

1931 3713 2007 3767 vit
2033 3713 2293 3782 aviditas,
2310 3717 2372 3768 ut
2389 3716 2784 3787 exstinguatur
2808 3717 3015 3772 futuris
3040 3720 3431 3792 praesumptio,
3451 3727 3564 3777 tam

1931 3807 2253 3879 perniciosa
2278 3809 2631 3880 temporibus
2663 3810 2954 3868 constituit
2979 3816 3174 3868 sancta
3203 3815 3470 3885 synodus,
3503 3820 3567 3871 ut

1932 3901 1977 3956 si
2010 3901 2136 3973 quis
2182 3903 2498 3975 presbyter,
2527 3906 2625 3958 aut
2673 3904 2964 3976 diaconus,
3001 3909 3101 3962 aut
3143 3907 3378 3963 clericus
3420 3926 3567 3981 papa

1931 3995 2224 4064 incolumi,
2250 4000 2308 4051 et
2343 4012 2411 4052 eo
2441 3996 2786 4066 inconsulto,
2816 4005 2914 4056 aut
2959 4000 3432 4072 subscriptionem
3462 4020 3568 4074 pro

1937 4090 2192 4144 Romano
2217 4091 2548 4162 pontiﬁcatu
2575 4093 2962 4162 commodare,
2990 4099 3088 4148 aut
3120 4095 3302 4166 pretia
3326 4097 3568 4167 promit-

1934 4188 2073 4251 tere,
2103 4189 2200 4239 aut
2229 4188 2656 4240 sacramentum
2695 4185 2953 4258 praebere
2983 4188 3308 4257 tentaverit,
3339 4194 3439 4245 aut
3464 4191 3568 4246 ali-

1934 4277 2090 4351 quod
2137 4283 2291 4334 certe
2333 4278 2668 4352 suffragium
2710 4280 2987 4353 polliceri,
3019 4283 3108 4336 vel
3151 4282 3221 4337 de
3259 4284 3365 4339 hac
3406 4301 3575 4341 causa

1935 4372 2169 4444 privatis
2215 4374 2626 4430 conventiculis
2661 4374 2822 4430 factis
2865 4375 3202 4445 deliberare,
3234 4381 3334 4433 aut
3372 4378 3568 4435 decer-

1937 4483 2096 4534 nere,
2117 4467 2226 4522 loci
2258 4468 2345 4521 sui
2367 4468 2646 4538 dignitate
2667 4473 2839 4540 atque
2867 4470 3273 4526 communione
3294 4472 3567 4542 privetur,

1938 4561 2202 4615 universa
2253 4561 2504 4632 synodus
2553 4578 2815 4633 surgens,
2876 4563 3207 4618 acclamavit
3259 4581 3270 4618 :
3329 4565 3565 4633 Exaudi,

1930 4654 2170 4723 Christe,
2200 4653 2540 4725 Symmacho
2569 4654 2701 4723 vita,
2734 4655 2949 4709 dictum
2979 4658 3064 4709 est
3093 4655 3312 4726 decies;
3338 4657 3429 4712 hic
3457 4675 3566 4730 pax

1931 4766 2060 4805 cum
2109 4747 2466 4820 Symmacho,
2496 4747 2712 4803 dictum
2761 4753 2845 4802 est
2887 4747 3246 4820 quindecies;
3274 4751 3436 4823 cujus
3478 4770 3563 4810 se-

1933 4844 2063 4898 dem
2096 4845 2154 4898 et
2178 4859 2381 4911 annos,
2411 4840 2627 4896 dictum
2658 4844 2742 4896 est
2768 4843 2961 4898 octies.
2993 4843 3118 4899 Pari
3149 4845 3452 4902 severitate
3479 4848 3563 4904 fe-

1932 4937 2129 4992 riendo
2169 4953 2238 4991 eo
2278 4935 2376 5006 qui
2421 4935 2532 4990 hoc
2557 4935 2681 4989 vivo
2719 4935 2864 4990 sicut
2903 4936 3120 4992 dictum
3166 4943 3252 4993 est
3299 4942 3566 5012 pontifice

1931 5029 2184 5102 quolibet
2233 5029 2402 5084 modo
2448 5028 2622 5083 fuerit
2669 5029 2979 5098 convictus,
3009 5034 3109 5086 aut
3140 5037 3292 5088 certe
3322 5037 3565 5092 tentasse

1929 5123 2198 5178 omnibus
2222 5122 2437 5194 pariter
2463 5121 2632 5193 hujus
2657 5123 2838 5194 culpae
2864 5123 2977 5178 reis
3002 5126 3382 5184 anathematis
3402 5146 3564 5199 poena

1929 5217 2267 5290 plectendis.
2313 5216 2692 5287 Symmachus
2735 5217 3032 5290 episcopus
3061 5219 3222 5275 dixit.
3254 5222 3402 5290 Ergo
3433 5223 3559 5277 uni-

1928 5311 2180 5367 versitati
2220 5312 2424 5382 placet,
2457 5313 2516 5364 et
2557 5310 2824 5366 omnibus
2850 5314 3282 5384 recognoscitur
3306 5316 3394 5368 vel
3423 5332 3558 5387 pro-

1928 5407 2096 5462 batur
2113 5406 2220 5462 ista
2245 5405 2552 5461 sententia.
2585 5405 2856 5461 Universa
2879 5407 3127 5476 synodus
3153 5406 3294 5462 dixit
3317 5424 3329 5460 :
3352 5409 3556 5479 Placet,

1930 5507 1988 5558 et
2021 5501 2174 5574 quod
2203 5499 2467 5555 omnibus
2495 5499 2702 5571 placet,
2731 5500 2848 5554 ﬁat.
3446 5555 3452 5561 ,

2001 5597 2086 5650 IV.
2115 5595 2189 5664 Si,
2221 5593 2374 5666 quod
2401 5593 2564 5660 absit,
2593 5593 2862 5648 transitus
2891 5607 3053 5662 papae
3079 5591 3401 5664 inopinatus
3427 5615 3554 5656 eve-

1930 5689 2101 5759 nerit,
2130 5693 2193 5743 ut
2225 5688 2295 5744 de
2321 5686 2408 5742 sui
2447 5687 2719 5742 electione
2757 5684 3091 5739 successoris
3122 5685 3205 5757 (ut
3232 5704 3406 5761 supra
3433 5695 3555 5766 pla-

1930 5783 2066 5855 cuit)
2096 5799 2209 5837 non
2239 5781 2414 5854 possit
2450 5783 2581 5835 ante
2613 5779 2940 5848 decernere,
2971 5777 3256 5849 siquidem
3286 5783 3346 5839 in
3375 5803 3555 5846 unum

1931 5879 2100 5934 totius
2143 5873 2499 5931 inclinaverit
2537 5870 2895 5927 ecclesiastici
2940 5871 3157 5928 ordinis
3186 5875 3387 5934 electio
3417 5899 3555 5940 con-

3120 5978 3196 6036 3°)
