4062 6188
533 324 637 377 99ῑὶ

1431 285 1713 377 ΑΡΡΙέΝῐ).
1756 321 1844 376 AD
1883 322 2041 377 sse.
2087 321 2151 374 lx

2259 349 2273 359 -
2312 320 2555 375 ISIDORI
2597 319 3021 377 MERCATORIS
3804 325 3903 376 99c;

530 433 792 485 'secretur
835 429 1048 484 electus
1088 428 1406 500 episcopus.
1454 429 1507 485 Si
1553 430 1728 498 enim,
1763 435 1827 484 ut
1852 430 1973 484 tieri
2002 430 2165 496 solet,
2191 430 2516 514 ASerenus
2555 429 2822 498 Nolanus,
2851 426 3140 499 Ancilpius
3179 427 3546 496 Puteolanus,
3577 428 3904 482 Timotheus

535 523 716 577 studia
751 523 1028 594 coeperint
1065 539 1185 577 esse
1217 524 1438 578 diversa
1469 541 1666 578 eorum
1698 525 1766 578 de
1793 523 2000 595 quibus
2040 541 2165 577 cer-

531 623 725 671 tamen
754 617 1074 684 emerserit,
1109 617 1294 672 vincat
1321 618 1607 672 sententia
1637 617 2040 688 plurimorum.
2065 618 2166 690 Sy-

537 711 721 764 nodus
752 710 909 777 dixit,
937 712 1174 781 placeat,
1203 711 1419 765 dictum
1449 718 1534 766 est
1569 711 1772 765 decies.

605 805 666 859 V.
715 806 954 876 Propter
1006 805 1254 859 occultas
1297 810 1489 860 autem
1533 805 1762 860 fraudes
1809 821 1946 876 quas
1998 805 2168 876 hujus

533 898 814 952 sententia
844 897 1214 953 districtionis
1240 899 1621 969 consequitur.
1653 898 1705 954 Si
1734 898 1859 969 quis
1885 899 1952 953 ad
1986 901 2164 953 eccle-

531 991 812 1046 siasticam
870 992 1169 1062 pertulerit
1225 992 1489 1046 notitiam
1536 992 1770 1046 consilia
1828 1009 2026 1046 eorum
2071 993 2167 1062 qui

530 1088 731 1139 contra
747 1086 893 1138 hanc
909 1085 1195 1156 synodum
1215 1085 1282 1140 de
1297 1085 1663 1156 pontiﬁcatus
1680 1085 1903 1157 egerint
1922 1086 2162 1155 ambitu,

529 1185 586 1234 et
610 1178 937 1233 rationabili
963 1179 1305 1249 probatione
1348 1179 1652 1234 convicerit
1681 1179 1965 1251 particeps
1991 1180 2163 1235 actio-

529 1272 620 1325 nis
647 1272 995 1342 hujusmodi,
1024 1289 1139 1326 non
1179 1273 1364 1327 solum
1395 1278 1671 1345 purgatus
1699 1274 1769 1328 ab
1809 1274 1966 1328 omni
2001 1275 2166 1344 culpa

530 1366 622 1435 sit,
657 1366 751 1420 sed
784 1366 957 1420 etiam
990 1368 1450 1422 remuneratione
1491 1383 1618 1438 quas
1652 1384 1766 1421 non
1797 1367 2034 1438 indigna
2071 1367 2161 1433 sit,

533 1459 879 1526 sublevetur,
910 1459 1175 1514 universa
1202 1461 1450 1530 synodus
1483 1461 1625 1515 dixit
1650 1478 1660 1516 :
1694 1461 1926 1516 Placent
1952 1461 2160 1515 omnia.

534 1554 600 1606 Et
625 1553 832 1623 adjecit
859 1572 872 1608 :
908 1554 1141 1622 Exaudi,
1175 1553 1414 1622 Christe,
1445 1555 1784 1626 Symmacho
1806 1554 1920 1608 vita
1947 1554 2162 1609 dictum

531 1655 615 1701 est
639 1646 946 1714 tredecies;
976 1650 1040 1700 ut
1067 1647 1170 1701 ista
1197 1653 1494 1702 serventur
1517 1665 1807 1719 rogamus,
1835 1648 2052 1703 dictum
2082 1654 2165 1703 est

532 1739 738 1795 decies.
788 1740 1168 1811 Symmachus
1217 1742 1513 1812 episcopus
1560 1742 1856 1796 catholicae
1902 1742 2164 1797 Ecclesiae

2268 521 2626 589 Abelliuaris,
2660 522 2925 577 Rosarius
2973 521 3361 588 Surrentinus,
3390 521 3717 592 Stephanus
3769 524 3903 577 Nea-

2268 616 2578 687 politanus,
2614 616 2876 671 Rosarius
2920 615 3214 686 episcopus
3256 631 3360 685 pro
3390 615 3563 669 fratre
3613 633 3751 669 meo
3776 618 3906 671 Urse

2271 710 2537 780 episcopo
2584 709 2888 781 subscripsi
2934 709 3182 764 Bellator
3229 708 3518 775 Ostiensis,
3558 710 3906 764 Gaudentius

2268 803 2637 872 Vulcinensis,
2690 803 2893 858 Marius
2948 802 3299 858 Tisernitius.
3360 805 3498 857 Item
3564 803 3906 858 Gaudentius

2268 896 2560 967 episcopus
2590 897 2956 966 Dulcinensis,
2995 895 3332 966 Lampadius
3363 913 3464 966 pro
3491 897 3762 967 Projecto
3791 899 3901 966 cpi-

2267 1007 2433 1060 scopo
2482 991 2875 1060 Forononano,
2907 990 3232 1045 Adeodatus
3276 990 3622 1055 Formensis,
3669 990 3904 1053 Quintus

2265 1083 2632 1150 Theanensis,
2666 1085 2836 1139 Ursus
2874 1083 3173 1138 Stabianus
3201 1083 3554 1138 Gaudentius
3593 1083 3901 1138 Salernita-

2270 1195 2393 1243 nus,
2422 1178 2760 1232 Saturninus
2803 1177 3237 1232 Herdonitanus.
3273 1176 3750 1247 Subscripserunt
3793 1179 3901 1247 epi-

2266 1272 2418 1342 scopi
2457 1288 2700 1326 numero
2745 1272 3108 1343 septuaginta
3155 1275 3286 1339 tres,
3327 1270 3535 1339 Celius,
3573 1271 3902 1326 Laurentius

2264 1365 2720 1437 archipresbyter
2745 1366 2896 1420 tituli
2942 1365 3172 1434 Lixidaa,
3205 1365 3299 1419 hic
3328 1365 3636 1436 subscripsi
3679 1371 3739 1420 et
3779 1383 3899 1420 con-

2266 1459 2412 1513 sensi
2445 1459 2810 1530 synodalibus
2854 1459 3191 1525 constitutis,
3224 1463 3394 1529 atque
3437 1459 3493 1512 in
3519 1459 3625 1512 hac
3656 1476 3756 1513 me
3787 1477 3901 1530 pro~

2265 1553 2429 1607 fitcor
2457 1569 2688 1607 manere
2714 1553 3019 1607 sententia.
3041 1552 3340 1607 Januarius
3365 1552 3673 1624 presbyter
3701 1555 3791 1607 tit.
3815 1555 3900 1606 Ve-

2265 1647 2448 1714 stinze,
2499 1647 2867 1702 Sebastianus
2909 1664 2997 1718 pr.
3052 1649 3138 1700 tit.
3190 1645 3422 1716 Equitii,
3456 1646 3775 1700 Martianus
3823 1664 3897 1717 pr.

2264 1740 2349 1795 tit.
2378 1745 2586 1796 sanctas
2619 1741 2862 1808 Ceciliae,
2888 1741 3220 1794 Valentinus
3249 1757 3338 1811 pr.
3368 1739 3456 1794 tit.
3487 1739 3750 1808 Eusebii,
3781 1742 3899 1795 Gor-

530 1834 686 1888 urbis
719 1835 918 1888 Romae
949 1834 1107 1903 dixit,
1138 1835 1576 1890 acclamationes
1607 1840 1818 1890 vestras
1847 1837 2164 1908 synodique
2187 1823 2241 1895 B
2266 1834 2464 1890 dianus
2512 1852 2598 1905 pr.
2634 1835 2721 1888 tit.
2762 1834 3111 1902 Pammacbi,
3142 1833 3465 1888 Anastasius
3508 1851 3601 1904 pr.
3637 1834 3730 1888 tit.
3765 1839 3898 1888 Ana~

529 1927 804 1982 indicium
834 1928 1142 2000 praesentia
1171 1934 1329 2000 gesta
1359 1930 1685 2000 suscipient.
1718 1931 1786 1984 Et
1813 1930 2018 2000 adjecit
2049 1947 2061 1984 :
2088 1932 2166 1984 Ea

527 2038 654 2093 quae
683 2022 755 2076 ad
782 2023 1088 2093 sopiendos
1115 2029 1430 2078 veternosus
1459 2024 1926 2095 prznsumptionis
1948 2040 2165 2079 errores

524 2115 611 2169 vel
637 2115 873 2171 infensa:
909 2117 1080 2170 rebus
1123 2116 1511 2172 ecclesiasticis
1549 2117 1907 2188 aegritudinis
1934 2118 2164 2172 morbos

479 2268 490 2278 ,
522 2209 728 2280 quibus
755 2209 1091 2264 universalis
1121 2210 1482 2265 inﬁciebatur
1519 2212 1788 2279 Ecclesia,
1827 2211 2163 2266 deliberatio

525 2303 788 2374 religioni
815 2320 1070 2374 congrua
1107 2303 1347 2375 pacique
1391 2305 1640 2359 restituit
1664 2305 1997 2360 ﬁrmitatem
2030 2321 2160 2376 per-

526 2396 702 2468 petim
729 2397 1061 2466 sortiantur,
1093 2402 1156 2452 ut
1186 2400 1493 2468 praastante
1521 2399 1634 2454 Deo
1664 2415 1837 2470 quem
1867 2399 2161 2455 custodem

523 2507 720 2544 rerum
764 2494 983 2545 constat
1037 2507 1158 2546 esse
1208 2491 1493 2547 bonarum
1539 2492 1825 2564 synodalis
1877 2493 2160 2547 ordinatio

524 2584 730 2655 vigeat,
750 2588 922 2657 atque
953 2585 1139 2640 omnis
1159 2585 1258 2657 qui
1278 2585 1396 2641 sine
1421 2603 1683 2657 personae
1705 2587 1940 2658 alicujus
1967 2587 2162 2641 distin-

522 2678 713 2734 ctione
743 2680 937 2734 venire
968 2680 1413 2751 praesumpserit,
1449 2680 1658 2736 indicta
1694 2681 1956 2752 superius
1979 2680 2160 2736 distri-

521 2773 709 2827 ctione
740 2773 1035 2844 plectetur.
1083 2775 1149 2827 Et
1190 2773 1643 2844 subscripserunt
1673 2775 1857 2829 Celius
1901 2777 2157 2846 Symma—

522 2865 683 2933 chus,
710 2866 1011 2938 episcopus
1036 2866 1294 2921 Ecclesiae
1323 2867 1622 2922 catholica}
1651 2867 1807 2922 urbis
1834 2870 2048 2935 Romae,
2071 2868 2160 2924 his

522 2959 889 3030 synodalibus
920 2959 1240 3014 constitutis
1267 2977 1298 3013 a
1325 2976 1415 3015 me
1443 2960 1697 3032 probatis
1721 2964 1895 3033 atque
1919 2962 2158 3017 ﬁrmatis

523 3053 882 3109 consentiens
911 3053 1237 3125 subscripsi.
1267 3054 1452 3111 Celius
1480 3055 1722 3109 rusticus
1752 3056 2048 3127 episcopus
2076 3057 2154 3112 ci-

520 3147 708 3202 vitatis
737 3146 1141 3202 Minturnensis
1167 3147 1471 3218 subscripsi
1497 3152 1553 3203 et
1583 3149 1841 3203 consensi
1867 3150 2152 3221 synodali-

518 3241 626 3295 bus
656 3240 995 3308 constitutis,
1027 3245 1197 3312 atque
1238 3241 1298 3296 in
1340 3242 1445 3296 hac
1482 3241 1755 3312 proﬁteor
1793 3259 1887 3297 me
1917 3260 2152 3300 manere

518 3333 823 3390 sententia.
856 3334 1044 3389 Celius
1072 3334 1394 3389 Bonifacius
1422 3335 1720 3407 episcopus
1751 3336 2013 3391 Ecclesiae
2047 3338 2152 3392 Be-

514 3427 842 3483 liternensis
871 3427 1186 3499 subscripsi
1217 3431 1274 3483 et
1313 3429 1575 3484 consensi
1619 3429 1981 3502 synodalibus
2015 3447 2151 3486 con—

515 3522 746 3592 stitutis,
769 3526 940 3594 atque
967 3521 1029 3575 in
1051 3522 1158 3577 hac
1184 3538 1278 3578 me
1304 3523 1576 3594 profiteor
1599 3539 1835 3578 manere
1855 3525 2150 3579 sententia.

514 3617 791 3685 Mesenus,
826 3617 1138 3686 Humanus,
1169 3616 1405 3672 Ruﬁnus
1450 3616 1790 3688 Camisinus,
1821 3618 2155 3673 Cresconius

516 3709 878 3780 Tudertinus,
937 3711 1134 3766 Clarus
1212 3711 1482 3778 Allifanis,
1531 3710 1766 3765 Basilius
1831 3712 2151 3781 Toletanus,

518 3803 714 3858 Vitalis
761 3803 1091 3871 Fundanus,
1139 3803 1338 3859 Decius
1381 3804 1820 3875 Trincabernus,
1872 3807 2151 3860 Innocen-

517 3897 627 3952 tius
695 3897 1025 3966 Nubanatis,
1085 3898 1395 3953 Vitalianus
1472 3899 1825 3966 Rosellanus,
1883 3898 2153 3954 Maximus

517 3993 813 4059 Bresanus,
846 3991 1210 4048 Constantius
1253 3995 1577 4064 Capuanus,
1609 3993 1897 4064 Benignus
1942 3993 2150 4065 Aquic-

517 4085 787 4151 ninensis,
819 4086 1158 4141 Fortunatus
1193 4086 1497 4152 Suesanus,
1527 4086 1812 4140 Palladius
1838 4087 2149 4142 Sulmonti-

515 4196 646 4245 nus,
692 4178 1023 4233 Vindemius
1072 4179 1424 4248 Anteatinus,
1467 4180 1830 4236 Constantius
1877 4181 2151 4236 Utricula-

515 4289 644 4342 nus,
689 4273 936 4327 Joannes
981 4273 1374 4340 Ariminensis,
1421 4274 1735 4328 Germanus
1781 4274 2150 4344 Pisaurensis,

513 4365 784 4422 Martinus
819 4365 1254 4434 Terracinensis,
1286 4367 1576 4422 Candidus
1623 4366 1968 4436 Tiburtinus,
2002 4369 2148 4423 Lau-

517 4461 734 4516 rentius
771 4459 1074 4528 Tribensis,
1102 4459 1415 4515 Titalianus
1460 4461 1819 4530 Narmiensis,
1851 4463 2152 4518 Pachasius

2175 3195 2230 3268 G

2264 1929 2468 1998 stasiaa,
2503 1930 2719 1997 Petrus,
2762 1945 2847 1999 pr.
2888 1928 2975 1993 tit,
3029 1927 3207 1982 sancti
3251 1927 3580 1993 Clementis,
3630 1928 3899 1982 Genasius

2265 2039 2351 2093 pr.
2382 2023 2466 2076 tit.
2496 2022 2881 2090 Nichomedis,
2915 2021 3172 2088 Urbicus,
3193 2037 3283 2092 pr.
3312 2020 3400 2075 tit.
3427 2020 3605 2074 sancti
3645 2021 3896 2076 Clemen-

2265 2116 2354 2182 tis,
2395 2115 2675 2170 Dionisius
2720 2131 2806 2187 pr.
2837 2115 2926 2169 tit.
2979 2114 3301 2181 Emilianee,
3345 2113 3626 2168 Paulirius
3679 2131 3773 2185 pr.
3817 2115 3896 2168 tit.

2264 2210 2445 2264 sancti
2469 2209 2615 2276 Julii,
2647 2209 2998 2281 Epiphanius
3025 2224 3111 2279 pr.
3143 2207 3230 2262 tit.
3260 2207 3682 2279 apostolorum,
3705 2208 3899 2262 Valens

2262 2320 2348 2373 pr.
2395 2303 2482 2358 tit.
2529 2306 2738 2357 sanctae
2777 2302 3022 2365 Sabinae,
3067 2301 3326 2356 Aceritus
3374 2317 3460 2371 pr.
3507 2301 3597 2354 tit.
3644 2301 3898 2367 Faciolaz,

2262 2396 2536 2468 Agapitus
2551 2414 2638 2468 pr.
2654 2396 2742 2451 tit.
2761 2395 3169 2468 apostolorum,
3186 2393 3508 2449 Adeodatus
3527 2411 3618 2465 pr.
3636 2395 3730 2450 tit.
3747 2396 3902 2467 Equi-

2261 2491 2345 2560 tii,
2394 2492 2590 2545 Petrus
2634 2507 2722 2561 pr.
2768 2490 2855 2544 tit.
2900 2488 3240 2560 Grisogonii,
3288 2487 3625 2543 Benedictus
3675 2506 3762 2561 pr.
3817 2489 3899 2544 tit.

2263 2584 2401 2652 Gaii,
2447 2585 2696 2656 Sopanus
2744 2600 2829 2654 pr.
2877 2584 2962 2639 tit.
2992 2583 3259 2649 Vestina},
3307 2581 3642 2637 Dominicus
3692 2600 3781 2654 pr.
3817 2584 3900 2637 tit.

2259 2678 2480 2748 Priscae,
2513 2678 2742 2734 Isterius
2772 2694 2857 2749 pr.
2891 2677 2976 2732 tit.
3008 2677 3294 2744 Pudentis,
3320 2676 3682 2747 Redemptus
3703 2693 3794 2748 pr.
3818 2677 3902 2731 tit.

2259 2772 2524 2843 Trigidm,
2555 2772 2707 2826 Felix
2733 2788 2821 2843 pr.
2854 2772 2940 2826 tit.
2979 2771 3211 2842 Equitii,
3245 2771 3486 2827 Severus
3513 2786 3605 2841 pr.
3638 2769 3732 2825 tit.
3762 2769 3900 2836 Gaii,

2259 2866 2610 2938 Redemptus
2663 2883 2750 2937 pr.
2799 2865 2886 2919 tit.
2934 2865 3252 2936 Grisogoni,
3306 2864 3632 2936 Stephanus
3684 2882 3778 2936 pr.
3823 2866 3906 2918 tit.

2257 2961 2515 3030 Marcelli,
2561 2959 2931 3014 Prorecticius
2973 2975 3058 3030 pr.
3103 2959 3190 3013 tit.
3226 2957 3511 3025 Damasci,
3541 2959 3906 3013 Crescentius

2257 3071 2345 3127 pr.
2378 3055 2465 3109 tit.
2509 3055 2918 3125 apostolorum,
2947 3053 3178 3108 Jovinus
3205 3069 3292 3124 pr.
3326 3052 3414 3107 tit.
3445 3051 3777 3106 Emilianae.
3812 3055 3904 3106 Ju-

2253 3147 2438 3203 lianus
2482 3165 2568 3220 pr.
2617 3148 2707 3203 tit.
2750 3147 3079 3217 Anastasite,
3127 3148 3314 3201 Bonus
3355 3163 3442 3217 pr.
3487 3145 3577 3201 tit.
3626 3147 3904 3202 Crescen-

2257 3243 2443 3311 tianaz,
2492 3243 2780 3314 Septimus
2833 3259 2921 3313 pr.
2965 3241 3054 3295 tit.
3103 3240 3253 3309 Julii,
3300 3240 3638 3295 Paschasius
3687 3258 3778 3312 pr.
3823 3242 3901 3295 tit.

2255 3337 2502 3406 Eusebii,
2539 3336 2833 3408 Ciprianus
2877 3353 2966 3407 pr.
3016 3335 3104 3390 tit.
3154 3334 3338 3402 Marci,
3379 3335 3639 3389 Joannes
3694 3351 3786 3406 pr.
3820 3335 3901 3389 tit.

2254 3431 2624 3496 Pammachii,
2663 3430 3012 3501 Epiphanius
3059 3447 3150 3502 pr.
3195 3429 3284 3484 tit.
3319 3428 3580 3494 Faciolaa,
3615 3428 3904 3484 Sebastia-

2252 3542 2359 3579 nus
2386 3541 2472 3596 pr.
2503 3525 2589 3580 tit.
2618 3525 2996 3592 Nichomedis,
3033 3523 3366 3580 Bonefacius
3401 3538 3488 3593 pr.
3525 3522 3618 3577 tit.
3650 3523 3904 3587 Ceciliaa,

2253 3618 2524 3675 Martinus
2567 3635 2654 3690 pr.
2699 3619 2786 3673 tit.
2822 3618 3045 3686 Ciriaci,
3088 3619 3284 3672 Petrus
3335 3633 3422 3688 pr.
3470 3615 3560 3670 tit.
3603 3617 3907 3676 Praxedis.

2252 3713 2502 3769 Andreas
2540 3730 2628 3784 pr.
2659 3712 2745 3768 tit.
2776 3712 2954 3767 sancti
2981 3710 3290 3777 Timothei,
3322 3710 3666 3766 Timotheus
3697 3728 3788 3782 pr.
3823 3710 3905 3765 tit.

2251 3807 2512 3874 Marcelli,
2549 3805 2895 3878 Epiphanius
2928 3823 3012 3877 pr.
3047 3805 3138 3860 tit.
3170 3803 3386 3871 Ciriaci,
3417 3804 3669 3859 Hilarius
3695 3822 3791 3876 pr.
3819 3806 3906 3858 tit.

2253 3901 2497 3970 Lucium,
2527 3900 2821 3956 Servusdei
2865 3917 2953 3971 pr.
2985 3899 3075 3954 tit.
3119 3898 3293 3953 sancti
3342 3898 3683 3963 Clementis,
3719 3900 3906 3953 Victo-

2252 3995 2370 4049 rius
2393 4011 2481 4065 pr.
2512 3995 2601 4049 tit.
2624 3994 2867 4063 Sabinae,
2897 3993 3083 4064 Opilio
3113 4009 3201 4064 pr.
3231 3991 3318 4046 tit.
3351 3991 3620 4058 Vestinus,
3655 3993 3912 4047 Lauren-

2251 4089 2366 4144 tius
2395 4106 2483 4160 pr.
2510 4088 2598 4143 tit.
2631 4089 2812 4142 sancti
2851 4087 3156 4142 Laurentii.
3210 4088 3410 4141 Petrus
3451 4102 3541 4156 pr.
3580 4085 3679 4140 tit.
3711 4085 3909 4141 δήξο-

2255 4183 2408 4255 goni,
2438 4182 2658 4238 Eutices
2701 4199 2788 4254 pr.
2833 4182 2921 4237 tit.
2966 4181 3283 4247 Emilianze,
3328 4181 3625 4234 Romanus
3679 4197 3776 4251 pr.
3821 4180 3909 4234 tit.

2251 4277 2556 4349 Trigildiae,
2597 4277 2854 4331 Julianus
2901 4293 2989 4347 pr.
3034 4275 3122 4330 tit.
3155 4273 3485 4340 Anastasim,
3534 4273 3912 4328 Marcellinus

2251 4389 2336 4443 pr.
2366 4371 2454 4427 tit.
2487 4370 2639 4425 Julii.
2678 4371 2895 4425 Marcus
2921 4386 3005 4441 pr.
3039 4368 3128 4424 tit.
3159 4368 3409 4435 Lucinae,
3439 4366 3792 4422 Dominicus
3823 4385 3910 4439 pr.

2251 4465 2338 4520 tit.
2395 4465 2827 4532 Crescentianae,
2882 4463 3198 4518 Vicemalus
3261 4479 3350 4535 pr.
3408 4462 3496 4516 tit.
3562 4462 3912 4524 Crescentii,

516 4555 920 4625 Vultinuensis,
954 4555 1298 4609 Fortunatus
1343 4553 1641 4626 episcopus
1689 4556 1950 4610 Ecclesiae
1991 4559 2644 4640 Ana-DAbundantius
2697 4575 2784 4630 pr.
2836 4558 2924 4614 tit.
2982 4557 3226 4624 Sabinae,
3283 4556 3588 4610 Abundius
3655 4573 3755 4628 pr.
3820 4556 3907 4611 tit.

516 4651 705 4721 gninae
729 4667 832 4721 pro
860 4649 1120 4704 sanctulo
1149 4649 1418 4720 episcopo
1450 4649 1686 4705 civitatis
1717 4650 1987 4722 Signina,
2017 4651 2152 4723 quia

515 4744 869 4798 subscribere
898 4759 1015 4797 non
1043 4743 1232 4814 potuit
1259 4760 1362 4814 pro
1390 4743 1591 4798 eodem
1623 4744 1962 4816 subscripsi;
1993 4746 2153 4800 Vale-

516 4838 633 4892 rius
675 4838 1074 4906 Calenotanus,
1108 4837 1487 4892 Felicissimus
1531 4839 2148 4910 Forosumpromensis,

515 4931 850 4985 Valentinus
879 4930 1304 4986 Amiterninuas
1341 4949 1444 5003 pro
1474 4933 1730 4987 Romano
1757 4933 2022 5004 episcopo
2048 4935 2147 4989 Ec-

514 5025 700 5080 clesia:
719 5025 1047 5080 Pitanitium
1077 5025 1416 5097 subscripsi;
1442 5026 1706 5083 Colonius
1735 5027 2148 5096 Foroliviensis,

515 5119 863 5192 Epiphanius
895 5119 1346 5188 Beneventanus,
1374 5121 1620 5176 Joannes
1648 5120 1990 5192 Spoletinus,
2013 5122 2152 5177 Con-

513 5214 755 5269 stantius
798 5213 1166 5280 Benefranus,
1197 5214 1574 5270 Maximianus
1620 5216 1946 5286 Perusinus,
1987 5217 2147 5272 Salu-

513 5310 655 5364 stius
715 5311 1017 5376 Camenus,
1073 5309 1354 5364 Lucianus
1424 5310 1842 5381 Tarquinensis,
1893 5311 2150 5366 Molensis

514 5403 1040 5470 Centumcellensis,
1071 5404 1392 5458 Florentius
1433 5405 1739 5470 Plestanus,
1773 5404 2149 5460 Maximianus

512 5498 998 5568 Subaugustanus,
1052 5497 1396 5551 Fortunatus
1446 5498 1858 5567 Fulgentanus,
1903 5500 2149 5554 Joannes

515 5590 865 5657 Linoncnsis,
911 5590 1262 5644 Gaudentius
1307 5589 1614 5657 Tadinatis,
1660 5591 1967 5646 Mercurius
2011 5593 2144 5649 Sur-

517 5683 688 5750 tinus,
737 5685 984 5738 Serenus
1035 5683 1463 5750 Muruentanus,
1509 5684 1698 5738 Justus
1747 5687 2144 5756 Acerontinus,

516 5775 834 5829 Adeodatus
867 5777 1150 5844 Ceronsis,
1173 5777 1490 5846 Stephanus
1517 5777 1854 5849 Mirsinensi,
1876 5781 2147 5837 Dulcitius

516 5871 853 5938 Sabinensis,
889 5873 1225 5927 Fortunatus
1249 5875 1606 5946 Anagninus,
1632 5877 1782 5932 Felix
1813 5878 2141 5950 Nepesinus,

2249 4653 2435 4723 Marci,
2469 4652 2761 4708 Marcellus
2787 4668 2875 4724 pr.
2904 4651 2993 4706 tit.
3023 4650 3283 4706 Romalii.
3321 4649 3643 4704 Venantius
3685 4667 3784 4722 pr.
3819 4652 3905 4704 tit.

2249 4746 2513 4815 Marcelli,
2543 4746 2764 4802 Asellus
2793 4761 2882 4818 pr.
2914 4745 3002 4800 tit.
3035 4744 3290 4811 Vitantii,
3319 4743 3653 4815 Stephanus
3685 4762 3785 4818 pr.
3823 4745 3908 4799 tit.

2252 4840 2495 4912 Eusebii,
2526 4841 2744 4912 Agatho
2787 4857 2872 4912 pr.
2917 4839 3004 4894 tit.
3035 4839 3304 4894 Vizantis.
3356 4837 3636 4892 Paulinus
3683 4855 3781 4910 pr.
3823 4841 3906 4892 tit.

2251 4936 2427 4991 sancti
2509 4934 2813 4990 Laurentii.
2881 4933 3348 5004 Subscripserunt
3410 4931 3666 5003 episcopi
3736 4931 3908 5005 [forte

2251 5029 2587 5102 presbyteri]
2613 5045 2856 5084 numero
2883 5027 3182 5099 sexaginta
3210 5031 3339 5082 tres.

2321 5125 2633 5196 Cyprianus
2661 5123 2936 5179 diaconus
2965 5124 3176 5177 sancta:
3197 5120 3461 5176 Ecclesiae
3489 5121 3786 5178 Romanae.
3816 5139 3907 5178 re-

2251 5219 2432 5292 gionis
2465 5218 2724 5290 septimae
2762 5217 2851 5273 his
2879 5215 3184 5288 subscripsi
3214 5218 3274 5270 et
3297 5215 3565 5271 consensi
3595 5218 3906 5287 synodali-

2247 5315 2354 5370 bus
2383 5313 2719 5380 constitutis,
2750 5316 2921 5384 atque
2961 5312 3020 5366 in
3064 5312 3169 5365 hac
3206 5327 3301 5365 me
3343 5310 3618 5382 profiteor
3650 5327 3907 5368 manere

2248 5408 2552 5464 sententia.
2586 5407 2912 5462 Anastasius
2937 5406 3212 5461 diaconus
3238 5404 3491 5476 regionis
3521 5404 3739 5477 primae
3765 5407 3905 5460 sub-

2247 5502 2467 5575 scripsi,
2509 5503 2801 5557 Citonatus
2851 5501 3120 5556 diaconus
3167 5499 3380 5571 quintae
3446 5499 3708 5570 regionis
3767 5501 3904 5556 sub-

2247 5597 2463 5668 scripsi,
2491 5599 2740 5651 Joannes
2769 5595 3043 5650 diaconus
3071 5593 3324 5666 regionis
3354 5593 3625 5648 secanda:
3646 5595 3908 5649 subscri-

2246 5693 2354 5764 psi,
2368 5692 2628 5746 Tarensis
2639 5691 2913 5746 diaconus
2926 5688 3177 5761 regionis
3191 5689 3389 5760 prima:
3408 5687 3755 5759 subscripsi.
3773 5690 3910 5746 Ter-

2244 5787 2417 5841 tullus
2447 5785 2721 5841 diaconus
2744 5783 2994 5855 regionis
3019 5786 3238 5855 quartaa
3264 5781 3588 5855 subscripsi.
