4062 6188
133 387 239 437 997

1364 381 1837 438 DECRETALIUM
1879 381 2265 437 COLLECTIO.

3396 384 3500 438 998

131 488 326 562 247
368 491 662 575 Exemplar
679 492 956 575 constituta;
978 491 1120 574 facti
1143 505 1178 544 α
1205 489 1441 575 Domino,
1452 489 1768 574 Symmacho
1788 502 1848 575 Α
1867 489 2136 561 pratorio
2169 493 2342 560 atque
2365 487 2635 560 patricius
2664 503 2844 560 agens
2887 487 3065 544 etiam
3093 487 3242 545 vices
3267 489 3502 561 praeel-

400 577 555 632 papa
580 561 645 615 de
664 561 822 616 rebus
852 562 1081 617 ecclesia
1109 562 1510 618 conservandis.

208 677 418 744 Flavio,
460 676 583 730 viro
627 675 943 732 clarissimo
967 677 1200 748 juniore
1233 678 1485 747 consule,
1526 677 1630 733 sub
1675 678 1768 732 die

130 777 334 826 octavo
382 769 588 824 Iduum
631 770 1038 826 Novembrium
1083 771 1142 826 in
1171 771 1404 826 basilica
1432 771 1581 827 beati
1619 771 1767 826 Petri

128 865 395 935 apostoli,
428 865 712 918 residente
740 865 1052 920 venerabili
1076 865 1196 920 viro
1223 882 1374 937 papa
1405 865 1766 936 Symmacho,

133 975 249 1013 una
277 975 408 1012 cum
449 958 865 1014 venerabilibus
893 959 1025 1013 viris
1057 960 1379 1028 Laurentio,
1409 959 1644 1014 Maximo
1674 975 1767 1014 re-

128 1053 451 1108 sidentibus
498 1053 796 1123 episcopis,
840 1053 1012 1108 etiam
1046 1056 1232 1121 Petro,
1265 1053 1582 1119 Laurentio,
1612 1054 1768 1108 Emi-

126 1148 306 1214 liano,
335 1147 603 1216 Trigidio,
636 1147 819 1201 Felice
841 1147 1130 1216 Bassiano,
1161 1147 1486 1216 Cresconio,
1517 1147 1765 1202 Pacatia-

127 1257 227 1304 no,
285 1241 560 1310 Benigno,
601 1241 892 1307 Rusentio,
933 1241 1285 1308 Innocentio,
1327 1243 1570 1307 Joanne,
1605 1241 1771 1296 Maxi-

128 1351 251 1403 mo,
285 1335 597 1405 Stephano,
629 1337 870 1403 Joanne,
899 1335 1136 1402 Sereno,
1169 1336 1405 1403 Eulalio,
1453 1334 1768 1400 Proculeio,

135 1431 473 1498 Fortunato,
519 1430 837 1496 Laurentio,
881 1430 1201 1497 Eustachio,
1253 1431 1545 1499 Martiano,
1571 1431 1774 1485 Jocun-

133 1523 231 1590 do,
276 1523 559 1589 Candido,
606 1523 936 1590 Fortunato,
983 1525 1185 1593 Felice,
1219 1524 1458 1591 Euticio,
1491 1524 1768 1595 Helpidio,

129 1619 346 1688 Aprile,
401 1617 748 1684 Innocentio,
807 1617 1104 1684 Mercurio,
1152 1617 1382 1684 Hilario,
1441 1618 1770 1685 Fortunato,

129 1711 473 1776 Concordio,
506 1711 712 1775 Asello,
749 1711 1096 1779 Innocentio,
1131 1711 1441 1781 Stephano,
1477 1710 1767 1777 Gerontio,

131 1805 456 1870 Paschasio,
488 1805 686 1871 Vitale,
713 1804 983 1871 Memore,
1014 1804 1299 1872 Severino,
1331 1805 1560 1871 Hilario,
1585 1805 1768 1858 Vene-

1864 583 2164 640 lentissimi
2191 581 2345 654 regis
2371 582 2640 638 Odoacris
2671 581 2909 637 Basilius
2940 579 3080 638 dixit
3107 598 3121 637 :
3155 581 3502 654 Quanquam

1865 677 2036 732 studii
2068 676 2247 732 nostri
2281 681 2338 732 et
2363 675 2663 748 religionis
2693 674 2937 743 intersit,
2963 678 3031 730 ut
3053 674 3112 730 in
3140 675 3503 748 episcopatus

1869 770 2147 826 electione
2177 769 2479 825 concordia
2513 769 2902 842 principaliter
2930 771 3185 826 servetur
3215 769 3501 838 Ecclesia,

1870 881 1975 920 nec
2005 881 2110 937 per
2129 864 2483 920 occasionem
2507 863 2804 919 seditionis
2830 867 3007 919 status
3035 862 3318 918 civilitatis
3342 879 3503 919 voce-

1871 962 1964 1012 tur
2004 960 2062 1013 in
2111 958 2370 1026 dubium,
2416 963 2608 1012 tamen
2638 957 3035 1012 admonitione
3064 957 3372 1012 beatissimi
3399 957 3504 1012 viri

1868 1069 2032 1124 papa
2082 1053 2261 1108 nostri
2305 1052 2580 1124 Simplicii
2624 1068 2797 1122 quem
2845 1055 2977 1106 ante
3022 1052 3216 1106 oculos
3270 1067 3504 1123 semper

1872 1147 2077 1202 habere
2102 1147 2401 1214 debemus,
2434 1146 2541 1200 hoc
2569 1145 2736 1200 nobis
2767 1145 3111 1200 meministis
3131 1144 3234 1198 sub
3265 1145 3508 1201 obtesta-

1866 1240 2024 1296 tione
2042 1240 2213 1295 fuisse
2233 1240 2592 1309 mandatum,
2616 1243 2681 1294 ut
2702 1246 2908 1311 prater
2928 1239 3107 1294 ullum
3126 1238 3427 1310 strepitum
3450 1244 3507 1294 et

1869 1334 2214 1389 venerabilis
2259 1333 2519 1390 Ecclesia
2564 1333 2998 1401 detrimentum,
3048 1333 3092 1386 si
3137 1349 3270 1386 eum
3302 1332 3373 1387 de
3402 1331 3507 1387 hac

1870 1431 1997 1486 luce
2041 1432 2287 1487 transire
2331 1431 2657 1502 contigerit,
2698 1447 2813 1485 non
2845 1431 2966 1486 sine
2997 1435 3195 1484 nostra
3224 1431 3504 1485 consulta-

1870 1526 2024 1581 tione
2075 1526 2378 1597 cujuslibet
2415 1525 2730 1580 celebretur
2757 1524 2979 1579 electio.
3016 1527 3081 1579 Et
3107 1541 3235 1578 cum
3269 1525 3508 1596 legeret,

1872 1620 2204 1676 Cresconius
2253 1620 2548 1690 episcopus
2592 1618 2838 1673 civitatis
2873 1617 3201 1672 Tudertina
3247 1617 3510 1672 Ecclesia

1871 1730 2112 1785 surgens
2167 1730 2196 1769 e
2249 1729 2518 1768 consessu
2566 1713 2705 1768 dixit
2755 1729 2767 1768 :
2817 1712 2913 1766 Hic
2956 1713 3274 1784 perpendat
3319 1717 3511 1766 sancta

1873 1808 2143 1880 synodus,
2175 1814 2238 1862 ut
2269 1807 2665 1880 pratermissis
2691 1806 2975 1877 religiosis
2995 1804 3272 1877 personis,
3301 1804 3510 1876 quibus

130 1899 307 1963 rioso,
356 1897 708 1966 Innocentio,
761 1900 945 1964 Casto,
992 1899 1282 1966 Colonico,
1324 1898 1560 1964 Silvino,
1602 1897 1767 1953 Maxi-
1791 1883 1848 1955 Β
1875 1901 2126 1956 maxime
2156 1917 2290 1956 cura
2319 1906 2422 1970 est,
2456 1901 2524 1955 de
2556 1903 2717 1954 tanto
2760 1899 3030 1970 pontifice
3061 1899 3118 1953 in
3159 1915 3323 1953 suam
3352 1897 3507 1952 redi-

128 1992 386 2057 miliano,
434 1993 728 2060 Arestone,
787 1991 1035 2058 Severio,
1101 1992 1446 2064 Propinquo,
1504 1992 1759 2057 Martino,

129 2086 456 2150 Valentino,
489 2085 843 2152 Sebastiano,
873 2086 1149 2155 Romano,
1183 2086 1498 2153 Vindemio,
1530 2085 1770 2139 Dulcitio

130 2180 378 2246 Victore,
431 2180 588 2247 Urso,
620 2179 918 2246 Mercurio,
948 2180 1155 2249 Asello,
1189 2179 1482 2248 Servodei,
1508 2177 1766 2235 Adeoda-

131 2277 209 2342 to,
260 2274 501 2341 Asterio,
547 2273 902 2341 Martiniano,
951 2273 1153 2340 Felice,
1196 2272 1460 2344 Eusebio,
1494 2276 1766 2344 Augusto,

127 2366 483 2436 Projecticio,
523 2366 856 2437 Crisogono,
890 2368 1189 2437 Venantio,
1225 2367 1476 2435 Rustico,
1506 2366 1766 2434 Salustio,

132 2460 340 2526 Probo,
370 2460 653 2530 Amando,
685 2460 886 2515 Basilio
908 2465 964 2516 et
985 2461 1265 2516 Florentio
1291 2461 1600 2533 episcopis;
1637 2460 1772 2514 resi-

130 2553 402 2607 dentibus
431 2555 625 2608 etiam.
655 2554 929 2624 Projecto,
960 2554 1215 2621 Martino,
1258 2554 1636 2626 Ephiphanio,
1669 2554 1768 2609 Se-

130 2647 415 2713 bastiano,
465 2647 756 2715 Servodei,
799 2648 1122 2716 Octaviano,
1169 2649 1510 2720 Epiphanio,
1539 2652 1771 2704 Anasta-

127 2742 233 2808 sio,
283 2741 670 2808 Abundantio,
712 2742 1020 2812 Vicomalo,
1050 2742 1313 2810 Paulino,
1345 2742 1590 2808 Juliano,
1622 2743 1768 2796 Mar-

129 2835 294 2901 cello,
312 2836 628 2903 Agathone,
654 2835 977 2900 Benedicto,
1000 2836 1422 2906 Crescentiano,
1446 2835 1766 2905 Paschasio,

128 2929 380 2994 Iuliano,
414 2928 644 2997 Severo,
678 2930 937 2997 Paulino,
967 2930 1284 2997 Adeodato,
1315 2932 1552 2997 Joanne,
1582 2930 1768 2985 Timo-

129 3024 293 3088 theo,
317 3023 638 3088 Laurentio,
665 3023 894 3092 Hilario,
923 3024 1128 3091 Marco,
1157 3024 1460 3096 Stephano,
1483 3024 1767 3091 Binantio,

132 3118 328 3184 Petro,
361 3117 526 3170 Petro
571 3115 903 3187 Crisogono,
940 3117 1173 3172 Littorio
1213 3121 1268 3172 et
1306 3118 1640 3188 Crisogono,
1688 3118 1772 3171 Ti-

132 3211 294 3265 mulo
326 3211 412 3264 vel
442 3210 762 3276 Maximino,
799 3211 1108 3266 Fortunato
1136 3211 1505 3282 presbyteris,
1542 3211 1772 3265 astanti-

130 3305 240 3359 bus
273 3320 500 3376 quoque
530 3303 887 3372 diaconibus,
916 3305 1230 3371 Anastasio,
1259 3305 1572 3375 Hormisda,
1598 3307 1770 3360 Joan-

130 3415 208 3451 ne
267 3401 326 3451 et
377 3397 643 3468 Agapito,
707 3397 1102 3468 Symmachus,
1159 3397 1457 3470 episcopus
1509 3398 1771 3454 Ecclesia

127 3492 294 3546 urbis
327 3492 522 3546 Roma
548 3490 690 3546 dixit
719 3509 732 3544 :

206 3585 356 3639 Bene
382 3585 613 3656 quidem
641 3585 966 3640 fraternitas
993 3590 1177 3642 vestra
1203 3586 1596 3641 ecclesiasticis
1626 3587 1769 3658 legi-

126 3680 243 3734 bus
277 3679 567 3733 obsecuta.
602 3679 715 3735 Sub
753 3678 928 3734 divini
954 3680 1160 3734 timore
1184 3680 1406 3750 judicii,
1449 3697 1577 3752 qua
1607 3685 1776 3736 erant

128 3773 494 3827 instituenda
518 3773 801 3842 difﬁnivit,
837 3777 894 3827 et
913 3773 984 3827 ad
996 3773 1234 3844 justitia
1257 3775 1548 3829 cumulum
1569 3775 1775 3846 perdu-

133 3868 220 3921 xit
250 3867 599 3922 sufficienter
636 3868 774 3921 dum
803 3867 1064 3922 universa
1093 3868 1510 3938 complectitur,
1547 3885 1650 3924 nec
1675 3869 1771 3924 ad-

128 3961 389 4031 jectione
425 3961 641 4032 indiget
665 3961 986 4032 plenitudo,
1016 3962 1262 4018 maxime
1294 3961 1364 4017 de
1389 3962 1604 4018 clericis
1636 3979 1775 4034 quos

124 4071 294 4109 amor
315 4055 695 4109 damnationis
712 4055 940 4122 invasit,
965 4061 1021 4111 et
1033 4056 1242 4126 jugum
1265 4056 1576 4128 disciplina
1598 4058 1776 4113 eccle-

127 4150 381 4204 siastica
402 4149 537 4203 fecit
556 4165 849 4220 respuere,
873 4165 1016 4220 quos
1035 4156 1340 4221 propterea
1355 4151 1599 4205 schisma
1618 4151 1776 4208 fecis-

132 4261 195 4298 se
223 4241 381 4314 apud
407 4260 503 4297 vos
530 4243 802 4312 constitit,
838 4244 1044 4314 quibus
1088 4244 1540 4299 misericordiam
1575 4250 1773 4302 tamen

132 4354 313 4410 quam
345 4338 493 4391 Deus
533 4338 765 4393 mandat
800 4337 1079 4393 universis
1113 4338 1389 4410 impendi,
1429 4344 1495 4394 ut
1525 4340 1777 4410 oportuit

131 4449 254 4486 non
285 4432 553 4501 negastis,
583 4431 628 4485 si
656 4431 865 4486 duritia
885 4433 1070 4487 cordis
1101 4448 1298 4487 eorum
1320 4449 1435 4488 non
1456 4432 1561 4488 sibi
1577 4433 1772 4505 acqui-

133 4531 226 4580 rat
255 4541 491 4596 poenam
523 4525 659 4580 dum
678 4526 997 4580 contemnit
1017 4526 1203 4581 oblata
1227 4525 1498 4582 remedia.
1524 4528 1776 4591 Quorum

1791 3259 1846 3333 Ο

1873 1999 2036 2067 geret
2059 1998 2425 2067 potestatem,
2458 1995 2609 2066 quod
2637 1997 2833 2048 contra
2869 2010 3119 2048 canones
3158 2009 3278 2048 esse
3322 1993 3504 2046 mani-

1871 2091 2079 2144 festum
2123 2091 2226 2144 est.
2267 2091 2409 2143 Item
2451 2087 2751 2144 Hormisda
2776 2087 3050 2142 diaconus
3077 2086 3236 2157 legit,
3272 2102 3345 2141 ne
3372 2084 3509 2158 quid

1871 2183 2218 2239 confusionis
2247 2186 2420 2254 atque
2442 2182 2730 2255 dispendii
2766 2180 3103 2236 venerabilis
3135 2180 3384 2236 Ecclesia
3413 2195 3505 2234 su-

1871 2278 2136 2344 stineret,
2188 2277 2472 2331 miramur
2526 2274 2924 2348 pratermissis
2973 2274 3139 2329 nobis
3190 2273 3508 2345 quidquam

1869 2371 2042 2426 fuisse
2098 2374 2380 2425 tentatum
2430 2387 2559 2425 cum
2614 2369 2906 2424 sacerdote
2952 2372 3148 2423 nostro
3202 2367 3506 2438 superstite

1870 2464 2013 2519 nihil
2043 2464 2328 2519 debuisset
2356 2480 2670 2519 assumere.
2705 2462 2890 2528 Quare
2929 2461 2973 2516 si
3020 2461 3386 2532 amplitudini
3412 2477 3507 2516 ve-

1870 2566 1998 2614 stra
2042 2560 2128 2614 vel
2173 2559 2461 2613 sanctitati
2503 2555 3024 2629 placetincolumia
3061 2555 3254 2610 omnia
3279 2571 3408 2626 qua
3437 2553 3510 2609 ad

1869 2653 2046 2708 futuri
2073 2652 2342 2708 antistitis
2370 2651 2707 2706 electionem
2743 2649 3080 2721 respiciunt,
3107 2648 3377 2721 religiosa
3401 2648 3508 2703 ho-

1871 2747 2166 2802 noratione
2198 2761 2507 2801 servemus.
2541 2747 2693 2800 Hanc
2723 2745 2914 2815 legem
2954 2741 3276 2814 specialiter
3302 2742 3502 2814 prafe-

1871 2845 2083 2912 rentes,
2107 2857 2282 2912 quam
2302 2839 2469 2895 nobis
2487 2838 2809 2894 haredibus
2830 2855 2935 2909 pro
2953 2837 3162 2892 nostris
3177 2835 3509 2892 Christiana

1870 2936 2079 2990 mentis
2123 2934 2424 2989 devotione
2469 2933 2778 3001 sancimus,
2811 2949 2883 2986 ne
2911 2947 3172 3002 unquam
3204 2930 3505 3002 pradium,

1869 3047 1968 3084 seu
1998 3029 2270 3083 rusticum
2297 3027 2412 3082 sive
2440 3027 2745 3094 urbanum,
2768 3025 2855 3082 vel
2889 3028 3255 3092 ornamenta,
3284 3028 3383 3080 aut
3406 3024 3512 3079 mi-

1869 3123 2101 3179 nisteria
2129 3122 2519 3190 ecclesiarum,
2552 3137 2681 3193 qua
2714 3136 2866 3174 nunc
2902 3125 3037 3175 sunt
3061 3119 3148 3174 vel
3175 3135 3244 3174 ex
3271 3118 3503 3191 quibus-

1873 3213 2007 3268 libet
2046 3212 2222 3266 titulis
2260 3211 2331 3266 ad
2361 3210 2731 3266 ecclesiarum
2751 3209 2885 3280 jura
2911 3214 3320 3280 pervenerunt,
3344 3208 3415 3264 ab
3440 3224 3507 3264 eo

1873 3306 1969 3378 qui
1994 3323 2145 3360 nunc
2169 3305 2404 3360 antistes
2427 3304 2530 3358 sub
2553 3303 2831 3358 electione
2849 3302 3144 3358 communi
3163 3301 3338 3357 fuerit
3357 3302 3510 3357 ordi-

1873 3401 2096 3455 nandus
2123 3405 2178 3454 et
2204 3399 2316 3453 illis
2345 3398 2442 3470 qui
2471 3397 2678 3452 futuris
2722 3395 2946 3451 saculis
2977 3401 3321 3468 sequentur,
3366 3411 3507 3467 quo-

1873 3510 2096 3566 cunque
2144 3492 2308 3548 titulo
2351 3497 2522 3563 atque
2571 3494 2893 3546 commento
2945 3489 3200 3545 alienare
3241 3488 3507 3560 voluerit,

1872 3588 2136 3643 inefficax
2180 3593 2351 3658 atque
2399 3586 2625 3641 irritum
2657 3584 2971 3656 judicetur,
3017 3583 3204 3655 sitque
3247 3583 3506 3652 facienti,

1875 3681 2270 3747 consentienti,
2300 3679 2716 3752 accipientique
2741 3678 3064 3733 anathema.
3088 3677 3365 3733 Maximus
3386 3678 3510 3750 epi-

1875 3793 2076 3848 scopus
2104 3776 2365 3831 Pledana
2411 3773 2673 3829 Ecclesia
2703 3772 2844 3828 dixit
2874 3789 2888 3827 :
2919 3771 3081 3827 Modo
3115 3776 3305 3826 sancta
3342 3787 3510 3843 syno-

1876 3870 1982 3924 dus
2011 3870 2282 3942 dignetur
2305 3869 2552 3937 edicere,
2580 3867 2738 3922 licuit
2760 3867 2903 3922 laico
2939 3865 3158 3920 homini
3203 3865 3513 3921 anathema

1875 3965 1934 4020 in
1967 3964 2165 4019 ordine
2207 3961 2584 4019 ecclesiastico
2625 3961 2861 4029 dictare,
2898 3962 2996 4014 aut
3033 3960 3079 4014 si
3124 3959 3310 4031 potuit
3334 3959 3512 4015 laicus

1875 4058 2151 4114 sacerdoti
2193 4058 2498 4113 anathema
2540 4056 2749 4125 dicere,
2783 4058 2842 4110 et
2867 4059 3065 4110 contra
3089 4070 3332 4109 canones
3361 4054 3512 4126 quod

1876 4153 1925 4209 ei
1971 4170 2086 4208 non
2123 4151 2486 4223 competebat
2529 4150 2895 4205 constituere.
2953 4147 3124 4204 Dicite
3177 4147 3344 4203 nobis
3373 4145 3513 4220 quid

1875 4247 2103 4301 videtur
2129 4247 2199 4302 de
2230 4262 2321 4300 me
2349 4244 2507 4300 licuit
2530 4244 2672 4300 laico
2705 4245 2894 4316 legem
2921 4242 3079 4298 dare.
3111 4241 3321 4298 Sancta
3348 4258 3514 4314 syno-

1874 4342 1982 4397 dus
2027 4340 2188 4410 dixit,
2237 4356 2355 4395 non
2405 4339 2587 4394 licuit.
2642 4339 2709 4394 Et
2748 4337 2976 4409 adjecit,
3019 4335 3146 4408 lege
3193 4335 3511 4408 sequentia.

1875 4434 2174 4490 Hormisda
2203 4434 2476 4489 diaconus
2502 4433 2658 4505 legit.
2689 4434 2759 4488 Et
2783 4432 2872 4487 his
2905 4429 3002 4503 qui
3029 4430 3312 4502 pradium
3341 4429 3510 4485 rusti-

1875 4545 2007 4584 cum
2030 4529 2116 4582 vel
2157 4527 2440 4582 urbanum
2475 4526 2624 4597 juris
2661 4523 3019 4580 ecclesiastici
3046 4522 3219 4578 fuerit
3241 4538 3512 4578 consecu-

131 4636 404 4675 excessus
443 4618 516 4673 ad
562 4620 945 4674 enarrandum
981 4620 1211 4674 difficile
1244 4625 1348 4688 est,
1379 4637 1557 4676 unum
1586 4627 1776 4677 tamen
1797 4634 1856 4708 D
1877 4629 1989 4690 tus,
2015 4621 2236 4677 noverit
2257 4637 2313 4676 se
2331 4620 2627 4690 nullalege
2645 4619 2729 4674 vel
2751 4618 3181 4690 prascriptione
3198 4616 3510 4682 munitum,

130 4714 291 4786 quod
326 4714 571 4767 occurrit
600 4714 920 4768 venerando
947 4714 1130 4768 ordini
1158 4718 1344 4769 vestro
1371 4715 1638 4770 intimare
1661 4733 1776 4771 non

130 4808 370 4862 differo.
401 4808 680 4862 Dixerunt
707 4808 861 4861 inter
884 4808 995 4862 alia
1018 4808 1356 4879 scripturam
1374 4809 1688 4881 quamdam
1709 4811 1780 4866 il-

129 4902 341 4956 lustris
390 4901 684 4956 memoria
724 4901 989 4956 Basilium
1026 4902 1188 4973 quasi
1228 4919 1336 4974 per
1388 4905 1778 4959 ecclesiastica

130 5011 347 5050 amore
395 4994 721 5048 substantia
766 4994 1186 5065 conscripsisse,
1217 4995 1275 5049 in
1305 5012 1417 5066 qua
1443 4997 1632 5051 nullus
1663 4999 1776 5052 Ro-

129 5105 333 5144 manae
356 5088 615 5142 Ecclesia
636 5104 741 5143 nec
766 5088 1044 5156 interfuit,
1073 5105 1177 5143 nec
1198 5089 1528 5161 subscripsit
1546 5091 1781 5146 antistes

130 5199 248 5255 per
273 5198 452 5254 quem
477 5183 758 5253 potuisset
777 5182 964 5237 sortiri
988 5183 1310 5254 legitimam
1327 5183 1680 5240 firmitatem.
1703 5186 1782 5240 Ne

129 5293 250 5348 ego
299 5276 436 5330 inde
480 5277 788 5346 disputem,
826 5276 982 5331 unde
1021 5280 1207 5349 potest
1248 5280 1497 5333 vestrum
1529 5279 1783 5348 judicare

131 5369 458 5426 concilium
499 5370 828 5441 requiratur
871 5374 928 5424 et
971 5368 1264 5426 deferatur
1305 5371 1365 5426 in
1417 5372 1693 5441 medium,
1723 5379 1785 5428 ut

131 5465 401 5520 lectione
420 5463 745 5536 agnoscatis
762 5464 1082 5535 cujusmodi
1098 5465 1277 5537 possit
1292 5465 1501 5522 habere
1516 5472 1782 5523 constan-

129 5561 310 5614 tiam.
348 5557 554 5615 Sancta
582 5558 832 5628 synodus
861 5559 1161 5630 respondit
1197 5576 1210 5614 :
1244 5561 1544 5615 Deferatur
1575 5561 1634 5616 in
1672 5579 1787 5617 me-

131 5653 331 5721 dium,
360 5656 422 5706 ut
442 5652 762 5723 cujusmodi
789 5652 862 5708 sit
881 5653 1061 5725 possit
1086 5654 1342 5725 agnosci.
1375 5655 1442 5710 Et
1473 5655 1611 5710 dum
1643 5655 1789 5712 dice-

129 5754 227 5804 ret
255 5745 564 5803 Hormisda
597 5745 870 5803 diaconus
898 5748 1175 5804 recitavit.

209 5843 364 5898 Cum
415 5842 476 5896 in
523 5857 706 5897 unum
744 5843 895 5914 apud
937 5841 1174 5899 beatum
1201 5843 1434 5899 Petrum
1461 5845 1786 5916 apostolum

132 5936 475 6005 resedisset,
504 5935 757 5992 sublimis
782 5941 835 5992 et
864 5937 1347 5993 eminentissimus
1378 5939 1463 5993 vir
1488 5939 1791 6012 prafectus

1879 4716 1980 4771 sed
2004 4716 2118 4770 sive
2150 4715 2198 4769 is
2226 4713 2323 4786 qui
2369 4712 2718 4780 alienaverit,
2749 4713 2864 4767 sive
2895 4728 3026 4766 eum
3058 4709 3156 4781 qui
3184 4710 3515 4781 frequenter

1879 4810 2236 4866 etvoluntate
2256 4807 2535 4863 contraria
2555 4805 2836 4878 pradium
2859 4801 3191 4876 hujusmodi
3203 4801 3515 4859 alienatum

1879 4920 2142 4960 revocare
2173 4901 2497 4970 tentaverit,
2526 4900 2582 4956 id
2622 4915 2754 4954 cum
2792 4898 3070 4954 fructibus
3101 4897 3384 4967 restituat,
3415 4897 3514 4970 qui

1879 4998 2020 5054 illud
2062 4996 2234 5052 fuerit
2275 4997 2633 5051 consecutus.
2672 4994 2741 5048 Et
2771 5008 2904 5048 cum
2943 4993 3163 5063 legeret
3191 4991 3516 5064 Stephanus

1881 5092 2182 5164 episcopus
2208 5090 2526 5145 Venusinus
2559 5087 2815 5143 Ecclesia
2856 5102 3117 5158 surgens,
3168 5103 3198 5142 e
3228 5101 3513 5155 consessu,

1882 5187 2043 5255 dixit,
2084 5185 2434 5258 perlegatur.
2473 5182 2770 5238 Hormisda
2809 5181 3080 5238 diaconus
3119 5181 3261 5252 legit
3291 5196 3304 5236 :
3331 5181 3512 5244 Quam

1884 5281 2062 5337 etiam
2099 5295 2328 5351 poenam
2366 5277 2578 5350 placuit
2619 5275 2951 5349 accipientis
2994 5274 3251 5331 haredes
3287 5272 3510 5344 proha-

1885 5376 2163 5446 redesque
2214 5373 2514 5445 respicere,
2564 5371 2623 5427 in
2665 5387 2777 5442 qua
2817 5388 2880 5426 re
2914 5368 3147 5425 cuilibet
3175 5365 3514 5421 clericorum

1885 5467 2311 5525 contradicendi
2346 5467 2528 5522 libera
2556 5465 2627 5520 sit
2651 5466 2916 5534 facultas;
2949 5463 3213 5533 iniquum
3250 5464 3335 5514 est
3359 5459 3518 5514 enim

1887 5568 1947 5619 et
1983 5562 2261 5634 sacrilegii
2298 5561 2498 5632 instar,
2551 5565 2612 5615 ut
2641 5576 2771 5632 qua
2800 5558 2885 5614 vel
2916 5573 3019 5627 pro
3043 5555 3244 5622 salute,
3297 5554 3381 5608 vel
3413 5569 3518 5625 pro

1888 5657 2086 5730 requie
2124 5656 2447 5712 animarum
2497 5670 2727 5709 suarum
2777 5647 3167 5721 unusquisque
3214 5646 3522 5704 venerabili

1887 5749 2147 5806 Ecclesia
2180 5765 2500 5822 pauperum
2533 5763 2701 5804 causa
2735 5742 3064 5812 contulerit,
3106 5745 3207 5796 aut
3241 5745 3395 5798 certe
3426 5757 3519 5798 re-

1887 5844 2141 5918 liquerit,
2169 5843 2240 5899 ab
2267 5842 2356 5897 his
2391 5859 2534 5914 quos
2561 5841 2812 5896 maxime
2839 5852 3066 5892 servare
3092 5842 3439 5892 convenerat
3463 5836 3524 5892 in

1892 5939 2239 5995 alienitatem
2299 5935 2730 5991 transferantur.
2807 5931 2976 5986 Plane
3045 5945 3402 6004 quacunque
3468 5931 3531 5989 in
