4062 6188
615 344 716 397 999

1491 337 1777 392 APPEND.
1819 337 1908 392 AD
1947 337 2111 393 SxEC.
2152 338 2241 391 1X.
2271 366 2338 376 —
2376 335 2614 392 ISIDORI
2651 331 3080 392 MERCATORIS

3752 342 3845 393 1000

615 447 852 521 gemmis
897 463 1037 501 auro
1078 446 1164 501 vel
1192 447 1450 518 argento,
1491 463 1715 501 necnon
1753 449 1811 501 et
1842 447 2092 501 vestibus
2122 446 2232 500 mi-
2262 446 2490 534 Aquod
2528 445 2670 500 mihi
2710 448 2843 499 esta
2885 445 2996 497 Deo
3040 441 3143 496 sub
3175 439 3520 511 dispositione
3544 443 3842 510 commissum,

615 559 722 595 nus
749 543 879 612 apta
921 541 1117 594 usibus
1163 541 1248 593 vel
1294 539 1522 594 ornatui
1566 539 1819 594 ecclesiae
1877 540 2244 606 videbuntur,

615 651 740 706 qua:
771 634 985 688 servari
1015 650 1077 687 ac
1107 634 1204 687 diu
1234 649 1472 687 manere
1514 650 1631 687 non
1673 637 1932 704 possunt,
1973 634 2077 688 sub
2099 634 2252 704 justa

618 729 993 782 mstimatione
1017 727 1359 792 vendantur,
1379 731 1434 781 et
1455 727 1778 796 erogationi
1807 727 2085 798 religiosas
2114 743 2248 797 pro-

617 823 829 876 ficiant.
875 824 1131 892 Cumque
1156 822 1299 875 lecta
1326 821 1570 874 fuissent
1597 821 1960 889 Laurentius,
1992 821 2252 875 Mediola-

620 917 810 970 nensis
836 915 1097 970 Eeclesize
1131 915 1449 986 episcopus,
1484 914 1644 969 dixit.
1680 917 1786 969 Ista
1817 915 2096 985 scriptura
2124 915 2251 968 nul-

621 1010 739 1063 lum
772 1010 1044 1064 Romanae
1089 1008 1326 1061 civitatis
1375 1007 1563 1078 potuit
1609 1007 1862 1077 obligare
1901 1008 2253 1078 pontiﬁcem,

622 1104 754 1174 quia
785 1119 899 1156 non
927 1101 1085 1156 licuit
1113 1101 1254 1155 laico
1286 1101 1553 1154 statuenti
1580 1101 1637 1154 in
1670 1101 1912 1155 Ecclesia
1933 1107 2143 1171 praeter
2162 1117 2257 1172 pa-

625 1213 759 1267 pam
808 1198 1125 1250 Romanum
1173 1194 1379 1248 habere
1433 1195 1688 1265 aliquam
1741 1198 2109 1264 potestatem,
2169 1193 2258 1248 cui

623 1289 978 1361 obsequendi
1011 1293 1206 1343 manet
1233 1288 1558 1357 necessitas,
1590 1305 1704 1342 non
1734 1288 2037 1342 auctoritas
2064 1289 2252 1359 impe-

625 1385 806 1451 randi,
839 1382 1084 1438 maxime
1115 1399 1250 1436 cum
1282 1399 1385 1436 nec
1417 1399 1562 1452 papa
1595 1383 1885 1436 Romanus
1917 1382 2260 1453 subscripse-

627 1480 720 1548 rit,
752 1495 858 1532 nec
903 1477 1140 1547 alicujus
1178 1476 1491 1530 secundum
1537 1493 1787 1530 canones
1833 1475 2260 1546 metropolitani

625 1588 884 1628 assensus
926 1573 1170 1642 legatur.
1220 1572 1417 1624 Petrus
1462 1570 1758 1640 episcopus
1798 1570 2140 1624 Ravennatis
2168 1570 2262 1622 Ec-

628 1667 810 1722 clesiae
850 1665 1009 1720 dixit.
1055 1664 1406 1734 Scripturam
1454 1680 1582 1734 quae
1626 1663 1686 1717 in
1728 1669 1918 1718 nostra
1941 1680 2260 1734 congrega-

628 1761 782 1816 tione
814 1760 1039 1829 vulgata
1065 1761 1169 1824 est,
1200 1757 1373 1812 nullis
1400 1757 1573 1812 etiam
1601 1757 1813 1811 viribus
1845 1757 2110 1811 sustineri
2139 1773 2258 1811 ma-

632 1853 904 1908 nifestum
957 1857 1058 1919 est,
1117 1851 1253 1922 quia
1299 1866 1403 1904 nec
1455 1850 1770 1904 canonibus
1815 1851 2081 1904 convenit
2131 1852 2186 1904 et
2231 1832 2340 1905 aB

629 1947 810 2002 laicali
841 1948 1112 2015 concepta
1139 1961 1382 2016 persona
1407 1945 1647 2011 videtur,
1679 1943 1922 1998 maxime
1953 1943 2084 2014 quia
2110 1943 2169 1998 in
2196 1959 2265 1997 ea

633 2042 820 2096 nullus
863 2041 1069 2111 praesul
1112 2039 1262 2092 sedis
1306 2038 1627 2108 apostolicae
1654 2037 1998 2107 interfuisse,
2029 2037 2115 2092 vel
2140 2053 2270 2108 pro-

633 2136 754 2206 pria
806 2132 1221 2204 subscriptione
1280 2132 1534 2186 ﬁrmasse
1593 2135 1964 2186 monstratur.
2020 2131 2267 2185 Eulalius

634 2229 934 2300 episcopus
963 2227 1313 2282 Siracusanae
1333 2225 1592 2280 Ecclesia:
1619 2225 1760 2280 dixit
1788 2242 1800 2279 :
1830 2225 2118 2295 Scriptura
2139 2241 2268 2295 quas

631 2323 692 2376 in
747 2321 1084 2376 sacerdotali
1137 2320 1379 2374 concilio
1426 2319 1664 2373 recitata
1710 2324 1794 2374 est
1835 2317 2270 2372 evidentissimis

635 2415 996 2470 documentis
1042 2419 1258 2469 constat
1301 2414 1564 2468 invalida.
1605 2413 1863 2468 Primum
1891 2412 2046 2484 quod
2073 2415 2272 2466 contra

633 2512 863 2566 Patrum
896 2509 1125 2580 regulas
1167 2526 1198 2561 a
1243 2508 1407 2562 laicis
1451 2507 1712 2580 quamvis
1755 2506 2039 2578 religiosis
2065 2506 2272 2578 quibus

635 2605 794 2659 nulla
833 2605 900 2659 de
956 2602 1350 2657 ecclesiasticis
1405 2601 1770 2656 facultatibus
1817 2600 2033 2671 aliquid
2081 2599 2270 2670 dispo-

639 2699 812 2754 nendi
866 2698 1075 2768 legitur
1131 2713 1389 2768 unquam
1447 2695 1719 2750 attributa
1777 2694 2012 2748 facultas
2067 2692 2273 2747 factam

637 2792 884 2847 videtur.
940 2789 1156 2845 Deinde
1195 2789 1350 2862 quod
1387 2789 1597 2844 nullius
1647 2788 1906 2860 praesulis
1945 2787 2274 2858 apostolica:

637 2885 786 2940 sedis
810 2883 1228 2954 subscriptione
1253 2883 1475 2937 ﬁrmata
1513 2883 1769 2936 docetur.
1804 2881 1964 2946 Quod
2003 2881 2048 2935 si
2085 2881 2272 2951 cujus-

638 2979 782 3034 libet
807 2977 1111 3050 provinciae
1133 2977 1388 3032 sacerdos
1407 2976 1554 3030 intra
1575 2993 1706 3030 suos
1733 2976 2011 3031 terminos
2035 2975 2275 3030 concilio

640 3071 853 3140 habito,
885 3070 1162 3143 quidquid
1205 3070 1324 3124 sine
1365 3070 1794 3142 metropolitani
1822 3071 1976 3124 suive
2012 3069 2278 3124 antistitis

642 3166 978 3222 auctoritate
999 3169 1236 3220 testatus
1260 3164 1430 3219 fuerit
1457 3164 1681 3218 irritum
1709 3180 1828 3219 esse
1857 3163 2062 3219 debere
2086 3165 2276 3218 Patres

642 3261 818 3316 sancti
861 3265 1188 3329 sanxerunt,
1239 3262 1454 3330 quanto
1484 3259 1674 3329 magis
1701 3259 1851 3329 quod
1880 3259 1937 3312 in
1965 3257 2277 3329 apostolica

641 3355 777 3412 sede
819 3371 934 3409 non
977 3353 1260 3408 existente
1292 3353 1534 3423 praesule
1564 3351 1662 3423 qui
1699 3369 1801 3423 per
1838 3351 2277 3423 prmrogativam

643 3449 834 3504 meriti
879 3448 1029 3504 beati
1068 3447 1220 3501 Petri
1269 3446 1514 3517 apostoli
1552 3463 1654 3517 per
1702 3446 2027 3500 universum
2077 3445 2275 3500 orbem

645 3545 954 3616 primatum
999 3541 1260 3596 obtinens
1307 3539 1610 3594 sacerdotii
1654 3540 1877 3594 statutis
1913 3539 2278 3610 synodalibus

645 3636 937 3692 consuevit
961 3635 1212 3690 tribuere
1237 3634 1573 3689 ﬁrmitatem
1617 3651 1650 3688 a
1685 3633 1839 3688 laicis
1882 3633 1993 3687 illis
2036 3650 2274 3687 consen-

645 3731 916 3788 tientibus
947 3730 1252 3801 aliquantis
1279 3728 1578 3800 episcopis,
1608 3727 1706 3800 qui
1759 3731 1949 3782 tamen
1988 3727 2278 3799 pontiﬁcio

649 3843 762 3898 quo
801 3823 1115 3880 consecrari
1151 3823 1469 3894 probantur
1499 3821 1894 3893 prtejudicium
1918 3821 2134 3876 inferre
2166 3837 2279 3876 non

646 3923 958 3994 potuerunt
983 3919 1397 3990 przesumptum
1435 3915 1607 3970 fuisse
1648 3915 2030 3987 cognoscitur,
2067 3915 2282 3970 viribus

649 4031 839 4071 carere
866 4031 982 4068 non
1015 4011 1254 4067 dubium
1281 4014 1386 4077 est,
1414 4027 1518 4064 nec
1542 4026 1704 4082 posse
1731 4009 1882 4064 inter
1907 4009 2282 4065 ecclesiastica

649 4110 768 4165 ullo
801 4108 977 4164 modo
1003 4110 1216 4161 statuta
1243 4105 1457 4159 censeri
1482 4105 1509 4159 ?

724 4204 934 4258 Sancta
976 4199 1226 4271 synodus
1277 4197 1440 4265 dixit,
1481 4197 1613 4252 licet
1649 4197 1962 4252 secundum
2006 4214 2281 4270 prosecu-

651 4297 835 4350 tiones
885 4291 1299 4348 venerabilium
1347 4290 1588 4346 fratrum
1615 4295 1944 4346 nostrorum
1971 4291 2282 4361 Laurentii,

653 4388 824 4456 Petri,
865 4386 1080 4455 Eulalii,
1120 4384 1423 4453 Cresconii,
1462 4384 1709 4451 Maximi,
1741 4385 1828 4439 vel
1854 4385 2148 4456 Stephani,
2180 4403 2285 4440 nec

652 4483 808 4557 apud
840 4499 942 4538 nos
964 4481 1247 4536 incertum
1284 4478 1530 4534 habetur
1555 4479 1699 4533 hanc
1729 4479 1914 4550 ipsam
1944 4479 2284 4551 scripturam

2295 3207 2350 3282 C

2351 542 2448 596 sed
2480 541 2651 595 etiam
2681 538 3026 611 quibuslibet
3054 535 3353 590 Dominum
3383 534 3665 588 timentibus
3687 544 3848 605 gratum

2351 652 2468 690 esse
2496 635 2718 698 debeat,
2748 639 2804 688 et
2823 633 2890 686 ad
2924 628 3278 685 ecclesiastici
3305 627 3580 681 custodiam
3607 629 3849 698 patrimonii

2351 731 2658 800 pertinere.
2677 729 2881 782 Sancta
2896 724 3147 796 synodus
3167 721 3304 776 dixit
3326 737 3338 775 :
3357 720 3551 774 Scimus
3564 722 3848 791 provisionem

2351 830 2512 878 tuam
2543 820 2876 876 necessariis
2897 817 3146 882 studere,
3179 819 3234 868 et
3261 815 3384 868 ideo
3400 814 3455 867 in
3476 818 3632 867 vestra
3651 821 3714 867 est
3731 820 3851 884 poles-

2352 923 2469 971 tate
2523 915 2818 986 sequenda
2875 912 3201 981 disponere.
3257 907 3598 978 Symmachus
3641 907 3850 977 episcopus

2358 1009 2612 1066 Ecclesiaa
2633 1006 2923 1062 catholicae
2939 1003 3097 1059 urbis
3124 1003 3316 1056 Romae
3336 999 3496 1054 dixit:
3517 1001 3680 1071 Magna
3693 1001 3848 1070 quidem

2356 1103 2676 1160 veneranda
2705 1107 2761 1155 et
2789 1098 3119 1154 sacerdotali
3148 1095 3386 1150 debetur
3410 1110 3530 1148 cura
3555 1094 3778 1164 proposito
3796 1094 3851 1146 cui

2357 1197 2623 1252 imminet
2640 1197 2708 1250 de
2739 1193 2922 1248 studio
2949 1209 3076 1263 quae
3099 1193 3256 1244 recta
3276 1194 3403 1243 sunt
3425 1205 3530 1242 non
3544 1187 3602 1242 de
3620 1187 3852 1240 necessitate

2359 1293 2676 1362 disponere.
2711 1288 2825 1343 Sed
2856 1285 3127 1358 quoniam
3155 1284 3212 1338 in
3241 1281 3526 1353 aliquibus,
3555 1281 3604 1334 in
3626 1280 3767 1333 aliena
3786 1295 3849 1348 po-

2361 1384 2694 1439 stulantibus
2720 1381 2988 1436 vitiorum
3009 1383 3194 1433 mater
3217 1375 3442 1430 avaritia
3463 1373 3724 1446 repudiatis
3739 1373 3852 1425 hone-

2361 1480 2516 1534 statis
2545 1476 2854 1548 repagulis,
2890 1479 3075 1528 totum
3107 1476 3273 1543 putat
3301 1468 3550 1540 expedire
3572 1465 3804 1538 quodlibet,
3823 1472 3856 1516 et

2363 1574 2440 1628 ita
2471 1572 2610 1626 dum
2659 1569 2853 1642 praeda
2899 1567 3086 1622 inhiat
3124 1563 3402 1636 patientia
3443 1575 3670 1632 superna:
3705 1558 3855 1628 pietatis

2363 1666 2618 1721 abutitur
2651 1660 3108 1734 exspectantibus
3147 1657 3544 1712 correctionem
3580 1652 3692 1707 coelo
3725 1649 3853 1703 mode.

2363 1766 2528 1814 rante
2548 1757 2776 1830 judiciis
2803 1773 2861 1810 se
2888 1753 3210 1809 existimant
3239 1768 3351 1805 non
3381 1749 3570 1817 teneri,
3597 1763 3699 1801 cum
3721 1745 3857 1797 clarum

2365 1855 2436 1909 sit
2460 1853 2608 1925 quod
2636 1851 2788 1923 apud
2814 1854 2993 1905 certos
3023 1848 3082 1901 in
3113 1846 3465 1901 occasionem
3500 1839 3711 1912 rapiendi
3729 1852 3855 1908 proce-

2367 1949 2462 2002 dat
2488 1947 2692 2001 divinaa
2723 1961 2888 1999 mora
2917 1942 3236 1998 sententiae.
3265 1937 3374 1994 Sed
3403 1936 3552 1991 nobis
3570 1950 3683 2004 quos
3700 1936 3858 2002 pastora-

2368 2043 2432 2096 lis
2461 2057 2595 2096 cura
2631 2045 2686 2095 et
2721 2035 3116 2092 ecclesiasticae.
3147 2031 3412 2102 astringit
3439 2046 3534 2101 pro
3559 2023 3859 2098 dispensatione

2367 2136 2579 2192 credita
2602 2132 2748 2187 ratio
2777 2129 3066 2186 reddenda
3095 2126 3422 2182 substantias
3445 2139 3573 2194 opus
3596 2123 3679 2183 est,
3703 2123 3748 2171 ut
3767 2114 3859 2168 solli-

2369 2230 2676 2285 citudinem
2718 2229 2975 2280 nostram
3016 2239 3133 2277 non
3178 2220 3362 2276 solum
3407 2217 3476 2272 ad
3519 2211 3773 2288 praesentia,
3803 2206 3861 2260 sed

2371 2324 2546 2379 etiam
2569 2322 2640 2377 ad
2665 2324 2929 2375 secutura
2955 2316 3160 2372 saecula
3185 2314 3556 2386 porrigamus,
3581 2324 3642 2362 ne
3661 2305 3714 2359 ad
3734 2301 3865 2356 anime

2373 2422 2579 2472 nostras
2618 2413 2961 2468 detrimenta
2999 2409 3324 2480 contingat;
3369 2405 3462 2460 sed
3516 2403 3570 2457 hi
3609 2399 3688 2472 qui
3714 2396 3865 2467 possunt

2372 2509 2596 2566 statutis
2616 2508 2821 2563 debere
2848 2503 3230 2560 innocentiam
3253 2500 3635 2573 prassumentes
3655 2493 3708 2546 de
3719 2489 3865 2543 liberta-

2372 2612 2427 2660 te
2451 2604 2834 2674 deliquerant,
2881 2615 3011 2654 cum
3060 2595 3332 2667 religiosa
3378 2591 3580 2666 possint
3612 2591 3659 2642 et
3680 2583 3869 2674 nostraet

2372 2673 2708 2754 successoris
2734 2694 2912 2749 nostri
2941 2695 3219 2765 potestate
3253 2687 3458 2753 fulciri,
3486 2683 3674 2756 legibus
3695 2673 3867 2733 ecclesia.

2374 2793 2524 2849 sticis
2548 2790 2878 2846 servientes.

2445 2887 2540 2942 His
2587 2901 2725 2956 ergo
2769 2880 3060 2955 perpensis
3083 2894 3362 2935 mansuro
3406 2890 3528 2930 cum
3551 2870 3638 2926 Dei
3673 2863 3801 2921 nostri
3819 2859 3871 2913 di-

2376 2982 2504 3036 vina
2533 2977 2986 3035 consideratione
3010 2975 3258 3040 decreto,
3289 2969 3567 3026 sanximus
3588 2967 3643 3019 ut
3665 2957 3770 3014 nulli
3789 2969 3873 3025 apo'

2375 3075 2586 3131 stolicaa
2607 3072 2752 3128 sedis
2773 3070 3000 3142 praesuli
3021 3086 3054 3123 a
3075 3066 3344 3140 praesenti
3363 3064 3451 3120 die
3465 3062 3623 3117 donec
3641 3051 3874 3146 disponente

2377 3170 2618 3226 Domino
2643 3165 2937 3222 catholicae
2965 3163 3099 3218 ﬁdei
3127 3159 3408 3216 manserit
3427 3153 3656 3212 doctrina
3670 3146 3875 3204 Salvatons

2375 3266 2542 3321 liceat
2583 3261 2865 3334 praedium
2907 3257 3182 3314 rusticum
3231 3257 3664 3326 quantaecunque
3687 3238 3809 3296 fuerit
3825 3232 3874 3283 vel

2376 3355 2791 3430 magnitudinis
2819 3355 2904 3408 vel
2931 3349 3274 3423 exiguitatis,
3309 3348 3413 3402 sub
3437 3340 3730 3400 alienatione
3749 3341 3875 3430 ptft‘e'

2376 3424 2585 3507 tua'vel
2615 3446 3062 3504 commutatione
3101 3443 3170 3498 ad
3197 3441 3501 3514 cujuslibet
3515 3439 3635 3509 jura
3655 3424 3875 3486 transferre-

2378 3548 2487 3601 Nec
2547 3544 2884 3615 cujusquam
2948 3543 3287 3595 excusentur
3349 3528 3664 3589 necessitatis
3707 3519 3878 3576 obtentu:

2377 3641 2593 3712 quippe
2638 3653 2769 3693 cum
2810 3652 2925 3690 non
2952 3634 3025 3688 sit
3048 3631 3350 3704 personale
3377 3625 3527 3700 quod
3550 3618 3878 3710 loquimur,.nec

2381 3733 2584 3805 aliquis
2628 3730 2967 3787 clericorum
3009 3727 3099 3784 vel
3134 3726 3417 3780 laicorum
3459 3719 3556 3775 sub
3578 3717 3667 3771 hac
3686 3712 3880 3805 occasione

2378 3831 2604 3898 accepta
2641 3829 2888 3892 tueatur,
2933 3822 3032 3877 sed
3070 3837 3174 3876 nec
3216 3820 3277 3874 in
3324 3833 3426 3872 usu
3463 3805 3728 3868 fructuario
3755 3799 3882 3898 alia“?

2381 3923 2486 3977 bus
2529 3920 2666 3994 dare
2711 3918 2900 3985 liceat,
2945 3932 3052 3970 nec
3095 3914 3228 3969 data
3261 3912 3507 3968 retinere
3537 3905 3715 3979 prater
3734 3893 3882 3994 clericos

2382 4021 2438 4072 et
2465 3991 2712 4086 captivos
2741 4017 2798 4067 et
2832 4009 3187 4082 peregrinos,
3220 4022 3328 4062 nec
3358 4004 3506 4060 male
3528 3991 3803 4086 tractationis
3815 3995 3882 4034 ml-

2383 4084 2656 4165 nistretur
2679 4106 2894 4161 occasio
2921 4121 3054 4159 cum
3076 4101 3419 4157 liberalitate
3444 4095 3522 4152 illi
3553 4090 3648 4148 alia
3665 4084 3810 4142 itinera
3831 4086 3886 4126 η’

2383 4208 2699 4260 serventur.
3864 4257 3868 4262 _

2457 4299 2604 4354 Sane
2634 4298 2864 4351 tantum
2890 4293 3095 4348 domus
3125 4287 3428 4361 cujuslibet
3460 4290 3516 4339 et
3550 4274 3742 4336 urbibus
3759 4265 3887 4361 conf“

2384 4397 2522 4448 tutae
2540 4405 2780 4462 quarum
2808 4391 3019 4442 statum
3037 4399 3266 4440 necesse
3287 4387 3374 4438 est
3391 4391 3619 4450 expensa
3636 4383 3726 4425 non
3742 4354 3886 4462 modii?

2387 4451 2694 4542 sustentari
2713 4481 2960 4553 acceptis
2979 4479 3172 4536 offerri
3193 4477 3238 4532 si
3258 4471 3560 4546 contigerit
3577 4465 3666 4522 sub
3677 4462 3790 4532 justa
3800 4451 3885 4503 ἃευ·

653 4554 866 4636 nullius
906 4593 1026 4632 esse
1063 4574 1362 4644 momenti,
1390 4590 1563 4645 quam
1589 4573 1781 4642 etiam,
1823 4573 1868 4627 si
1901 4573 2088 4646 aliqua
2114 4575 2288 4646 possit
2307 4588 2366 4660 D
2389 4581 2638 4636 matione
2663 4576 2974 4633 redditibus
3013 4579 3070 4630 et
3102 4572 3278 4629 divini
3304 4571 3509 4626 timore
3525 4555 3700 4635 judicii
3719 4554 3884 4606 οῡωωυ·

655 4673 962 4729 subsistere
1002 4669 1247 4738 ratione,
1279 4667 1463 4722 modis
1494 4667 1759 4722 omnibus
1781 4667 1842 4722 in
1873 4668 2125 4740 synodali
2155 4685 2287 4724 con-

657 4771 832 4822 ventu
876 4763 1110 4838 provida
1155 4762 1522 4817 beatitudinis
1564 4767 1767 4817 vestrae
1795 4762 2080 4817 sententia
2119 4780 2287 4818 ener-

659 4861 779 4916 vari
805 4857 1206 4923 conveniebat,
1236 4860 1294 4910 et
1317 4857 1376 4910 in
1407 4855 1634 4910 irritum
1655 4855 1882 4926 deduci,
1905 4872 2008 4912 nec
2025 4857 2085 4911 in
2105 4874 2292 4912 exem-

659 4961 816 5032 plum
876 4961 1198 5013 remaneret
1256 4954 1641 5026 praesumendi
1709 4953 2059 5025 quibuslibet
2112 4956 2289 5028 laicis,

661 5052 918 5126 quamvis
947 5049 1224 5121 religiosis
1252 5050 1338 5102 vel
1365 5048 1708 5120 potentibus,
1729 5048 1787 5102 in
1809 5065 2146 5122 quacunque
2164 5051 2294 5106 civi-

660 5154 776 5205 tate
805 5145 1062 5219 quolibet
1100 5143 1273 5198 modo
1310 5142 1523 5214 aliquid
1567 5142 1877 5198 decernere
1919 5147 1988 5198 de
2025 5144 2290 5200 ecclesia-

661 5243 812 5299 sticis
836 5238 1216 5307 facultatibus,
1248 5253 1497 5308 quarum
1525 5237 1659 5292 solis
1685 5238 2071 5292 sacerdotibus
2097 5239 2290 5311 dispo-

664 5337 842 5394 nendi
893 5333 1202 5389 indiscussa
1256 5349 1289 5385 a
1344 5332 1456 5386 Deo
1507 5347 1644 5386 cura
1689 5331 1991 5386 commissa
2033 5332 2288 5388 docetur.

663 5429 1035 5504 Symmachus
1065 5427 1362 5499 episcopus
1391 5425 1533 5479 dixit
1562 5441 1574 5479 :
1605 5425 1765 5479 Modo
1805 5425 1936 5496 quia
1966 5426 2114 5480 Deus
2141 5443 2291 5498 pra:-

664 5526 908 5582 sentiam
953 5525 1200 5577 vestram
1247 5519 1492 5574 votivam
1536 5518 1678 5573 mihi
1721 5518 1824 5573 sub
1851 5519 2104 5591 qualibet
2131 5537 2289 5576 occa-

666 5621 827 5676 sione
871 5614 1169 5682 concessit,
1213 5612 1362 5682 volo,
1409 5612 1455 5666 si
1497 5612 1701 5683 placet,
1757 5629 1881 5667 rem
1910 5613 2036 5668 fieri
2067 5614 2292 5670 firmam

664 5728 834 5785 quam
862 5710 1030 5765 credo
1057 5705 1448 5764 ecclesiasticis
1471 5705 1838 5761 facultatibus
1873 5709 2199 5777 convenire,
2235 5714 2296 5764 ut

667 5807 908 5861 noscant
949 5817 1149 5857 omnes
1196 5816 1341 5873 quos
1381 5799 1442 5854 in
1489 5817 1581 5854 me
1624 5817 1802 5855 vanus
1842 5801 2005 5856 furor
2033 5803 2296 5858 excitavit

673 5897 813 5953 nihil
839 5912 928 5950 me
954 5895 1137 5965 magis
1162 5893 1391 5948 studere
1423 5911 1596 5965 quam
1631 5897 1692 5948 ut
1723 5897 1938 5950 salvum
1975 5914 2093 5951 esse
2121 5898 2297 5967 possit

2389 4679 2604 4731 tentur.
3827 4728 3832 4731 _
3861 4725 3864 4728 ξ

2377 4811 2396 4816 ..
2461 4767 2584 4823 Pari
2611 4766 2782 4822 etiam
2806 4763 3182 4820 Ecclesiarum
3215 4775 3320 4831 per
3344 4769 3540 4812 omnes
3566 4749 3783 4831 Romam?3

2390 4819 2858 4931 tat—isV—titulosqui
2878 4862 3010 4912 sunt
3027 4819 3343 4928 presbyteri
3358 4850 3444 4905 vel
3463 4845 3743 4920 quicunque

2390 4955 2626 5026 astringi
2653 4920 2911 5008 voluimus
2936 4920 3061 5022 lege
3105 4920 3389 5012 custodes,
3433 4941 3558 5013 quia
3592 4932 3722 4990 nefas

2392 5055 2478 5108 est
2527 5007 2936 5120 obligationem
2981 5007 3153 5116 quam
3193 5059 3253 5097 se
3293 5007 3402 5112 per
3442 5007 3736 5091 charitatem

2398 5101 2476 5108 __-
2533 5101 2831 5120 ,η-ονηην
2996 5101 3018 5116 ι
3296 5101 3315 5112 ,
3836 5101 3840 5107 .

2393 5143 2681 5200 connectit
2707 5157 2966 5197 summus
2980 5137 3264 5211 pontifex,
3294 5151 3362 5190 ea
3390 5127 3660 5187 hominem
3680 5101 3887 5211 se“???

2393 5239 2629 5295 ecclesia
2648 5236 2862 5292 ordinis
2878 5251 2995 5290 non
3023 5231 3222 5288 teneri.
3241 5228 3570 5296 Quicunque
3597 5222 3748 5270 tamen
3764 5195 3889 5290 omni:

2395 5333 2491 5389 Dei
2519 5338 2575 5389 et
2595 5330 2807 5387 decreti
2836 5329 3007 5401 hujus
3046 5327 3360 5382 immemor
3408 5318 3561 5388 cujus
3585 5297 3889 5401 Βοωξωδῗῗῖξ

2395 5427 2524 5484 tatis
2543 5425 2863 5482 sacerdotes
2889 5423 3148 5478 volumus
3166 5414 3456 5488 religionis
3471 5405 3685 5466 nexibus
3686 5389 3890 5518 Emi“:

3404 5509 3415 5518 ο
3427 5514 3435 5518 .
3450 5513 3459 5518 .
3605 5493 3678 5518 --.ζ
3714 5497 3792 5518 ml!

2391 5523 2454 5577 in
2501 5520 2872 5576 constitutum
2914 5531 3166 5589 praesens
3205 5509 3563 5568 committens

2386 5574 2517 5688 jure
2542 5574 2840 5670 titulorum
2879 5574 2966 5666 vel
2995 5608 3264 5666 Ecclesias
3295 5599 3550 5676 superius
3587 5574 3893 5688 Ρτίξίδίθξξῖῗ

2395 5672 2533 5764 libet
2578 5709 2747 5764 modo
2791 5711 2998 5779 praeter
3031 5719 3254 5769 aurum,
3281 5696 3584 5768 δνεθιιῐιιω
3609 5672 3894 5782 “lfuini?

2395 5809 2576 5859 vestes
2615 5820 2839 5876 quoque
2877 5801 2921 5855 si
2953 5803 3086 5855 sunt
3115 5797 3201 5853 vel
3230 5795 3273 5851 si
3300 5783 3624 5848 accesserint
3645 5763 3896 5890 ξιὶιιίιὶξλαῗξῖ

2408 5855 2571 5859 -Ἶ-νν-
2620 5855 2833 5876 ἸῊἾἸῨ-
3651 5870 3659 5880 ’
3775 5855 3782 5864 ι

2395 5899 2527 5954 bilia
2548 5897 2619 5952 ad
2651 5899 2988 5952 ornamenta
3025 5893 3218 5948 divina
3266 5886 3502 5942 minime
3535 5861 3810 5949 pertinential
3835 5855 3878 5916 Ρθ
