4062 6188
176 257 312 309 1001

1395 259 1860 320 DECRETALIUM
1898 267 2286 327 COLLECTIO.

3419 282 3548 334 “in?

173 368 357 433 petuo
378 363 513 433 jure
536 364 786 434 exceptis
809 363 1083 418 duntaxat
1106 365 1210 420 sub
1232 367 1472 438 praefata
1493 371 1816 428 conditione
1840 385 1899 458 Α
1921 377 2442 451 Foroﬂaminensis,
2521 384 2881 440 Sebastianus
2963 387 3214 456 Siranus,
3293 389 3554 444 Rusticus

173 456 448 510 domibus
492 456 741 511 alienare
786 459 1088 514 tentaverit
1130 461 1394 531 donator,
1429 464 1726 533 alienator,
1756 484 1821 522 ac

171 550 448 604 venditor
476 550 708 605 honoris
739 551 827 604 sui
865 552 1171 608 amissione
1203 557 1501 612 multetur.

250 646 536 699 Prmterea
563 643 660 716 qui
689 644 918 716 petierit
946 652 1042 699 aut
1073 650 1379 719 acceperit,
1410 655 1510 705 aut
1534 654 1631 724 qui
1665 671 1821 724 pres-

174 739 545 809 byterorum,
579 743 679 793 aut
707 738 1082 794 diaconorum
1115 758 1212 796 seu
1254 743 1619 800 defensorum
1667 747 1824 803 danti

176 831 600 902 subscripserit,
620 831 813 905 248
835 849 948 902 quo
975 833 1153 889 iratus
1177 836 1324 890 Deus
1343 837 1561 893 animas
1581 841 1827 910 percutit

174 926 545 980 anathemate
591 926 851 993 feriatur,
880 926 1063 998 sitque
1105 929 1402 1000 accipienti
1446 934 1530 988 vel
1580 933 1824 989 subscri-

173 1020 344 1074 benti
391 1019 462 1074 de
514 1018 769 1090 personis
819 1021 1078 1091 superius
1129 1025 1578 1096 comprehensis,
1615 1027 1672 1080 id
1719 1032 1822 1096 est,

174 1113 311 1184 quis
357 1113 726 1167 anathemate
771 1113 926 1168 feriri
979 1116 1323 1187 censuimus,
1356 1118 1613 1174 instituta
1657 1137 1825 1192 poena

177 1205 689 1261 contubernalium
721 1213 960 1276 servata,
992 1226 1161 1281 quam
1191 1211 1577 1283 praemisimus
1604 1214 1661 1268 in
1688 1216 1822 1270 alie-

181 1304 392 1355 natore
437 1300 706 1368 vindicta,
754 1301 862 1355 nisi
911 1302 1055 1358 forte
1101 1309 1159 1358 et
1203 1304 1482 1360 alienator
1527 1307 1631 1362 sibi
1687 1309 1825 1364 dum

177 1393 410 1464 repetit,
447 1396 505 1448 et
542 1393 640 1465 qui
685 1395 968 1466 acceperit
996 1396 1162 1452 celeri
1195 1398 1553 1455 restitutione
1584 1418 1821 1473 prospe-

176 1488 348 1542 xerit.

250 1581 419 1645 Quod
446 1582 489 1635 si
522 1581 742 1636 minore
770 1582 979 1637 animae
1005 1599 1120 1638 sure
1150 1601 1285 1638 cura
1315 1585 1620 1657 quisquam
1642 1603 1826 1642 reme-

176 1676 341 1729 dium
374 1675 626 1730 oblatum
665 1677 812 1731 forte
859 1678 1195 1748 neglexerit,
1229 1695 1401 1750 supra
1433 1696 1496 1734 ea
1525 1697 1822 1752 pmnarum

1925 473 2290 541 Buxantinus,
2317 476 2622 531 Venantius
2649 477 3098 550 Sinogalliensis,
3118 482 3308 537 Victor
3331 484 3555 538 Dunen-

1925 566 2018 633 sis,
2047 567 2408 622 Innocentius
2438 569 2820 626 Tifernantius
2847 573 3260 643 'I‘ybernorum,
3291 576 3552 648 Sylvinus

1925 660 2304 715 Veliterninus
2351 663 2539 718 Justus
2587 664 2877 735 Simensis,
2911 670 3235 724 Arestonius
3279 670 3550 739 Ostensis,

1924 754 2212 826 Augustus
2257 755 2637 826 Liparitanus,
2668 759 2819 814 Felix
2856 762 3198 833 Nepessinus
3238 779 3342 834 pro
3386 765 3550 831 Urso,

1924 849 2173 903 Asterius
2221 849 2501 918 Quinatis,
2542 852 2902 924 Propinquus
2943 855 3234 924 Trebiatis,
3281 858 3552 913 Eusebius

1924 942 2220 1010 Favestris,
2255 944 2543 998 Romanus
2574 945 2983 1003 Numentanus.

1923 1039 2120 1107 Incipit
2164 1039 2401 1118 synodus
2437 1045 2639 1118 quarta
2678 1057 2914 1118 romana
2960 1043 3060 1096 sub
3089 1045 3405 1101 Theoderico
3432 1063 3555 1118 rege

2226 1125 2293 1164 ea:
2320 1111 2544 1165 diversis
2570 1113 2879 1179 regionibus
2905 1122 3248 1184 congregata.

1997 1201 2139 1256 Rufo
2192 1219 2426 1274 magno,
2471 1205 2698 1274 Fausto,
2749 1208 2996 1272 Ameno,
3047 1207 3178 1261 viris
3233 1209 3554 1266 clarissimis

1924 1296 2251 1350 consulibus
2280 1297 2384 1350 sub
2417 1297 2507 1352 die
2534 1299 2918 1354 Kalendarum
2945 1302 3341 1356 Novembrium
3363 1311 3555 1358 sancta

1924 1389 2170 1459 synodus
2211 1391 2363 1461 apud
2402 1391 2603 1446 urbem
2633 1393 2872 1447 Romam
2911 1409 2979 1448 ex
3023 1399 3311 1466 praecepto
3343 1397 3553 1468 glorio-

1925 1481 2126 1537 sissimi
2195 1484 2348 1554 regis
2398 1485 2734 1540 Theoderici
2796 1504 2862 1541 ex
2917 1487 3153 1542 diversis
3223 1490 3557 1561 regionibus

1922 1580 2273 1647 congregata
2297 1577 2359 1632 in
2387 1577 2592 1633 Christi
2617 1580 2855 1634 nomine
2883 1580 3023 1636 dixit
3050 1599 3063 1636 2
3097 1585 3239 1639 Cum
3271 1599 3339 1638 ex
3370 1585 3553 1639 diver-

1923 1669 1999 1723 sis
2018 1671 2320 1742 provinciis
2333 1673 2404 1728 ad
2426 1673 2624 1727 urbem
2654 1674 2896 1728 Romam
2921 1675 3219 1732 convenire
3240 1679 3556 1734 sacerdotes

177 1785 397 1839 genera
438 1785 566 1840 qua:
595 1770 854 1840 superius
896 1776 1171 1826 tenentur
1199 1773 1443 1844 ascripta
1482 1777 1684 1829 contra
1715 1776 1818 1843 fas,

1925 1764 2081 1836 regia
2106 1766 2468 1837 prmeepisset
2495 1767 2823 1836 auctoritas,
2851 1771 2918 1822 ut
2954 1769 3023 1824 de
3054 1770 3141 1824 bis
3170 1788 3300 1842 quae
3325 1789 3556 1828 venera-

178 1863 226 1915 si
263 1863 424 1934 quod
467 1869 806 1934 conceptum
857 1864 1028 1919 fuerit
1081 1865 1498 1921 documentum
1544 1867 1822 1924 universis

175 1956 396 2011 viribus
430 1956 687 2028 quamvis
725 1957 795 2011 ab
831 1957 991 2012 initio
1027 1959 1208 2014 nullas
1245 1961 1574 2030 habuerint,
1617 1961 1820 2018 effere-

179 2056 295 2117 tur,
345 2051 445 2105 sed
503 2050 676 2105 etiam
721 2050 890 2106 liceat
939 2053 1375 2124 quibuscunque
1432 2055 1822 2111 ecclesiasticis

176 2143 439 2215 personis
465 2160 660 2198 vocem
702 2145 1164 2201 contradictionis
1203 2147 1429 2218 offerre,
1465 2153 1522 2203 et
1559 2150 1819 2204 ecclesia-

177 2238 322 2292 stica
406 2238 740 2292 auctoritate
817 2239 1020 2306 fulciri,
1085 2240 1161 2295 ita
1221 2245 1287 2295 ut
1352 2258 1482 2296 cum
1545 2243 1822 2298 fructibus

176 2331 365 2403 possit
393 2332 639 2387 alienata
668 2348 984 2404 reposcere,
1010 2350 1081 2387 ne
1114 2334 1304 2405 aliquo
1331 2352 1388 2390 se
1409 2339 1539 2390 ante
1567 2336 1822 2391 tribunal

174 2423 391 2481 Christi
435 2424 726 2479 obstaculo
757 2426 1003 2493 muniat,
1032 2427 1163 2497 quia
1192 2428 1472 2497 religiosis
1518 2429 1823 2484 animabus

175 2519 263 2573 vel
290 2518 671 2573 substantiam
706 2536 1025 2590 pauperum
1064 2521 1337 2576 derelicta
1367 2527 1564 2578 contra
1589 2523 1675 2578 fas
1701 2523 1822 2578 sine

177 2613 377 2683 aliqua
399 2612 625 2684 pietatis
636 2613 1091 2668 consideratione
1109 2614 1404 2687 dispergit.
1427 2618 1605 2688 Hujus
1626 2622 1820 2672 autem

174 2705 478 2760 constituti
505 2706 688 2777 legem
726 2707 785 2760 in
811 2706 1119 2778 apostolica
1147 2712 1374 2763 tantum
1400 2710 1533 2765 sede
1559 2713 1822 2766 volumus

177 2799 418 2867 servari,
451 2800 731 2854 universis
758 2800 1007 2855 ecclesiis
1037 2817 1140 2872 per
1168 2802 1486 2873 provincias
1511 2806 1822 2860 secundum

176 2893 510 2948 animarum
540 2893 1052 2950 considerationem
1081 2911 1254 2966 quem
1282 2897 1574 2968 proposito
1600 2899 1824 2970 religio-

174 2987 265 3041 nis
285 2986 599 3041 convenire
624 2992 872 3042 rectores
903 3004 1104 3043 earum
1124 2989 1376 3044 viderint
1400 3007 1556 3046 more
1578 2995 1818 3048 servato.

174 3081 244 3134 Et
300 3079 775 3150 subscripserunt.
828 3081 1012 3135 Celius
1081 3083 1456 3153 Symmachus
1526 3085 1822 3156 episcopus

178 3174 443 3228 Ecclesiae
495 3175 770 3228 Romanae.
821 3175 952 3228 huic
1003 3176 1311 3230 constituto
1361 3195 1392 3231 a
1449 3178 1616 3233 nobis
1667 3179 1817 3235 facto

174 3267 512 3337 conscripsi.
543 3267 727 3322 Celius
761 3268 1092 3322 Laurentius
1133 3269 1429 3341 episcopus
1459 3275 1667 3327 sanctae
1705 3274 1815 3327 Me-

174 3359 530 3415 diolanensis
579 3361 836 3415 Ecclesiae
893 3361 1023 3416 huic
1077 3363 1384 3418 constituto
1430 3381 1462 3418 a
1509 3366 1815 3421 venerabili

172 3470 328 3525 papa
353 3454 694 3524 Symmacho
726 3460 918 3509 sancto
945 3455 1271 3528 subscripsi.
1301 3459 1494 3512 Petrus
1520 3459 1817 3530 episcopus

176 3548 445 3602 Ecclesiae
490 3548 785 3602 catholicae
848 3550 1210 3620 Ravennatis,
1260 3551 1391 3606 huic
1434 3553 1742 3608 constituto
1785 3572 1818 3608 a

171 3641 493 3696 venerabili
522 3658 670 3712 papa
697 3642 1034 3713 Symmacho
1070 3646 1262 3698 sancto
1293 3644 1616 3717 subscripsi.
1652 3647 1812 3702 Eula-

173 3736 290 3789 lius
322 3735 619 3807 episcopus
645 3737 907 3791 Ecclesiae
925 3737 1288 3808 Syracusanae
1308 3739 1440 3793 huic
1461 3740 1764 3795 constituto
1785 3757 1818 3796 a

172 3829 491 3884 venerabili
519 3846 670 3901 papa
711 3831 1052 3901 Symmacho
1084 3837 1278 3886 sancto
1308 3832 1628 3904 subscripsi.
1664 3835 1817 3889 Felix

171 3923 636 3989 Terraconensis,
669 3923 1073 3994 Chrysogonus
1102 3925 1466 3994 Tudertinus,
1504 3927 1820 3982 Emilianus

177 4016 574 4082 Vercellensis,
603 4017 887 4072 Jocundus
918 4020 1298 4088 Augustanus,
1333 4019 1596 4090 Tigridus
1623 4023 1816 4076 Tauri-

181 4111 350 4177 natis,
397 4109 590 4164 Vitalis
634 4111 961 4177 Fundanus,
1013 4113 1212 4165 Bassus
1253 4113 1599 4182 Mutinensis,
1648 4118 1817 4170 Paca-

181 4206 373 4259 tianus
423 4204 856 4270 Colaminensis,
894 4205 1160 4260 Maximus
1206 4207 1493 4277 Bleranus,
1523 4209 1823 4280 Martyrius

182 4298 578 4364 Traconensis,
613 4298 913 4352 Rufentius
939 4299 1229 4370 Signinus,
1263 4299 1588 4355 Vindemius
1612 4305 1820 4357 Antea-

179 4393 359 4459 tinns,
388 4391 674 4446 Candidus
699 4392 1049 4460 Tiburtinus,
1082 4393 1424 4448 Fortunatus
1458 4394 1820 4465 Fuligenatis,

1843 3122 1897 3197 C

1922 1858 2019 1912 bili
2063 1875 2227 1930 papae
2276 1860 2617 1932 Symmacho
2659 1863 2981 1932 apostolicae
3026 1863 3175 1918 sedis
3216 1866 3440 1936 praesuli
3483 1868 3555 1921 ab

1922 1953 2258 2008 adversariis
2318 1953 2494 2026 ipsius
2572 1955 2910 2010 dicebantur
2972 1957 3219 2029 impingi
3293 1963 3554 2014 sanctum

1923 2047 2231 2102 concilium
2264 2047 2572 2118 judicaret,
2606 2049 2873 2119 Liguria,
2907 2051 3144 2118 Emiliae,
3174 2053 3259 2106 vel
3303 2054 3559 2108 Venetia-

1923 2157 2053 2195 rum
2095 2141 2387 2212 episcopos
2435 2157 2576 2213 quos
2621 2143 2692 2197 ad
2735 2144 3102 2214 praesentiam
3150 2146 3418 2218 principis
3456 2163 3554 2218 spe

1921 2233 2142 2288 itineris
2171 2235 2369 2290 ductos
2407 2237 2641 2291 attraxit
2683 2237 3026 2292 consulimus
3065 2255 3262 2310 regem
3301 2241 3557 2296 incubuit

1923 2327 2222 2382 necessitas
2296 2329 2647 2399 consulendi,
2715 2348 2827 2401 qua
2890 2348 2993 2386 nos
3053 2333 3323 2388 voluisset
3387 2337 3556 2389 aetate

1924 2421 2148 2488 fractos,
2176 2422 2469 2477 debilitate
2513 2429 2571 2478 et
2610 2424 2943 2495 impotentia
2982 2427 3239 2497 corporis
3279 2428 3558 2483 invalidos

1923 2516 2280 2586 congregari,
2311 2517 2611 2588 respondit
2640 2518 2913 2589 praefatus
2943 2535 3042 2574 rex
3079 2520 3364 2590 piissimus
3389 2521 3558 2576 bona;

1923 2608 2360 2664 conversationis
2380 2610 2585 2664 affectu
2609 2612 2768 2680 plura
2784 2613 2854 2667 ad
2872 2629 2930 2666 se
2950 2613 3021 2668 de
3039 2629 3201 2684 papas
3225 2614 3558 2684 Symmachi

1923 2702 2160 2771 actibus,
2189 2703 2480 2758 horrenda
2504 2704 2678 2758 fuisse
2708 2705 2945 2776 perlata,
2974 2710 3032 2761 et
3061 2707 3119 2761 in
3158 2708 3360 2780 synodi
3392 2725 3561 2779 Opor-

1924 2799 2026 2863 tet,
2055 2796 2100 2851 si
2129 2812 2263 2851 vera
2305 2801 2452 2852 esset
2491 2798 2858 2853 inimicorum
2896 2800 3015 2870 ejus
3043 2801 3303 2871 objectio,
3335 2802 3557 2857 indica-

1922 2889 2079 2945 tione
2106 2894 2382 2946 constare.
2405 2892 2694 2954 Memorati
2720 2893 3018 2964 pontiﬁces
3040 2895 3244 2965 quibus
3265 2894 3558 2966 allegandi

1923 2984 2257 3039 imminebat
2284 2985 2523 3053 occasio,
2552 2990 2966 3057 suggesserunt
2990 2987 3178 3059 ipsum
3207 2988 3305 3059 qui
3330 2988 3558 3059 judica-

1921 3077 2089 3132 batur
2160 3077 2453 3150 impetitus
2527 3079 2790 3134 debuisse
2871 3081 3153 3152 synodum
3228 3099 3558 3151 convocare,

1923 3171 2178 3241 scientes,
2232 3172 2364 3244 quia
2413 3173 2534 3243 ejus
2587 3173 2750 3228 sedes
2805 3174 3056 3244 primum
3113 3175 3260 3230 Petri
3314 3176 3559 3247 apostoli

1918 3266 2189 3320 meritum
2231 3267 2317 3319 vel
2371 3266 2746 3336 principatus.
2798 3267 3013 3322 Deinde
3059 3272 3255 3323 secuta
3296 3269 3558 3340 jussione

1918 3359 2162 3427 Domini,
2196 3358 2567 3414 conciliorum
2609 3361 3066 3415 venerandorum
3107 3363 3413 3417 auctoritas
3441 3363 3558 3416 sin-

1920 3453 2178 3524 gularem
2213 3453 2271 3506 in
2313 3452 2574 3507 Ecclesiis
2602 3453 2833 3508 tradidit
2873 3457 3236 3524 potestatem,
3266 3472 3370 3510 nec
3397 3461 3557 3510 ante-

1917 3547 2084 3602 dictae
2171 3547 2318 3601 sedis
2392 3546 2707 3600 antistitem
2787 3546 3150 3602 inimicorum
3213 3549 3559 3620 subjacuisse

1909 3640 2125 3713 judicio
2167 3640 2226 3694 in
2279 3640 2667 3711 propositione
2713 3640 2877 3694 facile
2923 3641 3094 3696 simili
3139 3642 3327 3696 forma
3368 3643 3560 3714 aliqua

1917 3738 2236 3801 testaretur,
2285 3734 2384 3789 sed
2433 3733 2726 3805 piissimus
2778 3735 3040 3806 princeps
3095 3735 3283 3807 ipsum
3331 3754 3558 3809 quoque

1918 3845 2122 3900 papam
2168 3829 2224 3882 in
2276 3827 2598 3898 colligenda
2643 3828 2859 3898 synodo
2888 3829 3175 3883 voluntate
3216 3847 3317 3884 sua
3355 3831 3560 3886 litteris

1919 3924 2335 3977 demonstrasse
2394 3921 2756 3991 signiﬁcavit.
2810 3921 2972 3976 Unde
3031 3939 3063 3976 a
3117 3925 3558 3979 mansuetudine

1922 4018 2044 4087 ejus
2087 4016 2310 4088 pagina:
2355 4016 2659 4087 postulata;
2708 4018 2857 4084 sunt,
2904 4032 3042 4086 quas
3088 4017 3158 4070 ab
3209 4033 3277 4071 eo
3319 4018 3559 4073 directas

1921 4111 2229 4165 constabat.
2309 4111 2415 4164 Has
2477 4108 2601 4164 dari
2664 4109 3046 4164 sacerdotibus
3109 4110 3230 4164 sine
3292 4112 3558 4167 tarditate

1923 4205 2233 4273 constituit,
2280 4205 2362 4258 vel
2415 4203 2688 4275 quidquid
2737 4204 2794 4257 in
2846 4204 3044 4258 eodem
3093 4205 3324 4275 negotio
3370 4211 3558 4260 actum

1925 4299 2146 4371 scriptis
2190 4300 2434 4353 Romam
2464 4313 2533 4351 ex
2561 4296 2796 4352 diversis
2824 4301 3104 4352 terrarum
3133 4298 3219 4352 vel
3255 4299 3560 4370 regionum

1927 4393 2184 4464 partibus
2223 4391 2318 4447 Dei
2354 4391 2754 4462 prosecutione
2796 4396 3138 4462 perventum
3182 4395 3286 4447 est.
3317 4394 3384 4447 Et
3422 4393 3561 4448 dum

183 4485 590 4539 Proculeianus
672 4485 972 4556 Sepinatis,
1052 4487 1396 4542 Fortunatus
1468 4488 1822 4559 Anagninus,
1845 4497 1904 4569 D
1929 4486 2239 4540 venerabili
2270 4484 2623 4554 collectione,
2658 4484 2728 4539 de
2764 4485 3088 4555 incipiendo
3132 4486 3439 4541 haberetur
3466 4503 3564 4541 ne-

179 4578 514 4633 Paschasius
594 4578 1011 4646 Vulturnensis,
1084 4579 1394 4634 Martianus
1479 4581 1823 4650 Ecamensis,

174 4672 555 4726 Maximianus
627 4672 951 4740 Perusinus,
1017 4673 1418 4745 Chrysogonus
1489 4675 1828 4730 Albanensis

175 4765 437 4820 Euticius
483 4766 800 4834 Tranensis,
830 4767 1165 4821 Laurentius
1190 4767 1580 4838 Vobianensis,
1611 4771 1828 4824 Marcus

176 4859 506 4927 Samninus,
561 4859 765 4931 Aprilis
826 4860 1147 4927 Micernius,
1212 4863 1426 4917 Memor
1489 4863 1823 4930 Canusinus,

180 4953 550 5007 Innocentius
595 4953 1199 5024 Forosimpromensis,
1231 4955 1589 5010 Florentinus
1628 4957 1825 5010 Plesti-

184 5046 408 5113 nensis,
478 5046 622 5101 Felix
699 5047 1038 5119 Nepesinus,
1103 5048 1452 5104 Concordius
1509 5049 1823 5118 Mesenatis,

179 5139 477 5194 Amandus
506 5140 872 5208 Potenninus,
893 5142 1148 5196 Ansellus
1176 5141 1572 5212 Plommensis,
1597 5143 1830 5196 Basilius

179 5233 560 5303 Tullentinus,
592 5235 901 5290 Martianus
945 5234 1216 5302 Ostensis,
1247 5236 1536 5307 Benignus
1565 5236 1826 5307 Aquimi-

183 5327 406 5394 nensis,
441 5328 780 5383 Fortunatus
808 5329 1212 5396 Vessaniensis,
1245 5329 1545 5386 Severinus
1574 5329 1827 5384 Lundar-

184 5419 424 5488 niensis,
475 5421 786 5493 Eucarpius
838 5423 1221 5491 Messanensis,
1280 5425 1522 5478 Joannes
1587 5423 1826 5494 Spoleti-

181 5532 319 5582 nus,
352 5515 673 5586 Stephanus
700 5516 1039 5582 Venusinus,
1063 5517 1395 5571 Valentinus
1420 5517 1826 5584 Amiterninus,

187 5609 472 5664 Romulus
513 5610 914 5678 Praenestinus,
947 5610 1162 5665 Probus
1197 5610 1633 5679 Carmeniensis,
1664 5611 1827 5665 Colo-

179 5703 321 5758 nius
367 5702 834 5769 Foroclodiensis,
882 5704 1149 5775 Helpidus
1189 5703 1590 5767 Voliterninus,
1633 5705 1827 5775 Proje-

183 5801 314 5850 rtus
379 5795 660 5865 Formovi,
713 5796 1050 5853 Veneriosus
1131 5796 1419 5856 Pellensis.
1492 5797 1830 5854 Bonefacius

1929 4580 2107 4652 gotio,
2137 4583 2308 4650 prout
2337 4579 2605 4650 poscebat
2632 4595 2805 4632 causa
2835 4581 3120 4632 tractatus.
3155 4581 3388 4633 Sanctus
3417 4596 3564 4651 papa

1926 4673 2297 4744 Symmachus
2341 4672 2628 4726 basilicam
2673 4671 2806 4725 Julii
2849 4671 2908 4724 in
2941 4687 3051 4741 qua
3079 4672 3410 4741 pontificum
3443 4679 3568 4728 erat

1927 4767 2319 4838 congregatio,
2359 4770 2529 4836 prout
2577 4763 2774 4818 habuit
2814 4781 2950 4818 cura
2993 4765 3230 4819 ccelestis
3276 4765 3567 4837 ingressus

1929 4865 2034 4928 est,
2069 4864 2128 4915 et
2170 4861 2239 4914 de
2280 4859 2606 4914 evocatione
2648 4857 2906 4928 synodali
2954 4859 3396 4914 clementissimo
3440 4863 3568 4932 regi

1930 4954 2145 5025 gratias
2186 4953 2334 5020 tulit,
2365 4958 2422 5007 et
2455 4969 2576 5006 rem
2605 4936 2874 5006 desiderii
2920 4953 3003 5006 sui
3037 4952 3294 5008 evenisse
3333 4957 3569 5009 testatus

1929 5051 2030 5103 est.
2057 5048 2236 5101 Causa
2264 5063 2401 5117 ergo
2434 5045 2504 5100 de
2539 5045 2893 5100 sacerdotum
2931 5046 3138 5101 animis
3164 5063 3294 5118 quae
3332 5048 3405 5102 de
3431 5065 3561 5102 con-

1929 5142 2058 5197 cilio
2087 5141 2342 5195 nondum
2371 5140 2596 5194 ﬁrmato
2621 5139 2911 5195 tristitiam
2941 5141 3296 5197 ministrabat
3322 5142 3568 5196 abscissa

1930 5241 2033 5291 est.
2066 5234 2468 5292 Auctoritatem
2513 5233 2700 5288 ordini
2731 5235 3055 5306 colligendo
3083 5236 3225 5290 sicut
3265 5235 3566 5306 poscebant

1929 5329 2306 5385 ecclesiastica
2347 5329 2554 5383 statuta
2589 5327 2650 5381 in
2687 5328 2945 5383 omnium
2983 5329 3083 5400 qui
3125 5328 3334 5383 ibidem
3371 5343 3568 5382 conve-

1930 5426 2132 5479 nerant
2175 5422 2446 5494 episcopi,
2493 5422 2796 5493 praasentia
2838 5439 2896 5477 se
2943 5422 3079 5476 dare
3132 5420 3414 5491 professus
3457 5428 3561 5488 est,

1930 5533 2187 5588 sperans,
2215 5519 2279 5570 ut
2316 5515 2578 5571 visitatur
2614 5515 2712 5588 qui
2749 5520 2942 5570 contra
2978 5514 3332 5584 religionem,
3365 5516 3566 5570 contra

1929 5614 2142 5666 statuta
2194 5613 2474 5678 veterum,
2529 5610 2618 5664 vel
2669 5614 2868 5664 contra
2912 5607 3135 5677 regulas
3185 5607 3473 5678 majorum
3532 5625 3567 5662 a

1930 5708 2093 5776 parte
2121 5704 2258 5758 cleri
2285 5704 2374 5758 vel
2401 5703 2472 5757 ab
2500 5701 2786 5774 aliquibus
2825 5699 2980 5755 laicis
3015 5700 3203 5754 fuerat
3230 5701 3567 5771 postulatus,

1931 5816 1993 5852 ex
2055 5796 2419 5852 ordinatione
2473 5794 2790 5850 antistitum
2847 5793 2991 5847 sicut
3037 5792 3262 5849 dicebat
3309 5799 3564 5855 sanctum
