4062 6188
502 249 516 300 1
531 247 632 301 00:}

1391 243 1670 296 ΑΡΡΕΜ).
1713 243 1798 295 ΑΙ)
1837 242 1998 296 δίΕΟ.
2045 239 2220 294 lX.~—
2262 217 2505 293 lSlDORl
2547 238 2968 294 MERCATORIS

3733 243 3863 293 lOOi

495 354 852 426 propositum
888 354 1054 405 firma
1082 352 1266 404 fronte
1295 351 1556 416 caederet,
1575 353 1632 404 ct
1661 350 1855 404 omnia
1875 367 2001 421 qua:
2023 365 2127 420 per
2148 360 2205 432 Α
2229 348 2571 403 renitentem
2619 347 2840 402 statutis
2882 347 3167 402 canonicis
3208 364 3322 402 non
3365 363 3529 418 posse
3573 347 3865 418 compelli.

496 447 891 517 suggestiones
910 443 1274 498 inimicorum
1301 460 1536 498 suorum
1568 443 1838 498 amiserat
1861 444 2127 515 potestati

494 542 616 611 ejus
663 539 733 592 ab
784 537 1103 593 honorabili
1157 537 1394 592 concilio
1439 537 1834 604 redderentur,
1882 543 1938 592 et
1983 538 2127 592 tanti

494 634 604 688 loci
628 633 837 704 praesul
862 631 1121 704 legaliter
1137 632 1297 705 prius
1324 631 1490 686 statui
1508 631 1748 702 pristino
1771 631 2126 698 redderetur,

493 733 550 782 et
573 730 708 782 tunc
737 742 851 781 non
893 728 1023 780 ante
1063 725 1283 780 veniret
1323 725 1396 780 ad
1435 741 1684 793 causam,
1715 729 1772 780 et
1800 724 1846 778 si
1873 725 1951 779 ita
1979 728 2129 780 recte

490 820 799 890 videretur,
825 818 1209 875 accusantium
1229 818 1716 891 propositionibus
1734 819 2124 890 responderet.

492 915 674 986 Digna
692 931 779 970 res
792 914 906 968 visa
923 917 1008 969 est
1023 913 1276 968 maximo
1298 912 1661 967 sacerdotum
1680 929 1942 983 numero,
1958 916 2127 985 atque

491 1017 830 1082 mereretur;
847 1011 1113 1068 effectum
1130 1011 1433 1066 decernere
1447 1015 1643 1066 tamen
1659 1011 1870 1082 aliquid
1882 1012 2129 1082 synodus

491 1107 614 1163 sine
659 1107 820 1178 regia
863 1105 1067 1162 notitia
1106 1122 1227 1160 non
1269 1105 1658 1177 praesumpsit,
1691 1104 1791 1159 sed
1836 1105 2128 1176 suggestio

483 1202 643 1274 justa
675 1216 780 1272 per
805 1201 1129 1272 legatorum
1176 1199 1583 1272 negligentiam
1627 1216 1741 1254 non
1789 1199 2016 1267 meruit,
2048 1215 2129 1254 se-

490 1295 744 1350 cundum
772 1297 904 1349 vota
931 1309 1267 1365 responsum
1291 1293 1486 1364 jussus
1511 1297 1597 1348 est
1621 1292 1772 1364 regis
1802 1293 2128 1364 praeceptio-

488 1389 660 1445 nibus
704 1405 852 1460 papa
891 1388 1267 1459 Symmachus
1307 1391 1438 1442 ante
1463 1386 1792 1459 patrimonii
1822 1389 1906 1442 vel
1949 1387 2128 1443 Eccle-

490 1483 703 1538 siarum
726 1499 864 1554 quas
879 1482 1148 1537 amiserat
1165 1482 1550 1552 receptionem
1571 1498 1697 1536 cum
1714 1481 2128 1553 impugnatori-

487 1577 596 1632 bus
627 1575 741 1631 suis
778 1576 837 1630 in
871 1575 1278 1647 disceptatione
1323 1575 1648 1646 conﬂigere.
1691 1574 1798 1639 Qui
1832 1575 2127 1645 potestatis

489 1686 607 1725 suae
656 1668 973 1741 privilegia,
1019 1675 1076 1724 et
1123 1685 1252 1740 quae
1293 1685 1397 1741 pro
1436 1668 1791 1724 conscientiae
1841 1673 2123 1740 quantum

479 1764 637 1836 juste
669 1764 1023 1818 aestimamus
1064 1763 1466 1819 emundatione
1516 1763 1871 1832 submiserat,
1905 1778 1975 1818 ne
2019 1730 2200 1817 hacB

485 1858 666 1913 voluit
693 1857 812 1914 vice
842 1873 1159 1912 resumere.

556 1952 665 2008 Sed
708 1952 849 2008 dum
898 1955 1045 2008 esset
1091 1951 1342 2022 synodus
1385 1952 1444 2006 in
1488 1952 1842 2006 Hierusalem
1897 1951 2125 2006 basilica

486 2046 734 2102 Sessoria
786 2045 984 2118 palatii
1039 2045 1364 2115 constituta,
1407 2045 1688 2117 aliquibus
1741 2045 2125 2100 sacerdotibus

483 2140 668 2196 visum
697 2143 802 2208 est,
833 2143 897 2195 ut
925 2139 1151 2194 libellus
1178 2155 1351 2210 quem
1395 2143 1752 2209 accusatores
1790 2143 2125 2209 paraverant

484 2234 584 2306 qui
621 2232 873 2307 quotidie
917 2232 1295 2288 seditionibus
1338 2233 1716 2305 appellabant,
1744 2232 2126 2304 susciperetur

483 2343 518 2381 a
543 2326 794 2399 synodo;
826 2326 885 2381 in
911 2341 1023 2398 quo
1051 2328 1336 2398 suscepto,
1366 2326 1478 2381 duo
1503 2331 1664 2381 erant
1701 2342 1828 2397 qua:
1858 2327 1946 2379 vel
1974 2326 2122 2381 veri-

481 2420 588 2477 tati
634 2419 871 2475 inimica
919 2409 1128 2490 essent,
1177 2419 1264 2475 vel
1316 2419 1424 2492 ipsi
1473 2422 1753 2491 quantum
1805 2419 2125 2475 ostenditur

482 2514 861 2570 ecclesiastico
914 2513 1209 2586 proposito
1261 2519 1675 2586 repugnarent.
1730 2515 1940 2583 Unum,
1993 2513 2124 2585 quia

484 2608 752 2665 dicebant
811 2608 1054 2664 crimina
1115 2608 1416 2663 memorati
1479 2607 1741 2679 superius
1798 2607 2124 2679 Symmachi

483 2719 650 2775 papae
663 2703 820 2774 apud
838 2703 1059 2774 regiam
1076 2702 1390 2758 constitisse
1414 2701 1678 2756 notitiam
1705 2720 1718 2757 :
1743 2701 1897 2772 quod
1918 2701 2124 2755 falsum

482 2812 602 2851 esse
645 2795 963 2852 declaravit.
1018 2797 1142 2850 Non
1197 2795 1354 2850 enim
1408 2795 1573 2866 quasi
1620 2811 1827 2849 novam
1891 2810 2123 2848 causam

485 2889 798 2944 audientiae
830 2889 1227 2958 commisisset,
1259 2889 1304 2943 si
1332 2889 1452 2960 ejus
1487 2887 1832 2943 conscientia
1869 2887 2125 2943 convicta

486 2984 556 3038 de
594 2999 791 3038 errore
830 2983 1008 3037 solam
1055 2999 1113 3037 se
1157 2981 1326 3037 sciret
1375 2986 1708 3054 exspectare
1754 2981 2121 3036 sententiam.

2228 443 2313 498 Ad
2368 443 2493 497 haec
2549 441 2943 498 serenissimus
2999 457 3099 497 rex
3150 442 3338 496 taliter
3390 443 3507 496 Deo
3557 441 3865 512 aspirante,

2230 536 2528 607 respondit
2555 536 2616 590 in
2651 535 2912 607 synodali
2943 551 3063 590 esse
3091 535 3325 590 arbitrio
3355 535 3412 589 in
3439 539 3601 591 tanto
3634 536 3867 607 negotio

2230 631 2519 702 sequenda
2545 629 2914 700 perscribere,
2943 646 3016 684 ne
3041 629 3255 701 aliquid
3279 629 3350 684 ad
3377 647 3434 684 se
3475 634 3696 701 prater
3721 645 3868 684 reve-

2228 725 2475 781 rentiam
2521 725 2589 779 de
2635 723 3022 779 ecclesiasticis
3061 724 3306 795 negotiis
3355 724 3670 795 pertinere,
3713 740 3865 778 com-

2228 819 2461 874 mittens
2487 819 2663 874 etiam
2699 818 2963 889 potestati
2993 817 3330 888 pontificum
3367 822 3432 873 ut
3457 818 3572 872 sive
3597 820 3871 890 praeposi-

2229 919 2349 970 tum
2396 913 2608 968 vellent
2651 912 2850 967 audire
2894 913 3215 982 negotium,
3264 912 3377 966 sive
3425 913 3675 978 nollent,
3719 914 3866 982 quod

2230 1007 2413 1080 magis
2440 1009 2711 1080 putarent
2739 1005 2897 1074 utile,
2931 1006 3324 1077 deliberarent,
3355 1006 3678 1060 dummodo
3703 1023 3868 1060 vene-

2228 1102 2389 1158 randi
2435 1101 2756 1173 provisione
2805 1099 3028 1154 concilii
3070 1117 3182 1171 pax
3229 1100 3289 1154 in
3336 1100 3563 1155 civitate
3609 1101 3869 1155 Romana

2227 1195 2560 1252 Christianis
2619 1193 2883 1250 omnibus
2934 1193 3292 1249 redderetur.
3341 1194 3476 1258 Quae
3530 1210 3672 1248 cum
3718 1194 3867 1265 juste

2229 1290 2462 1346 offertur
2499 1289 2770 1344 mandata
2815 1287 2920 1342 Dei
2959 1289 3324 1358 complentur
3363 1289 3539 1343 Italiae
3584 1305 3713 1343 suae
3741 1289 3867 1344 dare

2229 1387 2528 1440 rectorem.
2571 1386 2952 1455 Agnoscentes
2992 1382 3215 1436 nullum
3257 1381 3422 1437 nobis
3465 1382 3734 1437 laborem
3781 1401 3864 1436 re-

2229 1478 2521 1545 mansisse,
2549 1477 2660 1532 nisi
2688 1479 2755 1531 ut
2781 1475 3122 1531 dissidentes
3150 1492 3282 1530 cum
3309 1475 3645 1531 humilitate
3671 1493 3870 1548 propo-

2227 1573 2319 1627 siti
2346 1571 2525 1626 nostri
2567 1571 2640 1626 ad
2677 1570 3040 1626 concordiam
3083 1570 3467 1636 hortaremur,
3503 1571 3641 1641 quia
3689 1587 3867 1624 unum

2227 1668 2402 1720 tantae
2427 1664 2511 1720 rei
2535 1664 2809 1732 restabat,
2839 1663 2988 1719 unde
3035 1664 3149 1717 Deo
3177 1679 3539 1734 pareremus,
3564 1667 3630 1716 ut
3660 1668 3868 1718 sanctae

2222 1759 2498 1832 principis
2513 1757 2790 1813 voluntati
2807 1756 3114 1812 invitemus
3129 1762 3387 1811 senatum
3418 1756 3867 1827 amplissimum,

2221 1853 2376 1925 quali
2403 1853 2656 1924 oportuit
2689 1851 2979 1922 legatione
3010 1850 3294 1906 destinata
3334 1854 3668 1917 monentes,
3705 1856 3762 1904 et
3793 1851 3870 1904 in-

2222 1950 2505 2003 struentes
2553 1962 2745 2001 causas
2790 1945 2889 2001 Dei
2937 1945 3110 2017 ipsius
3165 1945 3381 2016 judicio
3426 1961 3551 1999 esse
3599 1945 3867 2000 commit-

2223 2041 2443 2107 tendas,
2459 2039 2556 2112 qui
2576 2041 2727 2095 valet
2745 2055 2952 2110 corpus
2973 2039 3256 2109 occidere,
3282 2042 3338 2094 et
3357 2038 3620 2093 animam
3644 2039 3870 2093 mittere

2223 2134 2282 2189 in
2317 2135 2666 2204 gehennam,
2698 2133 2796 2204 qui
2832 2132 2974 2187 dixit
3013 2132 3160 2186 mihi
3184 2131 3515 2199 vindictam,
3550 2136 3608 2187 et
3642 2149 3759 2204 ego
3795 2149 3873 2186 re-

2221 2227 2494 2297 tribuam,
2524 2227 2678 2298 apud
2707 2243 2879 2298 quem
2917 2225 3265 2281 conscientia
3301 2225 3459 2280 nuda
3496 2231 3603 2292 est,
3641 2226 3739 2280 cui
3766 2243 3871 2280 non

2223 2321 2651 2377 absconduntur
2712 2320 2955 2374 occulta.
3016 2320 3280 2390 Cogitare
3343 2319 3667 2390 prudentes
3730 2321 3873 2375 viros

2223 2419 2507 2487 oportere,
2543 2418 2757 2485 quanta
2799 2412 3288 2480 inconvenienter,
3319 2418 3377 2468 et
3399 2413 3874 2484 praejudicialiter

2223 2509 2281 2564 in
2311 2509 2481 2579 hujus
2506 2508 2751 2579 negotiis
2777 2507 3052 2578 principis
3080 2506 3476 2578 contigissent,
3501 2510 3563 2560 et
3591 2524 3705 2562 nos
3730 2508 3876 2561 viam

2221 2619 2325 2675 per
2355 2603 2504 2657 hanc
2533 2618 2706 2673 quam
2735 2601 2841 2672 ipsi
2864 2601 3150 2656 vocabant
3176 2601 3587 2656 remissionem
3623 2603 3877 2673 peccatis

2222 2713 2340 2753 non
2371 2696 2592 2767 aperire
2621 2696 2720 2750 sed
2746 2695 3033 2764 claudere,
3064 2694 3163 2766 qui
3192 2695 3344 2767 quod
3370 2695 3676 2750 dicebatur
3707 2698 3882 2767 majo-

2223 2791 2302 2845 ris
2339 2789 2538 2861 judicii
2587 2805 2878 2844 servamus
2924 2789 3269 2846 instruentes
3312 2805 3430 2858 eos,
3460 2789 3602 2860 quia
3645 2806 3756 2861 per
3780 2807 3880 2845 nos

2223 2885 2371 2939 illius
2410 2883 2664 2940 Christus
2707 2882 2974 2953 innotuit,
3007 2900 3128 2939 non
3177 2899 3298 2938 esse
3346 2884 3541 2938 ovium
3574 2884 3703 2955 lupi
3750 2886 3883 2939 insi-

2225 2979 2346 3034 dias
2378 2977 2689 3050 praevidere
2733 2977 2832 3033 sed
2879 2977 3142 3048 pastoris.
3174 2977 3418 3032 Maxime
3444 2977 3586 3048 quia
3614 2979 3682 3032 in
3715 2995 3880 3033 causa

485 3075 652 3132 Aliud
691 3075 844 3147 quod
887 3092 992 3146 per
1029 3091 1217 3130 servos
1262 3075 1332 3131 de
1380 3075 1468 3130 his
1511 3091 1639 3146 quas
1685 3074 2028 3146 objiciebant
2064 3091 2123 3129 se
2146 3103 2200 3178 Ο
2225 3073 2462 3144 praefata
2500 3072 2707 3127 multos
2747 3073 2846 3143 qui
2895 3089 2954 3126 se
3000 3071 3460 3144 dedignabantur
3500 3088 3880 3143 cognoscere,

485 3186 615 3224 cum
646 3169 1028 3241 loquebantur
1063 3185 1227 3241 posse
1270 3169 1627 3238 convincere,
1657 3168 1935 3224 addentes
1971 3169 2126 3240 quod

483 3263 604 3334 ipse
633 3262 924 3334 mancipia
944 3263 1215 3331 traderet,
1250 3263 1454 3335 quibus
1485 3267 1762 3335 quantum
1790 3263 1885 3318 ille
1915 3278 2123 3317 assere-

483 3357 640 3424 bant,
662 3356 839 3428 possit
858 3357 918 3411 in
945 3356 1294 3412 indicatione
1325 3357 1603 3429 superari.
1629 3357 1767 3422 Quae
1790 3373 1879 3412 res
1899 3356 2126 3412 canoni-

483 3451 589 3506 bus
603 3453 660 3506 et
675 3450 809 3522 ipsis
823 3451 1063 3522 publicis
1086 3455 1207 3506 erat
1231 3450 1450 3522 legibus
1476 3451 1724 3520 inimica,
1746 3468 1871 3506 cum
1889 3453 2125 3506 Patrum

485 3548 695 3600 statuta
735 3545 1073 3614 sanxissent,
1109 3548 1172 3599 ut
1213 3561 1353 3616 quos
1395 3545 1469 3599 ad
1515 3545 1930 3600 accusationem
1969 3544 2126 3615 leges

485 3638 672 3693 smculi
699 3655 814 3692 non
854 3638 1184 3708 admittunt,
1215 3638 1306 3692 his
1334 3638 1562 3693 dicendi
1593 3639 1652 3693 in
1685 3639 2011 3710 cognitione
2039 3639 2123 3693 vel

485 3732 825 3803 assequendi
855 3731 1075 3803 aliquid
1117 3731 1519 3803 denegandam
1563 3749 1686 3787 esse
1725 3732 2030 3787 licentiam.
2061 3733 2129 3787 Et

486 3826 624 3880 dum
667 3825 818 3880 inter
867 3825 978 3880 ista
1029 3841 1158 3898 quae
1203 3829 1394 3881 essent
1441 3826 1705 3881 facienda
1752 3826 2123 3893 tractabatur,

486 3919 752 3990 praefatus
777 3936 942 3991 papa,
974 3924 1036 3974 ut
1081 3935 1307 3974 causam
1350 3920 1584 3989 diceret,
1616 3919 1971 3974 occurrebat.
2020 3919 2126 3983 Qui

486 4014 717 4068 veniens
761 4013 831 4068 ab
875 4013 1223 4068 irruentibus
1266 4013 1448 4068 turbis
1497 4014 1838 4068 aemulorum
1891 4030 2123 4068 suorum

488 4107 569 4162 ita
597 4111 869 4162 tractatus
898 4111 1001 4176 est,
1035 4110 1097 4161 ut
1123 4106 1319 4161 multis
1346 4106 1691 4179 presbyteris
1718 4107 1816 4178 qui
1847 4123 1978 4160 cum
2003 4107 2125 4178 ipso

488 4206 652 4256 erant
689 4218 795 4272 per
828 4200 1044 4254 caedem
1087 4201 1272 4270 ipsam
1316 4200 1512 4255 mortis
1557 4201 1755 4255 fuisset
1798 4201 2038 4266 occasio,
2072 4205 2129 4254 et

490 4293 811 4349 recentium
869 4293 1055 4347 adhuc
1105 4293 1343 4364 vestigia
1401 4295 1703 4348 vulnerum
1761 4293 1992 4348 illustris
2045 4293 2129 4348 vir

492 4402 683 4441 comes
735 4385 1047 4457 Aligenius,
1091 4390 1149 4440 et
1201 4386 1475 4441 sublimes
1518 4386 1619 4440 viri
1668 4387 1894 4454 Gudila,
1936 4391 1991 4441 et
2033 4389 2128 4442 Ve-

2228 3171 2286 3221 et
2337 3169 2446 3222 Deo
2491 3167 2819 3221 satisfacere
2864 3182 3026 3221 error
3072 3165 3408 3233 involverat,
3455 3169 3511 3221 et
3563 3167 3708 3238 quia
3761 3184 3880 3223 non

2226 3263 2489 3332 poterant
2525 3262 2687 3331 plura
2717 3260 2818 3314 sub
2847 3260 2955 3316 hac
2982 3259 3276 3315 occasione
3307 3259 3575 3314 Ecclesia:
3601 3262 3880 3316 membra

2226 3353 2496 3426 dispergi,
2530 3354 2630 3408 sed
2663 3354 2847 3425 magis
2886 3370 2988 3425 per
3027 3353 3532 3408 mansuetudinem
3580 3356 3878 3410 sustineri.

2225 3448 2379 3503 Sicut
2425 3448 2560 3502 boni
2591 3463 2692 3502 nos
2721 3448 2909 3519 operis
2950 3448 3156 3502 Paulus
3193 3447 3472 3518 magister
3496 3448 3879 3514 instruxerat,

2228 3542 2420 3597 dicens
2451 3559 2463 3597 :
2493 3541 2788 3598 Sanandos
2830 3558 2950 3597 esse
2992 3541 3269 3613 plurimos
3313 3558 3417 3612 per
3442 3543 3804 3614 patientiam
3831 3551 3883 3598 et

2226 3635 2574 3704 doctrinam;
2602 3641 2659 3690 et
2695 3635 3018 3707 quicunque
3062 3638 3338 3706 putantur
3369 3636 3472 3703 rei,
3501 3641 3560 3692 et
3605 3637 3881 3708 gravibus

2226 3729 2467 3801 peccatis
2516 3729 2780 3798 involuti,
2834 3731 3098 3800 quamvis
3143 3731 3334 3785 nullus
3383 3730 3457 3784 sit
3509 3731 3612 3801 qui
3668 3731 3880 3786 delicto

2227 3826 2432 3892 careat,
2464 3822 2607 3878 sicut
2648 3823 2892 3878 Joannes
2936 3827 3181 3878 testatur
3211 3824 3499 3894 apostolus
3534 3841 3548 3878 :
3579 3824 3637 3879 Si
3687 3825 3879 3879 dicam

2227 3916 2495 3989 quoniam
2535 3920 2834 3986 peccatum
2884 3934 3003 3972 non
3052 3917 3254 3983 habeo,
3296 3916 3546 3973 mendax
3593 3935 3745 3984 sum,
3787 3936 3882 3974 eos

2227 4015 2424 4065 tamen
2449 4010 2638 4081 magis
2667 4011 2948 4082 pressuris
2978 4011 3280 4066 hominem
3307 4012 3614 4066 sustentari
3648 4017 3708 4068 et
3733 4030 3882 4083 pra:-

2228 4105 2453 4174 terreri,
2484 4105 2697 4176 hasque
2743 4105 3028 4176 passiones
3069 4106 3291 4176 judicio
3334 4106 3527 4160 divino
3572 4109 3879 4178 suspendi.

2229 4198 2459 4253 Maxime
2506 4215 2638 4253 cum
2683 4199 2780 4254 illa
2823 4216 2952 4270 quae
2997 4200 3384 4271 prazmisimus
3431 4200 3586 4255 inter
3626 4202 3750 4256 alia
3808 4203 3876 4255 de

2226 4292 2564 4348 auctoritate
2618 4293 2766 4348 sedis
2815 4294 3120 4361 obstarent,
3172 4294 3307 4365 quia
3363 4295 3514 4365 quod
3575 4312 3880 4366 possessor

2228 4386 2350 4456 ejus
2394 4387 2687 4457 quondam
2731 4387 2932 4441 beatus
2972 4389 3168 4442 Petrus
3209 4389 3422 4442 meruit
3460 4388 3520 4441 in
3575 4389 3878 4445 nobilitate

492 4481 718 4536 deulfus
765 4480 1014 4552 majores
1049 4480 1253 4534 domus
1297 4480 1468 4551 regias
1513 4481 1954 4552 perspexissent,
1985 4476 2205 4552 quosD
2230 4481 2596 4551 possessionis
2641 4481 2896 4549 accessit,
2944 4487 3001 4536 et
3050 4481 3362 4536 claritatem
3407 4485 3666 4537 veterem
3723 4485 3878 4538 vobis

493 4591 683 4630 secum
714 4575 867 4630 unde
896 4590 1155 4645 egressus
1184 4575 1386 4642 fuerat,
1419 4575 1486 4630 ad
1521 4575 1672 4629 beati
1705 4575 1851 4630 Petri
1893 4575 2132 4647 apostoli

495 4673 657 4741 septa
701 4668 1047 4725 convexerit.
1079 4669 1174 4723 His
1200 4668 1281 4723 ita
1325 4669 1482 4737 actis,
1519 4673 1575 4723 et
1617 4669 1788 4724 rebus
1815 4670 1968 4724 varia
1995 4686 2128 4724 con-

489 4763 714 4818 fusione
735 4762 994 4830 turbatis,
1023 4762 1232 4818 iterum
1265 4779 1368 4818 nos
1391 4763 1460 4818 ad
1479 4763 1759 4834 justitiam
1789 4763 2131 4818 contulimus

490 4856 890 4928 principalem,
918 4856 1158 4912 scientes
1203 4857 1499 4912 divinitate
1531 4857 1764 4927 propria
1796 4873 1996 4928 regere
2023 4858 2127 4911 Do-

491 4949 738 5018 minum,
787 4966 957 5022 quem
1015 4949 1086 5005 ad
1147 4950 1317 5006 [taliae
1367 4950 1752 5022 gubernacula
1803 4951 2131 5022 provideret

491 5046 632 5116 ipse.
703 5044 874 5115 Cujus
934 5043 1364 5099 mansuetudini
1426 5045 1620 5098 omnia
1677 5062 1776 5116 per
1840 5045 2128 5100 relationis

489 5139 716 5208 seriem,
748 5137 894 5193 sicut
936 5155 1026 5192 res
1069 5137 1354 5210 poscebat,
1396 5138 1756 5211 ingessimus,
1798 5138 2127 5195 intimantes

489 5232 662 5288 etiam
716 5249 868 5304 saepe
931 5232 1288 5287 nominatum
1355 5249 1561 5305 papam
1615 5249 1720 5305 per
1770 5233 1983 5301 sedem,
2037 5234 2127 5288 cui

488 5327 854 5398 subjacuerat
882 5343 1012 5380 cum
1050 5326 1184 5394 suis,
1218 5327 1265 5381 si
1291 5327 1641 5383 voluntatem
1668 5343 1863 5382 rursus
1891 5328 2128 5384 haberet

490 5419 759 5488 exeundi,
789 5419 861 5475 ad
880 5419 1162 5491 judicium
1194 5419 1366 5475 fuisse
1392 5419 1831 5487 commonitum,
1861 5421 1958 5475 sed
1987 5421 2120 5475 alle-

490 5529 656 5584 gasse
686 5529 816 5569 eum
845 5531 947 5585 per
974 5513 1215 5569 directos
1247 5513 1544 5585 episcopos
1586 5513 1871 5568 mandatis
1901 5513 2124 5568 canoni-

485 5605 592 5660 bus
621 5606 726 5662 sibi
755 5607 1094 5663 concessisse
1123 5607 1332 5662 alfectu
1363 5607 1716 5679 purgationis
1757 5623 1870 5661 suae
1897 5608 2121 5662 culmen

487 5697 754 5754 humiliat
778 5700 1010 5771 quantis
1036 5701 1304 5772 periculis
1325 5717 1476 5772 pene
1499 5717 1803 5772 oppressus
1824 5701 2119 5756 dominum

486 5804 683 5856 regem
707 5791 916 5848 habere
932 5793 1088 5865 quod
1106 5794 1276 5850 vellet
1294 5793 1538 5850 faciendi
1562 5811 1620 5849 se
1644 5793 1872 5850 interim
1886 5794 2119 5865 justitiec

2234 4573 2347 4643 dat,
2403 4575 2500 4630 det
2554 4575 2757 4630 Christi
2815 4575 3132 4630 rectoribus
3189 4575 3393 4630 devote
3451 4577 3874 4645 clamantibus;

2232 4668 2506 4738 scriptum
2534 4684 2654 4722 esse
2681 4684 2782 4739 per
2806 4669 3148 4740 prophetam
3179 4687 3244 4723 ex
3271 4685 3513 4739 persona
3547 4671 3654 4726 Dei
3688 4690 3700 4726 :
3732 4673 3876 4726 Nun-

2231 4761 2366 4832 quid
2384 4777 2499 4815 non
2526 4763 2675 4817 valet
2693 4779 2895 4817 manus
2915 4779 3042 4817 mea
3068 4763 3140 4818 ad
3166 4764 3628 4819 consumendum
3659 4783 3760 4822 eos
3779 4768 3874 4838 qui

2231 4856 2602 4910 erraverunt?
2631 4857 2757 4910 Haec
2780 4857 2980 4911 eadem
3009 4857 3322 4928 saepissime
3351 4860 3414 4912 ut
3442 4861 3708 4928 oportuit
3729 4877 3874 4915 com-

2229 4953 2532 5002 monentes
2547 4952 2612 5003 ut
2626 4949 2816 5004 habita
2837 4949 3154 5005 intentione
3182 4951 3564 5022 discederent,
3584 4957 3642 5008 et
3659 4955 3871 5009 factum

2229 5046 2490 5097 nostrum
2523 5043 2674 5114 quod
2714 5044 2864 5098 Deus
2906 5043 3285 5116 inspiraverat
3317 5045 3485 5116 juxta
3525 5048 3870 5102 mandatum

2229 5137 2504 5207 principis
2527 5153 2642 5191 non
2669 5137 3033 5208 discuterent,
3056 5139 3156 5193 sed
3187 5144 3587 5210 sequerentur,
3613 5142 3756 5196 sicut
3777 5143 3871 5195 de-

2229 5230 2392 5285 cebat
2418 5231 2566 5286 ﬁlios
2592 5231 2872 5299 Ecclesiae,
2899 5249 3004 5288 nec
3031 5233 3134 5287 sub
3161 5233 3264 5288 hac
3291 5233 3719 5291 intermissione
3738 5253 3870 5291 con-

2227 5325 2552 5394 tenderent,
2568 5330 2625 5380 et
2640 5328 2957 5381 crescerent
2980 5326 3245 5382 Ecclesiae
3271 5327 3617 5384 detrimenta
3632 5347 3760 5402 quae
3774 5347 3866 5384 res

2225 5419 2498 5490 poscebat
2542 5435 2672 5474 cum
2709 5419 3078 5476 festinatione
3105 5421 3376 5489 succurri,
3408 5428 3466 5477 et
3493 5423 3668 5479 nobis
3699 5425 3861 5494 hujus

2226 5513 2547 5581 celeritatis,
2579 5517 2638 5568 et
2681 5514 2831 5569 illius
2875 5513 3214 5571 obedientim
3253 5515 3556 5572 necessitas
3595 5517 3860 5573 immine-

2221 5607 2337 5662 bat.
2393 5606 2635 5663 Maxime
2674 5624 2804 5663 cum
2846 5625 3076 5664 omnem
3123 5625 3269 5681 pene
3300 5610 3525 5682 plebem
3569 5614 3857 5668 cernimus

2223 5701 2346 5772 ejus
2379 5701 2771 5757 communioni
2814 5702 3311 5760 indissociabiliter
3342 5705 3669 5775 adhzesisse,
3695 5706 3854 5776 cujus

2223 5811 2325 5850 nos
2355 5811 2468 5851 non
2513 5795 2733 5852 modica
2765 5795 2992 5868 quidem
3025 5814 3157 5853 cura
3185 5799 3531 5866 stimulabat,
3562 5818 3636 5856 ne
3664 5803 3715 5855 in
3743 5801 3847 5854 ali-
