4062 6188
495 259 624 314 1007

489 370 686 437 Incipit
710 367 843 420 liber
861 368 1098 421 Ennodii
1125 371 1323 420 sancta
1351 367 1604 421 Ecclesiae
1621 369 1876 422 Romanap
1900 368 2118 421 diaconi

562 443 748 492 contra
782 438 1184 491 obtrectationes
1230 438 1669 506 quartassynodi
1703 439 1898 492 habitae
1940 441 2120 494 Romae

554 509 798 579 palmam“
819 525 854 562 a
883 510 1199 576 Symmacho
1226 525 1376 578 papa
1404 509 1502 564 sub
1533 509 1849 564 Theoderico
1875 525 2014 580 rege.

561 651 852 732 sufficeret
895 652 1127 732 quidem
1167 651 1583 732 schismaticam
1614 651 1967 732 imperitiam
1992 670 2121 732 pro-

492 724 770 795 positione
821 723 1112 789 cecidisse,
1165 723 1415 777 maxime
1452 740 1581 778 cum
1629 740 1820 778 secum
1875 723 2122 779 habeant

492 795 714 866 objecta
743 811 1104 866 responsum,
1138 799 1195 848 et
1220 797 1509 866 mereatur
1544 795 1742 866 titulus
1775 795 1895 850 sine
1922 796 2119 851 lectio-

492 866 583 920 nis
621 865 967 920 discussione
1013 882 1143 920 cum
1185 865 1516 920 auctoritate
1565 865 1849 931 damnari,
1891 884 2021 921 cum
2062 868 2121 921 in

495 939 904 1008 praenotatione
930 937 1050 1008 ipsa
1069 936 1452 1006 signiﬁcantia
1477 937 1661 1007 Operis
1683 937 2002 993 innotescat
2021 939 2122 993 im-

494 1009 692 1063 mundi
716 1009 1027 1063 dicentium
1045 1008 1312 1062 adversus
1344 1009 1625 1078 synodum
1650 1009 2021 1064 absolutionis
2039 1010 2122 1063 in-

495 1097 784 1151 congruee.
844 1081 961 1150 Ego
990 1083 1216 1152 tamen
1255 1095 1408 1133 nunc
1461 1096 1630 1149 agam
1656 1081 1816 1151 quasi
1867 1098 2010 1152 opus
2053 1082 2124 1135 sit

497 1150 684 1206 alieno
715 1167 848 1205 ense
880 1151 1067 1222 perire
1109 1150 1260 1222 mala
1290 1150 1724 1222 proponentem.
1755 1150 1922 1206 Istud
1941 1153 2125 1222 prolo-

495 1224 694 1293 quium
719 1225 908 1293 potest
939 1221 1389 1276 clementissimo
1412 1222 1632 1276 homini
1653 1228 1872 1277 tantum
1902 1221 2123 1278 inscitie

495 1292 815 1348 ascribi.’Et
840 1309 914 1347 ne
940 1292 1142 1363 aliquis
1161 1299 1368 1363 praeter
1394 1310 1491 1347 vos
1521 1293 1666 1348 sicut
1702 1295 1850 1348 inter
1883 1311 2014 1349 oves
2045 1295 2126 1349 ul-

496 1381 722 1438 cerosas
736 1364 1091 1438 deputandus
1106 1366 1162 1418 et
1178 1364 1463 1430 erraticas,
1484 1365 1580 1438 qui
1595 1381 1869 1435 magnum
1889 1382 2126 1438 gregem

497 1436 772 1508 potuisset
824 1437 1122 1508 lacessere,
1177 1439 1468 1508 pastorum
1517 1435 1738 1490 dicente
1794 1435 2118 1508 propheta:

500 1529 526 1555 ‹‹
558 1507 723 1561 Filios
747 1506 954 1560 nutrivi
978 1509 1036 1558 et
1055 1507 1314 1578 exaltavi,
1337 1507 1446 1578 ipsi
1464 1511 1659 1561 autem
1681 1506 2015 1578 spreverunt
2034 1523 2126 1562 me

501 1580 630 1645 (\Isa.
683 1595 720 1644 ι,
767 1581 842 1646 2).
893 1599 920 1625 ››
969 1578 1035 1631 Et
1072 1577 1315 1632 Domino
1361 1577 1432 1632 de
1481 1577 1774 1648 apostolis.
1817 1600 1843 1628 ‹‹
1885 1579 1993 1643 Qui
2033 1596 2127 1633 vos

498 1649 736 1721 spernit,
784 1665 875 1702 me
919 1648 1140 1719 spernit
1180 1650 1324 1721 (Luc.
1361 1665 1428 1721 x,
1458 1652 1562 1721 l6).
1594 1668 1621 1700 »
1662 1651 1810 1714 Quos
1838 1651 2127 1721 episcopos

493 1720 666 1776 fuisse
687 1721 967 1790 propheta
988 1720 1309 1792 testaturide
1329 1721 1353 1774 J
1362 1720 1469 1792 uda
1490 1720 1753 1787 dicendo,
1781 1743 1807 1771 ‹‹
1834 1720 1891 1775 et
1910 1720 2124 1792 episco-

499 1796 697 1874 patum
743 1791 1138 1874 ejusnaccipiat
1186 1791 1330 1874 alter
1367 1790 1532 1874 (Psal.
1582 1806 1741 1874 cvm,
1777 1795 1849 1861 8),
1898 1790 1964 1847 et
1995 1810 2125 1874 apo-

494 1862 639 1917 stolo
665 1879 828 1935 reque
859 1862 1024 1935 Paulo
1053 1863 1460 1935 proclamante,
1493 1881 1520 1912 «
1555 1863 1782 1918 obedite
1813 1862 2126 1934 prmpositis

498 1935 717 2000 vestris,
737 1932 752 1935 ἡ
778 1932 1050 2005 quoniam
1075 2004 1080 2005 γ
1105 1933 1212 2005 ipsi
1257 1933 1573 1988 exorabunt
1619 1951 1724 2004 pro
1753 1932 2121 2005 vehis-(Hebr.

499 2023 604 2073 xvx,
659 2006 762 2076 l7).
795 2003 821 2053 ἶ)
868 2006 980 2058 Nec
1026 2003 1554 2076 hic’immoremur,
1602 2003 1699 2058 sed
1727 2003 2027 2061 redeamus
2055 2007 2125 2062 ad

500 2075 731 2146 gravem
751 2075 1201 2147 etvenerabilem
1224 2093 1335 2129 non
1352 2077 1533 2130 solum
1549 2091 1616 2130 ex
1637 2077 1747 2131 alia
1768 2079 2122 2147 productam,

497 2150 591 2204 sed
619 2147 917 2227 mysticam
945 2146 1419 2227 propositionem.
1449 2148 1570 2227 Non
1596 2146 1800 2227 omnes
1821 2146 2123 2227 (inquiunt)

498 2218 820 2274 sacerdotes
846 2218 996 2287 regis
1020 2218 1090 2271 ad
1113 2218 1415 2272 concilium
1443 2218 1637 2272 ascivit
1666 2218 1992 2286 auctoritas,
2023 2218 2126 2275 nec

497 2307 694 2345 omnes
719 2291 777 2344 in
802 2289 1153 2360 judicatione
1177 2293 1492 2343 senserunt.
1521 2290 1797 2360 Mancipia
1825 2291 2040 2356 tartari,
2071 2296 2128 2346 et

500 2361 715 2433 liquido
755 2361 977 2433 Satanae
1003 2359 1272 2433 ministri,
1319 2359 1850 2433 quoscunque’non
1879 2362 2131 2416 evocavit

499 2430 772 2503 scriptum
803 2430 1070 2503 principis
1108 2431 1269 2485 novis
1313 2431 1550 2503 nexibus
1576 2430 1632 2485 et
1659 2436 1889 2486 actuum
1916 2439 2129 2488 vestro-

498 2502 626 2558 rum
650 2503 709 2558 in
727 2502 1122 2575 volutionibus
1146 2502 1426 2575 serpentis
1445 2503 1609 2574 Spiris
1628 2503 1806 2575 cauda
1829 2505 2124 2575 pertraxit.

497 2577 633 2630 Nolo
679 2574 865 2629 dicere
912 2573 970 2646 in
1026 2590 1140 2645 quo
1185 2573 1396 2646 fuerint
1441 2573 1590 2646 voto,
1637 2574 1721 2646 in,
1750 2573 1861 2646 qua
1909 2575 2126 2630 delibe-

499 2647 721 2702 ratione
743 2645 1118 2717 discedentes,
1149 2645 1357 2716 quibus
1393 2645 1627 2700 taedium
1668 2645 2010 2717 illa’peperit
2038 2663 2130 2701 ex-

497 2717 789 2790 spectatio.
823 2718 965 2771 Cum
992 2716 1252 2790 viderent
1292 2717 1672 2790 venerabilem
1699 2716 1905 2790 papam
1933 2719 2129 2790 longas

497 2787 557 2844 in
593 2789 707 2844 vita
754 2791 954 2843 contra
997 2788 1081 2842 fas
1130 2803 1296 2842 suum
1342 2787 1596 2858 inducias
1628 2787 1930 2858 accepisse.
1958 2787 2129 2842 Vide-

500 2862 639 2916 bant
680 2860 894 2914 (ethera
921 2863 1144 2913 tantum
1179 2857 1408 2912 directis
1443 2876 1476 2911 a
1506 2875 1564 2912 se
1586 2857 1787 2928 jaculis
1818 2859 2126 2913 verberari.

504 2932 597 2985 His
621 2947 692 2984 ne
718 2931 910 2984 liceret
933 2929 1253 2983 infelicibus
1282 2929 1341 2982 in
1371 2930 1650 2982 malorum
1684 2929 1902 2984 actibus
1929 2946 2127 2984 conso-

503 3003 715 3056 latione
742 3005 953 3055 secreto
983 3000 1358 3055 delitescere?
1401 3000 1582 3053 Libris
1617 3001 1816 3054 vestris
1845 3002 2133 3056 nudantur

502 3072 838 3139 absconditi,
874 3074 930 3126 et
969 3087 1070 3142 per
1110 3087 1225 3142 vos
1248 3071 1306 3124 in
1338 3070 1490 3142 turpi
1518 3071 1665 3125 facto
1691 3071 1898 3127 habere
1929 3073 2128 3127 solitu-

505 3145 698 3198 dinem
722 3160 837 3198 non
856 3141 1140 3215 sinuntur,
1175 3141 1396 3215 dicente
1425 3141 1662 3197 Domino
1700 3143 1758 3196 in
1789 3145 2127 3215 Evangelio:

511 3241 535 3262 υ
582 3216 778 3270 Omnis
823 3214 1003 3267 malus
1046 3213 1167 3268 odit
1206 3214 1390 3268 lucem
1439 3215 1610 3282 (Joan.
1657 3231 1738 3280 Ill,
1778 3216 1887 3283 20).
1932 3213 1970 3266 »θ
2002 3217 2136 3270 Post

505 3289 626 3340 haec
652 3285 897 3341 absentis
922 3284 1274 3339 adversarios
1299 3302 1465 3355 papae
1493 3286 1735 3339 Romani
1766 3285 1878 3340 dici
1901 3303 2017 3340 non
2034 3287 2132 3340 de-

506 3358 693 3412 buisse
722 3358 817 3429 qui
844 3356 1132 3429 praedictis
1154 3356 1383 3428 prolatis
1401 3357 1769 3429 petitionibus
1794 3359 2137 3412 accusabant

505 3430 698 3484 dolose
718 3427 984 3482 videlicet
1008 3428 1117 3482 hoc
1141 3427 1378 3498 agentes
1395 3444 1462 3482 eo
1490 3427 1646 3498 quod
1674 3429 2028 3482 adversarios
2047 3446 2138 3484 su-

504 3507 836 3572 spectosque
864 3499 1132 3572 canonica
1155 3499 1521 3572 synodalibus
1545 3499 1829 3572 clamante
1859 3500 1915 3553 in
1937 3500 2136 3554 decre-

507 3569 576 3626 tis
603 3569 955 3638 auctoritate,
981 3570 1038 3624 in
1072 3569 1233 3642 suam
1266 3569 1443 3640 recipi
1476 3571 1890 3642 accusationem
1928 3572 2137 3642 episco-

507 3661 611 3714 pos
637 3643 876 3696 minime
905 3641 1242 3714 oportuisse,
1283 3658 1378 3695 vos
1403 3657 1525 3714 non
1556 3641 1833 3714 latuisset,
1864 3642 1934 3714 ad
1960 3641 2138 3696 asser-

507 3713 692 3770 tiones
719 3714 887 3768 ﬁdem
917 3713 1227 3784 jungentes
1273 3713 1422 3783 quod
1453 3729 1546 3767 eos
1577 3713 1686 3766 isto
1720 3713 1951 3768 nomine
1993 3730 2136 3784 prie-

507 3790 669 3857 cepta
715 3785 876 3855 regia
908 3800 1033 3857 non
1059 3788 1369 3857 vocassent.
1418 3784 1478 3857 O_
1504 3784 1767 3857 homines
1809 3785 1966 3838 omni
2000 3785 2137 3838 artis

508 3854 640 3912 lima
666 3854 1028 3926 compositos,
1061 3858 1117 3908 et
1137 3855 1372 3909 caminis
1406 3854 1702 3909 fabrilibus
1729 3861 2010 3921 excoctos,
2039 3857 2137 3926 qui

506 3930 578 3984 ad
606 3928 1033 4000 stipulationem
1062 3927 1361 4000 doctorum
1397 3927 1668 4000 desudata
1698 3926 1952 4000 invenire
1981 3928 2134 3981 testi-

508 3997 728 4054 monia!
751 4004 1025 4055 Amamus
1045 3997 1339 4052 reverendi
1363 3997 1464 4051 viri
1486 3997 1824 4052 sententiam
1845 4015 2056 4065 veram,
2081 4001 2138 4052 et

513 4075 593 4140 (ut
621 4072 798 4142 aiunt)
835 4071 892 4142 in
925 4070 1105 4142 ipsam
1136 4069 1373 4142 pedibus
1409 4069 1578 4123 imus.
1609 4069 2014 4142 cognoscimus
2045 4086 2136 4122 cr-

508 4146 628 4197 rata
669 4140 795 4213 quia
833 4140 1049 4213 dicitis;
1083 4140 1378 4213 inimicum
1425 4143 1586 4213 vocet
1623 4141 1826 4210 aliquis
1858 4156 2133 4213 accusan-

508 4220 645 4279 tem,
683 4211 740 4266 et
777 4211 997 4282 tragico
1024 4212 1272 4282 nomine
1314 4211 1563 4282 appellet
1588 4211 1994 4265 contumeliam
2022 4228 2137 4266 non

514 4289 852 4338 merentem.
885 4281 1110 4336 Dehinc
1149 4281 1509 4352 subjun’ctam
1540 4282 1913 4352 quaestionem
1946 4283 2137 4337 rheto-

514 4357 628 4410 rica
659 4353 1160 4425 argumentatione
1198 4353 1374 4406 ﬁbula
1409 4352 1817 4425 momordistis,
1851 4353 2134 4425 addendo,

513 4423 814 4498 allegando
859 4442 872 4478 :
920 4423 1098 4478 Testis
1133 4425 1540 4498 _est_Romana
1581 4423 1793 4478 civitas.
1840 4424 1898 4478 Si
1937 4441 2137 4479 omnes

1372 260 1653 314 APPEND.
1696 259 1782 314 AD
1823 260 1983 314 S/EC.
2027 260 2112 313 IX.
2146 288 2212 297 —
2253 257 2500 313 lSIDORl
2542 257 2965 315 MERCATORIS

3724 258 3853 313 1008

2139 377 2197 450 Α
2218 365 2429 450 chartae
2456 366 2744 450 scriptiorii
2770 367 3085 450 religionis
3112 369 3382 450 debitum.
3397 383 3574 438 quam
3603 382 3859 450 praesen-

2217 436 2312 510 tiae
2339 436 2657 507 principali.
2681 438 2877 492 Nullus
2893 436 3044 510 ergo
3073 441 3132 494 in
3163 436 3433 510 praadictd
3459 436 3701 509 negotio
3731 439 3858 491 titu-

2219 508 2305 582 lus
2340 514 2714 582 remanserat,
2763 510 2832 564 ad
2879 508 3040 581 cujus
3082 508 3510 582 inquisitionem
3551 508 3858 582 pergentes

2219 577 2358 650 iliud
2369 579 2498 648 jure
2514 577 3001 650 praeloquerentér
3021 577 3343 637 exordium.
3364 583 3437 636 Ex
3459 577 3594 635 hinc
3618 577 3857 650 digressi

2219 649 2504 723 bonarum
2548 649 2739 704 rerum
2763 652 2821 704 in
2851 669 2984 723 rege
3013 655 3255 708 laudatls
3280 654 3572 716 affectum,
3605 657 3665 723 et
3684 649 3860 704 Colitis

2220 720 2401 796 verbis
2418 720 3007 796 innocentiam‘quam
3026 725 3245 780 actibus
3261 725 3558 796 ignoratis.
3587 722 3644 778 Si
3669 727 3860 776 tamen

2220 791 2403 868 cultus
2433 797 2518 846 est
2545 793 2606 868 in
2642 791 2871 868 loquela
2900 801 3105 868 vestra,
3135 791 3313 868 quani
3334 795 3597 868 scabroso
3629 809 3861 868 vomere

2219 863 2376 938 velut
2392 867 2630 938 agentes
2660 863 2764 938 per
2791 865 3020 920 devium
3039 863 3196 922 arata
3225 864 3858 938 proscinditisrmacenti

2221 935 2340 1008 solo
2359 933 2567 1008 zizania
2587 941 2643 1008 et
2660 933 2795 990 Iolia
2815 933 3303 1006 commendantes,
3325 937 3610 1008 recepturi
3631 953 3740 1007 pro
3765 936 3859 990 tali

2221 1005 2514 1081 impendio
2545 1007 2754 1081 paleas
2769 1008 2975 1081 quibus
2997 1012 3275 1080 gehenna:
3307 1011 3365 1064 in
3385 1005 3710 1081 perniciem
3742 1023 3860 1061 ves-

2225 1080 2372 1152 tram
2415 1077 2910 1152 animetur_ignis.
2954 1077 3062 1136 sed
3101 1099 3254 1136 nunc
3293 1085 3358 1134 ut
3387 1077 3640 1152 _quidam
3685 1080 3862 1132 fertur

2223 1147 2458 1222 dixisse,
2481 1165 2607 1218 quae
2635 1147 2842 1220 quibus
2869 1153 3189 1207 anteferam
3214 1153 3242 1206 ?
3282 1147 3491 1208 Contra
3520 1152 3859 1222 Apostolum

2223 1218 2408 1295 dicitis
2438 1218 2878 1295 _impugnatoresr
2901 1225 3109 1278 summi
3135 1223 3417 1295 pontificis
3460 1218 3588 1276 non
3612 1221 3859 1288 auditos,

2226 1290 2331 1366 qui,
2347 1290 2596 1366 _Cailestis
2621 1290 2885 1366 mandati
2911 1290 3192 1349 memores
3220 1299 3442 1366 partem
3465 1309 3637 1347 suam
3669 1309 3707 1366 a_
3728 1309 3862 1346 con-

2225 1360 2398 1434 sortio
2423 1361 2665 1434 adulteri
2703 1364 3114 1421 subduxerunt.
3146 1360 3243 1421 llic
3280 1383 3396 1421 non
3425 1367 3652 1420 incesso
3695 1364 3854 1434 igno-

2225 1432 2470 1486 rantiam
2497 1432 2764 1488 rimosam
2803 1438 3147 1492 memoriam
3189 1455 3302 1492 non
3341 1453 3560 1492 accuso.
3611 1432 3760 1489 Nolo
3790 1434 3864 1488 di-

2224 1519 2354 1579 cere
2381 1504 2851 1579 quodfpropheta:
2873 1508 3039 1579 verba
3059 1510 3324 1579 Apostolo
3346 1507 3672 1562 contulistis
3692 1549 3706 1572 ,
3733 1506 3865 1579 quia

2227 1574 2361 1628 novi
2404 1581 2461 1628 et
2502 1574 2679 1649 ipsos—
2698 1578 2988 1648 apostolos
3023 1574 3174 1634 rec-te
3211 1581 3420 1645 vocari,
3461 1595 3609 1649 quos
3663 1574 3865 1631 missos

2227 1661 2346 1700 esse
2374 1662 2488 1699 non
2516 1647 2720 1701 nescio.
2737 1647 2922 1703 David
2943 1650 3098 1704 enim
3117 1651 3253 1706 dicit
3281 1668 3294 1704 :
3328 1674 3356 1699 ‹‹
3377 1647 3583 1705 Fur—em
3605 1649 3862 1715 videbas,

2227 1720 2284 1792 et
2327 1717 2590 1792 curreba_s
2638 1735 2768 1773 cum
2817 1737 2904 1788 eo,
2949 1727 3004 1776 et
3049 1739 3181 1776 cum
3227 1722 3498 1777 adulteris
3529 1721 3860 1792 portionem

2228 1791 2383 1864 tuam
2409 1789 2658 1858 ponebas
2681 1791 2848 1864 _(Psal.
2878 1808 3024 1864 XLIX,
3059 1797 3162 1861 l8).
3194 1816 3219 1843 ››
3270 1793 3484 1847 Deinde
3530 1789 3772 1864 quisse
3797 1790 3863 1864 de

2223 1859 2318 1934 illa
2343 1864 2525 1934 vestra
2553 1859 2794 1934 enodem
2824 1863 2992 1916 faciat
3025 1859 3400 1934 quaestionem
3435 1859 3568 1934 qua'
3583 1862 3790 1934 dicitis,
3809 1862 3862 1915 in

2225 1929 2556 2005 crimieibus
2585 1931 2818 2002 objectis
2855 1936 3010 2005 quod
3041 1929 3164 1990 non
3203 1929 3544 2001 excluditur,
3587 1933 3866 2005 approba-

2222 2005 2316 2056 tur
2335 1999 2362 2055 ?
2398 1999 2684 2074 Et_vocem
2714 1999 2983 2059 Romanae
3021 2008 3280 2062 Ecclesia
3308 1999 3589 2061 militibus
3619 1999 3862 2074 éongru-

2225 2075 2438 2138 entem,
2468 2072 2526 2126 in
2557 2090 2670 2144 qua
2708 2075 2942 2149 nescias,
2974 2081 3166 2132 utrum
3196 2078 3352 2149 prius
3379 2077 3632 2131 nitorem
3663 2072 3865 2149 prazdi-

2226 2159 2349 2220 ces,
2368 2160 2440 2196 an
2467 2161 2750 2214 saporem.
2781 2148 3278 2220 Putasneaudistis
3307 2149 3439 2218 legi,
3472 2149 3630 2220 quod
3647 2148 3865 2220 justum

2227 2214 2481 2288 estjuste
2511 2217 2839 2288 exsequeris
2861 2218 2888 2272 ‘?
2921 2219 3170 2275 Audistis
3210 2221 3279 2275 de
3319 2214 3862 2274 malefactis—homi-

2225 2301 2386 2360 num,
2430 2286 2476 2339 si
2519 2286 2733 2360 tamen
2761 2289 3068 2360 aliquando
3099 2291 3452 2346 conversatio
3481 2291 3751 2345 humana
3779 2305 3868 2344 vos

2224 2355 2428 2433 tenu_il;_,
2457 2357 2745 2433 quidquid
2766 2355 2881 2433 non
2911 2361 3025 2415 suis
3053 2363 3348 2417 ordinibus
3377 2363 3744 2433 approbatur
3773 2377 3867 2433 ex-

2225 2427 2376 2503 cludi
2399 2427 2428 2481 ?
2457 2427 2556 2503 Ubi
2582 2427 2667 2483 est
2688 2429 2830 2484 illud
2856 2434 3152 2502 prophetae
3179 2434 3206 2488 ?
3247 2454 3270 2486 ι
3307 2427 3584 2489 Dominus
3610 2433 3687 2487 ad
3711 2432 3864 2503 judi-

2227 2499 2376 2578 eium
2409 2499 2594 2578 veniet
2614 2517 2744 2578 eum
2766 2499 2992 2558 senibus
3019 2506 3213 2576 populi
3236 2505 3319 2559 sui
3343 2507 3468 2577 (13a.
3501 2521 3589 2578 ui,
3624 2499 3738 2578 ξεεῂ
3764 2527 3790 2550 ι»
3815 2507 3870 2558 et

2229 2568 2504 2646 deuvpbis
2538 2570 2755 2646 dictum
2793 2590 2804 2626 :
2847 2568 3147 2645 peccatum
3189 2568 3357 2631 suum
3407 2568 3585 2646 quasi.
3619 2568 3873 2646 Sodoma

2297 2639 2420 2712 50
2438 2639 2887 2717 przedicaverurit
2907 2663 2918 2699 ε
2937 2663 3020 2700 vae
3031 2647 3326 2702 animabus
3340 2639 3474 2701 eoru
3483 2664 3543 2700 [η
3555 2647 3584 2700 ?
3601 2647 3716 2701 Sed
3740 2645 3872 2717 quid

2253 2718 2378 2792 acto
2405 2729 2546 2793 opus
2565 2719 2689 2794 est,
2721 2716 2940 2838 quoties
2972 2718 3280 2788 desperatis
3308 2719 3463 2772 nulla
3488 2718 3728 2772 medela
3759 2716 3875 2771 suc-

2253 2788 2425 2838 :urrlt.
2471 2800 2580 2837 mSl
2617 2801 2736 2838 1mn
2762 2788 3009 2838 orandus
3047 2793 3133 2838 est
3179 2790 3450 2838 Dominus
3477 2791 3579 2838 aui
3605 2789 3875 2838 nromisit

2229 2783 2425 2851 currit,
2471 2783 2580 2860 nisi
2617 2783 3009 2860 implorandus
3047 2783 3133 2844 e-st
3177 2790 3450 2844 Dominus
3477 2791 3579 2859 qui
3605 2789 3881 2860 promisit

2228 2870 2332 2932 per
2360 2855 2979 2932 prophetam’futurum
3008 2877 3067 2914 se
3096 2877 3270 2932 super
3295 2855 3530 2916 omnem
3555 2855 3876 2932 Saperbum

2229 2929 2283 3003 et
2313 2927 2618 3003 ercelsum,
2659 2932 2715 2982 et
2762 2946 2933 3003 super
2977 2927 3359 3003 arrogantem,
3392 2935 3453 2985 ut
3482 2927 3879 2985 humilietur?

2231 2995 2338 3050 Sed
2359 2996 2600 3074 fetidum
2623 3015 2764 3069 opus
2790 2995 3043 3074 vestigiis
3065 2995 3332 3074 insequar
3348 2995 3408 3058 et
3437 3004 3658 3057 ferrata
3681 3004 3726 3056 si
3759 3019 3878 3072 pos-

2233 3083 2379 3135 sum,
2420 3069 2573 3123 calce
2613 3069 2983 3128 contundam.
3019 3075 3088 3128 Ut
3115 3069 3246 3130 vere
3277 3075 3461 3129 dicam
3491 3091 3584 3129 res
3622 3069 3775 3127 cum—
3797 3090 3877 3137 re,

2152 3117 2208 3193 ί]
2233 3117 2395 3192 causa
2420 3157 2550 3216 cum
2561 3157 2766 3216 _eausa,
2800 3143 2946 3197 ratio
2974 3162 3105 3199 cum
3135 3163 3202 3200 ea
3225 3163 3396 3216 quam
3423 3151 3635 3216 putant
3655 3117 3878 3200 rationa

2235 3211 2532 3288 pugnabit.
2551 3211 2854 3288 leocutos
2872 3217 3183 3272 sacerdotes
3199 3211 3692 3288 praecep'tionibus
3713 3217 3880 3285 regiis

2237 3281 2516 3361 allegatis,
2548 3285 2603 3336 et
2632 3285 2918 3361 quoddam
2942 3281 3305 3361 sacrilegium
3327 3281 3583 3361 creditis,
3609 3289 3752 3361 mali
3773 3281 3875 3361 ali-

2238 3351 2374 3431 quid
2395 3369 2524 3406 cum
2545 3351 2826 3431 cretesth
2862 3359 3126 3431 nesciatis
3147 3351 3231 3414 “de
3258 3360 3471 3413 terreni
3496 3351 3739 3413 Demini
3760 3360 3879 3428 jus-

2235 3424 2393 3476 sione
2437 3424 2656 3502 sentiri,
2714 3430 3056 3502 opponendo
3087 3430 3212 3502 quis
3252 3431 3376 3501 regi
3415 3431 3621 3485 debuit
3668 3424 3878 3502 dicere.

2235 3511 2440 3618 papam
2456 3495 2732 3566 synodum
2751 3495 3066 3568 oportuisse
3087 3495 3394 3557 aonvocai‘e
3408 3504 3434 3556 ?
3455 3503 3625 3556 Certe
3640 3501 3799 3582 quod
3823 3501 3879 3553 in

2281 3582 2344 3618 ac
2359 3571 2516 3618 narte
2531 3571 2747 3618 constat
2759 3573 2980 3618 exemnl
2992 3589 3081 3618 nm
3099 3573 3256 3618 illum
3275 3574 3564 3618 nrmnimm
3577 3590 3674 3618 mn
3697 3572 3879 3618 erimi-

2281 3571 2747 3646 acparteconstat
2759 3573 3083 3646 exemplum
3099 3573 3564 3646 illumpraicipue
3577 3571 3677 3644 qui
3697 3572 3882 3626 crimiv

2238 3639 2390 3714 posis
2413 3639 2724 3714 multorum
2755 3639 3237 3713 propositionibus
3254 3639 3377 3714 jam
3410 3639 3666 3714 jacebat,
3703 3660 3878 3714 quem

2238 3707 2347 3790 hoc
2360 3707 2543 3790 fuerat
2556 3710 2620 3790 da
2632 3728 2684 3764 m
2693 3707 2828 3790 nare
2837 3707 3007 3790 ,quod
3019 3715 3182 3785 argui
3191 3707 3299 3790 ,ciii
3312 3707 3763 3790 prtérogativam
3778 3732 3881 3790 cea-

2239 3778 2698 3856 litusascriptam
2730 3778 2983 3856 hosti—um
3006 3778 3238 3841 suarum
3263 3778 3375 3856 jam
3401 3778 3701 3841 oblacutio
3721 3787 3878 3839 tulis-

2239 3850 2450 3926 set._Ad
2489 3850 2632 3926 hanc
2665 3869 2764 3907 vos
2791 3855 3160 3911 clementiam
3192 3850 3476 3912 malorum
3509 3864 3749 3910 actuum
3778 3874 3883 3926 per

2240 3921 2449 3996 gradus
2461 3938 2593 3977 suos
2607 3924 2955 3981 incrementa
2969 3933 3194 3982 traxeru
3206 3933 3354 3996 nt,ut
3368 3930 3471 3983 hoc
3484 3930 3738 3982 credatis
3755 3921 3881 3981 asse

2237 3993 2528 4073 lacessere
2546 3996 2695 4073 quod
2734 3999 3088 4073 convincere,
3128 4017 3233 4073 nec
3261 3993 3416 4071 apud
3445 4016 3548 4054 vos
3568 4000 3822 4053 habeant
3850 4016 3883 4052 a

2239 4065 2470 4144 veritate
2498 4065 3002 4144 doctrinamtodia
3029 4065 3156 4141 quze
3187 4065 3501 4144 plefunque
3529 4076 3733 4124 contra
3766 4087 3883 4125 me-

2236 4136 2406 4216 ritum
2439 4136 2948 4216 imped_i_t_i_stiidi_is,
2977 4136 3091 4216 non
3110 4136 3319 4216 rationi
3347 4136 3732 4212 obsequentia
3754 4150 3883 4195 vota

2238 4209 2598 4285 cencinnant.
2624 4209 2727 4262 Ubi
2749 4216 2832 4265 est
2854 4212 2996 4266 illud
3029 4229 3043 4266 :
3083 4234 3109 4262 «
3136 4214 3472 4285 Priusquam
3497 4209 3785 4284 agnoscas
3811 4230 3881 4266 ne

2238 4277 2526 4355 adjudices
2553 4297 2900 4355 quemquam
2916 4285 3097 4349 (Ecch'.
3122 4301 3198 4352 ιι,
3222 4287 3294 4352 7).
3318 4277 3348 4333 3»
3371 4285 3517 4340 Olim
3538 4277 3644 4340 vos
3663 4286 3883 4355 accepit

2239 4365 2376 4427 gregi
2397 4351 2622 4427 _positus
2652 4352 2708 4427 in
2734 4351 2956 4409 sinistra
2983 4351 3424 4427 collegas,apud
3453 4373 3603 4426 quos
3635 4374 3708 4410 ex
3733 4351 3880 4426 pra:-

2232 4421 2447 4491 judicio
2477 4423 2759 4499 excepisse
2791 4421 3420 4499 sententiam'creditur,
3443 4421 3544 4499 qui
3571 4421 3788 4481 meruit
3813 4427 3880 4480 ad

514 4491 765 4569 episcopi
809 4512 971 4551 senes
1017 4500 1071 4569 et
1117 4495 1329 4569 debiles
1372 4499 1781 4569 convenerunt,
1837 4513 1966 4569 ecce
2016 4513 2137 4569 ora-
2156 4491 2215 4563 D
2238 4509 2478 4569 eramen
2499 4491 2785 4569 adduciet
2804 4496 2908 4551 hoc
2935 4501 3021 4552 est
3040 4515 3202 4551 reum
3225 4491 3653 4569 existere'quod
3675 4499 3880 4553 libram

512 4566 728 4625 tionem
758 4569 875 4623 veri
907 4566 1094 4623 nervis
1121 4567 1422 4633 nitentem,
1452 4570 1509 4620 et
1538 4566 1645 4638 ipsi
1667 4567 1900 4638 Cepasio
1931 4568 2136 4638 praefe-

513 4643 750 4697 rendum
778 4641 963 4695 nitore
992 4655 1344 4693 sermonum.
1374 4639 1522 4709 Ergo
1549 4637 1644 4708 qui
1673 4655 1730 4692 se
1754 4637 2140 4694 tetate’valen-

515 4719 618 4778 tes,
653 4719 708 4768 et
728 4729 964 4783 corpore
991 4709 1298 4764 imbecilles
1325 4727 1444 4763 esse
1477 4709 1766 4783 dixerunt,
1796 4710 1901 4783 ipsi
1933 4727 1989 4764 se
2018 4711 2139 4764 ine-

514 4791 639 4855 ptos
651 4781 867 4854 judicio
897 4799 1018 4837 esse
1043 4785 1344 4855 testantur,
1369 4781 1638 4855 quoniam
1672 4781 2056 4855 membrorum
2087 4798 2144 4836 se

516 4851 911 4924 dixeruntjam
924 4853 1203 4907 sustinere
1219 4851 1798 4923 dispendia,maxime
1814 4853 1858 4905 si
1873 4853 2145 4922 hocinge-

514 4943 638 4981 rere
666 4923 1094 4980 clementissimi
1122 4924 1346 4978 Domini
1367 4923 1601 4977 auribus
1630 4927 2139 4994 praesumpserunt.

515 5000 622 5052 Vos
652 4997 861 5069 putatis
893 4997 963 5050 ab
990 4995 1268 5050 universis
1296 4995 1386 5050 Dei
1420 4995 1814 5069 conspectibus
1841 4996 1988 5065 pulsi
2016 4995 2139 5069 illo-

515 5066 939 5123 rum’virorum
986 5083 1141 5121 more
1185 5083 1590 5136 congressuum
1629 5066 1838 5136 ubique
1865 5067 2144 5121 narranda

513 5140 808 5205 confundi,
835 5145 888 5194 et
917 5139 1069 5209 apud
1099 5138 1418 5209 principem
1450 5138 1520 5192 de
1551 5137 1887 5191 collectione
1915 5139 2140 5208 pontifi-

511 5230 641 5267 cum
673 5212 809 5267 alios
838 5210 1155 5282 praetulisse
1181 5225 1529 5282 sermonem,
1549 5209 1655 5262 nisi
1680 5226 1816 5279 quos
1832 5210 2145 5282 aetatisma-

515 5285 716 5338 turitas
765 5281 1094 5338 erudiendae
1145 5281 1386 5351 loquelae
1432 5281 1565 5334 fecit
1609 5286 1888 5352 auctores,
1936 5281 2143 5352 quibus

509 5356 644 5410 anni
659 5358 874 5411 veteres
890 5350 1266 5408 reverentiam
1281 5352 1660 5419 contulerunt,
1680 5350 1777 5421 qui
1795 5350 2145 5421 putabantur

509 5428 797 5482 bonorum
824 5425 1162 5480 meritorum
1191 5421 1457 5493 suffragio
1485 5423 1543 5476 in
1566 5422 1801 5492 longum
1824 5422 1995 5476 fuisse
2025 5438 2141 5475 ser-

513 5499 642 5552 vati.
662 5499 820 5569 lpsos
835 5513 974 5567 ergo
991 5493 1324 5569 degravidae
1341 5493 1520 5569 zetatis
1537 5493 1968 5569 fatigationibus
1980 5494 2142 5569 queri

510 5563 720 5636 decuit,
740 5584 884 5640 quos
905 5563 1039 5640 aetas
1053 5563 1300 5640 jusserat
1318 5565 1586 5640 allegare.
1619 5565 1731 5640 _Viri
1765 5563 2145 5640 optimi,’s‘ub-

509 5639 639 5694 ditis
665 5635 728 5694 ex
756 5635 1069 5710 praeceptis
1107 5637 1281 5710 regiis
1319 5635 1658 5691 evocationis
1701 5652 1925 5710 causam
1972 5635 2143 5692 fuisse

505 5710 629 5780 jam
661 5707 972 5780 cognitam,
1019 5714 1078 5764 et
1117 5709 1295 5764 Italia:
1341 5725 1569 5780 summa
1597 5707 1994 5780 moderantem
2025 5724 2139 5762 non

445 5805 448 5808 ~
512 5779 703 5845 fuisse,
743 5778 909 5851 quasi
952 5781 1021 5836 de
1062 5796 1205 5835 novo
1253 5779 1482 5851 negotio
1529 5778 1961 5848 consulendum,
2014 5780 2143 5850 plus

2241 4563 2940 4642 disceptationisintrare.
2987 4569 3384 4642 Praalocutioni
3418 4563 3631 4642 tamen
3662 4571 3877 4642 optime

2241 4635 2494 4713 divinum
2532 4636 2862 4713 subdidistis
2889 4641 3253 4713 exemplum,
3281 4641 3435 4712 quod
3470 4642 3547 4695 ita
3581 4635 3881 4713 quadratis

2242 4709 2467 4784 constat
2496 4707 2776 4784 alloquiis,
2805 4713 2868 4763 ut
2887 4707 3157 4784 ipsum’in
3183 4729 3250 4766 eo
3272 4707 3662 4784 Chrysippum
3694 4721 3880 4768 tenere

2243 4777 2660 4857 lineamputes.
2689 4777 2970 4857 Peccatari
3004 4782 3138 4857 dicit
3158 4785 3300 4838 Deus
3324 4802 3337 4838 :
3358 4777 3600 4857 {Qua-re
3621 4791 3689 4838 tu
3715 4802 3877 4839 enar-

2243 4865 2334 4902 ras
2355 4849 2601 4918 justitias
2628 4852 2874 4923 meas?»
2899 4854 3064 4921 (Psal.
3094 4870 3236 4923 xux,
3266 4855 3372 4922 t6.)
3400 4856 3539 4909 Huic
3572 4856 3736 4911 dicto
3761 4873 3881 4910 con-

2243 4924 2494 4998 gerentes
2522 4922 2685 4998 quasi
2710 4923 2779 4998 ad
2815 4924 3124 4998 sacerdotis
3151 4922 3561 4997 apestrophen,
3599 4929 3706 4998 qui
3734 4927 3879 4981 beati

2244 4991 2393 5072 Petri
2424 4993 2662 5072 apostoli
2691 4993 2926 5072 vicarius
2953 4991 3266 5072 aestimatur
3287 5015 3299 5051 :
3323 4991 3643 5072 prohibetis
3672 5000 3881 5072 archia-

2242 5067 2393 5117 trum
2422 5065 2543 5133 ejus
2573 5065 2793 5134 corpori
2819 5065 3019 5121 afferre
3051 5065 3416 5122 medicinam.
3460 5069 3769 5132 Quomodo
3792 5085 3880 5122 vos

2244 5133 2450 5214 anima}
2471 5134 2591 5214 ejus
2617 5133 2970 5214 curationem
3001 5139 3272 5214 exhibere
3302 5141 3538 5214 renuitis
3556 5142 3586 5195 ?
3612 5143 3880 5212 Magnum

2245 5221 2346 5276 per
2389 5205 2582 5259 divina
2615 5206 2941 5274 ridiculum,
2975 5226 3049 5264 an
3077 5211 3329 5265 maxima
3358 5213 3615 5267 lamenta
3643 5205 3769 5268 sint
3797 5228 3880 5266 ne-

2244 5276 2378 5352 scio.
2406 5278 2515 5330 Vos
2543 5277 2740 5352 alienae
2765 5280 3136 5352 febricuram
3167 5283 3442 5352 qureritis,
3469 5300 3570 5338 vos
3602 5283 3874 5340 fatiscenti

2245 5349 2452 5429 anima:
2475 5349 2762 5429 medelam
2791 5351 3064 5429 adhibere
3092 5349 3407 5429 cupitis,_et
3428 5355 3486 5429 in
3515 5355 3662 5429 lethi
3696 5355 3873 5429 proxi-

2243 5419 2440 5473 mitate
2467 5419 2660 5490 positi,
2691 5421 2862 5476 vestri
2894 5419 3274 5491 immemores,
3306 5419 3384 5478 Vde
3412 5427 3658 5481 alterius
3701 5419 3872 5482 salute

2246 5491 2496 5568 tractatis
2519 5508 2532 5554 ;
2564 5491 2772 5568 quidsi
2804 5493 2944 5548 illud
2977 5496 3290 5568 verevobis
3311 5513 3345 5550 a
3363 5497 3648 5568 propheta
3668 5500 3872 5554 dictum

2243 5561 2314 5639 sit
2349 5579 2360 5616 :
2385 5584 2423 5639 _«
2449 5561 2734 5639 _Nunquid
2760 5581 2959 5639 parum
3003 5566 3158 5639 vobis
3184 5571 3268 5639 est
3296 5561 3447 5639 quod
3471 5561 3727 5625 'molesti
3757 5570 3875 5624 estis

2243 5633 2569 5688 hominibus
2599 5633 2613 5688 Ξ
2642 5633 2777 5705 quia
2829 5637 3054 5691 molesti
3111 5638 3244 5692 estis
3300 5633 3356 5692 et
3400 5641 3518 5693 Deo
3567 5657 3702 5696 meo
3761 5645 3871 5702 Usa.

2245 5721 2341 5773 vn,
2372 5707 2482 5782 i3).
2512 5725 2538 5753 »
2571 5706 2638 5782 ξι
2668 5707 2879 5782 iterum
2913 5724 2985 5782 τηε(
3015 5708 3250 5782 Medice,
3275 5727 3407 5764 cura
3448 5712 3699 5782 teipsum
3736 5715 3870 5772 (Luc.

2246 5793 2319 5840 ιγ,
2366 5777 2472 5846 ‘23).
2505 5798 2531 5824 η
2582 5776 2691 5832 Sed
2725 5777 2855 5834 hinc
2890 5779 3027 5835 alias
3066 5776 3347 5848 novimus,
3381 5776 3868 5854 quia-senarium:
