4062 6188
252 280 398 335 1009

246 389 466 459 potest,
500 386 889 459 conclamatus
915 390 971 440 et
1001 385 1298 459 improbus
1323 386 1383 459 in
1413 386 1763 459 profundum
1791 388 1887 443 de-

245 455 490 512 veniens
511 456 657 511 mira
674 455 991 511 temeritate
1005 455 1341 513 contemnit.
1357 455 1466 513 Sed
1482 459 1655 515 credo
1675 459 1809 515 vivit
1824 460 1883 515 in

243 529 395 596 istis,
412 532 468 583 et
483 528 544 582 in
561 528 726 582 malae
742 528 1187 583 conversationis
1205 545 1323 583 suae
1349 533 1533 585 morte
1554 531 1881 599 concilium,

243 607 312 656 et
339 602 530 672 potest
557 604 752 673 optare
782 599 909 670 quis
935 600 1117 673 alteri,
1140 600 1299 673 quod
1318 600 1440 673 ipse
1463 602 1589 672 jam
1612 602 1881 673 perdidit.

244 670 591 753 Nuberecte
608 670 763 753 vobis
783 687 911 753 cum
932 670 1215 753 propheta
1230 670 1507 753 dicimus:
1529 670 1737 753 Oninia
1755 690 1884 745 quas

244 743 509 825 ioquitur
536 742 781 813 populus
792 741 907 825 iste
929 741 1146 825 juratio
1162 745 1269 825 est,
1291 748 1357 825 et_
1374 743 1646 825 timorem
1656 741 1886 825 ejus-spe

241 813 525 894 timeatis,
558 829 747 894 neque
786 813 1124 894 formidetis.
1161 815 1362 894 Procul
1385 814 1468 894 sit
1504 832 1538 894 a
1573 813 1762 894 nobis,
1794 816 1883 870 fa-

244 889 435 940 cessat
462 902 496 939 a
528 884 689 938 nobis
716 884 813 965 qui
842 884 902 938 in
937 884 1100 965 nobis
1130 890 1216 965 est
1241 886 1494 965 pruritus
1516 886 1623 965 is_t_e
1658 887 1883 965 lingua-

242 973 381 1011 rum
412 972 552 1028 quos
570 972 702 1028 vere
722 956 875 1010 idem
903 956 1183 1027 propheta
1207 956 1398 1027 arguit
1423 973 1436 1011 :
1461 956 1778 1013 Scribentes
1803 958 1885 1013 in-

234 1027 920 1108 justitiamnscripserunt.
945 1028 1069 1108 Non
1092 1043 1195 1108 nos
1213 1028 1449 1108 beatum
1484 1030 1712 1108 Petrum
1738 1029 1886 1085 sicut

243 1098 434 1154 dicitis
451 1115 483 1151 a
510 1098 750 1170 Domino
762 1114 901 1170 cum
923 1098 1071 1153 sedis
1089 1098 1418 1170 privilegiis,
1434 1099 1523 1154 vel
1540 1117 1884 1155 successores

244 1171 377 1241 ejus
388 1169 665 1243 peccandi
672 1168 1001 1243 judicainus
1019 1168 1315 1243 licentiam
1331 1171 1664 1243 suscepisse,
1678 1171 1773 1226 ille
1792 1188 1885 1243 pe-

238 1258 309 1296 re
318 1257 491 1295 nnem
502 1241 842 1295 meritorum
854 1241 1045 1296 dotem
1057 1257 1188 1296 cum
1200 1241 1532 1297 haereditate
1544 1241 1885 1298 innocentia;

240 1314 405 1396 inisit
420 1312 492 1396 ad
508 1312 975 1396 ppsterosLQu-od
988 1312 1067 1366 illi
1079 1329 1412 1367 concessum
1429 1319 1885 1396 est_pro.actuum

241 1383 487 1457 luce,iad
506 1382 634 1457 il_los
658 1382 907 1457 pertinet
932 1399 1076 1457 quos
1102 1400 1209 1456 par
1237 1382 1681 1441 conversationis
1700 1386 1887 1457 splen-

242 1455 358 1510 dor
371 1454 674 1509 illuminat.
694 1454 832 1519 Quis
852 1455 1008 1510 enim
1032 1454 1290 1509 sanctum
1311 1472 1435 1511 esse
1454 1457 1694 1523 dubitet,
1710 1454 1884 1523 quem

243 1542 394 1597 apex
416 1530 589 1580 tantm
618 1525 915 1598 dignitatis
942 1526 1192 1598 attollit?
1214 1528 1275 1581 In
1298 1543 1413 1598 quo
1441 1527 1487 1581 si
1507 1529 1716 1583 desunt
1728 1525 1884 1583 bona

241 1596 522 1669 acquisita
538 1614 642 1668 per
655 1596 929 1669 meritum
949 1597 1241 1653 sufficiunt
1254 1596 1380 1669 quia
1402 1615 1436 1653 a
1456 1598 1565 1654 loci
1587 1599 1882 1655 decessore

242 1673 614 1742 praestantur.
645 1670 760 1723 Aut
782 1668 937 1742 enim
966 1670 1149 1742 claros
1178 1669 1251 1723 ad
1272 1668 1405 1742 haec
1438 1670 1663 1741 fastigia
1689 1670 1878 1742 erigit,

242 1739 349 1794 aut
367 1739 467 1812 qui
495 1739 816 1812 eriguntur,
832 1739 1094 1795 illustrat.
1126 1740 1437 1812 Praanoscit
1461 1739 1616 1796 enim
1641 1739 1881 1812 quid—ec-

242 1809 551 1884 clesiarum
587 1809 987 1884 fundamento
1010 1811 1085 1865 sit
1111 1811 1313 1884 habile,
1343 1828 1535 1884 super,
1560 1809 1716 1884 quod
1754 1814 1880 1884 ipsa

243 1883 435 1936 moles
476 1881 760 1936 innititur.
793 1882 902 1937 Sed
932 1882 1067 1936 hinc
1111 1882 1329 1936 actibus
1364 1881 1882 1939 nostris‘coelest'em

328 1953 574 2026 tentiam
593 1952 805 2024 putatis
819 1952 1268 2026 essesuﬂi‘ragio,
1287 1954 1442 2026 qugd
1461 1954 1533 2008 ad
1549 1955 1882 2026 praesidium

328 1970 564 2008 tentiam
593 1970 805 2024 putans
831 1970 954 2007 esse
979 1970 1268 2025 sunragio,
1287 1970 1442 2024 quoa
1461 1970 1533 2008 au
1549 1970 1880 2026 prmsruium

243 1970 402 2079 ἕξειιὶ
430 2024 592 2096 Petri
611 2024 853 2096 apostoli
882 2023 1240 2096 adjutricem,
1266 2031 1332 2079 ut
1356 2024 1560 2093 dicitis,
1587 2026 1880 2081 dexteram

244 2095 928 2167 commodatisiNescitis
959 2096 1402 2167 solemifacibus
1440 2113 1557 2151 non
1605 2097 1878 2167 adjuvari,

242 2183 358 2222 nec
373 2167 446 2221 ad
459 2165 789 2237 praesidium
818 2166 1039 2221 diurna:
1058 2166 1199 2221 lucis
1219 2167 1454 2238 lychnos
1472 2165 1723 2223 accendi.
1738 2169 1879 2223 Scri-

242 2243 415 2308 ptum
454 2243 540 2292 est
582 2237 780 2292 enim:
812 2238 1169 2293 «Scrutatur
1206 2237 1371 2294 renes
1418 2245 1473 2293 et
1520 2240 1691 2294 corda
1733 2241 1881 2294 Deus

243 2310 420 2376 (Psal.
439 2325 536 2377 vu,
559 2308 667 2379 10).
683 2330 711 2359 ››
733 2308 841 2364 Sed
870 2309 929 2363 in
954 2310 1053 2364 illa
1077 2312 1354 2381 potestate
1376 2310 1504 2381 quis
1524 2311 1882 2381 argumentis

243 2381 460 2435 audeat
473 2382 676 2435 vestris
700 2381 1189 2452 respondere,nisi
1213 2382 1349 2452 quia
1377 2381 1499 2436 sine
1525 2387 1645 2436 arte
1675 2382 1883 2437 dicitur

244 2467 453 2507 verum
467 2455 523 2505 et
535 2451 675 2507 fides
686 2451 984 2506 mendacio
1002 2451 1336 2507 sermonum
1358 2452 1580 2507 technis
1601 2452 1881 2508 assuitur?

244 2524 367 2578 Cur
394 2522 704 2595 {inquiunt)
728 2522 1163 2595 adiprincipem
1201 2524 1561 2591 convenistis,
1604 2524 1649 2578 si
1693 2524 1879 2579 audiri

244 2539 367 2578 Cur
400 2539 704 2648 (inquiunt)
728 2539 803 2576 au
842 2539 1163 2649 principem
1201 2539 1561 2591 convenistis,
1604 2540 1649 2578 SI
1693 2539 1879 2579 audiri

240 2609 367 2648 non
391 2593 498 2648 lice
573 2599 611 2666 te
631 2593 999 2666 impetitum?
1066 2594 1116 2666 ic
1140 2610 1236 2648 vos
1263 2595 1324 2649 in
1356 2600 1643 2666 stuporem
1674 2611 1879 2666 pecua-

242 2666 365 2719 lem
402 2665 617 2736 peccati
646 2664 875 2732 nebula,
901 2669 1001 2719 aut
1028 2665 1251 2720 divinus
1291 2664 1493 2721 horror
1528 2664 1784 2733 oblimat,
1817 2672 1882 2721 ut

242 2737 628 2791 verecundam
667 2736 1106 2803 excusationem,
1138 2742 1236 2791 aut
1272 2737 1472 2792 fraude
1508 2754 1671 2792 mens
1698 2741 1882 2792 vestra

244 2812 520 2875 transeat,
539 2813 638 2880 aut
656 2807 977 2880 belluarum
994 2823 1188 2880 pressa
1208 2808 1553 2880 hebetudine
1573 2825 1691 2863 non
1707 2824 1884 2880 agno-

245 2884 386 2933 scat.
420 2884 505 2950 An
535 2879 680 2933 forte
722 2878 874 2933 aliud
900 2878 1114 2950 putatis
1154 2879 1325 2933 fuisse
1361 2881 1516 2950 quod
1550 2878 1769 2935 dictum
1796 2885 1882 2935 est

245 2951 443 3023 ipsum
464 2949 721 3023 debuisse
744 2949 1029 3023 synodum
1057 2949 1396 3023 convocare,
1417 2952 1576 3021 cujus
1595 2968 1736 3023 opus
1758 2957 1883 3006 erat

247 3021 443 3075 ofﬁcio
462 3024 526 3093 ut
550 3037 650 3075 vos
670 3020 932 3093 videlicet
951 3038 1053 3092 per
1076 3022 1397 3093 pontificale
1429 3020 1670 3078 examen
1691 3023 1882 3078 divina

245 3092 530 3166 sententia
557 3092 926 3166 praecelleret,
946 3098 1007 3166 et
1035 3092 1178 3163 quos
1207 3111 1241 3166 a
1267 3093 1467 3166 capitis
1494 3094 1581 3166 sui
1604 3110 1881 3166 compage

244 3165 311 3217 in
340 3162 538 3217 salutis
565 3163 912 3218 detrimento
942 3162 1178 3218 insanus
1210 3162 1373 3219 furor
1395 3162 1883 3222 abscideratfPo'st

246 3234 822 3306 Esauiimentionem
874 3235 1033 3306 operi
1087 3242 1274 3290 vestro
1324 3236 1516 3290 nescio
1567 3237 1755 3291 verbis
1808 3254 1882 3291 an

244 3305 547 3360 latratibus
586 3305 887 3369 indidistis,
916 3305 1313 3376 comparantes
1342 3307 1393 3361 ei
1436 3307 1750 3362 antistitem
1786 3325 1880 3363 ve-

246 3382 433 3431 strum
468 3377 565 3447 qui
608 3376 847 3431 senioris
895 3383 1113 3432 natura;
1158 3378 1499 3433 beneﬁcium
1554 3379 1725 3433 unius
1772 3379 1883 3433 cibi

243 3448 698 3520 commutatione
728 3447 1058 3520 perdiderit,
1091 3451 1149 3503 et
1170 3449 1541 3520 primogeniti
1568 3467 1766 3504 canam
1795 3450 1881 3505 di-

246 3519 530 3592 gnitatem
555 3519 809 3592 amiserit
829 3519 1089 3592 faucibus
1109 3519 1494 3592 obsequendo.
1520 3521 1599 3575 Ad
1620 3522 1725 3575 ista
1747 3522 1882 3592 quid

246 3591 516 3663 referam,
545 3590 647 3661 qui
669 3606 733 3644 ex
767 3590 923 3663 omni
955 3590 1309 3661 objectorum
1337 3595 1499 3663 parte
1530 3590 1883 3647 conclud'or?

246 3661 409 3727 Quis,
424 3678 586 3732 rogo,
602 3665 853 3715 vestrum
876 3661 1224 3730 Symmacho
1239 3661 1719 3730 benedictionem,
1741 3664 1881 3719 dum

245 3733 402 3804 patri
424 3732 550 3803 plus
571 3732 836 3800 deservit,
856 3733 1064 3804 eripuit
1080 3733 1108 3787 ‘?
1137 3735 1238 3790 Cui
1263 3738 1553 3789 tantorum
1576 3752 1882 3790 munerum

245 3802 418 3858 Iacob
432 3802 561 3857 vice
594 3808 679 3858 est
716 3804 919 3858 collata
941 3802 1256 3859 nobilitas?
1282 3806 1418 3869 Quis
1453 3823 1522 3860 ex
1553 3807 1711 3861 vobis
1748 3806 1882 3860 caeci

244 3874 505 3946 parentis
525 3874 817 3929 desideriis
842 3876 1131 3945 pariturus
1158 3876 1440 3931 occurrit?
1467 3877 1602 3942 Quis
1632 3880 1883 3932 vestrum

247 3946 557 4019 devotione
579 3947 1029 4019 suagenitorem
1045 3948 1431 4002 venerabilem
1454 3952 1681 4019 captum
1706 3949 1883 4003 oculis

248 4019 412 4071 nulla
438 4016 569 4071 fecit
596 4016 735 4071 lucis
759 4018 970 4073 damna
996 4019 1247 4073 sentire?
1272 4020 1467 4075 Nonne
1489 4016 1785 4074 collatione
1807 4026 1885 4075 te-

248 4089 562 4161 nebrarum
578 4092 894 4143 vestrarum
916 4106 1029 4144 nox
1050 4092 1285 4160 putatur
1299 4107 1405 4161 per
1421 4091 1627 4145 sudum
1648 4092 1809 4145 rutila
1818 4108 1885 4145 ns

237 4160 419 4231 jubar
437 4160 776 4215 ostendere?
795 4162 861 4216 Et
889 4161 1075 4215 omnis
1105 4161 1419 4216 obscuritas
1447 4162 1662 4217 actibus
1687 4162 1885 4216 vestris

244 4231 452 4285 collata
480 4231 743 4285 decorem
776 4231 909 4286 solis
940 4232 1195 4286 assumit.
1237 4234 1520 4287 Praeterea
1554 4240 1687 4288 tunc
1715 4234 1884 4289 Jacob

242 4302 510 4373 quamvis
552 4306 967 4373 congruentem
1001 4303 1262 4358 moribus
1289 4303 1389 4358 filii
1419 4304 1885 4360 benedictionem

245 4378 443 4447 tamen
455 4373 691 4428 contulit
701 4374 825 4443 jam
838 4375 1207 4447 promissam.
1222 4376 1382 4447 Nunc
1401 4376 1539 4447 quid
1560 4376 1885 4447 hislongius

242 4445 651 4517 immoramur,
669 4461 798 4499 cum
821 4445 1061 4517 docendi
1080 4462 1197 4500 non
1214 4446 1346 4511 sint,
1362 4446 1459 4517 qui
1489 4448 1666 4501 calces
1688 4445 1884 4501 stimu-

244 4518 313 4570 lis
361 4516 721 4587 intulerunt?
758 4516 986 4570 Credite
1042 4517 1207 4585 mihi,
1251 4516 1408 4587 pacis
1459 4517 1691 4571 inimica
1729 4523 1878 4583 sunt,

242 4586 672 4659 impugnationi
704 4603 817 4659 non
860 4592 993 4642 sunt
1030 4587 1234 4642 idonea
1258 4586 1399 4659 quas
1445 4589 1735 4659 profertis.
1769 4590 1879 4645 Sed

243 4659 510 4733 sequitur
535 4658 825 4733 vinculum
858 4675 986 4733 eum
1015 4658 1320 4733 mnigmate
1346 4658 1499 4733 quod
1528 4661 1738 4727 nescio,
1769 4678 1885 4733 qua

246 4729 633 4799 replicationis
660 4734 781 4802 arte
801 4730 1104 4802 solvamus.
1123 4729 1393 4784 Tullianae
1413 4732 1564 4785 enim
1592 4729 1885 4802 profundi-

243 4802 381 4856 tatis
414 4802 652 4871 pelagus
695 4800 933 4869 ingressi
977 4801 1300 4871 cymbulam
1332 4805 1543 4856 nostra:
1571 4800 1885 4858 sterilitatis

245 4872 627 4943 quaestionem
654 4872 885 4927 ﬂatibus
924 4889 1029 4943 per
1059 4873 1315 4927 littorum
1350 4873 1568 4928 incerta
1590 4875 1884 4930 transmit-

248 4947 399 4997 tunt.
416 4945 477 4997 In
497 4960 603 5014 qua
619 4946 819 5015 tamen
835 4944 1057 4999 Christo
1070 4945 1293 4998 clavum
1311 4948 1541 4999 tenente
1560 4950 1787 5015 portum
1802 4946 1883 5000 in-

243 5014 499 5081 grediar,
529 5018 587 5068 et
616 5014 907 5081 sigillatim
950 5015 1019 5069 de
1048 5015 1368 5069 turbinibus
1393 5015 1594 5069 vestris
1622 5016 1883 5071 universa

243 5086 548 5141 discutiam
559 5128 571 5151 ,
588 5085 951 5140 habiturusin
966 5087 1136 5140 ductu
1151 5086 1386 5140 illorum
1405 5087 1750 5153 facultatem,
1769 5103 1882 5141 non

244 5157 667 5229 meamnAiunt
716 5157 868 5229 enim
900 5176 913 5212 :
943 5156 1003 5212 Si
1044 5173 1177 5211 vera
1210 5158 1608 5229 episcoporum
1647 5159 1883 5213 assertio

244 5235 355 5301 est,
388 5228 536 5301 sedis
559 5228 888 5301 apostolicae
920 5228 1546 5301 praesulemiminorum
1587 5245 1882 5301 nunquam

242 5299 605 5369 subjacuisse
650 5300 967 5367 sententias,
1026 5316 1128 5354 cur
1177 5300 1249 5354 ad
1296 5300 1580 5371 judicium
1632 5299 1885 5356 districta

241 5371 628 5426 conventione
652 5371 962 5442 perductus
1001 5376 1104 5426 est.
1132 5371 1370 5425 Multum
1407 5370 1638 5442 quidem
1666 5388 1885 5427 annosa

243 5442 341 5499 hic
374 5442 433 5497 in
472 5442 627 5496 vobis
656 5441 892 5497 laborat
943 5441 1209 5497 infantia.
1251 5443 1351 5496 Cui
1393 5443 1486 5498 ille
1525 5443 1885 5499 advocandus

243 5518 356 5587 est,
385 5513 483 5587 qui
509 5512 832 5568 ineluctatm
858 5514 1403 5587 nobiscumsemper
1427 5515 1652 5585 pondus
1678 5531 1885 5587 propo-

243 5584 471 5639 sitionis
500 5588 822 5656 exsuperat,
851 5601 983 5640 cum
1021 5585 1319 5639 manifeste
1363 5584 1466 5655 pro
1496 5584 1885 5641 sacerdotibus

243 5672 383 5728 cum
415 5656 696 5726 propheta
720 5656 1011 5711 clamitem
1034 5672 1048 5711 :
1074 5677 1103 5706 «
1135 5656 1404 5728 Nunquid
1433 5656 1777 5728 gladiabitur
1801 5674 1887 5712 se-

243 5727 400 5781 curis
431 5731 625 5781 contra
665 5744 797 5782 eum
844 5728 941 5798 qui
988 5733 1142 5782 secat
1185 5726 1243 5781 in
1282 5726 1370 5797 ea,
1405 5726 1505 5783 aut
1542 5729 1887 5785 exaltabitur

245 5814 406 5853 serra
448 5803 643 5855 contra
688 5815 820 5856 eum
857 5799 957 5872 qui
993 5798 1171 5856 trahit
1218 5815 1347 5855 eam
1382 5800 1507 5868 (Isa.
1538 5816 1591 5869 ι,
1627 5801 1730 5872 15),
1764 5824 1791 5851 ››
1824 5805 1886 5857 ut

1490 260 1965 336 DECRETALIUM
2003 282 2388 338 consono.

3480 292 3613 345 1010

1905 399 1964 473 Α
1985 388 2057 471 sit
2075 389 2218 444 mihi
2232 389 2372 473 iliud
2392 390 2947 473 suffragiodivinum
2973 394 3287 473 oracuium.
3310 395 3611 473 Quomodo

1899 1772 1957 1845 B

1902 3142 1957 3216 C

1986 461 2031 515 si
2069 460 2303 534 cessavit
2337 460 2599 530 exactor,
2614 463 2893 518 tributum
2936 464 3193 534 quiescit,
3223 465 3304 521 ita
3344 469 3615 524 contrivit

1986 532 2550 617 Dominus‘bacui‘um
2574 533 2899 617 impiorum.
2929 532 3437 617 Tribue,_Domine,
3457 541 3613 610 quod

1984 604 2299 684 prmdixisti
2329 604 2389 685 in
2418 604 2603 673 illum,
2633 604 2696 659 ut
2718 606 2867 688 sicut
2882 610 3032 661 errat
3057 608 3246 662 ebrius
3273 614 3331 663 et
3354 604 3610 680 vomens,

1984 680 2064 752 ita
2106 680 2301 752 pereat
2342 676 2684 752 incredulus,
2716 694 2811 752 qui
2853 678 3162 752 infideliter
3201 679 3341 750 agit.
3373 682 3615 752 Propter

1986 746 2093 817 hoc
2126 747 2408 817 propheta
2434 747 2595 801 vobis
2638 746 2912 803 insultans
2937 746 3276 805 vociferatur
3306 770 3322 806 :
3357 770 3384 803 ‹‹
3413 746 3611 808 Audite

1985 816 2515 893 verbum’Domini,
2562 819 2669 873 viri
2712 819 2971 875 illusores
3017 820 3145 891 (Isa.
3191 838 3387 891 xxvur,
3437 825 3542 893 14),
3580 846 3607 873 ››

1984 889 2287 961 quisquam
2340 905 2413 943 ne
2447 905 2782 963 causarumi
2811 907 2877 945 ex
2932 889 3381 963 praecognitione
3431 889 3615 949 sancit

1984 963 2270 1033 eventum,
2300 965 2358 1015 et
2382 961 2596 1015 rabidis
2619 961 3218 1033 terminum’positura
3253 964 3611 1020 conﬂictibus

1984 1030 2063 1085 sic
2091 1032 2345 1107 metitur,
2375 1035 2442 1087 ut
2466 1032 2668 1107 pernix
2682 1033 2919 1107 decisio
2930 1030 3067 1088 dum
3087 1034 3460 1107 inquisitione
3487 1053 3611 1091 esse

1983 1102 2175 1157 senior
2221 1103 2551 1175 innotescit,
2575 1104 2867 1175 anticipet,
2897 1104 3147 1160 favorem
3167 1102 3474 1162 censentis
3516 1124 3607 1163 ac-

1985 1176 2182 1250 cuset."
2210 1175 2366 1250 Nunc
2401 1174 2691 1246 paulisper
2730 1174 2829 1230 ore
2872 1176 3086 1250 actibus
3127 1177 3291 1250 annis
3318 1177 3608 1250 indignus,

1984 1244 2295 1315 pontiﬁcali
2324 1244 2459 1319 voce
2482 1244 2870 1319 vos'arguam.
2914 1248 3026 1302 Nos
3054 1247 3152 1319 qui
3180 1251 3392 1303 statuta
3419 1244 3613 1304 nostra

1984 1332 2102 1390 non
2124 1332 2236 1370 una
2256 1318 2408 1387 apud
2426 1334 2523 1372 vos
2539 1317 2804 1390 volumus
2828 1318 2987 1373 lance
3013 1317 3294 1387 constare,
3313 1319 3520 1390 quibus
3539 1321 3610 1375 de

1982 1386 2457 1463 impugnatorum
2502 1388 2774 1463 qualitate
2823 1390 2941 1463 lati
2974 1393 3107 1463 sunt
3152 1386 3414 1458 canones,
3459 1391 3613 1463 apud

1985 1475 2129 1530 quos
2156 1458 2314 1513 nefas
2345 1463 2431 1514 est
2468 1458 2607 1515 cana
2650 1461 2880 1515 Patrum
2910 1460 3147 1515 definita
3187 1458 3611 1529 transcendere,

1982 1530 2193 1603 quibus
2205 1530 2491 1603 scriptum
2511 1536 2598 1585 est
2621 1531 2681 1584 in
2707 1531 3141 1603 Carthaginensi
3169 1533 3423 1588 concilio.
3448 1533 3614 1598 Quod

1981 1600 2304 1726 apostolicae
2328 1600 2480 1656 sedis
2520 1618 2626 1672 per
2650 1600 3299 1675 Faustum'episcopum
3336 1605 3436 1675 qui
3476 1610 3615 1660 tunc

2076 1688 2142 1725 ea
2171 1672 2375 1726 missus
2406 1672 2683 1726 interfuit.
2712 1674 2974 1726 probavit
3009 1674 3348 1726 auctoritas:
3380 1692 3612 1726 accusa-

2076 1688 2142 1744 ea
2171 1672 2375 1744 missus
2406 1672 2683 1741 interfuit,
2712 1674 2974 1744 probavit
2997 1672 3612 1742 auctdritasfaccusa-

1982 1742 2203 1797 toribus
2228 1743 2299 1797 de
2326 1743 2543 1815 inimici
2577 1742 2746 1799 domo
2770 1745 3186 1815 prodeuntibus
3222 1763 3339 1801 non
3369 1748 3611 1802 creden-

1981 1815 2141 1880 dum,
2170 1815 2230 1869 in
2258 1814 2465 1889 quibus
2505 1814 2634 1870 odio
2677 1814 2943 1870 succensa
2979 1816 3262 1889 vicinitas,
3292 1834 3398 1889 per
3426 1819 3613 1873 nutri-

1980 1889 2173 1941 menta
2197 1885 2358 1940 arida
2383 1886 2680 1941 ﬂammam
2709 1887 3173 1957 persecutionum
3202 1885 3522 1955 exsuscitat,
3556 1894 3616 1945 et

1980 1957 2304 2030 universam
2325 1956 2443 2012 doli
2471 1956 2746 2030 fabricam
2775 1962 3033 2030 Sumptu,
3055 1963 3111 2013 et
3134 1960 3419 2014 machinis
3435 1961 3615 2015 cohae-

1981 2027 2237 2103 rentibus
2275 2031 2491 2084 secreta
2529 2027 3255 2103 dispositione—componit.
3303 2032 3440 2085 Istos
3485 2047 3612 2103 quin

1982 2099 2200 2172 domus
2229 2104 2538 2172 evomeret,
2566 2099 2666 2171 qui
2704 2100 2847 2172 scire
2893 2099 3165 2172 potuisset
3207 2106 3402 2157 nostra
3437 2099 3607 2157 colle-

1982 2170 2113 2253 ctiq,
2146 2169 2269 2252 nisi.
2299 2169 2651 2253 praesentes?
2676 2175 2733 2226 et
2759 2169 3214 2253 impugnationis
3253 2174 3608 2253 quali-tatem,

1982 2241 2135 2317 unde
2162 2240 2272 2317 nisi
2297 2240 2362 2296 ex
2390 2242 2600 2317 scripta
2623 2240 3017 2317 pr0positio'ne
3045 2240 3371 2317 didicisse”
3399 2244 3459 2299 in
3490 2240 3615 2317 qui-1

1979 2312 2086 2367 bus
2111 2313 2393 2388 sentinam
2421 2312 2750 2388 criminum,
2761 2314 3208 2388 idumsimulato
3232 2316 3466 2388 fuerunt
3484 2312 3612 2388 per-

1980 2384 2332 2457 secutionem
2362 2401 2422 2440 se
2454 2386 2661 2457 debere
2694 2385 3030 2441 criminibus
3055 2387 3393 2457 agnovisset.

2051 2456 2181 2528 Post
2203 2455 2301 2528 illa
2327 2472 2456 2527 qua:
2483 2456 2554 2510 de
2577 2457 2993 2511 accusatoribus
3018 2455 3242 2528 prolata
3267 2462 3420 2525 sunt,
3448 2457 3611 2514 addi-

1982 2526 2141 2601 distis
2159 2527 2305 2601 :_C_ur
2322 2526 2579 2601 personae
2594 2527 2768 2598 jussas
2790 2533 2923 2601 sunt
2946 2526 3282 2601 praesentari
3300 2546 3442 2601 quas
3461 2544 3613 2601 saepe

1978 2596 2294 2669 imperialis
2317 2596 2631 2669 ﬂagitasset
2654 2596 2979 2654 auctoritas.
3009 2600 3092 2654 Ad
3118 2596 3612 2657 defraudatione—m

1980 2668 2199 2744 ingenii
2240 2669 2531 2744 pertinere
2565 2670 2687 2741 ejus
2714 2671 2812 2742 qui
2836 2687 2995 2744 nunc
3026 2671 3097 2744 in
3136 2670 3612 2744 sedeapostolica

1980 2739 2223 2812 quasiiin
2251 2740 2503 2811 quadam
2536 2739 2663 2812 arce
2691 2739 2966 2797 consistit.
2991 2743 3135 2797 Vere
3158 2741 3321 2796 vobis
3338 2739 3486 2798 dicit
3511 2743 3610 2798 Sa-

1979 2810 2200 2884 pientia
2233 2827 2245 2864 :
2276 2832 2304 2860 «
2330 2812 2510 2866 Homo
2533 2810 2797 2867 inﬁrmus
2821 2817 2879 2867 et
2910 2813 3103 2884 exigui
3128 2813 3407 2884 temporis
3433 2814 3506 2869 ad
3528 2814 3615 2869 in-

1979 2883 2271 2937 tellectum
2308 2899 2425 2957 non
2468 2884 2779 2957 perveniet,
2813 2884 2912 2939 sed
2946 2884 3162 2939 laboret
3197 2883 3422 2957 utsciat
3459 2884 3613 2957 quod

1981 2958 2276 3026 acceptum
2320 2953 2393 3007 sit
2430 2953 2585 3025 apud
2619 2955 2924 3011 Dominum
2951 2956 3101 3026 (Sap.
3130 2971 3208 3021 1x,
3238 2956 3311 3025 5).
3344 2975 3372 3007 η
3406 2953 3610 3011 Είὶὶθ-

1979 3024 2335 3108 ςιιωᾶῇςξιωῒ
2364 3024 2707 3108 Proverbia:
2738 3026 2870 3082 Odit
2907 3042 2976 3108 se
3000 3024 3097 3108 qui
3127 3024 3375 3108 negligit
3408 3026 3610 3082 studia.

1981 3095 2264 3169 imperitis
2293 3096 2449 3169 enim
2494 3097 2687 3169 iobviat
2718 3114 2890 3152 mors.
2937 3095 3083 3161 Quid
3114 3095 3269 3153 enim
3300 3095 3452 3152 illam
3482 3113 3613 3169 qua:

1980 3167 2040 3221 in
2072 3166 2540 3239 perviiauscientia
2584 3168 2894 3236 descendit,
2928 3169 3316 3239 ignorantiam
3356 3166 3614 3239 ﬁngitis?

1980 3237 2124 3301 Quid
2154 3237 2434 3292 adhibetis
2460 3240 2610 3293 mira
2630 3237 3003 3294 latrocinandi
3026 3246 3149 3295 arte
3174 3237 3504 3307 falsitatem,
3523 3239 3615 3293 vel

1983 3308 2346 3381 dolositatum
2392 3310 2703 3381 praestigia,
2748 3310 3173 3381 simplicitatem
3214 3311 3402 3365 fronte
3446 3327 3611 3365 mon-

1982 3379 2256 3463 stran‘dof?
2301 3381 2378 3434 De
2413 3380 2572 3435 vobis
2598 3379 3019 3463 nunc‘dictum
3049 3386 3176 3463 est:
3210 3382 3315 3463 Qui
3360 3382 3613 3463 ioquitur

1983 3451 2466 3524 mendacium,ie_x
2508 3452 2751 3524 propriis
2778 3452 3051 3524 loquitur.
3089 3454 3255 3506 Istam
3287 3451 3498 3524 ltetitias
3526 3452 3610 3506 fa-

1982 3521 2149 3594 ciem,
2173 3538 2237 3576 ex
2261 3521 2879 3592 judiciorumrensura
2904 3524 3227 3578 venientem
3256 3522 3454 3577 callida
3477 3538 3611 3594 pro-

1982 3592 2199 3647 visione
2241 3593 2545 3649 sacerdotis
2578 3594 2747 3649 vestri
2792 3594 2968 3649 oculis
3008 3594 3340 3661 abstulistis,
3372 3599 3437 3648 ut
3478 3592 3613 3647 eum

1981 3663 2188 3719 talibus
2213 3663 2483 3719 adversus
2507 3665 2654 3720 acies
2672 3669 2883 3720 vestras
2894 3666 3248 3720 instructum
3278 3665 3614 3720 munitioni-

1981 3735 2087 3789 bus
2113 3740 2170 3789 et
2204 3734 2544 3791 innocentiae
2570 3736 2630 3791 in
2658 3737 2985 3792 testimonio
3016 3736 3169 3791 orbis
3205 3736 3323 3791 tela
3348 3736 3610 3792 deferen-

1984 3811 2100 3887 tem
2113 3806 2183 3860 ab
2199 3805 2334 3887 ipsis
2345 3807 2696 3887 udiciorum
2719 3808 2906 3887 adytis
2928 3808 3615 3887 pelleretis,iprovidentes

1981 3882 2046 3932 ut
2070 3893 2175 3950 nec
2202 3878 2325 3950 sine
2359 3878 2805 3950 impugnatione’
2823 3878 3018 3934 inscius
3042 3878 3272 3945 viveret,
3303 3894 3406 3933 nec
3432 3878 3612 3933 habe-

1982 3953 2068 4003 ret
2080 3948 2341 4022 solatium
2364 3948 2795 4022 de'incorrupta
2817 3950 3077 4021 judicum
3106 3949 3472 4021 inquisitione
3493 3950 3616 4022 pul-

1982 4024 2153 4075 satus.
2168 4021 2278 4075 Vos
2290 4021 2526 4091 praefato
2544 4025 2601 4075 et
2616 4022 2851 4077 dedistis
2862 4022 3207 4077 etinvidistis
3218 4021 3614 4085 examen,cum

1983 4108 2101 4164 uno
2127 4091 2446 4162 eodemque
2471 4092 2676 4147 itinere
2707 4093 2915 4148 avobis
2945 4092 3423 4164 disceptationum
3443 4092 3616 4147 dubia

1984 4163 2192 4236 subire,
2215 4168 2275 4236 et_
2299 4164 2650 4233 prohibetur,
2681 4169 2739 4218 et
2767 4165 3009 4236 cogitur,
3038 4163 3109 4219 et
3132 4180 3234 4234 per
3259 4164 3613 4236 singularem

1985 4234 2181 4288 callem
2192 4233 2283 4301 ,ad
2294 4250 2524 4289 causam
2535 4236 2812 4290 arcendus
2827 4233 3236 4303 evocatur,non
3250 4233 3616 4291 manifestam

1983 4305 2245 4377 salutem,
2269 4308 2365 4360 aut
2386 4322 2500 4361 non
2524 4306 2818 4361 lacessitus
2839 4307 3142 4373 obtineret,
3171 4312 3271 4362 aut
3290 4307 3619 4377 subriperet

1984 4375 2299 4450 absolutus.
2313 4377 2720 4450 Adolescentia:
2732 4395 2877 4433 mea;
2890 4378 3131 4434 memini
3145 4395 3239 4432 me
3253 4379 3365 4450 legi
3373 4375 3469 4432 sse
3477 4382 3617 4431 tem-

1984 4447 2214 4519 poribus
2229 4447 2299 4519 de
2315 4449 2567 4518 quodam
2584 4450 2801 4505 dictum
2820 4469 2833 4504 :
2856 4450 3043 4505 Exsuli
3061 4447 3612 4519 exsilium'imperas,

1901 4516 1962 4588 D
1985 4516 2088 4591 nec
2114 4518 2236 4591 das.
2264 4516 2373 4573 νόει
2397 4521 2699 4591 prophetae
2728 4521 2953 4591 impetit
2977 4520 3287 4575 sententia:
3315 4539 3343 4571 «
3374 4516 3464 4573 isti
3486 4524 3620 4574 sunt

1984 4588 2086 4643 viri
2106 4588 2208 4662 qui
2223 4588 2709 4645 conturbaverunt
2736 4588 2972 4661 terram,
2997 4595 3055 4646 et
3078 4592 3178 4662 qui
3207 4593 3618 4645 concusserunt

1985 4675 2165 4731 regna
2192 4660 2317 4725 (Isa.
2351 4678 2465 4731 xiv,
2504 4663 2609 4730 16).
2640 4684 2668 4711 ››
2698 4663 2766 4716 Et
2802 4662 3009 4717 iterum
3040 4679 3054 4717 ε
3089 4660 3116 4711 ἆ
3152 4662 3495 4717 Excidentur
3519 4677 3613 4715 ra-

1984 4730 2228 4804 musculi
2265 4730 2465 4787 eorum
2506 4733 2762 4801 falcibus,
2796 4736 2853 4787 et
2894 4750 3022 4804 quas
3064 4732 3337 4788 derelicta
3375 4732 3613 4800 fuerint,

1985 4802 2390 4857 abscindentur
2432 4805 2556 4871 (Isa.
2609 4820 2764 4871 xvm,
2811 4805 2882 4874 5).
2912 4802 2947 4854 ἶ)
2994 4805 3061 4858 Et
3106 4821 3347 4859 rursus:
3395 4826 3421 4853 «
3472 4805 3615 4858 Dum

1984 4891 2099 4928 non
2127 4874 2364 4944 speratis
2383 4874 2575 4929 veniet
2593 4874 2861 4930 contritio
2881 4879 3085 4940 vestra,
3108 4878 3167 4929 et
3189 4875 3618 4931 comminuetur

1985 4946 2130 4999 sicut
2171 4945 2375 5015 lagena
2415 4946 2581 5017 ﬁguli
2624 4946 2933 5000 multitudo
2973 4951 3159 5001 vestra
3184 4947 3315 5016 (Isa.
3359 4963 3484 5015 xxx,
3527 4950 3613 5012 l3,

1988 5017 2093 5091 14).
2124 5036 2152 5091 ξ)
2186 5017 2293 5091 Nec
2319 5033 2437 5091 non
2464 5017 2747 5091 propheta
2772 5017 3009 5091 adhanc
3031 5035 3265 5091 causam
3295 5018 3617 5091 specialiter

1986 5088 2205 5141 locutus
2250 5087 2504 5142 intonuit
2551 5087 2591 5143 :_
2622 5110 2650 5139 «
2701 5088 2977 5143 Dominus
3024 5087 3341 5146 inclinavit'
3378 5104 3615 5144 manum

1984 5173 2170 5231 suam,
2203 5160 2261 5211 et
2283 5165 2513 5231 corruet
2542 5159 2639 5230 qui
2666 5159 2779 5214 fert
2813 5161 2981 5215 malis
3019 5162 3313 5231 auxilium,
3342 5164 3401 5215 et
3429 5159 3613 5225 cadet,

1984 5229 2073 5303 cui
2090 5232 2322 5300 praestat
2345 5229 2641 5298 auxilium,
2661 5231 2950 5303 simulque
2976 5249 3175 5288 omnes
3202 5229 3617 5303 consumentur

1985 5300 2111 5369 (Isa.
2144 5316 2297 5375 xxxi,
2323 5303 2396 5375 3).
2429 5322 2457 5351 »
2491 5303 2685 5375 Redeo
2722 5300 2919 5359 tamen
2948 5309 3073 5375 post
3113 5304 3296 5375 multa
3312 5300 3613 5375 exemplo-

1984 5388 2114 5426 rum
2158 5372 2426 5443 suﬂ‘ragia
2475 5374 2547 5428 ad
2597 5376 2843 5430 novellas
2894 5372 3183 5431 canonum
3230 5372 3611 5428 deﬁnitiones.

1984 5444 2203 5500 Clamat
2224 5445 2293 5518 ini
2316 5444 2428 5499 alio
2459 5447 2583 5518 loco
2617 5447 3068 5518 Carthaginense
3091 5444 3413 5518 concilium,
3440 5458 3614 5514 quas-

1984 5532 2210 5597 cunque
2229 5516 2300 5597 ad
2313 5517 2735 5597 accusationem
2760 5514 3032 5597 personas
3056 5517 3214 5597 leges
3233 5514 3614 5597 publicas-non

1983 5585 2299 5660 admittunt
2321 5588 2408 5643 his
2430 5585 2811 5660 impugnandi
2838 5588 3103 5660 alterum,
3122 5585 3182 5640 et
3196 5585 3615 5660 nos‘licentiam

1985 5658 2411 5727 submovemus,
2440 5663 2497 5715 et
2516 5656 2695 5715 nullae
2739 5657 3123 5713 accusationes
3143 5673 3176 5711 a
3193 5656 3483 5728 judicibus
3509 5673 3611 5710 au-

1987 5728 2222 5784 diantur
2247 5731 2632 5787 ecclesiasticis
2668 5746 2794 5801 quas
2818 5729 3058 5801 legibus
3087 5727 3272 5784 δεουΙί
3302 5727 3611 5801 prohiben-

1984 5805 2096 5856 tur.
2122 5803 2322 5866 Quaero
2349 5819 2383 5857 ει
2404 5802 2562 5859 vobis
2582 5800 2699 5858 viri
2711 5800 2917 5873 quibus
2943 5800 3127 5859 indita
3158 5807 3242 5859 est
3266 5800 3336 5857 ad
3358 5816 3612 5873 unguem
