4062 6188
445 275 573 327 1011

437 379 618 450 posita
644 379 822 449 polita
845 380 1139 449 perfectio,
1167 380 1335 450 cujus
1353 377 1693 450 conditionis
1721 377 1945 450 fuerint
1963 377 2068 450 ista

437 448 876 522 inancipiauqua’a
906 451 1189 521 postulata
1222 448 1456 522 scriptis
1497 448 1906 522 principalibus
1931 449 2065 522 inti-

438 519 655 588 mastis,
698 519 746 573 si
776 519 857 575 ea
899 519 1121 576 servilis
1167 519 1362 576 adhuc
1406 521 1468 575 in
1499 519 1802 591 potestate
1842 520 2074 575 alterius

437 595 635 646 catena
662 591 966 660 retinebat,
991 598 1046 647 et
1075 593 1232 647 nulla
1257 593 1516 647 obscenae
1545 591 1906 662 obligationis
1925 607 2074 646 com-

437 662 948 733 pedibusvestigia
995 664 1054 718 in
1107 664 1427 719 libertatem
1470 664 1640 717 missa
1683 662 1952 717 laxabant
1989 663 2074 717 vel

435 733 591 806 vobis
643 732 1086 805 disceptantibus
1130 735 1300 790 fidem
1359 735 1625 806 aliquam
1662 733 2072 806 rprwdictorum

435 805 608 858 verba
637 807 996 874 portassent?
1022 807 1151 877 Sed,
1181 806 1372 870 credo,
1403 805 1748 876 replicabitis
1773 806 2074 860 veritatem

437 891 567 948 qua
598 881 798 948 sponte
824 878 1048 948 prolata
1073 878 1131 932 in
1161 877 1270 932 illis
1303 895 1411 932 vox
1443 878 1654 932 habere
1683 893 1798 931 non
1827 880 2071 946 poterat,

435 947 582 1001 hanc
611 947 844 1002 diversis
884 949 1221 1003 cruciatibus
1251 953 1336 1003 est
1363 949 1592 1003 latebris
1633 948 1747 1002 suis
1777 948 2075 1018 religiosus

437 1023 622 1074 tortor
650 1024 937 1090 exegerat,
960 1023 1026 1075 ut
1053 1021 1191 1075 dum
1217 1020 1398 1091 poenis
1427 1036 1666 1090 corpora
1693 1019 2070 1091 solverentur,

436 1106 563 1161 quae
605 1089 965 1161 gesta’fuisse
1001 1089 1257 1160 noverat,
1288 1092 1480 1146 anima
1521 1089 1636 1144 non
1681 1091 1907 1145 celaret.
1940 1089 2070 1156 Sed,

437 1177 652 1232 quaeso,
676 1162 930 1232 primum
959 1163 1031 1216 ad
1060 1163 1215 1232 leges
1236 1163 1486 1233 publicas
1514 1161 1722 1216 deinde
1753 1161 1827 1215 ad
1851 1161 2075 1233 judices

438 1249 540 1286 ora
588 1234 922 1304 convertite,
953 1234 1050 1304 qui
1101 1232 1334 1304 possunt
1374 1235 1433 1287 in
1479 1233 1809 1288 defensione
1857 1248 1956 1286 sua
1995 1232 2073 1285 sic

439 1303 652 1375 eloqui,
684 1320 784 1358 nos
823 1303 989 1374 quos,
1009 1303 1117 1358 Dei
1144 1305 1436 1359 servitium
1471 1321 1574 1375 pro
1603 1304 1844 1358 istarum
1881 1319 2074 1358 rerum

437 1374 759 1447 abjectione
788 1375 919 1429 fecit
951 1376 1254 1447 ingenuos,
1287 1376 1386 1447 qui
1413 1374 1766 1447 servulorum
1793 1375 2071 1447 insultan-

435 1444 580 1518 tium
611 1447 990 1501 contumelias
1017 1444 1114 1501 aut
1140 1444 1502 1518 despicimus,
1527 1450 1627 1501 aut
1647 1445 1931 1511 ridemus;
1955 1445 2076 1518 qui-

436 1517 542 1570 bus
574 1518 846 1588 scriptum
874 1521 960 1572 est
987 1519 1056 1572 de
1087 1516 1318 1573 famulis
1350 1535 1456 1589 per
1481 1518 1864 1589 Apostolum:
1905 1536 1933 1565 «
1959 1516 2072 1589 Me-

435 1586 700 1643 mentote
737 1589 873 1658 quia
915 1595 1104 1643 vester
1134 1593 1191 1643 et
1234 1586 1460 1644 illor‘um
1506 1586 1781 1643 Dominus
1819 1588 1880 1642 in
1917 1586 2074 1642 cmlis

440 1662 524 1711 est
556 1659 766 1728 (Ephes.
795 1677 869 1727 v1,
899 1660 971 1729 9).
1005 1682 1032 1709 »
1064 1661 1151 1714 Ad
1184 1661 1306 1715 haec
1354 1660 1546 1714 saeculi
1594 1661 1745 1714 mala
1788 1658 2073 1713 revocabi-

438 1746 585 1804 mur,
608 1730 934 1786 faciendum
954 1749 986 1785 a
1002 1732 1168 1786 nobis
1195 1736 1300 1800 est,
1322 1731 1475 1804 quod
1502 1731 2071 1804 facientemalterum

440 1801 740 1870 profanum
772 1818 892 1857 esse
923 1800 1358 1873 contendimus;
1376 1803 1529 1873 quod
1560 1818 1660 1872 per
1688 1800 2073 1856 ministerium

431 1868 723 1940 jussionis,
755 1876 812 1928 et
839 1891 1042 1928 manus
1078 1868 1279 1928 alienae
1317 1868 1624 1928 incestaret
1655 1878 1950 1943 aspectum
1975 1888 2072 1925 ve-

410 1938 621 2016 ‘strum
663 1938 859 1999 nestro
901 1951 1206 2016 peragetur
1248 1946 1511 2016 imperio.
1569 1938 1752 1998 Nolite
1801 1944 1948 1997 hanc
2003 1943 2073 1998 ad

438 2014 727 2069 universas
756 2014 1018 2070 Eccle‘sias
1033 2014 1287 2072 mentem
1307 2014 1598 2088 rapacium
1625 2017 1891 2088 luporum
1914 2030 2073 2088 more

437 2089 492 2139 et
505 2089 971 2160 naturaservare,
988 2089 1117 2160 quia
1130 2086 1552 2160 postquamnos
1571 2087 1911 2160 maculasset
1928 2086 2073 2160 forte

437 2173 539 2226 pro
573 2157 866 2212 desideriis
903 2156 1102 2213 vestris
1131 2156 1377 2214 cruenta
1416 2159 1688 2212 discussio
1715 2157 1981 2212 effectum
2014 2156 2071 2210 in

441 2228 526 2281 his
575 2245 688 2285 quo
738 2229 969 2284 tenditis
1011 2247 1126 2285 non
1175 2232 1433 2285 haberet.
1492 2229 1600 2284 Sed
1646 2229 1873 2283 dicente
1915 2227 2073 2282 vobis

436 2297 717 2369 Propheta
750 2317 762 2354 :
798 2322 824 2349 ‹‹
853 2302 1136 2356 Ponamus
1163 2303 1440 2356 circulum
1480 2301 1538 2354 in
1583 2299 1812 2354 naribus
1849 2297 2070 2366 vestris,

440 2372 499 2423 et
526 2370 755 2425 frenum
783 2371 842 2425 in
870 2372 1056 2439 labiis,
1087 2376 1145 2426 et
1187 2373 1525 2427 reducamus
1561 2388 1661 2425 vos
1686 2371 1747 2425 in
1784 2370 1936 2424 viam
1961 2386 2075 2440 qua

436 2440 676 2514 venistis
692 2442 793 2512 (IV
808 2445 935 2512 Reg.
955 2461 1069 2510 x1x,
1094 2446 1201 2512 28).
1220 2464 1248 2496 ι)
1274 2444 1382 2508 Qui
1403 2443 1609 2498 eodem
1628 2442 1910 2514 propheta
1929 2457 2074 2514 asse-

439 2517 601 2566 rente
618 2511 1038 2586 impugnamini
1058 2516 1158 2586 qui
1179 2516 1317 2570 dicit
1341 2533 1353 2570 :
1382 2537 1409 2564 «
1427 2516 1607 2586 Erunt
1626 2511 1787 2586 quasi
1804 2529 1922 2567 non
1938 2511 2070 2578 sint,

440 2588 497 2637 et
514 2584 907 2657 peribunt’viri
937 2587 1035 2657 qui
1055 2584 1452 2642 contradicunt
1465 2585 1620 2640 vobis
1637 2584 1889 2657 (lsa.xL_i,
1917 2586 2022 2651 11).
2041 2603 2070 2632 ››

514 2655 624 2708 Hoc
649 2656 820 2710 etiam
846 2655 992 2712 novo
1020 2659 1323 2712 adversum
1351 2674 1456 2712 nos
1485 2656 1815 2711 subdidistis
1845 2655 2074 2708 invento

439 2725 629 2800 ipsum
645 2728 975 2800 Dominum,
995 2734 1051 2783 et
1067 2730 1489 2800 redemptorem
1508 2734 1767 2800 nostrum
1778 2741 2075 2800 servorum

439 2796 653 2871 s_ubisse
690 2798 936 2871 judicio,
963 2803 1022 2871 et
1047 2801 1170 2855 coeli
1215 2795 1578 2871 operatorem
1626 2797 1920 2870 particulae
1951 2795 2070 2850 cui-

441 2866 828 2940 damspome
857 2870 1204 2940 subjacuisse
1242 2866 1505 2938 terrenae,
1537 2866 1676 2924 dum
1719 2871 1982 2940 testatur,
2017 2872 2075 2922 et

439 2937 726 3008 loquitur:
754 2959 780 2990 «
804 2939 847 2993 Ο
874 2937 1019 2995 Juda
1045 2945 1103 2996 et
1123 2937 1763 3008 Hierusalem,judicate
1785 2939 1936 2993 inter
1955 2954 2069 3005 me,

440 3013 498 3083 et
517 3010 670 3062 inter
691 3010 911 3083 vineam
938 3028 1130 3066 meam
1148 3016 1272 3080 (Isa.
1293 3029 1345 3080 v,
1365 3013 1436 3083 3),
1460 3033 1487 3060 ››
1517 3010 1625 3066 hoc
1647 3010 1818 3065 etiam
1841 3010 2073 3064 beatum

438 3081 690 3154 Petrum,
713 3080 822 3154 hoc
850 3083 1090 3137 Paulum
1126 3080 1448 3154 apostolum
1474 3099 1588 3136 non
1622 3083 1912 3154 horruisse
1937 3097 2070 3154 nar-

439 3151 593 3216 ratis,
621 3156 678 3225 e_t
709 3152 864 3206 illam
891 3159 1137 3225 vestram
1162 3151 1511 3225 elegantiam
1539 3154 1607 3208 ad
1624 3153 1720 3223 jus
1745 3151 2074 3223 pertrahitis

440 3223 838 3300 exemplorum
872 3223 1054 3297 251
1089 3223 1330 3300 nexibus
1355 3225 1774 3300 praecedentem
1797 3225 1961 3294 quasi
1975 3239 2072 3300 v_o-

437 3293 522 3345 bis
544 3293 726 3365 inhac
744 3293 1278 3365 parte—remanserit,
1299 3293 1431 3351 cum
1456 3297 1740 3350 renitente
1761 3293 2072 3361 contentio,

441 3368 495 3416 ot
509 3364 706 3439 validis
723 3364 1001 3439 facundiae
1013 3374 1212 3423 vestrae
1234 3368 1424 3439 digitis
1437 3368 1742 3438 exigantur
1757 3367 1961 3439 oblata.
1979 3365 2074 3439 Sa-

439 3437 689 3490 muelem
719 3437 888 3510 etiam
919 3440 1259 3510 prophetam
1283 3437 1590 3494 mirificum
1615 3439 1684 3493 dc
1707 3437 2075 3510 conscientiae

438 3509 891 3581 siuaserenitate
913 3509 1067 3580 vulgi
1091 3511 1276 3564 dicitis
1297 3511 1631 3581 implorasse
1662 3509 2072 3581 testimonium.

440 3577 587 3651 Quid
619 3578 774 3632 enim
802 3577 1037 3636 Samuel
1058 3583 1234 3637 dixit?
1261 3577 1416 3637 Scire
1445 3581 1745 3636 Dominum
1768 3580 1921 3651 quod
1943 3580 2072 3633 nul-

437 3648 544 3722 lius
578 3666 829 3720 unquam
867 3652 1262 3721 substantiam,
1295 3653 1504 3707 nullius
1549 3668 1718 3722 pecus
1768 3648 2070 3722 abegisset,

440 3719 798 3775 adversatum
829 3739 888 3776 se
924 3719 1258 3780 muneribus
1283 3730 1339 3780 et
1364 3724 1521 3795 quod
1549 3719 1640 3778 ‘est
1683 3739 1856 3795 supra
1885 3719 2072 3795 homi-

437 3806 570 3844 nem
603 3796 805 3861 sponte
834 3795 1120 3850 venientia
1146 3797 1297 3850 dona
1322 3793 1546 3858 vitasse,
1579 3793 1889 3864 providens
1925 3793 2072 3846 scili-

438 3867 528 3937 cet
539 3878 610 3917 ne
621 3880 724 3933 pro
739 3866 1124 3934 suspicionum
1142 3867 1275 3937 praej
1286 3867 1470 3920 udicio
1484 3866 1555 3937 (3)
1571 3865 1851 3937 Homirius
1865 3865 2076 3919 damna

436 3935 748 4006 pateretur.
780 3935 1269 3992 Postremunrsub
1303 3935 1497 3992 divina
1521 3936 1885 3991 attestatione
1915 3940 2068 4006 pate-

437 4005 567 4058 fecit
615 4005 1027 4075 innocentiam,
1058 4026 1129 4064 ne
1175 4011 1493 4064 humanum
1543 4008 1759 4062 subiret
1805 4005 2071 4062 examen.

440 4075 835 4147 Redemptoris
855 4081 1035 4133 nostri
1048 4081 1329 4150 judicium
1355 4080 1506 4152 quod
1527 4080 1674 4133 inter
1697 4095 1755 4133 se
1775 4084 1831 4152 et
1849 4079 2074 4152 vineam

442 4163 607 4222 suam
637 4153 796 4222 optat
818 4149 1073 4222 evenire,
1097 4153 1232 4205 dum
1255 4149 1441 4207 vestra
1461 4152 1520 4205 in
1547 4150 1816 4222 praesenti
1843 4149 2074 4222 negotio

441 4218 593 4293 mala
627 4221 874 4293 respicit,
906 4222 1088 4293 magis
1113 4223 1379 4293 implorat
1403 4224 1457 4277 S.
1483 4218 1816 4276 Athanasius
1836 4218 2075 4274 Alexan-

439 4287 619 4340 drina:
655 4287 1164 4371 urbisepiscopus,
1197 4287 1719 4371 dum__participum
1757 4295 2074 4371 vestrorum

437 4364 704 4433 argueret
719 4361 942 4433 invidia
969 4380 1287 4432 agnoscens
1318 4361 1422 4417 sibi
1456 4380 1557 4433 per
1584 4361 2072 4417 contumeliarum

441 4429 869 4505 multitudinem
903 4429 1240 4489 exercitium
1273 4429 1608 4505 contingere
1641 4450 1754 4487 non
1784 4433 2072 4501 timorem,

1335 271 1619 327 APPEND.
1660 271 1748 324 AD
1785 272 1947 325 ὅίΕΟ.
1993 269 2076 323 IX.
2109 297 2176 308 -—
2218 266 2466 322 lSlDOiU
2503 265 2931 323 MERCATORIS

3680 269 3812 322 l0l2

2169 374 2423 430 indulsit.
2441 374 2646 446 Quisin
2659 374 2766 428 hac
2776 373 3139 446 allegationis
3151 373 3527 446 ipsiusfronte
3547 373 3818 442 nesciret,

2173 446 2378 526 fultum
2405 445 2880 526 ad‘coepiscop‘os
2915 445 3183 526 puritatis
3210 445 3558 526 testimoniis
3600 461 3819 526 conve-

2171 518 2342 585 nisse,
2364 517 2464 587 qui
2485 517 2590 570 hoc
2607 515 2755 587 quod
2770 515 3197 580 districtionem
3228 532 3432 572 eorum
3450 517 3647 571 minus
3676 515 3816 571 lice-

2172 589 2291 656 bat,
2321 587 2638 654 exhorruit,
2667 587 2955 642 aastimans
2980 587 3121 642 illud
3151 587 3336 658 magis
3357 587 3617 658 quolibet
3645 588 3818 642 modo

2175 659 2633 714 labefactandum
2656 659 2807 730 quod
2826 659 3120 730 statuisset
3137 675 3338 713 censor
3350 658 3653 713 invalidus.
3670 658 3820 723 Quid

2174 731 2476 802 praefatum
2493 729 2798 784 incessistis
2817 729 3019 802 canina
3037 729 3379 802 loquacitate
3392 730 3422 784 ?
3440 731 3589 794 Quid
3609 729 3822 802 laeditis

2173 801 2291 856 non
2309 802 2682 856 maerentem?
2697 802 2903 855 Votum
2913 801 2960 871 ej
2972 816 3036 854 us
3051 801 3320 872 est,quod
3335 805 3588 856 vestrum
3601 801 3821 872 putatis

2175 889 2296 928 esse
2324 879 2629 928 terrorem.
2661 871 2770 927 Sed
2794 873 3034 926 astutior
3056 872 3117 926 in
3143 871 3302 927 vobis
3327 889 3502 942 quam
3551 871 3616 926 in
3640 872 3819 926 Atha-

2174 943 2315 999 nasii
2342 943 2681 999 adversariis
2702 943 2912 997 novelli
2941 943 3091 997 virus
3121 943 3401 1014 serpentis
3431 943 3709 998 insibilat.
3736 943 3820 999 llli

2176 1016 2506 1070 nescierunt
2533 1015 2687 1084 quod
2719 1014 2933 1086 optime
2963 1014 3174 1069 callctis
3212 1014 3456 1085 qualiter
3485 1015 3820 1086 triumphus

2175 1086 2470 1140 tolleretur
2493 1086 2787 1156 impetito;
2818 1085 2896 1140 illi
2923 1091 3295 1156 provocatum
3331 1102 3345 1140 :
3375 1086 3452 1139 Ne
3492 1085 3820 1140 audiendus

2176 1161 2502 1212 occurreret
2528 1155 2939 1210 formidabant.
2959 1157 3068 1210 Vos
3089 1172 3306 1212 morem
3334 1172 3506 1226 quem
3525 1156 3822 1211 habebant

2175 1228 2487 1282 examinari
2514 1245 2630 1282 non
2663 1229 2933 1296 ferentes,
2961 1227 3253 1283 venientes
3275 1227 3482 1298 jaculis
3502 1227 3817 1298 repulistis,

2175 1303 2232 1355 et
2249 1299 2487 1354 taedium
2503 1299 2662 1353 vobis
2689 1299 2759 1353 de
2786 1299 3067 1354 sententia
3096 1304 3499 1370 praeparatum,
3521 1299 3822 1370 ultricium

2174 1387 2469 1426 armorum
2521 1370 2917 1441 assumptione
2967 1369 3378 1424 commutastis.
3437 1371 3480 1425 0
3528 1369 3821 1425 malorum

2175 1441 2670 1508 commemoratio,
2702 1457 2830 1512 qua
2854 1457 3051 1495 vocem
3096 1446 3154 1495 et
3195 1443 3428 1512 praestat
3471 1447 3530 1496 et
3570 1441 3820 1506 subruit,

2175 1513 2311 1568 dum
2342 1513 2464 1566 illos
2491 1529 2635 1577 quos
2661 1513 2722 1566 in
2748 1513 3057 1567 clamorem
3088 1512 3355 1577 coegerit,
3389 1527 3595 1566 eorum
3643 1513 3825 1567 etiam

2177 1583 2454 1652 gravitate
2499 1581 2632 1638 facti
2675 1583 2850 1638 verba
2882 1581 3215 1638 confunditl
3262 1581 3399 1647 Quis
3442 1583 3702 1654 patiatur
3727 1600 3826 1638 vos

2176 1671 2340 1726 aequo
2369 1655 2564 1709 animo
2592 1654 2948 1726 garrientes?
2974 1656 3121 1724 Ergo
3150 1670 3261 1726 nos
3279 1654 3605 1726 secundum,
3632 1671 3820 1709 asser-

2177 1724 2391 1780 tionem
2438 1724 2686 1780 vestram
2743 1725 2983 1779 novellae
3035 1724 3295 1780 utilitatis
3337 1725 3652 1780 commoda
3706 1741 3825 1781 non

2173 1813 2451 1864 amamus,
2483 1797 2621 1850 dum
2670 1796 2919 1850 definitis
2963 1796 3280 1850 senioribus
3329 1801 3605 1866 praestare
3655 1796 3822 1852 obse-

2173 1869 2393 1940 quium.
2429 1869 2526 1940 Hic
2557 1870 2676 1940 tota
2716 1867 2938 1937 ingenii
2964 1867 3090 1921 vela
3127 1866 3492 1940 suspenditis,
3517 1867 3625 1940 hic
3661 1883 3822 1940 resu-

2173 1938 2323 2011 pinare
2372 1938 2605 2011 cervicis
2629 1954 2700 2011 ex
2739 1954 2960 1992 secessu
3001 1939 3243 2011 pectoris
3272 1938 3572 2011 quidquid
3617 1938 3826 1993 habuit

2173 2009 2405 2082 spiritus
2424 2009 2671 2082 flaminis
2697 2016 2890 2082 ructus
2919 2009 3188 2082 evomuit.
3220 2009 3392 2082 Aiunt
3419 2009 3622 2082 enim;
3648 2011 3824 2082 Moysi

2175 2079 2221 2136 εἰ
2240 2081 2394 2135 vobis
2426 2080 2659 2152 jejunia
2678 2084 2735 2134 et
2772 2079 2964 2152 Elisg'ei
3016 2081 3314 2146 miracula,
3349 2096 3475 2150 qua:
3517 2079 3642 2151 egit
3687 2079 3824 2136 dum

2174 2150 2832 2220 mortuum'suscitavit,
2866 2150 2913 2204 si
2957 2167 3176 2206 annosa
3215 2153 3440 2205 tantum
3491 2150 3821 2218 sectamini,

2174 2223 2615 2281 confundantur.
2660 2221 2803 2287 Quid
2848 2221 2942 2275 hic
2989 2221 3225 2277 rationis
3268 2221 3491 2276 invenit
3530 2226 3822 2278 scrutator

2172 2295 2457 2373 idoneus?
2483 2293 2695 2373 Nonsi
2706 2292 2831 2373 auri
2847 2292 3101 2373 pallidus
3130 2293 3439 2373 inquisitor
3464 2298 3740 2373 occurrat

2174 2366 2431 2421 sensibus
2457 2364 2656 2419 vestris
2681 2364 2989 2418 latentium
3021 2381 3298 2419 venarum
3323 2369 3515 2419 motus
3541 2365 3820 2433 inveniet,

2175 2443 2232 2493 et
2249 2436 2488 2492 insuetis
2501 2437 2691 2490 lucem
2709 2434 2945 2489 latebris
2967 2451 3301 2491 sermonum
3320 2436 3509 2490 fossor
3526 2436 3821 2491 admittet.

2174 2509 2387 2565 Idcirco
2405 2523 2544 2578 ergo
2565 2522 2707 2562 cana
2730 2505 3008 2579 miracula
3029 2524 3146 2562 non
3174 2507 3508 2579 probamus,
3529 2508 3579 2560 si
3599 2508 3823 2579 juveni-

2171 2581 2320 2635 libus
2348 2577 2693 2633 consensum
2725 2593 2842 2632 non
2871 2577 3193 2648 praabemus
3233 2577 3576 2634 excessibus.
3602 2577 3668 2634 Si
3706 2595 3826 2633 ser-

2173 2667 2305 2706 vum
2320 2650 2567 2705 Domino
2583 2648 2922 2720 discipulum
2941 2650 3216 2720 magistro
3232 2650 3518 2720 evangelii
3529 2666 3830 2705 memores

2173 2723 2608 2801 subjungamus,
2625 2720 2907 2801 quidquid
2934 2721 3121 2801 potuit
3145 2721 3418 2793 prodesse
3441 2721 3826 2801 negligimus.

2173 2790 2292 2850 Alia
2323 2790 2458 2847 sunt
2479 2790 2916 2864 improbissimis
2937 2790 3247 2848 hominum
3273 2809 3402 2864 quae
3422 2791 3494 2846 ad
3522 2790 3701 2847 usum
3733 2809 3826 2847 re~

2173 2868 2400 2919 centem
2445 2862 2579 2917 sine
2607 2862 2820 2933 injuria
2867 2864 3157 2919 vetustatis
3197 2862 3568 2919 adhibemus.
3597 2863 3826 2918 Novam

2172 2935 2377 2990 deinde
2405 2935 2651 3006 culpam,
2681 2938 2738 2989 et
2760 2950 2936 3004 quam
2955 2934 3322 3006 investigatio
3353 2935 3830 3006 nostratransie-

2171 3013 2280 3074 rat,
2312 3005 2662 3060 reclusistis:
2700 3021 2876 3077 quare
2908 3021 3058 3077 papa
3097 3005 3221 3062 sine
3257 3006 3506 3076 exempli
3555 3005 3829 3077 instituto

2174 3077 2550 3150 praecedentis
2593 3076 2874 3148 synodum
2917 3076 3262 3145 convocavit,
3290 3081 3354 3132 ut
3390 3077 3461 3132 de
3505 3076 3825 3133 criminum

2177 3149 2298 3222 ejus
2322 3149 2640 3222 objectione
2679 3153 3068 3222 cognosceret.

2245 3223 2376 3275 Post
2394 3217 2532 3274 haec
2561 3236 2665 3274 nos
2707 3217 2966 3274 falsitatis
3008 3217 3247 3290 arguitis
3291 3235 3484 3290 coram
3528 3219 3822 3290 principe.

2173 3293 2308 3371 Quae
2331 3291 2398 3371 in
2427 3291 2664 3371 praefato
2692 3291 2928 3371 nnegotio
2961 3289 3361 3371 scripta‘sunt,
3374 3289 3703 3371 didicimus
3730 3289 3830 3371 po-

2175 3363 2399 3418 stulata.
2430 3361 2673 3429 iPraesta,
2715 3361 2971 3429 Domine,
3012 3361 3087 3416 ut
3121 3361 3430 3431 labyrinthi
3479 3361 3661 3431 hujus
3705 3361 3828 3416 sine

2177 3450 2368 3488 errore
2399 3433 2660 3488 sinuosos
2696 3449 3031 3504 superemus
3068 3432 3384 3500 anfractus;
3417 3432 3604 3502 dirige
3649 3433 3829 3488 semi-

2175 3509 2295 3560 tam
2322 3521 2496 3575 quam
2534 3504 2795 3558 flexibilis
2824 3504 3058 3559 coluber
3091 3505 3254 3574 juxta
3292 3504 3574 3558 fabricam
3603 3504 3828 3629 ι)τοῦΓῆ

2175 3576 2432 3629 corporis
2458 3580 2554 3629 aut
2579 3575 2789 3629 mentis
2814 3580 3102 3629 oneratur.
3129 3579 3196 3629 ut
3218 3591 3348 3629 vere
3374 3575 3638 3629 dicamus
3662 3592 3676 3629 :
3757 3591 3824 3629 o-

2175 3576 2432 3646 corporis
2458 3580 2554 3629 aut
2579 3575 2789 3629 mentis
2814 3580 3102 3646 operatur,
3129 3579 3196 3629 ut
3218 3591 3348 3630 vere
3374 3575 3638 3629 dicamus
3662 3592 3676 3630 :
3713 3575 3824 3629 Do-

2174 3649 2362 3702 minus
2384 3646 2655 3701 virtutum
2677 3647 3004 3715 nobiscum,
3023 3647 3248 3718 adjutor
3268 3650 3460 3700 noster
3481 3647 3635 3700 Deus
3655 3647 3830 3701 Iacob

2175 3719 2343 3790 (Psal.
2372 3734 2492 3784 XLv,
2526 3721 2595 3785 8).
2630 3719 2696 3771 Et
2722 3734 2852 3790 cum
2881 3719 3191 3790 Salomone
3229 3718 3584 3790 exsultemus
3626 3718 3828 3772 dicen-

2174 3788 2259 3844 te:
2280 3792 2508 3860 «Equus
2529 3791 2761 3858 paratur
2774 3788 2847 3842 ad
2865 3789 3016 3844 diem
3032 3789 3188 3855 belli,
3206 3789 3359 3859 apud
3379 3788 3705 3843 Dominum
3730 3806 3830 3842 au-

2175 3867 2294 3916 tem
2319 3865 2403 3916 est
2427 3877 2597 3940 omne
2626 3860 3162 3940 praesidium-(Prov.
3192 3876 3306 3940 xxi,
3335 3862 3444 3931 31).
3475 3881 3503 3906 ››
3538 3860 3828 3940 Superva-

2175 3949 2346 3987 cuum
2377 3932 2610 4002 quidem
2641 3934 2736 4003 est,
2751 3930 3010 3986 absurdis
3043 3932 3390 4002 respondere
3417 3930 3829 4003 propositioni-

2175 4005 2298 4068 bus,
2327 4003 2548 4057 dicente
2579 4002 2855 4074 propheta
2882 4019 2894 4057 :
2935 4024 2961 4051 (ι
2985 4004 3062 4058 Ne
3088 4003 3431 4074 respondeas
3460 4002 3823 4074 imprudenti

2176 4076 2248 4129 ad
2280 4073 2882 4146 imprudentiamuejus
2913 4073 3092 4145 (Prov.
3119 4073 3265 4143 xxvi,
3288 4075 3362 4136 4).
3395 4095 3423 4146 η
3455 4073 3570 4146 Sed
3590 4073 3824 4146 siquod

2174 4143 2538 4215 contemptus
2579 4143 2888 4216 transierit,
2923 4143 3124 4200 vereor
3153 4161 3225 4199 ne
3263 4144 3426 4215 quasi
3452 4143 3821 4216 validus’pu-

2173 4221 2358 4282 tetur;
2390 4214 2507 4270 non
2552 4214 2804 4285 tetigisse
2848 4217 3110 4270 formido.
3141 4214 3334 4271 Melius
3371 4216 3543 4270 nobis
3579 4222 3668 4270 est
3692 4214 3822 4270 cum

2174 4288 2345 4342 beato
2371 4287 2545 4342 Paulo
2585 4286 2966 4342 insultationis
2999 4304 3195 4342 causas
3229 4287 3509 4355 incidere,
3545 4292 3604 4341 et
3647 4288 3825 4358 plena

2175 4375 2312 4414 voce
2342 4358 2537 4413 testari
2568 4375 2581 4412 :
2617 4379 2642 4406 ι(
2670 4359 2868 4412 Factus
2892 4376 3018 4413 sum
3044 4359 3321 4429 insipens,
3348 4375 3446 4412 vos
3475 4375 3570 4412 me
3602 4359 3827 4429 coegis-

2177 4431 2246 4484 tis
2279 4432 2356 4501 (II
2381 4432 2500 4486 Cor.
2531 4445 2625 4495 xu,
2659 4432 2765 4497 11).
2802 4449 2828 4477 ››
2874 4430 3116 4485 Hoccine
3159 4447 3296 4501 ergo
3334 4430 3493 4484 nullo
3525 4430 3826 4484 constabat

438 4517 570 4576 vere
597 4503 672 4576 ad
702 4520 930 4559 coronae
956 4507 1205 4576 pretium
1246 4506 1458 4576 junxit,
1479 4500 1642 4575 quod
1683 4505 1752 4559 de
1797 4500 2073 4575 dignitate
2095 4505 2153 4576 D
2178 4500 2461 4576 exemplo,
2480 4505 2545 4576 ut
2565 4501 2933 4576 sacerdotum
2944 4518 3097 4576 papa
3121 4500 3427 4576 concilium
3454 4504 3821 4567 convocaret,

438 4571 722 4641 submisit,
739 4579 794 4629 et
813 4581 944 4631 ante
956 4571 1338 4632 coelestcmwde
1357 4571 1712 4632 absolutione
1729 4571 2073 4631 sententiam

440 4660 742 4722 personam
775 4649 857 4722 rei
885 4648 1225 4722 innocentiae
1257 4650 1436 4722 bonus
1461 4649 1770 4722 testimator
1796 4647 2080 4722 implevit;

439 4716 517 4793 sic
545 4716 698 4770 enim
734 4719 940 4772 milites
985 4721 1193 4775 Christi
1234 4721 1439 4793 sudore
1486 4737 1587 4774 suo
1636 4716 1924 4793 honorum
1968 4718 2076 4793 sibi

440 4790 1186 4864 incrementaparturiunt,
1220 4792 1358 4864 dum
1398 4807 1659 4864 concessa
1706 4791 1931 4860 fastigia
1961 4790 2072 4864 ccl-

440 4858 586 4911 siore
634 4858 957 4932 humilitate
1004 4858 1302 4932 castigant,
1349 4863 1482 4917 inde
1527 4861 1761 4916 laudum
1819 4858 2076 4915 cumulos

440 4930 768 5004 mercaturi,
804 4932 953 4986 unde
984 4930 1217 5004 indepta
1267 4934 1513 4987 culmina
1544 4932 1774 4987 sublimi
1805 4933 2075 5002 parcitate

440 4999 854 5075 moderantur.
900 5003 1009 5075 Sed
1082 4999 1342 5075 quamvis
1406 5005 1638 5059 beatum
1701 4999 2076 5058 Athanasium

442 5071 697 5145 Romano
741 5074 982 5145 antistiti
1027 5071 1309 5145 quantum
1357 5092 1520 5130 nosse
1567 5076 1737 5129 datur
1771 5075 2075 5145 imparem,

437 5142 923 5217 locus‘ostcndat?
952 5142 1118 5200 Facto
1146 5152 1341 5201 tamen
1372 5148 1430 5201 in
1465 5146 1708 5217 negotiis
1737 5142 2075 5217 com—paran-

438 5213 687 5288 t_ur_;_ille
721 5220 928 5288 praisto
968 5217 1075 5272 fuit
1106 5217 1414 5287 judicibus,
1437 5213 1954 5288 iste'quantum'et
1983 5233 2078 5271 vos

436 5284 623 5339 «licitis
669 5287 980 5354 advocavit,
1024 5284 1124 5342 ille
1169 5289 1512 5345 intentatam
1569 5284 1974 5344 d-iscussionem
2017 5291 2080 5342 ut

439 5356 542 5432 Dei
569 5357 818 5412 famulus
850 5361 1240 5432 noniurefugit,
1266 5361 1374 5415 iste
1418 5361 1778 5432 triumphum
1823 5376 2003 5432 suum
2018 5359 2076 5432 in

440 5427 823 5501 discussurum
895 5427 1235 5487 collectione
1281 5427 1615 5488 constituitf
1643 5431 1750 5486 Sed
1801 5430 1936 5501 quid
1991 5430 2078 5484 his

438 5499 628 5579 longis
651 5501 1048 5579 collationibus
1077 5503 1506 5579 immoramur?
1523 5502 1741 5572 judicia
1755 5499 1835 5579 _et_
1853 5501 1957 5555 iste
1975 5517 2076 5579 vo-

436 5570 562 5645 l_ui_t_,
578 5573 810 5645 amavit,
835 5574 1086 5645 attraxit,
1105 5575 1395 5645 ingressus
1410 5570 1594 5642 est,7et
1619 5573 1774 5644 quod
1801 5575 1993 5643 posset
2013 5573 2078 5645 ti-

439 5639 652 5720 deliurn
675 5644 850 5720 corda
869 5639 1085 5720 doloris
1094 5639 1233 5720 justi
1251 5645 1462 5699 aculeis
1488 5639 1732 5720 excitare
1753 5639 2080 5698 venerando

441 5709 704 5779 concilio,
725 5709 1122 5771 auctoritatem
1146 5716 1316 5772 etiam
1337 5719 1539 5771 contra
1565 5732 1645 5781 se,
1667 5716 1714 5770 si
1737 5720 2077 5783 mereretur,

515 5804 585 5873 (3)
612 5807 704 5862 Sic
741 5811 830 5864 ed.
861 5812 1112 5880 Merlini;
1144 5813 1300 5881 alias,
1330 5815 1622 5884 opinionis.

2176 4571 2682 4642 cujus’arbitrium
2719 4576 2804 4644 est
2850 4571 3108 4626 collectio
3158 4571 3466 4644 synodalis,
3497 4576 3602 4626 aut
3651 4589 3824 4644 parva

2177 4647 2340 4698 erant
2365 4660 2494 4713 quae
2521 4643 2591 4698 de
2624 4642 2824 4696 vestris
2851 4659 2984 4697 cum
3017 4645 3118 4697 hac
3143 4643 3513 4697 multitudine
3539 4642 3818 4698 facinori-

2175 4715 2281 4768 bus
2311 4714 2768 4768 damnarentur?
2814 4715 3009 4768 Nonne
3043 4715 3255 4769 directa
3291 4718 3425 4768 sunt
3449 4714 3624 4769 verba
3659 4732 3822 4770 cano-

2174 4786 2354 4841 num?
2387 4785 2723 4855 Quicunque
2767 4785 3107 4840 clericorum
3132 4785 3201 4840 ab
3240 4786 3505 4856 episcopo
3554 4803 3662 4841 suo
3691 4791 3820 4842 ante

2177 4856 2472 4911 sententiae
2501 4860 2724 4928 tempus
2767 4873 2869 4926 pro
2908 4857 3080 4911 dubia
3115 4855 3443 4928 suspicione
3473 4855 3814 4921 discesserit,

2177 4928 2539 4983 manifestam
2572 4927 2633 4980 in
2655 4943 2788 4981 cum
2817 4944 3048 4983 manere
3074 4944 3389 4983 censuram.
3421 4928 3604 4998 Hujus
3634 4931 3722 4984 rei
3749 4929 3814 4983 ad

2177 4999 2559 5054 ministerium
2577 4999 2847 5052 devotum
2865 5001 2978 5054 Deo
2991 5000 3468 5070 oportuitagmen
3490 5015 3813 5063 occurrere,

2181 5076 2241 5125 ut
2267 5070 2472 5143 perditi
2499 5069 2868 5143 et_protl_igati
2905 5069 3097 5143 gregis
3135 5070 3419 5126 ulceribus
3455 5072 3814 5143 medicorum

2178 5141 2455 5197 exercitus
2498 5141 2851 5214 subveniret,
2876 5141 3033 5212 quia'
3057 5143 3281 5214 quoties
3321 5141 3672 5214 morborum
3709 5143 3817 5198 τ’ἱοι

2178 5213 2356 5268 lentia
2372 5213 2538 5268 celeri
2570 5228 2766 5284 gressu
2787 5213 2860 5269 ad
2886 5213 3096 5268 animai.
3116 5217 3333 5269 secreta
3360 5213 3614 5281 festinat,
3629 5214 3817 5270 obvias

2179 5301 2388 5339 manus
2408 5285 2609 5339 afferre
2631 5301 2745 5339 non
2772 5289 2960 5355 potest
2989 5286 3239 5341 salutare
3265 5284 3600 5353 consilium,
3621 5286 3734 5341 nisi
3755 5301 3818 5340 ex

2178 5357 2477 5411 collatione
2520 5356 2853 5427 multorum.
2884 5357 3026 5410 Nam
3051 5359 3108 5411 et
3137 5357 3245 5412 hoc
3267 5373 3302 5411 a
3328 5372 3468 5426 rege
3492 5361 3688 5412 vestra
3715 5374 3813 5427 po-

2178 5427 2361 5500 poscit
2402 5425 2686 5497 allegatio,
2718 5431 2784 5482 ut
2813 5427 3069 5500 abscissis
3095 5425 3437 5500 clericorurn
3467 5425 3817 5500 praejudiciis

2179 5499 2250 5553 de
2266 5502 2827 5571 accusatorumupapa
2851 5499 3056 5571 merito
3079 5516 3183 5571 per
3199 5499 3522 5554 humanum
3545 5499 3613 5553 os
3632 5515 3815 5570 super-

2181 5587 2319 5624 num
2342 5571 2630 5639 judicaret
2658 5569 2991 5640 imperium.

2253 5641 2551 5696 Videamus
2588 5644 2797 5708 tamen,
2828 5641 2875 5695 si
2897 5642 3097 5712 placet,
3121 5644 3178 5696 et
3203 5641 3326 5696 illas
3350 5640 3722 5712 disputatoris
3739 5640 3815 5692 di-

2180 5712 2442 5768 dascalici
2471 5712 2645 5767 libelli
2675 5712 2840 5769 vestri
2885 5711 3209 5784 relegamus
3241 5711 3516 5785 argutias.
3562 5711 3810 5769 Habenti-
