4062 6188
238 260 372 314 1013

227 366 338 443 bus
359 368 531 423 etiam
554 368 718 423 nobis
734 371 866 426 ante
892 371 1081 425 oculos
1106 372 1339 426 Patrum
1367 372 1708 440 sanctiones,
1734 372 1859 443 qui-

226 439 339 513 bus
367 456 704 513 excessuum
732 446 1051 496 vestrorum
1092 442 1321 497 sentina
1365 439 1861 513 pondereturflex

228 511 606 586 ecclesiastica
649 512 976 586 pontiﬁcem
1021 513 1093 567 ab
1129 514 1255 586 aliis
1299 511 1625 569 accusatum
1674 514 1860 586 prius-

227 598 408 655 quam
435 582 538 636 sub
564 583 689 655 luce
716 584 934 655 objecta
964 584 1336 653 constiterint,
1361 586 1535 655 exigit
1556 582 1863 640 non—relin-

226 652 352 727 qui.
404 656 510 707 Vos
558 654 755 727 divini
780 652 914 710 vero
960 660 1160 727 utputa
1194 652 1341 726 juris
1383 652 1685 726 memores,
1725 658 1863 727 quia

224 724 381 778 levia
400 730 585 780 errata
603 725 893 798 despicitis
920 724 1258 798 qui—peccati
1285 728 1582 783 nobilitate
1602 724 1862 797 gaudetis

222 812 304 850 ne
331 813 445 850 una
464 813 565 870 vos
589 813 658 851 ex
689 799 1008 870 desertione
1034 799 1337 854 sacerdotis
1350 800 1515 870 culpa
1537 799 1859 870 respiceret,

225 868 504 922 accusatis
533 884 664 922 cum
694 869 1058 924 incrementis
1080 868 1549 925 delictorumfAd
1596 868 1740 924 hanc
1767 887 1861 925 vos

223 939 641 1012 valetudinem,
670 940 762 996 ille
790 942 888 1011 qui
913 948 999 996 est
1024 942 1265 1012 praevius
1299 946 1485 996 vester
1510 941 1765 1009 adduxit,
1798 946 1863 996 ut

222 1015 357 1083 post
385 1010 719 1083 desolatum,
751 1010 876 1083 post
904 1010 1227 1083 impétitum
1258 1013 1603 1083 pontificem,
1627 1013 1745 1067 sine
1783 1014 1862 1066 ul-

221 1081 343 1154 lius
354 1081 543 1149 rigore
559 1081 859 1138 sententias.
877 1081 1049 1138 totius
1066 1100 1209 1154 pene
1227 1081 1398 1138 Italiae
1420 1084 1859 1154 improbandam

224 1153 549 1226 antistitum
580 1155 886 1226 crederetis
911 1172 1031 1209 esse
1059 1153 1377 1211 censuram.
1411 1153 1707 1219 Quemodo
1731 1155 1855 1226 qui-

224 1222 359 1277 dam
393 1224 534 1279 dixit
561 1225 630 1279 de
659 1226 888 1280 cohorte
931 1230 1115 1281 vestra
1144 1244 1155 1281 :
1190 1227 1557 1281 festinantem
1605 1222 1860 1281 animam

220 1296 402 1350 morti
424 1296 665 1351 credidit
692 1296 880 1352 vestri.
908 1299 1171 1353 Potestne
1199 1314 1360 1352 mens
1388 1298 1643 1352 indocilis
1662 1298 1856 1352 crimi-

220 1382 366 1440 num
388 1367 515 1440 jam
544 1367 724 1422 ditata
751 1370 1099 1423 successibus
1125 1373 1182 1423 et
1211 1369 1530 1424 detestabili
1564 1369 1857 1440 proposito

219 1439 383 1511 velut
403 1438 574 1511 eﬂ'eta
592 1440 823 1495 feriari?
845 1441 935 1495 llle
967 1458 1060 1495 vos
1086 1440 1177 1495 his
1200 1440 1508 1511 locupletes
1529 1438 1696 1494 malis
1718 1440 1857 1494 etle-

220 1510 302 1563 cit
318 1510 420 1583 cui
445 1510 759 1565 elationum
787 1512 966 1583 COpia:
998 1528 1137 1583 opes
1165 1510 1454 1583 angelicas
1482 1511 1858 1579 sustulerunt,

223 1584 285 1653 et
299 1580 559 1653 divinum
580 1598 810 1637 censum
838 1580 1080 1637 nocendi
1101 1580 1543 1653 quodexuberat
1562 1583 1859 1637 thesaurus

220 1652 450 1707 invidit.
496 1653 604 1707 Sed
648 1653 1036 1724 promissionis
1079 1652 1367 1709 memores
1410 1654 1675 1708 universa
1728 1670 1858 1724 qua:

220 1724 387 1794 operi
414 1724 666 1793 ipsorum
692 1726 1018 1794 recolimus,
1050 1726 1264 1781 inserta
1298 1730 1625 1791 tangamus.
1652 1725 1855 1795 Argui-

222 1796 476 1868 turstylo
496 1796 951 1866 splendidissimo
969 1813 1116 1868 papa
1130 1797 1524 1868 Symmachus,
1539 1812 1714 1865 quare
1731 1813 1860 1850 con-

219 1867 551 1921 ventionem
572 1869 940 1937 prteveniens,
964 1867 1094 1923 cum
1116 1870 1456 1939 populorum
1479 1868 1710 1921 cwtibus
1732 1885 1859 1921 exa-

220 1954 359 2010 men
404 1938 656 2006 intravit,
690 1945 746 1994 et
770 1946 898 2010 post
934 1938 1150 2009 judicia
1191 1938 1321 1993 eum
1361 1943 1622 1993 evocatus
1658 1942 1859 2010 quater

222 2009 444 2075 fuisset,
477 2009 784 2080 spreverit.
807 2012 897 2066 Sic
935 2028 967 2066 a
995 2011 1152 2065 vobis
1182 2011 1301 2065 veri
1336 2010 1588 2065 discessit
1615 2009 1855 2076 affectio,

218 2087 287 2134 ut
314 2080 744 2136 mendaciorum
783 2082 1004 2137 nebulis
1032 2082 1192 2136 urbis
1229 2082 1615 2137 testimonium
1646 2081 1858 2150 putetis

219 2152 456 2224 involvi,
487 2155 543 2205 et
580 2152 815 2207 fallacia:
856 2154 1110 2224 periculo
1141 2154 1363 2224 depicta
1402 2153 1591 2220 verba,
1622 2153 1746 2222 plus
1774 2152 1853 2206 vi-

218 2223 376 2276 rium
403 2224 648 2277 credatis
678 2223 890 2279 habere
929 2242 1102 2295 quam
1130 2223 1423 2279 veritatem
1450 2225 1653 2288 Roma,
1683 2239 1857 2293 quam

219 2295 722 2367 retinetnErgone
752 2295 847 2350 ille
879 2296 1341 2367 disceptationem
1378 2296 1858 2367 velimportunus

215 2365 385 2439 udiit,
404 2365 490 2439 ve_l
511 2370 866 2439 exspectatus
891 2365 1116 2439 aufugit
1130 2368 1157 2421 ‘I
1178 2369 1405 2439 Ergone
1427 2366 1583 2439 illam
1604 2366 1858 2439 multitu-

217 2435 423 2509 dinem
453 2435 676 2509 devotee
722 2438 900 2508 plebis
931 2435 1061 2493 non'
1078 2455 1180 2509 pro
1209 2438 1340 2493 fidei
1368 2437 1665 2509 diligentia
1690 2437 1851 2509 Chri-

215 2508 409 2561 stiana
428 2508 615 2581 magis
637 2510 1000 2581 exspectatio,
1017 2508 1188 2581 quam
1212 2510 1372 2563 furor
1395 2508 1675 2563 evocavit?
1696 2508 1857 2571 Quis-

213 2594 397 2649 quam
424 2595 494 2632 ne
514 2579 587 2633 ad
602 2579 957 2636 inferendam
974 2579 1300 2636 violentiam
1321 2597 1555 2635 currens
1575 2580 1855 2649 lacrymas

212 2649 463 2723 comites
488 2650 682 2719 habet,
715 2658 771 2707 et
792 2652 907 2723 qui
936 2653 1125 2706 studet
1153 2669 1271 2707 esse
1306 2650 1604 2706 formidini
1632 2651 1853 2723 vultum

214 2721 477 2775 timentis
520 2721 1153 2778 ostenditTMultitudo
1192 2723 1291 2777 illa
1318 2723 1505 2777 vincta
1545 2721 1854 2776 sacerdotis

211 2792 421 2847 ofﬁciis
446 2794 637 2847 attulit
662 2794 735 2848 ad
762 2811 865 2849 nos
889 2796 1163 2861 lamenta,
1193 2810 1309 2849 non
1330 2795 1541 2864 jacula,
1570 2809 1674 2847 nec
1700 2792 1855 2847 venit

210 2864 470 2918 telorum
502 2865 720 2933 minax,
741 2866 843 2919 sed
867 2866 1092 2920 ﬂetibus
1117 2865 1471 2930 miserabilis,
1497 2880 1609 2918 una
1628 2866 1853 2918 tantum

210 2935 600 2990 intentionem
655 2941 843 2991 vestra
903 2937 1276 2991 ostentatione
1339 2940 1663 3005 gravatura,
1718 2935 1854 3006 quia

209 3006 492 3060 uberibus
531 3008 827 3062 oculorum
854 3008 1187 3063 ﬂuminibus
1218 3006 1643 3064 demonstrabat
1676 3022 1852 3064 quam

210 3082 370 3132 esset
418 3094 517 3148 per
553 3079 921 3134 acerbitatem
962 3083 1209 3134 vestram
1258 3079 1583 3133 conditione
1614 3077 1852 3132 dolenda

208 3149 426 3219 pulsati
470 3154 523 3203 et
564 3150 624 3203 in
670 3150 971 3205 sobrietate
1013 3151 1322 3206 venerandi
1364 3148 1664 3215 examinis,
1704 3148 1849 3203 afﬂi-

207 3220 403 3274 ctione
428 3220 680 3292 _propria
723 3222 1179 3290 commendabat,
1214 3238 1387 3292 quem
1430 3236 1564 3274 voce
1594 3235 1848 3292 nonpo-

210 3294 384 3345 terat.
416 3290 529 3346 Sed
561 3290 781 3346 habetis
812 3294 1187 3353 manifestum
1216 3290 1285 3347 ex
1320 3293 1421 3346 hac
1458 3307 1519 3344 re
1546 3291 1646 3361 qui
1673 3290 1850 3345 bilem

206 3363 378 3416 furor
405 3364 696 3429 accendat,
727 3364 823 3435 qui
849 3382 996 3435 pene
1025 3365 1316 3419 absolutus
1344 3364 1417 3417 ad
1436 3362 1656 3433 judicia
1676 3362 1848 3429 venit,

206 3450 323 3500 pro
358 3450 479 3506 quo
503 3435 653 3489 orbis
685 3436 1022 3506 illacrymat,
1053 3440 1109 3490 et
1138 3436 1277 3491 dum
1318 3436 1488 3506 rebus
1516 3437 1851 3506 extraneum

206 3505 271 3559 in
309 3505 645 3575 praedictum
676 3504 947 3561 invidiam
966 3524 1231 3561 sermone
1253 3505 1537 3575 colligitis,
1562 3504 1853 3575 paulisper

205 3577 549 3631 reverentia:
593 3581 791 3632 vestra:
830 3579 927 3633 diu
965 3578 1147 3632 cervix
1188 3577 1431 3648 superba
1477 3575 1848 3648 submittitur.

205 3649 445 3720 Sacram
482 3648 635 3702 enim
664 3650 1171 3720 congregationem
1205 3647 1340 3703 tunc
1364 3648 1592 3720 vocatis,
1622 3647 1849 3716 quando

207 3718 624 3773 exstinctorem
659 3718 912 3774 nostrum
941 3721 1351 3790 Symmachum
1379 3719 1546 3773 vultis
1576 3734 1847 3783 asserere,

207 3794 274 3844 et
309 3789 528 3863 crudeli
551 3791 769 3863 pietate
804 3792 1003 3846 honori
1034 3798 1230 3847 nostro
1262 3791 1471 3863 putatis
1498 3805 1847 3863 accrescere,

205 3861 372 3933 quod
417 3861 675 3915 residens
711 3864 769 3917 in
810 3864 1176 3918 ecclesiarum
1216 3860 1344 3917 arce
1374 3860 1708 3933 perdiderit.
1744 3860 1851 3914 Nos

205 3932 297 3988 ita
327 3949 445 3986 non
485 3933 669 3987 solum
697 3951 813 3989 non
840 3936 1137 4001 sensimus,
1172 3935 1269 3989 sed
1298 3932 1519 3988 diversa
1550 3932 1848 3986 sentimus.

204 4004 298 4059 Ad
320 4003 462 4058 alios
490 4005 674 4074 magis
692 4006 887 4061 tutela;
906 4012 1107 4061 vestrm
1128 4022 1344 4059 venena
1367 4004 1697 4059 convertite.
1728 4004 1850 4074 Non

206 4076 392 4131 habet
430 4073 825 4131 testimonium
868 4078 1199 4144 defensoris,
1235 4077 1329 4147 qui
1372 4074 1713 4146 repugnanti
1743 4073 1848 4147 im-

205 4147 418 4220 pendit
445 4148 938 4220 orisobsequium.
985 4149 1173 4203 Perdit
1199 4145 1370 4220 quam
1404 4145 1520 4202 esse
1560 4148 1726 4220 putat
1747 4145 1851 4199 be-

202 4218 408 4273 neficii
439 4219 701 4289 gratiam,
734 4218 829 4291 qui
860 4221 1075 4291 aliquid
1102 4222 1334 4291 praestat
1357 4218 1551 4291 invito,
1576 4218 1711 4291 quia
1739 4233 1853 4270 non

204 4296 300 4345 est
348 4307 582 4359 munus,
620 4292 729 4345 nisi
753 4289 926 4363 quod
954 4289 1121 4346 velis
1146 4291 1424 4363 accipere.
1472 4290 1629 4363 Nunc
1678 4289 1854 4363 leuga

203 4379 332 4417 non
359 4378 504 4432 opus
523 4366 608 4417 est
632 4359 1024 4418 admdnitione
1038 4364 1161 4433 jam
1181 4359 1449 4433 perditis;
1474 4360 1669 4433 odium
1690 4359 1855 4413 debe-

1426 261 1899 319 DECRETALIUM
1936 264 2318 321 COLLECTIO.

1883 386 1942 458 Α
1961 373 2235 458 scriptum
2250 376 2354 442 est,
2372 390 2474 458 per
2490 375 2726 458 Paulum
2746 379 3114 458 apestolum_:_
3126 377 3391 458 «ignibus
3412 381 3593 458 cruci:

1881 1756 1936 1828 Β

3461 276 3592 330 1014

1958 444 2108 525 fixus
2133 449 2219 525 est
2240 444 2488 525 mundus
2518 449 2658 525 (Gal.
2683 466 2755 525 vi,
2781 444 2897 520 14).
2924 469 2951 502 ιι
2973 449 3117 525 Quid
3136 449 3247 525 illis
3266 466 3398 505 cum
3426 451 3591 525 fore?

1962 514 2199 592 Sedista
2215 517 2462 592 nescitis,
2476 514 2747 592 autquod
2763 526 2846 576 est
2860 514 3096 592 gravius
3119 524 3255 576 nota
3275 523 3589 578 contemni-

1960 586 2052 641 tis.
2073 587 2445 663 Peregrinum
2459 586 2630 663 credo
2646 586 2899 663 aliqde
2896 597 2953 647 et
2968 609 3003 647 a
3017 593 3240 647 ratione
3260 599 3589 663 separatum

1960 660 2255 735 postulans
2288 676 2440 735 papa
2470 660 2966 735 discessit—Nonne
2996 664 3102 717 hoc
3143 660 3458 733 speraverit
3481 680 3589 735 pro

1962 729 2359 813 statu‘tabentis
2372 729 2626 813 Ecclesiae.
2639 734 2907 813 pastorali
2918 750 3054 813 cur_a
3063 729 3415 813 constrictus,
3431 729 3587 813 quod

1960 804 2016 883 et
2038 801 2304 883 religiosa
2332 801 2707 883 providentia,
2725 808 2991 883 etAcausw
3015 805 3191 876 ipsius
3211 806 3352 883 crde
3371 801 3589 883 ila—gita-

1959 871 2057 947 bat
2064 872 2240 947 ?_Quae
2259 871 2412 947 enim
2420 871 2765 947 judiciorum
2779 876 2965 931 forma
2980 871 3347 947 praecesserat
3359 882 3420 932 ut
3427 871 3587 932 v'obis

1961 942 2148 1025 hostili
2152 942 2529 1025 ter_disruptis
2545 946 2716 1025 etiam
2738 964 2841 1018 per
2853 942 3303 1025 suggestionem
3311 954 3583 1025 vestram,

1961 1014 2195 1089 sublatis
2226 1014 2484 1089 Ecclesiae
2516 1014 2868 1089 opibus,'qui
2915 1014 3015 1073 diu
3043 1019 3232 1073 fuerat
3258 1018 3417 1073 cibus
3452 1014 3585 1074 esu-1

1959 1085 2252 1159 rientium,
2278 1085 2826 1159 fanusmancipium
2852 1088 3142 1144 videretur
3169 1090 3422 1157 affectus,
3446 1090 3585 1145 dum

1958 1156 2245 1231 alimentis
2288 1157 2622 1231 distributor
2651 1156 2874 1231 egebat,
2905 1165 2970 1215 ut
3007 1160 3171 1215 ﬁeret
3199 1160 3258 1215 in
3284 1156 3586 1216 dominatu

1960 1228 2216 1312 servitus,
2245 1231 2303 1281 et
2326 1228 2386 1312 in
2425 1228 3077 1312 servitute'dominatus,
3104 1247 3281 1312 usque
3312 1233 3419 1286 hoc
3443 1249 3583 1312 qua-

1958 1299 2085 1352 litas
2124 1299 2497 1372 przecedentis
2541 1302 2648 1356 aevi
2692 1319 2795 1372 per
2838 1299 3288 1357 memoriam'in
3330 1299 3585 1357 medium

1960 1374 2243 1454 transacta
2274 1371 2521 1454 redibat,
2552 1371 2791 1454 qualiter
2815 1374 3014 1428 habuit
3051 1373 3321 1454 etficinex
3347 1390 3588 1429 censura

1958 1441 2540 1517 convictusindicatio
2568 1441 2640 1517 in
2655 1460 2767 1517 quo
2792 1461 3020 1517 causam
3048 1444 3421 1517 adjudicatur,
3443 1462 3588 1517 pra:-

1959 1512 2218 1587 cedebat,
2241 1513 2364 1566 Non
2408 1514 2516 1568 fuit
2555 1512 2951 1587 privilegium,
2982 1532 3095 1587 quo
3118 1512 3370 1586 “spoliari
3401 1512 3589 1587 potuit

1950 1582 2075 1658 jam
2106 1583 2354 1658 nudatus
2366 1582 2595 1658 ;_un_um
2623 1582 2793 1641 vobis
2815 1582 3025 1658 putatis
3056 1582 3304 1641 residere
3342 1582 3589 1642 in'sacra

1958 1654 2285 1709 collectione
2322 1656 2661 1723 subsidium,
2689 1663 2751 1712 ut
2781 1654 2855 1711 ad
2882 1658 3227 1713 tuendorum
3253 1658 3585 1713 immanita-

1959 1728 2083 1800 tem
2102 1725 2409 1800 criminum
2449 1729 2774 1800 sacerdotes
2796 1729 2954 1783 vobis
2982 1729 3220 1783 comites
3256 1730 3585 1800 jungeritis,

1959 1800 2016 1849 et
2054 1796 2215 1851 fieret
2252 1796 2600 1867 impunitum
2642 1800 2861 1853 facinus
2902 1801 3214 1870 pollutione
3245 1796 3584 1867 multorum:

1957 1883 2239 1942 nusquam
2258 1870 2614 1925 convenienti
2630 1875 2884 1941 tempore
2905 1887 3108 1925 censor
3126 1870 3436 1938 asciscitur,
3451 1872 3587 1942 quia

1958 1939 2028 1992 ad
2055 1939 2308 1993 decisum
2349 1957 2491 2009 pene
2519 1939 2817 2010 negotium
2859 1947 3247 1997 convocantur
3272 1939 3583 1997 criminbsi.

1956 2010 2025 2093 ξι
2068 2010 2136 2089 εἰ.
2158 2014 2242 2064 est
2279 2012 2573 2093 meritum,
2600 2013 2744 2067 tollit
2770 2013 3215 2093 accusatur,“
3253 2013 3421 2093 in_eo
3460 2014 3587 2093 pius

1956 2080 2140 2155 furori
2170 2097 2272 2136 suo
2303 2084 2427 2155 vult
2446 2080 2617 2138 licere
2650 2101 2823 2155 quam
2842 2084 3042 2155 judici.
3072 2080 3223 2137 Dicit
3246 2084 3401 2138 enim
3429 2080 3587 2138 vobis

1958 2152 2239 2221 impetens
2266 2154 2579 2226 propheta;
2613 2176 2640 2204 ‹‹
2665 2152 2792 2209 Haec
2813 2152 2895 2210 est
2923 2172 3052 2226 pars
3077 2171 3277 2210 eorum
3292 2155 3390 2226 qui
3411 2159 3586 2209 vasta-

1955 2227 2163 2296 verunt
2181 2240 2303 2292 nos,
2319 2229 2375 2278 et
2391 2241 2512 2279 sors
2526 2225 2913 2296 diripientium
2926 2225 3039 2282 nos
3055 2229 3178 2295 (Isa.
3197 2225 3328 2295 xvn,
3352 2228 3457 2296 14);
3476 2245 3503 2277 ι)
3518 2257 3586 2266 -

1959 2314 1986 2345 ‹‹
2016 2294 2155 2348 item
2184 2296 2376 2369 angeli
2403 2297 2621 2351 veloces
2636 2294 2716 2352 'ad
2741 2314 2979 2369 gregem
3007 2294 3337 2352 cenvulsum
3366 2294 3427 2352 et
3454 2298 3588 2369 dila-

1956 2369 2214 2420 ceratum
2241 2367 2311 2420 ad
2342 2369 2618 2438 populum
2645 2367 2957 2423 terribilem
2984 2370 3110 2438 (Isa.
3155 2384 3308 2437 xvul,
3337 2371 3413 2438 2).
3447 2390 3475 2417 ››
3504 2368 3587 2423 Ad

1957 2453 2051 2490 vos
2077 2438 2318 2507 angelus
2348 2439 2551 2512 missus
2582 2445 2682 2507 est,
2717 2440 2925 2494 scilicet
2950 2456 3055 2512 per
3080 2440 3418 2512 sacerdotes,
3450 2456 3588 2512 quo-

1955 2523 2083 2580 rum
2111 2524 2243 2562 voce
2275 2525 2341 2563 ac
2368 2510 2575 2564 merito
2602 2510 3193 2580 proferendaVChristo
3235 2510 3385 2565 dona
3411 2510 3585 2565 susci-

1953 2579 2139 2649 piunt,
2169 2582 2225 2634 et
2252 2580 2472 2654 placato
2504 2579 2836 2637 dominante
2863 2583 3171 2654 impetrata
3196 2597 3230 2636 a
3256 2581 3587 2637 mortalibus

1953 2654 2084 2704 vota
2112 2651 2454 2723 eoncedunt,
2485 2668 2587 2722 per
2611 2668 2752 2723 quos
2777 2654 2933 2708 vobis
2948 2651 3147 2709 'oblata
3175 2656 3310 2707 sunt
3346 2668 3590 2707 munera

1954 2720 2254 2795 repudiata
2281 2720 2742 2795 concordisefqui
2774 2740 3001 2795 poenam
3035 2723 3409 2795 maerentibus
3429 2724 3585 2778 dele-

1953 2792 2218 2867 ctationis
2244 2794 2482 2867 praemia
2508 2792 2853 2867 detulerunt,
2871 2796 2973 2867 qui
2989 2796 3128 2850 dum
3149 2811 3206 2849 se
3226 2794 3590 2867 censiderant

1953 2863 2014 2945 iu
2041 2864 2197 2945 nullo
2237 2863 2391 2945 qugd
2426 2863 3222 2945 merebaminierespexeruut.
3255 2865 3590 2945 Quisenim

1954 2933 2177 3008 (inquit)
2218 2933 2357 2991 vidit
2416 2953 2553 3008 cum,
2607 2933 3029 2993 accusatoribus
3089 2937 3203 2991 suis
3264 2940 3475 3008 aperta
3505 2936 3590 3005 (ut

1952 3005 2127 3080 aiunt)
2160 3023 2354 3080 pugna
2390 3007 2739 3080 confligere?
2764 3007 3278 3080 lmprudentissimi
3301 3005 3586 3080 ‘omnium

1952 3076 2050 3147 qui
2081 3076 2211 3131 cum
2238 3076 2446 3150 quibus
2471 3076 2641 3150 vultis
2667 3076 2978 3149 decertare,
2998 3080 3279 3150 respicite,
3305 3082 3363 3133 et
3380 3079 3588 3133 utrius-

1954 3164 2064 3218 que
2107 3149 2287 3219 partis
2330 3150 2377 3203 si
2428 3149 2566 3219 quid
2614 3150 2807 3204 salutis
2859 3152 2913 3204 in
2959 3149 3115 3205 vobis
3162 3150 3391 3216 resedit,
3439 3151 3583 3216 loca,

1950 3223 2231 3290 tempora,
2275 3223 2332 3273 et
2382 3237 2654 3289 personas
2699 3222 2992 3288 attendite,
3038 3227 3096 3275 et
3138 3220 3182 3274 si
3227 3237 3324 3275 vos
3368 3220 3588 3275 nefarie

1952 3293 2219 3359 congesta
2248 3290 2431 3344 cordis
2460 3291 2650 3345 adhuc
2679 3292 2840 3361 pravi
2876 3308 2992 3347 non
3022 3292 3246 3362 subegit
3273 3292 3584 3362 opulentia,

1952 3362 2144 3415 oculos
2167 3362 2237 3415 ad
2256 3362 2593 3433 Dominum,
2620 3363 2909 3433 paulisper
2938 3362 3197 3428 attollite,
3230 3368 3286 3417 et
3316 3363 3401 3415 vel
3427 3362 3587 3416 brevi

1951 3436 2206 3504 tempere
2223 3431 2431 3486 sinistri
2444 3431 2765 3504 monitOrisj
2776 3431 2904 3488 ussa
2915 3433 3588 3502 contemniteAgnoscite

1954 3502 2148 3628 25%
2162 3504 2373 3558 summi
2388 3503 2538 3573 regis
2552 3502 3027 3575 prleceptionibus
3040 3521 3135 3558 vos
3152 3504 3209 3557 in
3226 3504 3317 3558 his
3326 3520 3454 3574 quae
3470 3520 3588 3557 me-

1954 3579 2061 3628 rito
2090 3592 2124 3628 n
2151 3576 2385 3628 ectenda
2413 3581 2542 3628 sunt
2579 3592 2693 3628 non
2738 3576 2973 3628 muniri.
3006 3575 3137 3628 auia
3172 3574 3428 3628 quamvis
3462 3590 3586 3628 res-

1951 3574 2061 3628 rito
2090 3574 2385 3643 plectenda
2413 3574 2693 3630 sunt’non
2738 3574 2973 3643 muniri,
3006 3575 3137 3646 quia
3172 3574 3428 3645 quamvis
3462 3590 3586 3646 res-

1952 3646 2119 3715 ponsi
2137 3647 2468 3716 qualitatem
2482 3647 2695 3700 dictent
2712 3648 2986 3717 dogmata
2999 3645 3282 3717 postulata
3295 3652 3351 3717 et
3366 3645 3584 3717 petitio,

1953 3717 2090 3789 dum
2135 3717 2343 3785 existit,
2384 3718 2596 3789 praevia
2632 3735 2761 3789 quae
2800 3716 3241 3789 ’suntrsecutura
3279 3716 3585 3789 describat.

1952 3788 2252 3858 Nunquam
2266 3787 2457 3843 tamen
2475 3787 2692 3843 casibus
2705 3790 2904 3843 vestris
2916 3788 3098 3844 libera
3110 3788 3404 3859 regnantis
3414 3787 3589 3859 verba

1952 3859 2199 3931 cepistis,
2213 3876 2510 3930 nunquam
2526 3860 2818 3915 desideriis
2831 3877 2937 3930 per
2946 3858 3247 3931 aucupiam
3268 3858 3588 3931 calliditatis

1952 3930 2271 4001 imperialia
2314 3929 2474 3985 vobis
2515 3933 2722 4001 scripta
2765 3929 3110 3987 militarunti
3152 3930 3381 3995 Quoties
3428 3929 3587 4001 vanis

1952 4000 2204 4056 hiatibus
2247 4003 2486 4057 nocendi
2516 4000 2781 4057 inefﬁcax
2826 4019 3047 4057 morsus
3083 4000 3386 4072 increpuit,
3419 4000 3588 4054 toties

1953 4073 2022 4145 de
2051 4077 2308 4128 accusata
2330 4074 2605 4145 quidquid
2633 4091 2730 4145 spe
2760 4074 3021 4129 tenuistis
3051 4073 3272 4145 cffugit,
3297 4075 3355 4126 et
3379 4087 3588 4145 vacuos

1952 4144 2147 4226 imago
2177 4142 2627 4226 prmsumpt‘ioue
2656 4142 2934 4226 occupata
2952 4142 3220 4226 deseruit.
3244 4144 3360 4198 Deo
3381 4142 3588 4226 gratias

1954 4232 2082 4286 quae
2113 4218 2258 4271 hanc
2291 4216 2702 4288 providentiam
2740 4217 2944 4272 indidit
2968 4217 3021 4272 ei
3050 4216 3141 4270 cui
3165 4232 3361 4288 rerum
3388 4216 3588 4288 huma-

1953 4285 2156 4367 narum
2190 4285 2479 4367 summam
2520 4288 2822 4367 commisit.
2864 4288 3005 4359 Spes
3043 4290 3195 4367 certa
3231 4285 3438 4367 quietis
3479 4290 3584 4366 est,

1954 4363 2011 4412 et
2036 4359 2251 4426 salutis,
2272 4360 2519 4428 perfecta
2537 4362 2596 4417 in
2620 4356 3005 4430 gubernatore
3034 4356 3336 4430 sapientia.
3356 4356 3589 4427 Puppis,

202 4451 343 4488 mus
358 4429 520 4503 operi
535 4434 603 4487 de
628 4434 790 4503 cujus
803 4436 926 4505 jam
952 4429 1070 4489 non
1088 4429 1345 4505 superest
1369 4432 1523 4505 quod
1546 4432 1856 4505 damnetur
1956 4430 2115 4499 cujus
2136 4430 2409 4505 magister
2429 4430 2502 4485 ad
2522 4429 2658 4505 clavi
2678 4431 2935 4505 regimen
2956 4429 3276 4485 intellectus
3298 4429 3425 4505 dote
3446 4443 3591 4505 prte-

202 4497 562 4579 auctorihus.
594 4497 899 4579 Mulierum
933 4507 1125 4579 turbas
1153 4497 1853 4579 asseritis_urbani_s_colo-
1875 4506 1934 4579 ι)
1958 4497 2210 4579 paratur,
2240 4497 2457 4579 ubique
2490 4497 3059 4579 statiouefuubique
3072 4505 3302 4579 portum
3330 4497 3502 4579 habet
3530 4497 3591 4551 in

205 4578 376 4631 ribus
404 4592 535 4630 cum
566 4578 803 4647 praefato
832 4578 905 4631 ad
938 4577 1155 4647 judicia
1194 4576 1519 4631 convenisse
1551 4579 1606 4628 et
1634 4573 1731 4647 illa
1756 4590 1853 4647 vef

208 4653 331 4729 s‘tra
353 4644 1008 4729 subtilita‘teostendituhr
1020 4666 1183 4729 sexus
1203 4648 1299 4729 qui
1316 4647 1597 4728 majorem
1618 4644 1855 4729 antistiti

208 4719 508 4773 debuisset
532 4719 824 4783 affectum;
854 4717 1239 4788 profanissimi
1263 4718 1561 4772 hominum
1580 4717 1854 4787 scriptum

206 4790 440 4844 retineo
473 4808 485 4843 :
514 4790 681 4844 Aliud
711 4795 793 4844 est
830 4791 1017 4845 dicere
1062 4792 1228 4857 male,
1259 4790 1415 4844 aliud
1460 4804 1742 4843 accusare.
1793 4788 1858 4840 Et

208 4861 560 4932 prophetam
581 4862 789 4916 dixisse
812 4880 824 4915 :
851 4862 1233 4931 Reprobantes
1250 4862 1487 4915 verbum
1509 4858 1774 4929 sperastis
1794 4857 1853 4911 in

203 4932 527 4995 calumnia,
557 4938 613 4987 et
664 4933 718 4987 in
761 4935 1033 4997 tumultu,
1064 4938 1120 4988 et
1155 4932 1288 4987 estis
1328 4932 1387 4985 in
1433 4948 1520 4984 eo.
1550 4932 1855 5000 Propterea

205 5005 324 5059 erit
350 5003 511 5057 vobis
539 5004 806 5074 iniquitas
839 5004 960 5058 haec
1005 5005 1147 5058 sicut
1189 5002 1552 5073 interruptio,
1584 5001 1718 5074 quia
1750 5016 1852 5069 pro

208 5075 388 5129 nobis
419 5074 555 5128 dicit
581 5071 726 5129 Dens
754 5076 881 5141 (Isa.
913 5091 1043 5139 xxx,
1079 5080 1163 5143 12,
1200 5075 1307 5145 13).
1336 5071 1441 5128 Eos
1471 5073 1570 5145 qui
1594 5071 1853 5145 judicent

202 5164 313 5202 vos
333 5145 629 5216 judicabo.
664 5149 729 5202 Et
755 5147 961 5201 iterum
984 5147 1054 5201 ad
1080 5142 1275 5201 servos
1304 5162 1433 5199 suos
1460 5144 1630 5197 dicit:
1664 5142 1851 5196 Nolite

200 5221 418 5274 timere
430 5219 803 5289 opprobrium
815 5218 1138 5283 hominum,
1154 5216 1847 5289 etblasphemiameorum

202 5307 285 5344 ne
316 5284 833 5365 metua‘tistMutth.
866 5307 917 5356 x,
952 5291 1063 5359 26).
1094 5284 1535 5365 Bursum‘etiam
1562 5286 1719 5365 vobis
1745 5284 1853 5339 cla-

198 5367 333 5416 mat
360 5379 375 5414 :
408 5361 668 5437 Accedite
681 5362 807 5437 huc
836 5357 1029 5416 semen
1056 5361 1323 5437 adulterii
1348 5366 1404 5437 et
1433 5357 1743 5437 fornica_rii,_
1764 5373 1850 5437 su-

198 5432 744 5505 perquemlusistis,
760 5449 928 5505 super
939 5449 1113 5504 quem
1128 5431 1406 5505 idilatastis
1431 5447 1514 5505 es,
1532 5435 1591 5505 et
1607 5428 1850 5497 ejecistis

194 5500 477 5576 linguam
494 5504 521 5559 ‘I
552 5504 815 5576 Nunquid
832 5500 1087 5576 none—vos
1114 5504 1216 5559 filii
1243 5502 1464 5576 scelesti
1492 5500 1848 5576 estissemen

194 5570 657 5651 mendaxftlsu.
690 5570 974 5651 ξένῳ-34.)
1008 5576 1146 5640 Quae
1174 5574 1382 5651 quibus
1423 5571 1700 5651 copulatis
1744 5570 1847 5651 ad-

195 5647 433 5703 vertite.
462 5641 670 5703 Dicatis
698 5648 758 5702 in
785 5641 931 5703 dicta
956 5641 1128 5703 causa
1157 5641 1547 5701 defensoribus
1570 5658 1721 5715 papa
1739 5641 1851 5696 dis»

193 5718 408 5785 cessit;
436 5718 543 5773 fori
574 5719 731 5773 vobis
758 5719 815 5773 in
846 5718 1109 5789 prmsenti
1154 5717 1389 5783 negotio
1429 5719 1483 5769 et
1526 5715 1845 5789 platearum

196 5807 456 5862 quarum
474 5791 606 5845 estis
628 5784 935 5861 hypocrita:
959 5790 1219 5861 exempla
1246 5789 1658 5861 proponentes:
1678 5784 1847 5839 Nobis

1957 4569 2237 4626 fluctibus.
2265 4569 2431 4628 Certa
2461 4573 2851 4641 generalitatis
2881 4569 3150 4625 securitas
3178 4569 3409 4641 quando
3435 4582 3587 4641 rem-

1957 4643 2243 4714 publicam
2271 4638 2559 4697 nobilibus
2591 4644 2739 4713 regit
2776 4643 2991 4698 artibus
3018 4638 3345 4714 institutus.
3360 4639 3442 4694 Sit
3476 4638 3587 4693 im-

1957 4711 2233 4785 peratoris
2260 4715 2442 4769 nostri
2473 4715 2612 4768 ccelo
2641 4711 2827 4768 infusa
2858 4711 3203 4785 dispensatie
3224 4711 3587 4785 obviam_ma-

1958 4781 2105 4864 nuru
2128 4785 2356 4839 famosis
2384 4786 2443 4839 in
2473 4785 2720 4839 fallendo
2758 4784 3005 4855 ingeniis
3039 4783 3330 4864 exhibere.
3368 4781 3590 4864 habere

1958 4856 2109 4927 apud
2140 4872 2271 4911 eum
2296 4873 2410 4911 non
2440 4873 2582 4927 opus
2612 4861 2716 4921 est,
2741 4854 2913 4926 quem
2946 4855 3144 4909 sortita
3169 4859 3251 4908 est
3271 4854 3422 4909 nuda
3441 4854 3588 4908 veri-

1955 4931 2042 5005 tas
2080 4928 2456 5005 defensorem.
2504 4929 2736 5005 Cessent
2783 4926 2960 5005 impia
3003 4924 3589 5005 cemmeut_itia__apud

1956 4999 2134 5079 illum.
2172 4998 2846 5079 simplicitatemnfraude
2868 4995 3447 5079 _me_ntiri_,'_quidquid
3497 4996 3586 5060 sit,

1957 5070 2095 5124 dum
2113 5066 2397 5139 justitiam
2419 5070 2660 5135 noverit,
2680 5086 2813 5123 mox
2831 5074 3077 5124 tenetur.
3100 5066 3253 5123 Nihil
3278 5066 3431 5139 apud
3450 5082 3589 5139 pras-

1957 5138 2170 5216 dictum
2208 5142 2386 5216 tutius
2411 5141 2742 5198 innocentia
2776 5147 2886 5207 est;
2918 5138 3378 5216 lectionevalida
3409 5138 3591 5216 utitur

1955 5212 2090 5283 quia
2116 5211 2366 5283 aequitati
2396 5229 2490 5267 res
2517 5217 2907 5283 congruenter
2934 5212 3205 5267 insinuat.
3236 5212 3371 5283 Quae
3402 5211 3587 5283 guavis

1957 5276 2040 5337 est
2076 5276 2415 5355 plerumque
2456 5276 2810 5355 principibus
2839 5284 2916 5339 im
2964 5283 3196 5355 ugnatio
3226 5276 3427 5335 minus
3442 5276 3582 5331 ﬁde-

1957 5355 2096 5409 lium
2127 5355 2413 5410 blanditiis
2441 5372 2555 5411 non
2588 5356 2819 5411 ligatur.
2849 5302 2958 5411 Sed
2990 5357 3114 5411 haec
3143 5354 3254 5407 Deo
3283 5351 3582 5405 narrantur

1954 5351 2096 5409 lium
2127 5351 2413 5410 blanditiis
2441 5351 2555 5411 non
2588 5351 2819 5427 ligatur.
2849 5351 2958 5413 Sed
2990 5351 3114 5411 Haec
3143 5354 3268 5427 Deo_
3280 5351 3590 5427 narrantur

1953 5426 2153 5501 melius
2176 5443 2210 5481 a
2236 5443 2350 5499 quo
2381 5428 2564 5501 frugis
2594 5421 2763 5501 hujus
2790 5427 2984 5501 planta
3025 5421 3341 5501 descendit.
3502 5489 3513 5501 _

2023 5498 2113 5571 Ad,
2150 5495 2272 5571 vos_
2293 5515 2386 5554 me
2431 5495 2974 5571 reducit'propositi
3017 5495 3205 5566 operis
3243 5509 3360 5548 non
3398 5495 3587 5571 amica

1952 5569 2430 5643 conditio,quam
2474 5562 2825 5643 melioribus-
2849 5562 3122 5643 hactenus
3163 5579 3411 5643 operam'
3434 5562 3587 5616 volui

1950 5642 2247 5719 pervagari
2271 5637 2703 5719 'sermonibus,
2740 5641 2885 5719 dum.
2931 5637 3214 5719 captivam
3272 5637 3587 5719 orationem

1951 5703 2137 5785 exigit
2153 5713 2452 5784 imperiosa
2471 5703 2793 5785 necessitas.
2815 5703 3059 5785 Dixistis
3073 5703 3585 5785 enim_:_Quompdo

1952 5783 2022 5839 de
2049 5778 2119 5838 ἴδε
2147 5778 2252 5840 νεΓ
2271 5785 2539 5856 qualitate
2578 5784 2702 5854 ejus
2738 5780 3001 5854 primitus
3045 5778 3379 5847 tractabitis,
3413 5778 3585 5833 etiam
