4062 6188
297 301 437 350 1017

1535 292 2004 350 DECRETALIUM
2043 291 2428 348 COLLECTIO.

3528 301 3659 354 1018

286 403 572 488 gnitate‘m
619 401 766 488 sedis
797 400 1174 488 ejus‘factam
1205 406 1322 457 toto
1337 400 1487 488 orbe
1514 403 1917 488 venerabiiem,
1943 416 2002 488 Α
2021 404 2226 488 spente
2253 400 2631 488 venientium,
2651 399 3231 488 quiahcomteinptarn
3259 402 3663 488 invitationem

286 471 433 527 dum
463 473 544 527 illi
572 471 852 544 quidquid
879 472 1138 544 tidelium
1164 479 1267 542 est,
1297 473 1510 543 ubique
1543 475 1919 541 submittitur,

285 546 436 598 dum
467 543 635 598 totius
670 543 920 616 corporis
969 551 1138 615 caput
1167 561 1287 600 esse
1319 544 1678 615 designatur,
1711 545 1780 600 de
1812 562 1925 616 qua

285 617 439 688 mihi
468 616 694 688 videtur
719 615 932 688 dictum
964 631 1068 686 per
1098 617 1445 688 prophetam
1479 632 1491 670 :
1527 616 1584 671 Si
1611 617 1703 688 hic
1729 615 1922 688 humi-

286 687 488 755 liatur,
534 686 606 739 ad
650 686 810 756 cujus
851 686 1195 756 confugiétis
1221 686 1523 754 auxilium,
1552 690 1608 741 et
1633 687 1732 741 ubi
1759 687 1925 742 relin-

284 758 480 828 quetis
501 756 746 826 gloriam
770 759 1050 828 vestram?
1072 759 1216 821 Quid
1231 759 1277 811 si
1293 758 1590 812 immunda
1610 758 1754 812 mihi
1775 759 1926 812 labia

287 827 555 895 habenti,
589 833 644 881 et
669 827 839 882 nullis
858 844 1128 883 succensa
1150 829 1506 898 carbonibus,
1529 833 1594 883 ut
1608 830 1764 883 Isaia:
1783 845 1922 883 con-

286 916 516 971 cessum
534 905 637 971 est,
657 902 721 971 ut
752 899 840 971 his
865 899 1075 953 ablutis
1107 900 1294 971 ipsum
1325 901 1396 954 ad
1411 901 1784 971 possessionis
1808 916 1923 954 sua:

287 970 522 1042 tuendas
538 969 833 1042 privilegia
854 971 1085 1042 Petrum
1105 969 1431 1042 apostolum
1459 972 1652 1026 liceret
1668 988 1922 1042 evocare,

286 1041 452 1114 quod
478 1041 555 1114 ait
576 1040 835 1114 precibus
857 1041 1115 1114 humana
1130 1040 1265 1097 voce
1284 1042 1653 1114 loqueretur?
1676 1043 1857 1107 Quem
1879 1041 1925 1096 si

290 1113 586 1193 audiretis,
602 1113 723 1193 haec
735 1112 946 1193 diceret
967 1129 979 1166 :
995 1133 1027 1193 ff
1042 1113 1164 1193 Filii
1177 1112 1484 1193 hominum
1497 1131 1790 1193 usquequo
1804 1131 1926 1185 gra-

288 1200 394 1256 ves
408 1183 604 1256 corde,
623 1186 686 1256 ut
703 1183 840 1253 quid
851 1183 1084 1254 diligitis
1097 1185 1405 1240 vanitatem
1425 1191 1483 1239 et
1498 1183 1750 1256 quaeritis
1770 1183 1926 1240 men-

289 1255 540 1308 dacium.
574 1254 782 1309 Scitote
821 1256 1094 1324 quoniam
1123 1256 1446 1310 mirificavit
1475 1254 1750 1310 Dominus
1781 1258 1922 1311 San-

288 1329 453 1380 ctum
493 1342 660 1378 suum
709 1327 870 1393 (Psal.
905 1342 978 1395 1v,
1010 1328 1148 1397 3-4).
1185 1348 1212 1375 ››
1253 1327 1399 1391 Quid
1438 1329 1686 1382 stabilita
1718 1328 1926 1382 Christi

288 1397 558 1450 manibus
587 1397 793 1466 cupitis
819 1396 1195 1452 fundamenta
1221 1399 1495 1452 subruere
1518 1401 1545 1453 ?
1576 1400 1927 1454 Dehonestat

288 1468 607 1540 venerandi
627 1467 1006 1540 reverentiam
1031 1469 1294 1535 nominis,
1321 1470 1419 1540 qui
1445 1470 1764 1540 adjutorem
1787 1487 1846 1524 se
1868 1470 1927 1524 in

239 1597 246 1602 ,
285 1539 383 1592 his
413 1555 539 1610 qua:
568 1539 748 1593 Deum
769 1538 944 1611 jactat
967 1541 1266 1594 commissa
1287 1538 1604 1611 pollicetur.
1621 1545 1926 1598 Contume-

283 1611 384 1664 liae
415 1609 595 1683 genus
631 1616 715 1664 est
743 1609 930 1683 quasi
957 1611 1015 1664 in
1045 1612 1242 1666 solatio
1272 1609 1465 1683 adesse
1493 1613 1741 1679 sublimi,
1763 1614 1929 1683 juxta

286 1682 624 1760 A_postolum
647 1700 717 1760 εχ
739 1682 820 1760 Tu
839 1681 963 1760 quis
983 1698 1060 1750 es,
1073 1683 1184 1760 _qui
1197 1681 1417 1760 judicas
1435 1681 1929 1760 alienumservum

293 1755 463 1819 (Rom.
505 1768 617 1818 x1v,
664 1752 919 1824 4).__Quid
960 1752 1211 1808 auribus
1241 1754 1523 1824 imperitis
1563 1755 1822 1823 illuditis,
1871 1758 1928 1807 et

289 1797 893 1909 :gravioreni‘vindictze
913 1825 1159 1909 speciem
1175 1797 1361 1879 faciti:
1378 1842 1495 1909 esse
1515 1842 1687 1909 quam
1706 1798 1926 1909 cuipaa?
1947 1797 2003 1868 Β

291 1893 355 1949 Si
381 1894 575 1948 odium
604 1893 820 1948 debetis
846 1893 1167 1950 excessibus
1192 1913 1291 1950 vos
1317 1893 1613 1951 mundate.
1649 1898 1762 1952 Cur
1791 1893 1926 1950 libe-

289 1967 415 2020 rius
435 1965 828 2039 condemnatis
844 1967 1063 2039 scelera
1082 1984 1253 2039 quam
1268 1967 1492 2021 vitetis?
1516 1969 1614 2022 Sui
1627 1969 1926 2039 impugna-

289 2043 386 2091 tor
411 2041 517 2110 est,
545 2037 642 2108 qui
669 2036 1058 2092 fornicationis
1087 2036 1287 2110 officiis
1327 2043 1491 2110 urget
1527 2036 1823 2109 adulteria;
1869 2043 1927 2093 et

289 2125 401 2180 per
429 2109 752 2182 animarum
770 2113 976 2182 stupra
989 2109 1172 2182 carnis
1193 2109 1434 2182 accusat.
1461 2111 1750 2182 Scriptum
1770 2127 1926 2164 nem-

291 2197 367 2250 pe
398 2180 652 2253 retinetis
681 2198 695 2232 :
727 2198 753 2230 ‹‹
784 2180 1061 2253 Maledicti
1087 2198 1288 2235 omnes
1313 2181 1412 2253 qui
1440 2180 1801 2236 fornicantur
1828 2183 1926 2236 abs

293 2251 549 2323 ter(Psa(.
590 2265 756 2323 Lxxu,
782 2253 889 2323 27).
925 2272 953 2299 »
997 2252 1230 2308 Foedera
1256 2251 1394 2323 ergo
1424 2270 1456 2306 a
1486 2253 1668 2308 nitore
1697 2253 1924 2307 Domini

289 2321 384 2394 sui
421 2321 776 2394 obligatione
812 2322 1163 2394 dissolvitur,
1209 2324 1307 2394 qui
1327 2321 1566 2379 “statutis
1607 2325 1926 2379 caelestibus

292 2393 490 2475 minus
515 2408 672 2475 mera
702 2391 1349 2475 ﬁdeidependit‘ofiicia
1366 2412 1414 2475 ;'_
1433 2395 1800 2475 possessionis
1825 2412 1924 2449 ve-

291 2468 457 2537 strae,
505 2463 663 2537 vobis
701 2469 771 2537 ut
787 2463 966 2537 uvide’o
992 2466 1215 2520 claritas
1243 2463 1724 2522 movitinvidiam
1753 2483 1925 2537 quam

288 2536 562 2608 simulata
585 2535 642 2608 in
664 2535 797 2608 mali
813 2537 1154 2608 possessoris
1173 2537 1567 2608 indignatione
1584 2535 1922 2607 transfertis,

291 2606 436 2680 dum
451 2605 734 2680 desudatis
747 2606 824 2660 im
831 2607 1279 2680 pendiis.Arcem
1291 2605 1406 2678 qua
1418 2609 1601 2663 fuistis
1613 2605 1924 2680 conspicui,

290 2678 509 2753 crebris
534 2676 937 2753 labefactatam
955 2676 1691 2753 ictibus,nisi—obsisterem,
1712 2676 1925 2753 propo-

289 2749 486 2823 suistis
513 2748 789 2823 subruere
806 2753 864 2802 et
882 2749 1020 2823 cmlo
1039 2751 1343 2823 stabilitam
1368 2752 1689 2806 machinam
1711 2748 1928 2823 quanta

290 2821 368 2874 sit
394 2819 708 2900 obtendere
733 2837 836 2900 per
856 2821 1106 2900 ruinam.
1134 2822 1323 2900 Nolite
1341 2825 1656 2892 praestolari
1684 2819 1752 2900 de
1769 2823 1927 2879 clade

291 2897 552 2966 vestram
562 2891 858 2966 victoriam
870 2909 888 2961 ;
907 2893 1079 2946 nolite
1093 2891 1449 2966 triumphum
1464 2895 1789 2966 superando
1804 2911 1928 2966 per-

291 2962 431 3047 dere
447 2963 588 3042 meis
599 2962 905 3047 laboribus,
920 2981 1052 3047 mea
1068 2962 1288 3047 sudore
1294 2962 1598 3047 quiesitu'm
1615 2984 1628 3033 ;
1646 2962 1926 3047 quidquid

292 3033 370 3118 ad
391 3033 750 3118 triumphum
781 3034 956 3104 ducit,
987 3035 1230 3118 obtinui,
1259 3033 1536 3118 quidquid
1559 3033 1927 3118 vosillustres

290 3106 511 3159 faceret
537 3106 597 3158 in
620 3105 753 3159 sede
772 3107 1052 3176 congessi.
1077 3107 1245 3161 Vobis
1268 3105 1470 3162 tribuit
1488 3109 1808 3164 claritatem
1830 3110 1928 3163 fax

2023 473 2321 544 gehenna
2346 472 2747 544 subsequitur._
2787 472 2936 544 Ergo
2976 473 3023 526 si
3064 472 3202 544 quid
3241 474 3558 530 dulcedinis
3596 485 3664 532 ut

2021 541 2201 616 patet,
2234 541 2428 616 debui,
2458 542 2504 616 si
2532 541 2670 616 quid
2697 541 3150 616 districtionisiit
3174 546 3482 616 attributus
3511 548 3657 602 adeo

2023 613 2300 686 magister
2325 613 2584 687 implevi,
2627 613 2916 687 providete
2941 631 3013 668 ne
3042 614 3256 669 diutius
3285 619 3661 687 qualemcun-

2022 685 2149 758 que’
2186 685 2367 758 crucis
2415 685 2882 758 mererangulum
2927 702 3058 739 rara
3106 685 3404 758 levitarum
3451 706 3667 745 corona

2024 755 2359 831 circumdet,
2389 773 2462 831 ne
2501 755 2768 831 dolenda_
2793 757 2962 831 etiam
3006 757 3287 831 extraneis
3325 759 3383 812 in
3425 761 3664 831 longum

2025 829 2266 882 solitudo
2289 827 2636 892 dominetur,
2663 843 2734 880 ne
2754 827 2917 881 labor
2937 828 3085 881 uteri
3115 829 3231 882 mei
3263 827 3570 886 sterilitatis
3604 832 3665 886 in

2024 906 2080 953 te
2110 899 2379 973 hostilem
2415 899 2726 973 peperisset
2744 898 3042 973 familiam,
3067 903 3128 953 et
3147 917 3454 973 numerosa
3474 904 3663 973 proles

2024 987 2128 1041 per
2148 971 2406 1024 sinistros
2429 974 2586 1024 actus
2605 969 3077 1042 infecunditatem
3103 972 3354 1042 parentis
3377 969 3659 1028 ostendat.

2097 1043 2277 1096 Pauca
2315 1045 2448 1121 sunt
2478 1057 2617 1121 quae
2639 1041 3006 1121 asserui_,”sed
3036 1041 3246 1121 quanta
3282 1060 3349 1121 ex
3395 1044 3476 1098 eis
3517 1063 3658 1121 pen-

2027 1112 2199 1166 deant
2210 1113 2482 1166 aestimate
2499 1129 2511 1166 :
2533 1133 2561 1162 «
2576 1112 2793 1177 Venite,
2809 1112 2932 1179 filii,
2947 1112 3159 1179 audite,
3176 1130 3267 1168 me
3282 1112 3545 1170 timorem
3563 1119 3662 1171 Do-

2025 1184 2168 1237 mini
2195 1184 2488 1258 do_cu_i_vos
2515 1184 2680 1258 (Bsal.
2713 1199 2900 1258 xxxm,
2927 1185 3008 1258 12)
3035 1201 3048 1249 ;
3075 1204 3101 1233 ››
3137 1186 3377 1258 Romam
3403 1188 3664 1258 respicite

2028 1271 2200 1330 quam
2232 1255 2309 1330 ab
2331 1254 2611 1308 idolorum
2642 1255 2918 1330 servitute
2928 1255 3244 1330 _sine_auri,
3291 1257 3410 1330 sine
3436 1254 3665 1330 argenti

2026 1326 2210 1400 pretio
2255 1326 2497 1380 liberam
2541 1325 2840 1400 sanguinis
2882 1326 3088 1400 Christi
3127 1327 3258 1400 fecit
3302 1325 3531 1400 effusio;
3571 1331 3662 1385 cui

2027 1398 2200 1451 etiam
2232 1413 2422 1479 meam
2443 1397 2654 1479 servuli
2670 1397 2755 1450 sui
2776 1403 3024 1479 mortem
3039 1398 3211 1479 jussit
3235 1397 3664 1479 i‘mpeiidi,‘quze

2027 1485 2130 1539 per
2149 1469 2326 1522 multa
2347 1471 2604 1538 tempora
2629 1467 2859 1522 famosis
2878 1469 3093 1521 cultum
3115 1467 3364 1523 delubris
3385 1467 3661 1539 exhibuit,

2027 1556 2156 1613 qua:
2180 1540 2283 1613 diu
2311 1544 2582 1594 venerata
2601 1539 3133 1613 est_in_imaginibus
3154 1540 3506 1612 daemonum,
3531 1560 3662 1613 qua:

2027 1609 2088 1664 111
2120 1611 2416 1664 laborante
2460 1627 2657 1682 censu
2682 1609 2970 1663 indiderat
3011 1626 3212 1664 manus
3237 1609 3519 1682 magistra
3543 1609 3658 1669 fer-

2027 1698 2240 1750 rorem,
2283 1698 2409 1757 quae
2444 1681 2691 1757 suspexit
2733 1684 3076 1757 potestatem
3133 1681 3438 1757 numinum
3495 1701 3658 1757 emp-

2029 1757 2148 1827 tam
2180 1755 2366 1827 pretio
2395 1753 2784 1827 metallorum,
2818 1752 2906 1827 cui
2934 1753 3294 1827 sublimiores
3321 1755 3457 1810 deos
3483 1752 3659 1827 pepe-

2027 1824 2103 1898 rit
2131 1824 2720 1898 exercitatiormanus
2748 1823 2998 1898 artiticis,
3029 1829 3085 1898 et
3109 1824 3461 1898 divinitatem
3483 1823 3659 1898 quam

2027 1896 2199 1949 homo
2233 1912 2336 1965 per
2358 1895 2636 1948 fabricam
2667 1894 2905 1948 contulit
2937 1896 3089 1965 apud
3135 1896 3398 1950 homines
3427 1894 3532 1951 Dei
3557 1900 3661 1954 ha-

2027 1967 2212 2022 buerit
2242 1967 2493 2020 formam
2523 1967 2829 2039 majorem._
2854 1967 2992 2019 Ecce
3016 1966 3137 2039 jam
3163 1968 3382 2022 Christo
3409 1971 3659 2039 propitio

2025 2039 2096 2111 ad
2143 2054 2316 2111 novas
2360 2039 2618 2092 fornaces
2661 2037 2967 2111 simulacra
3014 2037 3326 2093 redierunt.
3363 2037 3658 2111 Ecce—jam

2027 2109 2098 2163 de
2142 2109 2395 2163 obsoleta
2432 2107 2832 2182 superstitione
2875 2125 3006 2161 usus
3050 2112 3238 2163 vester
3264 2112 3481 2181 accepit
3507 2107 3663 2182 quod

2026 2181 2271 2234 lectetur.
2298 2182 2441 2234 Dum
2469 2181 2537 2234 de
2562 2179 2738 2233 veteri
2757 2180 3005 2233 Tonante
3036 2196 3181 2234 nova
3201 2179 3414 2236 merito
3432 2179 3662 2238 vascula

2025 2256 2440 2325 praeparantur.
2467 2251 2653 2325 Quid
2674 2250 2822 2304 hanc
2866 2249 3189 2325 adnitimini
3237 2253 3660 2325 interrumpere

2028 2321 2330 2392 quietem?
2375 2321 2522 2386 Quid
2564 2322 2759 2376 ludere
2799 2321 2956 2374 vanis
2982 2323 3396 2377 intentionibus
3424 2321 3660 2381 felicita-

2025 2397 2144 2447 tem
2162 2394 2189 2447 ?
2217 2393 2646 2448 Excusationem
2676 2409 2793 2446 non
2820 2393 2991 2446 habet
3017 2394 3178 2448 furor
3202 2394 3307 2448 iste
3335 2396 3382 2448 si
3407 2397 3654 2452 creditis.

2027 2466 2160 2538 Non
2193 2464 2430 2538 interest
2455 2464 2660 2535 quibus
2684 2464 2991 2538 itiaeribus
3010 2464 3083 2518 ad
3108 2466 3312 2538 mundi
3337 2468 3660 2538 principem

2027 2535 2245 2608 tendat,
2282 2535 2388 2608 qui
2405 2553 2443 2608 7a
2458 2541 2658 2608 sancta
2687 2535 2905 2608 unitate
2938 2536 3244 2608 discordat.
3279 2535 3540 2608 Pingues
3553 2540 3657 2593 ho-

2025 2607 2161 2660 stias
2194 2606 2323 2661 litat
2361 2605 2582 2661 diabolo
2625 2606 2725 2677 qui
2769 2606 3063 2661 contristat
3107 2605 3432 2664 Ecclesiam.
3479 2612 3662 2666 Varias

2028 2694 2165 2750 ergo
2202 2678 2504 2748 repudiate
2529 2677 2874 2750 tendiculas,
2909 2677 3224 2750 simplicem
3254 2680 3429 2735 habet
3461 2680 3660 2736 defen-

2028 2748 2248 2824 sionem
2284 2748 2732 2824 pacisaﬂ'ectus.
2780 2749 2970 2824 _l§‘imis_
3013 2748 3262 2824 armatus
3305 2757 3392 2806 est
3427 2753 3525 2824 qui
3570 2754 3665 2808 illa

2029 2837 2158 2890 qua:
2180 2820 2532 2876 adversarius
2552 2820 2871 2874 concordia-3
2895 2819 3179 2875 ministrat
3195 2823 3307 2877 tela
3326 2819 3659 2880 contemnit.

2029 2893 2249 2947 Sufﬁcit
2295 2897 2490 2946 contra
2533 2892 2728 2946 omnia
2755 2891 2947 2962 jacula
2980 2891 3310 2962 jurgiorum
3351 2895 3482 2949 ﬁdei
3509 2897 3665 2951 nuda

2027 2962 2324 3046 oppositio.
2560 2962 2858 3046 Eulaliiet
2905 2963 3181 3046 Bonifacii
3207 2968 3495 3046 tempora,
3524 2967 3665 3046 dum

2027 3033 2311 3090 malorum
2339 3035 2539 3088 solatia
2558 3033 2816 3106 quaeritis
2835 3035 3108 3089 revocatis
3129 3035 3189 3089 in
3206 3033 3497 3091 medium?
3519 3038 3668 3102 Quid

2028 3106 2394 3181 incrementis
2415 3122 2746 3181 excessuum
2766 3106 3125 3176 praesentatis
3145 3111 3360 3181 vetusta
3375 3111 3658 3181 contagia;

292 3175 407 3256 ista
437 3193 610 3246 quam
639 3169 1142 3261 viperinovliquere
1165 3179 1697 3261 putatis_exstingui.
1723 3181 1784 3234 1n
1803 3197 1930 3261 per-
1949 3169 2003 3243 C
2030 3182 2212 3261 et‘per
2239 3169 2893 3261 iuiquam'veluntaiem
2931 3178 3210 3261 senectuti
3241 3179 3301 3233 in
3337 3169 3664 3261 operiendis

294 3248 508 3301 niciem
534 3248 826 3322 propriam
854 3249 1323 3322 accenditur,qui
1354 3250 1432 3304 sic
1459 3248 1616 3306 saevit
1641 3251 1698 3305 in
1730 3248 1928 3322 gratia:

298 3320 709 3393 suzegermina
735 3323 798 3372 ut
819 3320 1042 3393 plantas
1070 3320 1342 3393 abscidat,
1376 3321 1610 3377 liberior
1630 3320 1788 3393 justo
1816 3323 1928 3376 ira-

295 3390 511 3444 cundia
530 3391 847 3465 plusquam
867 3391 1006 3445 alios
1026 3392 1247 3465 lacessit
1267 3390 1578 3465 auctorem.
1603 3390 1930 3465 Symmachi

293 3478 443 3537 quos
483 3463 692 3537 vocatis
713 3478 974 3537 excessus
1005 3464 1050 3517 si
1075 3469 1208 3518 sunt
1232 3464 1330 3518 illa
1351 3481 1464 3536 qua
1492 3470 1549 3520 et
1573 3463 1672 3520 vos
1699 3482 1929 3537 exspec-

294 3533 510 3607 tatione
537 3533 792 3588 sustineo
824 3534 984 3607 nefas
1004 3539 1090 3589 est
1115 3533 1445 3606 peccantem
1476 3533 1928 3607 patientianiju-

299 3604 441 3658 dicis
464 3621 581 3679 non
603 3621 818 3679 amare.
842 3606 987 3679 Quid
1004 3604 1414 3679 nisi—ultionem
1433 3604 1653 3679 flagitat
1669 3609 1770 3679 qui
1792 3604 1930 3662 dum

298 3692 438 3746 reus
456 3681 518 3746 et
542 3677 664 3746 ipse
685 3677 776 3743 sit,
804 3677 1068 3732 vindictae
1093 3678 1153 3732 in
1179 3680 1427 3734 alterum
1453 3677 1642 3733 moras
1669 3677 1932 3734 accusat?

297 3745 495 3832 253
527 3745 661 3832 ‘Iiaec
682 3747 793 3832 illis
817 3765 850 3801 a
875 3765 968 3804 me
997 3766 1103 3803 vox
1137 3749 1380 3832 debetur
1407 3751 1627 3818 studiis,
1661 3751 1931 3832 quoniam

298 3822 481 3872 Deum
509 3819 718 3873 dixisse
744 3822 912 3874 teneo
933 3836 1184 3890 pronum
1213 3821 1504 3877 hominem
1529 3838 1650 3876 esse
1677 3819 1738 3876 in
1758 3822 1930 3876 mali-

297 3890 551 3964 tiam,_et
577 3906 812 3946 omnem
835 3907 1062 3946 carnem
1095 3893 1343 3947 amicam
1365 3909 1484 3948 esse
1505 3894 1768 3964 peccatis.
1790 3893 1930 3948 Nolo

298 3960 611 4036 eccasione
654 3979 918 4036 persona}
962 3960 1529 4036 innumerisidatura
1568 3965 1929 4036 dignitatem,

296 4031 405 4105 fiat
433 4032 494 4105 in
520 4031 840 4105 abjectione
859 4035 1159 4105 possessio,
1189 4052 1262 4089 ne
1282 4035 1420 4090 dum
1439 4037 1616 4090 homo
1635 4031 1934 4091 incessitur

297 4103 610 4189 lexdiviria
636 4103 963 4186 frangatur;
997 4103 1406 4189 mihi’eredite,‘
1431 4108 1477 4161 si
1505 4113 1638 4189 sunt
1656 4108 1773 4189 ista
1803 4124 1934 4189 quas

301 4174 507 4250 dicitis.
535 4174 795 4250 Respicio
819 4177 952 4250 quia
977 4181 1033 4233 et
1061 4178 1122 4250 in
1149 4177 1260 4232 illis
1289 4174 1497 4250 quibus
1529 4180 1608 4234 nil
1651 4180 1761 4234 tale
1787 4174 1936 4234 dice-

299 4246 474 4300 batur
495 4246 1128 4321 quidrfuisse‘tgnspexi.
1149 4246 1326 4304 Errat
1339 4251 1437 4320 qui
1458 4251 1576 4304 falli
1606 4251 1714 4305 Deo
1739 4251 1932 4320 proxi-

298 4333 466 4392 rnum
496 4318 674 4392 credit
706 4335 733 4392 εί
757 4340 785 4368 ‹‹
813 4319 944 4373 Mihi
975 4318 1241 4389 vindicta,
1281 4318 1386 4392 ego
1429 4318 1762 4387 retribuam,
1800 4322 1937 4376 dicit

301 4389 577 4463 Dominus
610 4391 799 4463 (Hebr.
845 4407 943 4457 xn,
988 4392 1095 4462 19),
1131 4415 1159 4441 ››
1196 4408 1294 4446 vos
1322 4389 1514 4463 potius
1546 4393 1686 4446 olim
1712 4393 1833 4460 ﬁlii,
1865 4393 1934 4448 de

303 4459 511 4530 quibus
538 4460 810 4534 spiritalis
842 4459 1104 4534 ventrem
1135 4459 1342 4534 partus
1364 4464 1641 4518 onerabat
1668 4464 1741 4518 ad
1770 4464 1931 4533 adju-

2029 3247 2241 3304 delictis
2263 3249 2448 3302 facitis
2473 3248 2552 3301 nil
2572 3247 2782 3302 licere?
2810 3248 2936 3302 Alia
2954 3254 3091 3304 tunc
3109 3249 3220 3303 fuit
3249 3247 3419 3305 causa
3447 3253 3657 3307 discor-

2031 3320 2162 3390 diae,
2209 3326 2266 3393 et
2304 3319 2401 3373 ubi
2430 3319 2734 3393 narrando
2775 3323 3006 3393 cogeret
3042 3321 3321 3393 sustinere
3365 3327 3666 3393 transacta,

2029 3391 2328 3466 ostendere
2357 3390 2514 3444 vobis
2541 3391 2769 3466 nullum
2795 3390 3020 3466 evenire
3043 3391 3308 3466 solatium
3333 3393 3403 3447 de
3426 3390 3662 3466 compa;

2031 3463 2252 3517 ratione
2296 3462 2610 3534 factorum,
2674 3461 2811 3534 quia
2859 3462 2982 3515 illos
3031 3479 3173 3534 quos
3223 3463 3295 3518 ad
3341 3461 3666 3534 pontificale

2029 3534 2324 3604 fastigium
2383 3532 2686 3606 intentioni
2755 3532 3071 3606 obsequens
3135 3532 3666 3606 fervor—evexerat,

2030 3603 2315 3676 utrosque
2334 3603 2537 3675 repuli.
2566 3605 2726 3676 Hunc
2752 3603 2925 3676 elegi,
2949 3604 3084 3675 quia
3110 3622 3178 3660 ex
3204 3606 3314 3659 illis
3343 3610 3486 3663 teste
3516 3603 3668 3663 exitu

2031 3675 2397 3748 nemo’mihi
2417 3675 2626 3748 placuit
2655 3675 2723 3729 de
2748 3675 2870 3728 istis
2898 3679 3099 3748 contra
3127 3677 3357 3748 regulas
3387 3679 3668 3734 nitentem

2031 3748 2340 3820 profugum
2377 3747 2517 3822 feci;
2547 3749 2901 3822 provectum
2939 3747 3194 3818 legitime
3233 3751 3666 3822 mundoimpu-

2034 3817 2245 3892 gnante
2272 3817 2508 3892 servavi,
2542 3817 2704 3892 Scitis
2735 3817 2861 3885 ista,
2893 3817 3176 3874 necinova
3198 3825 3348 3888 sunt,
3375 3821 3509 3892 quia
3530 3817 3670 3878 dum

2030 3888 2126 3946 ille
2173 3889 2444 3958 truditur,
2491 3888 2595 3944 iste
2643 3889 2924 3956 firmatur,
2971 3897 3160 3945 vester
3208 3892 3349 3945 mihi
3390 3888 3671 3948 militavit

2034 3978 2314 4017 assensus.
2357 3961 2569 4016 Deinde
2610 3977 2711 4014 cur
2748 3961 2806 4014 in
2836 3961 3149 4031 perniciem
3186 3967 3429 4018 vestram
3463 3965 3668 4019 lmditis

2035 4032 2377 4107 sacerdotale
2407 4031 2709 4107 concilium
2730 4032 2757 4085 ?
2785 4033 2896 4086 Cur
2927 4032 3186 4107 laceratis
3213 4037 3575 4107 sententiam,
3609 4037 3672 4092 in

2033 4104 2496 4186 quadrispir'ante
2537 4103 2756 4186 Christo
2795 4104 3020 4186 gracula
3065 4121 3312 4186 superna
3336 4103 3669 4186 patuerunt,

2033 4175 2091 4233 et
2155 4177 2304 4230 inter
2356 4176 2536 4249 Deum
2584 4178 2756 4249 atque
2777 4245 2792 4249 _
2813 4175 3075 4249 homines
3125 4175 3407 4249 interpres
3461 4175 3673 4234 exstitit

2033 4249 2230 4329 lingua
2247 4247 2623 4328 pontiﬁcum?
2653 4245 2798 4328 Quid
2821 4247 3105 4329 generalis
3127 4245 3390 4329 Ecclesiae
3413 4249 3671 4306 dolorem

2032 4318 2543 4444 facitis,quamvis
2581 4320 2639 4372 in
2678 4319 2996 4389 principali,
3032 4324 3225 4375 tamen
3263 4322 3324 4376 in
3363 4339 3481 4377 una
3509 4339 3668 4378 com-

2034 4391 2275 4444 missum
2336 4391 2437 4444 Illa
2455 4390 2610 4444 enim
2633 4391 2758 4444 caali
2778 4390 2935 4444 curia
2955 4391 3244 4444 variorum
3261 4393 3486 4444 dotibus
3501 4400 3668 4444 aucta

2034 4391 2275 4445 missum
2289 4390 2316 4444 ‘I
2336 4391 2437 4444 Illa
2455 4390 2610 4445 enim
2633 4391 2758 4444 caali
2778 4390 2935 4444 curia
2955 4391 3244 4446 variorum
3261 4393 3486 4448 dotibus
3501 4400 3672 4450 aucta

2035 4463 2331 4534 curalium,
2361 4465 2418 4515 et
2447 4461 3060 4534 multoBedemptoris
3085 4464 3266 4517 nostri
3295 4481 3454 4534 auro,
3483 4469 3667 4520 ostro-

301 4537 491 4618 ratarn
515 4533 880 4618 concordiam
910 4533 1113 4614 redite.
1136 4532 1240 4589 Pio
1261 4551 1357 4616 vos
1379 4535 1528 4616 sinu,
1555 4535 1701 4590 sicut
1720 4532 1932 4618 habuet
1953 4545 2014 4618 D
2035 4550 2155 4618 que.
2195 4533 2474 4618 decorata,
2697 4533 2756 4585 in
2802 4533 2900 4618 ilia
2942 4533 3290 4618 discussione
3334 4532 3585 4618 auctore
3608 4554 3670 4592 se

304 4602 381 4657 rit
430 4602 703 4679 hactenus
733 4605 978 4679 Ecclesia
1006 4609 1192 4660 mater
1224 4606 1487 4679 accipiat,
1515 4602 1813 4679 nunquam
1851 4611 1939 4662 est

302 4690 436 4728 sera
465 4675 771 4748 correctio.
789 4675 906 4730 Scit
929 4677 1024 4730 diu
1052 4675 1381 4748 exspectare
1405 4675 1714 4733 immodico
1743 4679 1936 4734 labore

303 4745 596 4817 quaesitos,
624 4747 803 4801 nescit
831 4764 935 4822 pro
955 4745 1169 4822 viribus
1187 4749 1483 4821 despicere
1511 4767 1723 4822 magno
1750 4750 1935 4822 pretio

304 4823 661 4890 comparatos
676 4835 693 4885 ;
727 4819 920 4874 multis
935 4820 1206 4890 gradibus
1220 4819 1482 4876 recursus
1494 4819 1660 4877 estad
1673 4819 1934 4878 saliitem.

304 4889 521 4962 Prester
538 4889 936 4960 desperantem
948 4889 1144 4946 nullus
1163 4892 1503 4962 excluditur,
1526 4893 1743 4948 fructus
1759 4893 1939 4948 veniae

307 4959 605 5037 proximus
653 4965 740 5037 est
772 4978 1028 5037 coronte.
1076 4963 1259 5037 Nelite
1288 4959 1699 5037 Symmachum
1728 4981 1939 5037 papam

305 5031 588 5102 pressuris
617 5033 814 5087 vestris
842 5033 1064 5104 juvare.
1105 5034 1160 5090 Si
1191 5031 1454 5103 reus-est,
1508 5036 1651 5090 mihi
1706 5031 1936 5104 credite,

305 5118 442 5178 eum
464 5104 763 5159 cessaverit
777 5105 1044 5178 humanae
1061 5106 1516 5178 impugnationis
1531 5108 1936 5175 ministerium,

306 5173 568 5251 divinum
610 5192 746 5251 mox
785 5176 1049 5251 succedet
1073 5173 1394 5251 arbitrium.
1439 5181 1641 5234 Nonne
1694 5173 1940 5251 splendi-

307 5245 530 5322 dissimi
547 5247 858 5322 cognitoris
872 5249 1040 5322 lance
1067 5249 1340 5319 praedicto
1366 5256 1465 5306 aut
1492 5267 1659 5322 poena
1677 5245 1938 5320 debetur,

309 5320 412 5372 aut
440 5320 767 5388 praemium.
798 5319 1167 5391 Syllogismos
1193 5339 1225 5375 a
1243 5338 1336 5376 me
1361 5319 1688 5377 sermonum
1703 5325 1760 5376 et
1779 5319 1940 5376 sche-

308 5394 466 5472 mata
505 5406 620 5444 non
661 5391 948 5472 quaeratis.
995 5391 1475 5472 Antiqua-adhuc
1517 5398 1648 5472 utor
1679 5394 1788 5472 reti
1813 5397 1944 5472 post

311 5459 628 5536 hominem,
661 5459 718 5536 et
743 5462 966 5536 irrisam
987 5478 1021 5516 a
1042 5459 1392 5536 sapientibus
1411 5465 1602 5520 saeculi
1621 5459 1943 5536 cymbtilam

310 5533 700 5614 rion-reliqui.
753 5533 850 5614 Illa
898 5550 990 5588 me
1022 5533 1150 5614 per
1193 5535 1583 5614 mundifreta
1638 5533 1940 5614 sustentat,

310 5603 787 5678 ditatrprobatum
823 5604 883 5659 in
912 5603 1231 5676 captionem
1262 5607 1562 5662 hominum
1602 5611 1753 5663 recte
1791 5603 1945 5678 quod

311 5674 580 5750 cernitis;
614 5675 793 5750 redite
817 5693 954 5748 ergo
979 5674 1116 5750 quia
1142 5677 1276 5748 fuga
1303 5694 1402 5750 vos
1433 5695 1535 5734 nec
1563 5679 1701 5733 dum
1731 5674 1942 5745 ess—etis,

311 5749 573 5832 agrestes
599 5746 836 5832 eripuit;
877 5746 1085 5804 currite
1128 5750 1198 5804 ad
1215 5746 1392 5818 ovile,
1424 5767 1529 5832 nec
1559 5750 1946 5832 luporumvos

275 5843 279 5848 τ
313 5819 607 5894 exponatis
636 5819 874 5890 insidiis,
903 5837 974 5874 ne
1012 5837 1115 5892 per
1141 5837 1363 5878 moram
1399 5819 1671 5880 amittatis
1698 5822 1945 5893 gratiam

2037 4602 2292 4676 protulit,
2318 4603 2417 4676 sed
2436 4620 2540 4676 per
2557 4603 2828 4676 humana:
2846 4602 3055 4676 linguae
3070 4605 3452 4660 ministerium
3474 4607 3668 4663 divino

2036 4674 2301 4751 inilitavit
2326 4674 2592 4751 imperio,
2610 4674 2893 4751 intellexit
2909 4691 3037 4751 non
3059 4692 3180 4751 esse
3202 4693 3370 4731 suum
3394 4678 3672 4751 quidquid

2038 4747 2283 4820 impulsa
2309 4745 2621 4820 constituit,
2652 4745 2807 4813 nihil
2835 4745 3004 4820 habet
3023 4746 3083 4801 in
3109 4747 3204 4802 illa
3231 4745 3672 4820 senteritiafnisi

2039 4817 2193 4894 unde
2210 4819 2390 4894 soiata
2407 4817 2705 4894 devotione
2728 4818 3064 4894 gratuletur,
3089 4821 3463 4894 peregrinum
3495 4817 3672 4894 stylus

2039 4891 2218 4972 sepsit
2243 4889 2554 4972 eiequium,
2582 4887 2716 4972 inde
2744 4887 2981 4972 sumens
2995 4887 3484 4972 .gle'rianisolam,
3519 4887 3674 4965 quod

2037 4964 2226 5018 infusa
2252 4959 2367 5016 sibi
2389 4966 2446 5015 et
2486 4959 2726 5016 servavit
2753 4966 2809 5014 et
2837 4959 3034 5016 coluit;
3063 4961 3228 5026 Quod
3258 4963 3345 5018 his
3377 4966 3448 5019 de
3472 4959 3672 5020 'ex-em-

2040 5035 2148 5106 plis
2168 5032 2512 5104 evangelicis
2526 5031 2860 5102 praeparasti
2883 5033 3244 5106 calumniam,
3267 5036 3411 5090 sicut
3428 5037 3497 5091 de
3513 5037 3673 5091 vobis

2041 5104 2316 5177 scriptum
2349 5108 2470 5177 est:
2499 5126 2527 5152 «
2557 5104 2988 5177 erraveruntrin
3008 5105 3309 5176 ebrietate,
3343 5108 3675 5163 nescierunt

2042 5174 2347 5244 videntem,
2381 5175 2785 5246 ignoraverunt
2816 5174 3098 5246 judicium
3136 5174 3502 5246 (Isatfxxvni,
3537 5183 3607 5245 7).
3639 5201 3669 5228 1»

2042 5252 2183 5305 Nam
2203 5248 2456 5320 profanis
2476 5252 2824 5320 memoratos
2844 5248 3029 5302 verbis
3049 5249 3284 5320 czeditis,
3308 5254 3364 5302 et
3388 5247 3672 5303 inscitiam

2042 5318 2280 5393 proditis
2309 5324 2366 5374 et
2389 5318 2652 5393 livorem.
2682 5318 2778 5374 Isti
2803 5335 2941 5390 ergo
2969 5319 3452 5393 resurrectionem
3471 5336 3670 5393 corpo-

2041 5389 2120 5447 ris
2165 5407 2340 5463 quam
2384 5389 2700 5463 praedicant
2752 5389 3226 5463 non’credentes,
3261 5389 3540 5463 heareticis
3572 5389 3674 5463 ini-

2042 5460 2236 5519 scuere
2253 5460 2564 5533 contagiis;
2584 5461 2675 5516 isti
2697 5461 2973 5532 quidquid
2991 5461 3257 5533 abjurant
3277 5460 3490 5531 linguis
3506 5462 3674 5517 corde

2043 5540 2349 5591 sectantur.
2387 5532 2536 5602 Ergo
2575 5533 2710 5604 quia
2747 5533 3013 5604 dixerunt
3042 5532 3521 5604 eumtimendum
3555 5550 3676 5589 esse

2043 5607 2141 5678 qui
2177 5609 2365 5678 potest
2403 5602 2678 5678 occidere,
2725 5611 2782 5657 et
2815 5602 3068 5655 animam
3107 5603 3334 5678 mittere
3365 5603 3423 5658 in
3448 5605 3673 5678 gehen-

2043 5675 2196 5745 nam,
2221 5675 2531 5731 ideoatide
2568 5675 2754 5728 aliena
2788 5679 3125 5746 texuerunt.
3152 5675 3288 5728 Ecce
3327 5677 3675 5746 profundam

2046 5744 2408 5820 imperitiam.
2437 5749 2519 5820 En
2545 5746 2774 5820 beatum
2801 5744 3202 5820 Lucam__cujus
3227 5744 3464 5817 potestis
3489 5765 3673 5804 asser-

2044 5815 2199 5876 tione
2231 5819 2503 5884 convinci,
2538 5816 2673 5889 quid
2703 5815 2910 5870 clamat
2943 5833 2955 5869 :
2990 5815 3207 5873 Timete
3228 5815 3384 5874 eum
3420 5821 3519 5894 qui
3551 5828 3680 5894 post
