4062 6188
231 308 365 360 1021

227 411 506 487 moemris
547 411 734 467 attulit
767 411 1008 484 perdita,
1046 428 1219 487 quam
1255 414 1634 485 jucunditatis
1685 415 1874 487 acqui-

220 482 956 566 sita,.relega‘mus,.tamen
981 482 1188 566 quibus
1219 482 1446 566 mutata
1458 493 1590 566 sunt
1615 488 1721 566 ista
1749 482 1870 566 sine:

223 555 510 608 cessibus.
561 556 696 608 Ecce
729 555 854 625 jam
899 557 956 609 in
1001 555 1105 611 illo
1137 559 1380 612 sacrario
1411 559 1688 613 libertatis
1725 559 1867 613 nihil

225 627 436 679 servile
468 625 536 679 de
562 626 848 680 idolorum
879 628 1123 681 cultibus
1163 629 1470 684 invenitur.
1521 632 1658 684 Ecce
1697 629 1868 683 bono-

227 712 365 750 rum
387 712 620 770 corona,
643 697 794 751 orbis
816 698 1039 767 genius,
1056 699 1158 754 flos
1174 700 1464 754 Romanus
1482 701 1578 770 qui
1599 701 1694 754 diu
1707 717 1869 756 vene-

224 774 392 841 ratus
436 772 520 821 est
559 769 762 841 plenus
805 769 1100 841 sanctitate
1131 771 1311 826 calcat
1339 769 1557 825 altaria.
1588 774 1724 826 Ecce
1745 773 1868 841 jam

226 839 393 913 curia
432 855 560 893 mea
599 840 687 913 ad
716 840 921 894 coelum
964 847 1211 913 vocatur,
1261 843 1540 909 laudatur,
1574 839 1865 913 accipitur.

228 910 350 984 Nec
379 927 606 984 possum
636 909 825 984 dicere
851 912 1160 981 perdidisse
1189 929 1281 966 me
1307 914 1561 967 sobolem
1594 909 1722 984 post
1748 931 1846 984 gra

228 931 272 962 Α
285 931 350 962 ec
380 931 606 979 possum
636 931 825 963 uicere
852 931 1160 981 perdidisse
1189 931 1281 966 me
1307 931 1561 967 soooxem
1594 931 1722 984 post
1789 931 1868 968 ra-

226 981 377 1053 tiam
405 981 671 1050 baptismi
703 998 872 1051 quam
899 984 1197 1053 repentina
1221 1001 1378 1038 mors
1404 985 1652 1039 abstulit.
1672 931 1868 1039 Mﬁtos

229 1052 591 1126 trabearum,
611 1055 666 1106 et
685 1052 1338 1126 curulium’possessores
1353 1073 1652 1126 supremus
1671 1073 1870 1126 regna-

226 1130 328 1198 tor
371 1125 488 1198 sine
532 1123 829 1198 dispendio
886 1123 1086 1198 cultus,
1136 1130 1234 1180 aut
1290 1123 1584 1196 dignitatis
1644 1123 1865 1198 ample-

229 1195 430 1249 ctitur.
461 1195 609 1248 l’ene
627 1195 749 1264 jam
779 1197 986 1268 terreni
1010 1195 1402 1252 muniﬁcentia
1428 1199 1705 1268 triumphi
1728 1195 1869 1252 divi-

227 1281 379 1340 num
420 1281 758 1340 mereamur
817 1267 1105 1340 affectum,
1143 1272 1198 1322 et
1246 1270 1314 1323 ad
1367 1269 1576 1324 Christi
1614 1267 1868 1340 gloriam

228 1337 460 1408 proﬁcit
485 1337 638 1407 quod
663 1337 877 1392 mundo
898 1338 1136 1393 studetis
1162 1355 1283 1394 esse
1311 1337 1678 1408 venerabiles,
1704 1357 1865 1396 men-

230 1408 353 1480 tior
380 1408 486 1461 nisi
517 1424 702 1478 egena
733 1410 968 1480 agmina
996 1411 1316 1466 consulatus
1359 1412 1538 1466 nostri
1583 1412 1638 1465 in
1684 1413 1867 1466 subsi—

229 1479 330 1533 dio
381 1479 736 1532 miseriarum
781 1479 1144 1550 ’praestolatur
1192 1483 1540 1550 adventum,
1615 1488 1670 1536 et
1716 1485 1867 1538 enim

230 1566 493 1621 purpura
520 1556 704 1605 vestra
729 1567 840 1621 quo
872 1553 1007 1606 anni
1038 1553 1370 1607 vocabulum
1401 1554 1707 1608 nobilitatis
1734 1555 1867 1608 sub-

232 1622 543 1706 ripientem
599 1621 820 1702 miseris
866 1624 1335 1704 vestimentorum
1387 1626 1664 1706 largitate
1705 1626 1870 1706 pellit

228 1694 510 1762 algorem,
559 1709 734 1764 prope
760 1693 885 1763 jam
931 1695 1141 1749 iterum
1183 1693 1612 1750 necessitatibus
1640 1693 1870 1750 fuerunt

231 1764 513 1817 auxilium
561 1765 765 1817 decora
808 1765 1110 1835 fastorum,
1152 1771 1209 1820 et
1245 1767 1303 1820 in
1331 1768 1501 1821 veteri
1530 1767 1867 1822 inﬁdelitate

231 1835 501 1909 deposita!
518 1835 576 1888 in
607 1835 704 1888 tali
736 1838 1148 1909 przeparatione
1175 1855 1377 1892 census
1409 1839 1712 1909 dispendia
1753 1839 1867 1893 efﬁ-

231 1907 464 1979 ciuntur
491 1907 647 1960 lucra
675 1907 1022 1979 animarum.
1055 1910 1194 1963 Ecce
1223 1926 1374 1964 nunc
1402 1911 1473 1964 ad
1503 1907 1864 1979 gestatoriam

232 1978 435 2031 sellam
462 1978 784 2047 apostolicze
814 1979 1178 2034 confessionis
1222 1981 1335 2034 uda
1371 1978 1604 2036 mittunt
1648 1981 1867 2036 lumina

230 2049 584 2121 candidatos,
617 2053 674 2102 et
693 2049 966 2103 uberibus
992 2052 1198 2121 gaudio
1221 2057 1479 2106 exactore
1508 2052 1735 2107 fletibus
1758 2054 1868 2108 col-

229 2119 351 2173 lata
377 2121 475 2174 Dei
501 2120 952 2195 ben_eﬁcio_dona
995 2119 1380 2195 geminantur.
1433 2123 1565 2187 Quis
1611 2127 1865 2195 tempore

230 2207 348 2262 quo
393 2190 862 2266 pretiosisverba
915 2190 1168 2266 partibus
1221 2211 1335 2266 quo
1363 2196 1580 2265 prolem
1608 2190 1865 2250 nostram

226 2266 450 2343 aeterna
477 2262 723 2343 genitrix
746 2262 946 2343 rursus
968 2264 1223 2335 paritura
1237 2262 1405 2343 “nunc
1431 2267 1681 2343 suscipit,
1705 2267 1866 2343 cujus

232 2337 372 2414 post
411 2334 657 2414 primam
699 2334 1065 2414 nativitatem
1095 2337 1410 2407 grandaevis
1457 2334 1682 2414 fletibus
1708 2334 1866 2414 alvus

230 2405 524 2485 impletur,
567 2421 695 2476 quae
749 2405 893 2459 mihi
923 2405 1164 2485 prolem
1196 2409 1606 2485 _regenerando
1637 2409 1864 2485 dulcem

229 2476 371 2550 fecit
395 2492 514 2530 esse
535 2492 712 2548 quam
738 2476 964 2550 peperi,
987 2494 1115 2550 quae
1143 2479 1214 2533 ad
1245 2476 1305 2534 se
1329 2481 1616 2534 venientes
1642 2481 1864 2535 senium

226 2547 367 2621 facit
393 2547 703 2621 exuereet
716 2547 788 2600 ad
814 2549 942 2602 vitae
975 2547 1255 2621 principia
1283 2551 1472 2606 redire
1503 2551 1821 2607 confractos
1838 2554 1865 2606 τ

229 2618 369 2693 Quis
390 2619 535 2693 hanc
561 2619 918 2693 felicitatem,
933 2618 1096 2693 rogo,
1123 2618 1584 2693 interpellatione
1611 2623 1867 2678 commit-

230 2689 362 2766 tat?
398 2690 532 2754 Quis
561 2706 675 2766 per
703 2689 1045 2766 discordiam
1084 2689 1342 2766 viperina
1371 2699 1560 2749 mente
1588 2695 1865 2766 composi-

229 2763 353 2814 tam
379 2777 516 2835 aure
540 2761 680 2816 mihi
709 2762 896 2816 saeculi
915 2763 1081 2834 jubet
1098 2761 1286 2835 perire
1305 2764 1620 2820 beneﬁcia?
1647 2761 1784 2830 Quis
1803 2765 1861 2819 in

230 2833 603 2908 renovatione
634 2833 1067 2908 nmeaoccasunm
1102 2833 1494 2908 clandestinus
1524 2837 1782 2908 inspirat,
1809 2842 1865 2892 et

231 2919 337 2988 per
364 2904 587 2958 blandas
624 2903 830 2988 frontis
859 2906 1457 2988 speciemdnimicitiis
1496 2903 1641 2963 vires
1675 2903 1864 2980 acqui-

231 2975 328 3040 rit,
347 2992 700 3050 _generosam
727 2977 786 3031 in
815 2975 911 3031 tali
938 2978 1167 3049 negotio
1191 2979 1516 3050 prosapiam
1547 2997 1660 3033 non
1690 2975 1866 3050 agim-

231 3047 372 3100 sco?
397 3046 448 3121 Si
471 3047 568 3121 qui
589 3049 722 3121 sunt
747 3053 942 3104 tamen
965 3046 1323 3105 summorum
1347 3046 1487 3121 quos
1501 3051 1706 3105 vilibus
1727 3046 1865 3105 tem-

234 3118 505 3190 pestatis
542 3118 711 3189 hujus
779 3121 1025 3190 procella
1077 3121 1307 3176 sociavit
1361 3118 1486 3176 aliis
1541 3123 1865 3177 auctoribus

231 3185 553 3264 facinorum
572 3185 1003 3264 participatione
1022 3193 1406 3264 maculantur.
1439 3193 1716 3264 Splendor
1741 3210 1866 3248 sau-
1887 3185 1942 3260 C

235 3261 448 3332 guinis,
513 3266 568 3316 et
634 3261 679 3314 si
740 3261 1205 3319 cemmunionem
1250 3261 1558 3318 criminum
1605 3264 1863 3333 incurrit,

235 3333 418 3406 nescit
443 3336 635 3386 tamen
661 3333 863 3406 ducem
889 3352 948 3388 se
978 3336 1236 3406 praebere
1270 3335 1656 3406 peccantibus.
1687 3335 1867 3390 Habet

234 3403 475 3478 forsitan
527 3409 750 3478 reatum
808 3405 878 3460 de
930 3403 1186 3478 neglecta
1230 3403 1508 3474 cautione,
1555 3424 1668 3460 non
1695 3406 1867 3461 habet

231 3474 475 3549 dignum
514 3476 854 3549 supplicium
897 3478 966 3532 de
1011 3474 1301 3533 'scelerum
1349 3478 1694 3549 principatu.
1751 3479 1864 3533 Sub

233 3546 482 3620 quadam
515 3548 859 3620 verecundia
876 3549 1144 3620 jungitur
1173 3546 1635 3620 delinquentibus
1663 3550 1762 3620 qui
1792 3550 1864 3603 ad

233 3617 430 3670 adulta
452 3618 646 3692 jurgia
663 3617 1026 3692 convocatur.
1070 3621 1189 3674 Non
1221 3617 1478 3675 meretur
1509 3617 1862 3692 desperatio-

232 3705 372 3762 nem
401 3689 628 3762 perditi,
657 3691 714 3743 in
742 3707 856 3761 quo
884 3691 1064 3746 facilis
1084 3695 1310 3746 tantum
1332 3689 1862 3762 crudelitasimpro-

232 3760 426 3814 batur.
481 3761 586 3834 Vos
632 3760 820 3834 potius
864 3763 1029 3817 video
1082 3763 1381 3818 triviorum
1427 3764 1706 3834 germina.
1733 3760 1866 3818 'Vos

235 3847 488 3901 agnosco
534 3832 592 3886 in
635 3833 842 3904 quibus
880 3840 1096 3888 naturae
1122 3835 1304 3888 vilitas
1333 3832 1733 3889 convenientes
1759 3834 1864 3888 sibi

233 3919 428 3956 mores
451 3903 690 3984 peperit,
705 3920 860 3984 quos
890 3905 1262 3984 degenerasse
1289 3906 1512 3984 claritas
1527 3907 1746 3984 fuerat,
1759 3906 1864 3984 qui

233 3990 343 4049 per
368 3975 627 4028 mentita:
655 3975 1206 4049 titulumreligionis
1236 3977 1493 4048 gaudetis
1522 3975 1866 4049 impunitate

233 4045 525 4119 vitiorum,
542 4062 784 4117 quorum
802 4047 951 4103 labia
971 4045 1271 4119 nunquam
1286 4052 1386 4102 aut
1398 4045 1683 4104 honorum
1697 4065 1867 4119 sapor

237 4117 446 4192 tetigit,
494 4121 591 4171 aut
633 4118 864 4192 quietis,
913 4120 1011 4192 qui
1045 4117 1144 4192 fas
1173 4136 1344 4174 omne
1375 4120 1583 4192 origini
1613 4117 1866 4192 parendo

233 4187 474 4256 violatis,
529 4187 672 4259 quos
727 4189 797 4244 de
853 4187 1086 4245 latebris
1135 4194 1192 4245 et
1239 4187 1518 4262 specubus
1561 4187 1866 4262 productos

233 4276 487 4331 praesens
504 4275 672 4314 causa
690 4262 1038 4315 monstravit.
1061 4263 1195 4326 Quis
1213 4265 1344 4316 ante
1366 4263 1866 4318 concinnationem

235 4332 370 4386 mali
424 4331 594 4402 hujus
626 4333 725 4402 qui
763 4333 982 4387 caeteris
1011 4334 1243 4403 agnovit
1270 4333 1367 4387 diu
1399 4335 1612 4388 favistis
1651 4338 1867 4388 secreta

235 4403 444 4476 quibus
471 4419 570 4458 vos
591 4420 705 4458 nox
731 4404 1120 4474 generationis
1133 4404 1446 4459 abdiderat.
1464 4405 1660 4460 Redite
1679 4405 1866 4476 potius

234 4474 307 4528 ad
332 4475 571 4528 amicam
598 4476 930 4544 caecitatem,
956 4475 1116 4530 nobis
1138 4492 1392 4530 serenam
1423 4481 1478 4531 et
1497 4474 1761 4531 diurnam
1784 4476 1866 4530 lu-

229 4561 355 4638 cem
387 4546 715 4627 relinquite.
742 4547 1110 4638 Concordiam
1123 4547 1557 4638 ‘Ecclesimmaut
1586 4548 1862 4615 absentia,
1883 4565 1944 4638 D

229 4623 331 4671 aut
358 4617 705 4672 correctione
732 4623 1016 4674 priestate.
1043 4619 1099 4674 Si
1123 4622 1318 4674 tamen
1351 4619 1514 4674 vultis
1539 4636 1634 4674 vos
1670 4636 1866 4674 nume-

228 4689 344 4743 rari
365 4689 516 4743 inter
539 4689 870 4815 stplendidas
895 4690 1192 4762 prosapias
1213 4693 1444 4746 actuum
1465 4691 1864 4748 emendatione

234 4776 558 4815 cognoscan
591 4803 602 4815 .

234 4776 602 4832 cognoscant.

266 4920 464 4990 Incipit
495 4921 634 4976 actio
659 4923 866 4992 quinta
887 4921 1084 4991 synodi
1110 4937 1306 4978 ccxvm
1335 4921 1706 4992 episcome
1733 4919 1830 4974 sub

400 4993 716 5061 Symmacho
733 5011 905 5065 papa,
937 4999 1169 5065 tempore
1199 4993 1510 5050 Theodorici
1533 4994 1696 5061 regis.

303 5112 437 5168 Post
476 5115 841 5170 consulatum
875 5116 1082 5171 Ameni
1121 5131 1251 5170 cum
1281 5114 1341 5169 in
1374 5128 1555 5168 unum
1580 5114 1867 5166 annuente

230 5208 477 5263 Domino
503 5214 634 5264 ante
669 5208 1086 5265 confessionem
1115 5209 1272 5264 beati
1301 5208 1451 5264 Petri
1481 5205 1868 5278 apostolorum

231 5301 509 5374 principis
530 5303 954 5374 resedissemus,
981 5306 1177 5359 sancta
1194 5302 1440 5375 synodus
1458 5299 1617 5369 dixit,
1640 5299 1867 5355 libellus

227 5397 334 5468 qui
383 5398 636 5468 synodali
681 5399 1018 5453 auctoritate
1067 5404 1266 5454 contra
1313 5414 1407 5452 eos
1459 5395 1556 5468 qui
1599 5394 1867 5450 adversus

223 5495 494 5563 quartam
532 5496 789 5547 nostram
820 5491 1099 5564 synodum
1147 5509 1276 5564 quae
1319 5490 1516 5546 habita
1553 5495 1638 5544 est
1671 5490 1867 5543 Romae

219 5582 476 5654 palmari
523 5583 731 5638 mutire
768 5586 1254 5654 prmsumpserunt
1299 5581 1369 5635 ab
1422 5577 1684 5636 Ennodio
1723 5593 1863 5632 con-

220 5677 471 5747 scriptus
500 5683 585 5732 est
604 5695 794 5732 coram
816 5677 1084 5732 omnibus
1109 5676 1417 5743 deferatur,
1449 5679 1505 5728 et
1526 5673 1584 5726 in
1613 5687 1863 5742 przesen-

224 5777 311 5830 tia
333 5775 593 5830 omnium
623 5776 846 5848 legatur
869 5779 1041 5847 atque
1085 5775 1406 5830 roboratur.
1443 5772 1566 5836 Quo
1605 5769 1864 5835 recitato,

227 5874 287 5926 et
316 5869 389 5923 ab
415 5870 684 5924 omnibus
715 5886 963 5926 consona
991 5886 1125 5925 voce
1150 5868 1413 5924 roborato
1464 5868 1659 5920 sancta
1695 5879 1863 5934 syno-

1461 305 1933 366 DECRETALIUM
1971 309 2352 367 COLLECTIO.

3467 319 3602 374 1022

1895 419 2080 503 Αάιιε
2118 419 2265 474 dixit
2313 435 2325 474 :
2376 419 2495 474 haec
2537 419 2743 476 futuris
2797 422 3148 495 temporibus
3198 429 3603 481 conserventur

1967 519 2138 585 atque
2178 513 2249 568 ab
2289 513 2558 568 omnibus
2592 518 2860 571 teneatur
2899 522 2955 571 et
2981 517 3038 571 in
3072 518 3341 572 omnibus
3369 534 3598 574 serven-

1965 610 2078 660 tur.
2110 603 2206 657 Hic
2231 603 2454 657 libellus
2481 605 2850 675 integerrime
2874 607 3220 676 synodaliter
3241 607 3311 661 ab
3333 608 3596 662 omnibus

1967 696 2230 748 teneatur
2258 697 2430 764 atque
2469 693 2617 747 inter
2655 698 2875 765 quartze
2912 699 2968 750 et
2996 696 3211 766 quinta:
3246 697 3602 767 synodorum

1967 790 2294 842 nostrorum
2325 787 2574 841 actiones
2593 788 3011 859 interponatur,
3048 795 3104 844 et
3126 790 3208 844 ita
3233 791 3374 844 sicut
3395 792 3600 846 harum

1967 881 2316 951 synodorum
2343 881 2570 935 decreta
2600 881 2900 948 habeatur,
2940 884 3077 954 quia
3116 885 3371 955 synodali
3408 889 3598 940 aucto-

1968 975 2133 1030 ritate
2165 974 2520 1045 conscriptus
2547 979 2652 1040 est,
2687 980 2744 1029 et
2771 976 3086 1031 roboratus.
3119 978 3202 1032 Ad
3234 995 3362 1049 qua!
3389 979 3598 1033 beatis-

1967 1068 2144 1122 simus
2183 1085 2329 1139 papa
2371 1069 2669 1139 respondit
2705 1069 2870 1139 juxta
2914 1076 3155 1124 vestram
3211 1073 3468 1126 omnium
3502 1073 3602 1126 ﬁat

1968 1163 2337 1228 voluntatem,
2394 1166 2452 1216 et
2505 1167 2565 1216 ut
2613 1162 2903 1232 judicatus
2959 1164 3261 1234 apostolica
3316 1165 3598 1220 habeatur

1970 1256 2281 1310 auctoritas
2309 1259 2364 1309 et
2395 1256 2546 1309 inter
2565 1256 2875 1327 apostolica
2898 1257 3053 1327 quod
3069 1257 3252 1312 dicitis
3274 1259 3599 1329 interpona-

1967 1353 2062 1404 tur
2081 1350 2326 1416 decreta,
2377 1353 2433 1403 et
2467 1350 2613 1404 sicut
2653 1356 2856 1404 cmtera
2891 1352 3203 1421 apostolica
3241 1352 3310 1406 ab
3339 1353 3600 1407 omnibus

1969 1447 2236 1497 teneatur
2289 1443 2532 1498 decreta.
2584 1443 2671 1497 Ad
2723 1460 2850 1514 quas
2901 1462 3104 1499 omnes
3157 1449 3244 1500 ter
3303 1464 3413 1500 una
3464 1463 3600 1501 voce

1969 1537 2391 1608 responderunt
2437 1537 2708 1605 dicentes,
2750 1541 2814 1591 ut
2851 1538 2952 1592 ﬁat
2977 1555 3268 1609 rogamus.
3316 1542 3444 1594 Post
3474 1558 3601 1612 qua:

1969 1631 2338 1684 acclamatum
2360 1634 2444 1685 est
2471 1631 2542 1684 ab
2570 1631 2836 1685 omnibus
2861 1631 3138 1703 episcopis
3155 1638 3211 1687 et
3236 1634 3597 1704 presbyteris.

1969 1724 2050 1777 llli
2073 1723 2171 1795 qui
2192 1740 2399 1796 papam
2419 1724 2830 1796 Symmachum
2847 1731 3272 1794 accusaverunt,
3292 1732 3348 1782 et
3364 1728 3600 1784 damna-

1889 1806 1945 1878 B
1968 1817 2185 1872 tionem
2224 1818 2275 1874 ei
2314 1818 2526 1873 inferre
2557 1820 2941 1885 tentaverunt,
2977 1825 3033 1874 et
3064 1819 3141 1874 illi
3169 1821 3264 1891 qui
3295 1837 3423 1875 eum
3443 1822 3596 1890 judi-

1966 1916 2260 1979 caverunt,
2294 1915 2392 1965 aut
2417 1915 2617 1966 contra
2648 1916 2898 1966 nostram
2921 1914 3203 1983 synodum
3237 1914 3470 1984 garrire,
3503 1919 3602 1969 aut

1965 2005 2210 2059 scribere
2236 2012 2740 2076 praesumpseruut,
2761 2010 2826 2060 ut
2852 2007 3197 2061 damnentur
3224 2024 3513 2078 rogamus.
3535 2010 3598 2063 Et

1965 2099 2138 2169 paulo
2166 2103 2296 2170 post
2316 2115 2518 2154 omnes
2539 2099 2791 2171 episcopi
2814 2105 2870 2155 et
2894 2101 3209 2172 presbyteri
3231 2118 3366 2155 voce
3387 2118 3598 2172 magna

1965 2193 2276 2247 clamantes
2323 2193 2592 2247 dixerunt
2633 2210 2646 2247 :
2695 2193 2927 2263 Exaudi,
2977 2195 3218 2263 Christe,
3258 2196 3598 2266 Symmacho

1965 2303 2131 2358 papas
2161 2287 2304 2354 vita;
2339 2287 2556 2342 dictum
2583 2290 2668 2342 est
2689 2288 2883 2343 octies.
2904 2289 3074 2358 Cujus
3098 2289 3291 2344 sedem
3318 2296 3373 2344 et
3397 2307 3596 2359 annos,

1967 2379 2182 2434 dictum
2209 2386 2292 2435 est
2317 2380 2535 2447 decies;
2572 2385 2637 2436 ut
2662 2382 2759 2436 ﬁat
2785 2398 3076 2453 rogamus,
3109 2383 3322 2438 dictum
3350 2389 3436 2438 est
3463 2385 3598 2438 duo-

1964 2473 2167 2529 decies.
2199 2474 2413 2538 Quibus
2441 2475 2692 2544 cessatis,
2743 2475 3114 2546 Symmachus
3155 2477 3451 2548 episcopus
3491 2479 3595 2532 Ec-

1964 2567 2151 2622 clesiaa
2184 2568 2479 2622 catholicae
2507 2567 2667 2624 urbis
2704 2569 2901 2624 Romae
2931 2570 3075 2624 dixit
3107 2586 3120 2623 :
3153 2571 3430 2635 Quoniam
3475 2572 3593 2625 fra-

1963 2660 2199 2716 ternitas
2243 2664 2431 2716 vestra
2475 2661 2750 2734 singulari
2801 2661 3090 2717 charitatis
3131 2663 3339 2732 studio,
3388 2665 3484 2735 pio
3531 2682 3596 2719 ac

1963 2755 2216 2825 vigilanti
2274 2755 2480 2811 affectu
2505 2797 2519 2823 ,
2593 2755 2893 2812 indefessis
2940 2756 3225 2812 laboribus
3280 2774 3343 2812 ac
3397 2757 3596 2829 spiritu

1962 2849 2141 2904 vivaci
2179 2848 2490 2917 studuistis,
2531 2849 2844 2906 venerandi
2879 2853 3092 2922 patres,
3135 2852 3374 2906 tutelam
3404 2869 3595 2906 rerum

1965 2941 2473 2998 ecclesiasticarum
2519 2942 2732 3011 fovere,
2789 2943 2980 2999 sedem
3034 2944 3406 3016 apostolicam
3451 2945 3599 3016 (quae

1964 3035 2147 3091 solida
2170 3036 2319 3091 Petri
2350 3036 2710 3092 confessione
2755 3037 3003 3093 stabilita
3039 3040 3138 3106 est)
3169 3041 3318 3094 tueri
3343 3038 3598 3106 viriliter,

1965 3129 2057 3184 cui
2087 3129 2221 3185 licet
2247 3129 2471 3202 indigni
2497 3130 2741 3186 Domino
2775 3131 2854 3184 sic
2883 3130 3222 3202 disponente
3254 3149 3598 3203 przesumus,

1965 3240 2029 3278 ac
2055 3222 2398 3295 pravitatem
2420 3229 2674 3278 nostram
2693 3223 3040 3294 jamdudum
3067 3225 3258 3280 multis
3283 3226 3601 3282 afﬂictioni-

1965 3317 2071 3371 bus
2101 3316 2410 3387 impulsam
2442 3317 2590 3371 virili
2620 3317 2975 3388 protectione
3006 3318 3341 3374 defendistis
3370 3320 3596 3375 oblocu-

1964 3411 2185 3465 toribus
2213 3415 2269 3465 et
2297 3411 2720 3466 susurrantibus
2756 3412 3094 3481 resistendo,
3129 3412 3226 3483 qui
3263 3413 3422 3466 novis
3453 3430 3598 3466 sem-

1963 3521 2068 3575 per
2095 3503 2336 3570 insidiis,
2356 3521 2582 3575 semper
2605 3504 2820 3576 aliquid
2849 3505 3150 3559 adversum
3174 3522 3276 3560 nos
3297 3511 3353 3561 et
3381 3507 3596 3561 famam

1967 3601 2220 3652 nostram
2279 3597 2615 3666 moliuntur,
2669 3615 2812 3668 quos
2865 3598 3095 3669 spiritus
3145 3599 3239 3653 ille
3285 3600 3596 3667 divisionis,

1964 3691 2252 3747 continuis
2289 3692 2536 3762 exagitat
2576 3692 2801 3758 aculeis,
2843 3692 3049 3763 quibus
3080 3695 3166 3746 est
3196 3709 3310 3764 pax
3342 3693 3596 3762 inimica,

1964 3789 2022 3839 et
2049 3784 2332 3839 discordia
2370 3785 2622 3855 placens.
2666 3788 2731 3840 Et
2770 3785 2902 3856 quia
2936 3789 3124 3840 vestra
3149 3786 3372 3840 bonitas
3400 3804 3594 3842 curam

1965 3879 2306 3950 provisionis
2335 3882 2545 3934 nostrae
2571 3878 2687 3933 suis
2719 3879 3212 3934 exhortationibus
3240 3880 3510 3947 incitavit,
3545 3887 3601 3936 et

1964 3973 2204 4044 parilem
2217 3972 2364 4026 circa
2375 3972 2634 4028 Ecclesize
2651 3973 3145 4044 tranquillitatem,
3171 3974 3392 4028 Domini
3417 3976 3592 4029 nostri

1965 4065 2506 4138 contemplationem
2526 4066 2705 4120 animi
2731 4071 2960 4137 prmstet
2987 4066 3328 4138 flagitamus,
3362 4074 3425 4122 ut
3450 4069 3598 4122 circa

1963 4160 2347 4227 insidiatores,
2373 4165 2428 4214 et
2441 4165 2836 4230 persecutores
2858 4163 3081 4215 nostros
3102 4160 3297 4215 mitius
3317 4162 3517 4231 agatis,
3543 4165 3600 4215 et

1964 4254 2095 4309 licet
2117 4255 2269 4325 juste
2300 4254 2646 4309 damnentur
2671 4257 2904 4326 propter
2923 4254 3375 4310 misericordiam
3402 4259 3598 4310 tamen

1965 4353 2370 4404 conserventur
2395 4353 2458 4402 ut
2486 4349 2546 4402 in
2576 4347 2740 4403 nobis
2760 4348 2857 4402 illa
2885 4349 3108 4403 Domini
3132 4348 3451 4404 declaretur
3471 4366 3597 4405 sen-

1965 4442 2164 4509 tentia,
2189 4458 2304 4513 qua
2324 4441 2676 4514 prtecipitur,
2695 4442 2775 4496 ita
2792 4442 3062 4496 fratribus
3082 4443 3314 4508 dimitti,
3335 4443 3478 4497 sicut
3493 4443 3602 4498 sibi

1967 4553 2001 4590 a
2019 4535 2260 4590 Domino
2275 4536 2513 4606 cupiunt
2530 4535 2762 4589 dimitti.
2785 4537 2866 4589 De
2883 4541 3087 4591 czetero
3105 4552 3239 4590 vero
3256 4552 3326 4590 ne
3346 4552 3601 4606 unquam

1967 4629 2126 4696 talia,
2157 4646 2277 4684 non
2303 4629 2667 4683 solummodo
2691 4629 2749 4682 in
2783 4628 3108 4698 apostolicae
3136 4629 3282 4684 sedis
3308 4631 3602 4701 prtesulea

1965 4739 2252 4796 quoquam
2281 4725 2726 4794 praesumantur,
2766 4721 2866 4776 sed
2889 4738 2994 4776 nec
3029 4721 3085 4776 in
3106 4723 3222 4776 ullo
3241 4722 3599 4780 Christiano-

1967 4835 2095 4874 rum
2112 4818 2376 4889 episcopo
2393 4819 2758 4886 usurpentur.
2774 4816 2894 4870 Non
2913 4831 3053 4886 ergo
3075 4832 3307 4871 necesse
3323 4821 3410 4872 est
3429 4836 3603 4891 super

1965 4913 2058 4967 his
2073 4929 2221 4967 nova
2245 4911 2475 4977 cudere,
2510 4909 2609 4964 sed
2638 4912 2826 4964 vetera
2856 4909 3097 4966 recitare
3133 4913 3306 4982 atque
3345 4912 3602 4973 ﬁrmare.

1969 5009 2062 5062 Est
2091 5006 2246 5062 enim
2274 5022 2307 5060 a
2330 5004 2524 5059 multis
2549 5003 3000 5059 antecessoribus
3024 5005 3232 5060 nostris
3252 5007 3602 5077 synodaliter

1965 5101 2263 5156 decretum
2290 5104 2458 5170 atque
2488 5098 2782 5152 ﬁrmatum
2819 5101 2884 5152 ut
2921 5114 3052 5153 oves
3098 5115 3228 5170 quo:
3258 5100 3469 5170 pastori
3498 5116 3599 5155 suo

1966 5194 2284 5251 commissae
2328 5194 2559 5248 fuerunt
2604 5209 2738 5247 eum
2781 5209 2882 5247 nec
2928 5193 3363 5264 reprehendere,
3412 5193 3521 5247 nisi
3566 5211 3598 5246 a

1964 5294 2119 5345 recta
2161 5288 2271 5344 [ide
2313 5286 2738 5355 exorbitaverit,
2785 5289 3155 5357 praesumant,
3185 5302 3290 5340 nec
3315 5285 3599 5340 ullatenus

1966 5402 2071 5457 pro
2103 5397 2446 5456 quacunque
2473 5397 2535 5435 re
2567 5380 2699 5448 alia,
2729 5381 2837 5435 nisi
2867 5397 2970 5451 pro
2999 5397 3102 5434 sua
3130 5379 3405 5449 iujustitia
3429 5395 3596 5434 accu-

1967 5496 2092 5534 sare
2119 5478 2382 5545 audeant,
2407 5474 2678 5548 quoniam
2704 5475 2942 5545 pastoris
2962 5476 3118 5527 actus
3140 5472 3328 5542 gladio
3350 5473 3463 5526 oris
3483 5490 3597 5529 non

1967 5575 2102 5628 sunt
2140 5570 2403 5637 feriendi,
2441 5585 2769 5640 quanquam
2809 5567 2912 5621 rite
2958 5565 3410 5636 reprehendendi
3443 5567 3593 5622 aesti-

1968 5671 2220 5736 mentur,
2272 5681 2375 5720 nec
2406 5664 2551 5718 ullos
2573 5662 2868 5733 episcopos
2892 5659 3006 5712 suis
3035 5658 3203 5712 rebus
3233 5661 3594 5730 exspoliatos,

1966 5761 2054 5815 vel
2101 5777 2134 5814 a
2173 5759 2400 5814 sedibus
2447 5757 2501 5811 vi
2544 5759 2642 5810 aut
2666 5755 2820 5819 dolo,
2853 5757 2950 5806 aut
2991 5767 3333 5824 quocunque
3360 5753 3598 5826 ingenio

1967 5856 2178 5927 pulsos,
2212 5854 2357 5908 sicut
2383 5854 2441 5906 et
2467 5865 2564 5905 vos
2591 5848 2660 5903 de
2682 5846 2848 5902 nobis
2867 5845 3184 5918 judicastis,
3208 5852 3307 5904 aut
3337 5849 3406 5904 ad
3438 5865 3600 5922 syno-
