4062 6188
550 290 568 340 l
580 290 682 344 023

1440 284 1723 342 APPEND.
1766 284 1854 340 AD
1892 284 2055 342 S/EC.
2096 284 2187 340 IX.
2211 311 2284 326 --
2318 282 2566 373 ISIDORI
2601 280 3023 342 MERCATOBJS

3691 291 3789 345 lilii

545 395 682 449 dum
707 398 821 449 tam
851 392 1258 464 provincialem
1286 408 1465 465 quam
1497 395 1828 465 generalem
1856 411 2019 466 posse
2039 411 2170 449 con-
2192 405 2251 478 Α
2270 393 2392 465 pari
2419 393 2765 449 adunatione
2797 392 3182 447 manifestata.
3213 391 3452 463 Cumque
3476 394 3792 463 surrexissent,

546 503 764 554 vocare,
795 493 893 543 aut
919 488 979 541 in
1005 487 1194 559 aliquo
1213 488 1477 559 judicare
1498 494 1802 559 antequam
1825 494 2029 545 cuncta
2048 507 2175 561 qua

546 582 625 636 eis
652 581 838 636 ablata
865 587 998 636 sunt
1023 582 1245 652 legibus
1274 582 1543 653 potestati
1572 599 1773 637 eorum
1808 583 2041 654 paciﬁce
2072 601 2176 655 per

543 675 735 729 omnia
754 675 1200 746 reintegrentur,
1217 675 1599 730 decernimus.
1615 676 1776 730 Prius
1797 693 1932 747 ergo
1950 681 2177 748 oportet

546 768 744 822 omnia
763 768 877 822 illis
902 769 1123 839 legibus
1143 769 1546 839 redintegrari,
1566 772 1624 823 et
1641 770 1915 824 Ecclesias
1933 787 2061 841 qua
2080 788 2174 825 su-

540 863 710 917 blata
731 862 835 916 sibi
876 867 1007 917 sunt
1041 879 1171 917 cum
1201 863 1355 917 omni
1389 863 1685 933 privilegio
1715 879 1815 917 suo
1844 863 2087 931 restitui,
2121 869 2178 919 et

548 957 911 1027 postmodum
946 973 1065 1011 non
1113 956 1216 1011 sub
1264 959 1507 1027 angusto
1544 957 1820 1028 temporis
1848 957 2044 1028 spatio,
2077 959 2176 1013 sed

550 1054 777 1105 tantum
797 1049 1070 1122 temporis
1096 1049 1345 1121 spatium
1373 1050 1453 1104 eis
1478 1050 1864 1121 indulgeatur,
1893 1055 2175 1122 quantum

551 1144 844 1215 exspoliati
874 1144 964 1198 vel
1009 1144 1231 1214 expulsi
1269 1160 1389 1197 esse
1441 1144 1725 1211 videntur,
1761 1149 2065 1216 antequam
2106 1145 2177 1201 ad

549 1237 833 1308 synodum
862 1242 1265 1305 convocentur,
1299 1242 1355 1292 et
1385 1237 1455 1291 ab
1483 1238 1747 1292 omnibus
1777 1238 2015 1310 quisque
2045 1255 2174 1309 pro-

551 1330 747 1385 vincia
773 1348 888 1385 sua
919 1330 1195 1402 episcopis
1221 1330 1507 1386 audiatur.
1558 1332 1695 1385 Nam
1738 1348 1844 1387 nec
1887 1332 2177 1387 convocari

553 1425 627 1479 ad
656 1441 902 1492 causam,
934 1441 1040 1478 nec
1070 1423 1364 1495 dijudicari
1390 1428 1595 1495 potest,
1619 1426 1954 1496 exspoliatus
1980 1427 2067 1480 vel
2087 1443 2179 1481 ex-

551 1519 769 1590 pulsus,
798 1519 935 1589 quia
954 1534 1072 1572 non
1099 1521 1183 1571 est
1204 1518 1565 1589 privilegium
1591 1535 1705 1589 quo
1729 1519 2029 1591 exspoliari
2056 1536 2179 1590 pos-

553 1612 627 1666 sit
661 1612 785 1683 jam
822 1613 1088 1667 nudatus.
1130 1613 1291 1667 Unde
1333 1616 1389 1666 et
1420 1612 1736 1684 antiquitus
1767 1613 2064 1668 decretum
2094 1618 2180 1669 est

553 1723 753 1761 omnes
778 1705 1159 1777 possessiones
1190 1709 1247 1760 et
1276 1706 1470 1760 omnia
1497 1706 1604 1760 sibi
1624 1706 1846 1762 sublata
1870 1713 2038 1779 atque
2059 1708 2177 1762 fru-

2276 491 2333 542 et
2354 486 2526 559 paulo
2548 490 2677 558 post
2690 487 2901 541 iterum
2917 484 3305 540 consedissent
3325 500 3427 539 una
3443 501 3558 540 voce
3572 486 3792 544 dixerunt:

2275 581 2327 637 Si
2375 580 2501 652 quis
2540 582 2663 635 hac
2709 597 2835 652 qua
2875 579 3047 635 hodie
3078 578 3137 634 in
3165 580 3268 634 hac
3294 581 3475 633 sancta
3498 580 3676 651 synodo
3698 599 3794 653 pro-

2273 675 2455 730 hibita
2480 679 2613 730 sunt
2643 674 2955 745 infringere
2981 674 3419 745 praesumpserit,
3448 678 3536 727 aut
3559 675 3795 730 voluntarie

2278 768 2595 839 transgredi
2620 768 2950 834 tentaverit,
2985 768 3031 821 si
3058 767 3293 822 clericus
3317 772 3412 834 est,
3452 767 3607 838 gradu
3630 768 3798 839 proprio

2277 863 2505 933 penitus
2541 866 2746 931 careat,
2788 862 2835 916 si
2879 877 3012 915 vero
3043 860 3350 915 monachus
3379 865 3468 915 aut
3494 860 3641 915 laicus
3660 861 3795 927 fuerit,

2277 956 2674 1011 communione
2701 955 2976 1027 privetur,
2999 958 3058 1010 et
3080 955 3127 1009 si
3145 971 3257 1009 non
3280 954 3644 1023 emendaverit,
3667 954 3796 1009 vicino

2276 1051 2642 1105 anathemate
2666 1050 2923 1104 feriatur.
2957 1050 3209 1105 Secretas
3232 1065 3361 1103 vero
3400 1047 3604 1102 insidias
3630 1048 3695 1102 vel
3719 1063 3797 1101 ma.

2279 1145 2510 1199 nifestas
2558 1143 2919 1215 pontiﬁcibus
2954 1160 2988 1197 a
3036 1142 3459 1214 quibuscunque
3483 1140 3652 1209 illatas,
3674 1141 3736 1195 vel
3753 1157 3797 1195 ea

2278 1255 2405 1309 qua
2432 1238 2599 1308 hujus
2631 1240 2841 1292 sancta
2868 1236 3071 1308 synodi
3097 1236 3379 1291 sententia
3406 1233 3743 1306 complectitur,
3767 1235 3795 1287 si

2277 1332 2402 1402 quis
2422 1331 2495 1385 ad
2524 1330 2780 1386 Ecclesia
2805 1329 3105 1401 pertulerit
3132 1328 3414 1395 notitiam,
3439 1331 3651 1399 ponatur
3670 1327 3796 1381 hono-

2277 1441 2359 1493 re,
2406 1430 2461 1480 et
2507 1425 2569 1479 hi
2609 1425 2704 1496 qui
2731 1424 2965 1478 adversa
3000 1424 3082 1477 eis
3110 1423 3439 1488 moliuntur,
3465 1421 3798 1476 sicutasanctis

2279 1519 2540 1574 Patribus
2571 1518 2790 1572 dudum
2819 1522 3096 1572 statutum
3128 1520 3231 1583 est,
3262 1519 3317 1570 et
3360 1514 3517 1569 hodie
3554 1513 3746 1585 synodali
3764 1518 3800 1565 et

2279 1613 2588 1691 apostolica
2616 1611 2951 1667 auctoritate
2981 1610 3264 1677 ﬁrmatur,
3291 1609 3508 1680 penitus
3533 1608 3798 1678 abjicientur,

2283 1713 2339 1761 et
2367 1705 2559 1760 exsilio
2581 1704 2695 1760 suis
2717 1704 2980 1760 omnibus
3007 1704 3260 1758 sublatus
3287 1708 3545 1775 perpetuo
3568 1700 3801 1767 tradantur,

554 1804 677 1854 ctus
701 1805 931 1855 cunctos
958 1804 1089 1853 ante
1123 1803 1492 1854 contestatam
1522 1800 1682 1854 litem
1713 1777 2052 1873 praceptor,
2085 1777 2258 1856 autB
2283 1799 2404 1854 hac
2447 1814 2580 1854 vero
2624 1815 2752 1870 qua
2796 1798 2855 1852 in
2895 1797 3002 1852 hac
3030 1800 3229 1851 sancta
3266 1796 3475 1868 synodo
3511 1798 3682 1848 statuta
3700 1793 3800 1855 sunt,

547 1894 780 1965 primas,
829 1892 1141 1964 possessori
1182 1893 1460 1949 restituat.
1500 1895 1570 1947 Et
1609 1893 1745 1948 alibi
1773 1895 2047 1966 scriptum
2079 1895 2179 1949 ha-

550 1988 718 2042 betur
740 2004 753 2042 :
778 1988 872 2041 ille
900 1987 999 2058 qui
1021 1986 1348 2042 violentiam
1372 1988 1624 2058 pertulit,
1659 1988 1924 2045 universa
1948 1989 2009 2043 in
2034 1991 2181 2044 statu

554 2094 668 2152 quo
690 2082 918 2136 fuerant
933 2081 1186 2152 recipiat,
1210 2086 1267 2136 et
1293 2096 1422 2152 qua
1448 2081 1701 2152 possedit
1721 2099 1951 2138 securus
1968 2086 2179 2138 teneat.

555 2177 620 2230 Et
647 2175 783 2230 alibi
810 2175 868 2230 in
897 2175 1265 2246 synodalibus
1300 2177 1534 2230 Patrum
1575 2176 1834 2244 decretis,
1881 2182 1939 2231 et
1977 2193 2181 2249 regum

554 2269 752 2323 edictis
782 2269 993 2340 legitur
1021 2271 1316 2339 statutum,
1348 2268 1794 2340 redintegranda
1823 2274 1957 2325 sunt
1987 2271 2183 2325 omnia

557 2362 902 2434 exspoliatis,
930 2364 1019 2417 vel
1046 2362 1242 2432 ejectis
1265 2362 1545 2434 episcopis
1572 2363 2009 2434 prasentialiter
2034 2365 2183 2419 ordi-

555 2458 788 2512 natione
819 2455 1174 2528 pontiﬁcum,
1208 2459 1266 2511 et
1290 2456 1348 2510 in
1381 2473 1581 2512 eorum
1607 2457 1761 2512 unde
1790 2457 2185 2514 abscesserunt

550 2553 831 2623 potestate
845 2550 1101 2605 funditus
1130 2550 1448 2606 revocanda
1476 2567 1832 2622 quacunque
1858 2551 2181 2607 conditione

446 2721 451 2727 .
554 2644 852 2719 temporis,
882 2650 982 2700 aut
1010 2643 1165 2713 dolo,
1193 2649 1293 2700 aut
1320 2644 1663 2716 captivitate,
1694 2649 1793 2700 aut
1818 2645 2026 2701 virtute
2054 2663 2180 2701 ma-

547 2740 766 2811 jorum,
794 2741 894 2793 aut
918 2755 1023 2810 per
1040 2754 1412 2810 quascunque
1427 2738 1665 2809 injustas
1684 2756 1877 2795 causas
1897 2755 1986 2795 res
2007 2740 2182 2795 eccle-

554 2833 653 2888 sia
694 2833 782 2888 vel
805 2832 1069 2903 proprias
1097 2835 1195 2886 aut
1222 2831 1561 2887 substantias
1588 2832 1900 2903 perdidisse
1928 2850 2060 2888 suas
2086 2852 2185 2889 no-

553 2933 807 2996 scuntur,
831 2928 964 2980 ante
990 2924 1426 2993 accusationem,
1461 2930 1560 2980 aut
1573 2927 1900 2998 regularem
1923 2928 1994 2982 ad
2021 2945 2185 2999 syno-

559 3021 700 3076 dum
738 3019 1094 3074 vocationem
1139 3034 1358 3086 eorum,
1413 3023 1471 3074 et
1512 3018 1756 3092 reliqua.
1797 3021 1891 3075 Est
1917 3021 2093 3076 etiam
2122 3023 2183 3077 in

556 3114 804 3186 antiquis
846 3112 1107 3168 Ecclesia
1160 3112 1384 3168 statutis
1427 3112 1739 3184 decretum,
1777 3118 1843 3169 ut
1867 3115 1966 3186 qui
1996 3116 2183 3170 aliena

557 3207 787 3274 invadit,
824 3223 943 3262 non
976 3211 1135 3262 exeat
1161 3206 1497 3278 impunitus,
1538 3208 1636 3263 sed
1666 3224 1797 3263 cum
1836 3208 2182 3280 multiplica-

556 3304 714 3358 tione
733 3301 927 3357 omnia
941 3300 1222 3356 restituat.
1245 3301 1403 3356 Unde
1430 3300 1563 3356 etin
1584 3301 1890 3374 Evangelio
1909 3302 2184 3375 scriptum

557 3402 685 3467 est}:
716 3418 745 3448 ‹‹
774 3396 937 3460 Quod
980 3395 1026 3450 si
1072 3394 1283 3466 aliquid
1329 3394 1682 3465 defraudavi,
1726 3396 1901 3452 reddo
1943 3398 2185 3469 quadru-

552 3492 718 3564 plum
763 3490 909 3562 (Luc.
956 3506 1068 3558 nx,
1117 3490 1191 3561 8).
1241 3511 1267 3537 ι)
1299 3491 1365 3545 Et
1399 3489 1461 3545 in
1488 3490 1710 3561 legibus
1736 3491 1925 3546 saculi
1951 3495 2183 3547 cautum

553 3585 796 3641 habetur
825 3601 837 3639 :
868 3585 973 3649 Qui
999 3600 1125 3638 rem
1151 3582 1395 3655 subripit
1414 3584 1677 3654 alienam,
1704 3585 1788 3639 illi
1813 3586 1973 3657 cujus
1990 3602 2082 3640 res
2105 3586 2187 3640 di-

554 3683 720 3751 repta
743 3684 800 3735 et
825 3679 884 3737 in
910 3679 1296 3750 undecuplum
1316 3695 1445 3749 qua
1466 3679 1687 3734 sublata
1716 3681 1870 3748 sunt,
1905 3680 2182 3736 restituat.

553 3776 622 3829 Et
662 3774 722 3828 in
763 3774 888 3843 lege
929 3772 1120 3828 divina
1163 3772 1419 3843 legitur:
1451 3794 1479 3823 «
1505 3773 1827 3829 Maledictus
1865 3775 2052 3829 omnis
2088 3775 2187 3847 qui

558 3868 826 3924 transfert
846 3866 1121 3922 terminos
1141 3866 1390 3938 proximi
1411 3866 1527 3934 sui;
1559 3872 1616 3922 et
1631 3867 1767 3923 dicit
1789 3869 1980 3923 omnis
2000 3885 2187 3941 popu-

554 3964 642 4018 lus
672 3979 686 4017 :
714 3963 899 4017 Amen
942 3962 1115 4032 (Deut.
1147 3977 1311 4031 xxvii,
1349 3960 1453 4031 17).
1485 3982 1512 4009 ››
1545 3961 1702 4017 Talia
1727 3978 1865 4036 ergo
1896 3979 2014 4018 non
2038 3979 2182 4035 pra-

555 4060 855 4112 sumantur
881 4055 1095 4129 absque
1109 4054 1227 4109 ulla
1254 4054 1488 4126 ultione,
1521 4072 1625 4111 nec
1654 4060 2028 4112 exerceantur
2059 4056 2183 4111 abs-

556 4168 667 4223 que
707 4166 811 4205 sua
854 4149 1241 4205 damnatione.
1284 4149 1714 4204 Accusatoribus
1762 4166 1897 4205 vero
1939 4150 2186 4205 inimicis

551 4246 639 4300 vel
688 4244 759 4298 de
803 4242 1024 4298 inimici
1071 4241 1245 4297 domo
1302 4242 1739 4314 prodeuntibus,
1790 4243 1879 4298 vel
1934 4244 2188 4316 quicum

552 4337 805 4394 inimicis
853 4336 1241 4391 immorantur
1307 4342 1406 4391 aut
1460 4337 1707 4408 suspecti
1754 4341 1889 4393 sunt
1938 4354 2011 4393 ne
2062 4355 2183 4394 cre-

556 4434 746 4503 datur,
780 4447 852 4487 ne
880 4430 1012 4486 irati
1041 4447 1245 4487 nocere
1270 4430 1523 4502 cupiant,
1549 4447 1621 4485 ne
1651 4431 1771 4487 Iasi
1791 4431 1986 4488 ulcisci
2007 4449 2065 4489 se
2090 4450 2185 4489 ve-

558 4528 684 4584 lint.

631 4622 779 4688 Quid
792 4622 865 4678 ad
878 4622 1001 4677 hac
1017 4620 1191 4689 vobis,
1211 4620 1527 4676 charissimi
1540 4620 1767 4690 fratres,
1780 4621 2046 4677 videntur
2059 4638 2190 4693 pru—

559 4717 750 4773 dentia
787 4722 971 4773 vestra
1017 4731 1121 4788 pro
1166 4715 1541 4771 ecclesiastica
1570 4715 1759 4787 quiete
1785 4715 1874 4770 vel
1899 4715 2187 4770 indemni-

554 4814 671 4867 tate
708 4810 957 4866 universi
999 4810 1220 4865 adicite.
1256 4809 1527 4865 Universa
1555 4809 1801 4881 synodus
1841 4809 2020 4864 dixit:
2052 4809 2185 4881 Epi-

542 4904 847 4977 scopalem
877 4904 1327 4975 persecutionem
1359 4909 1417 4959 et
1435 4903 1804 4960 ecclesiarum
1824 4904 1908 4958 vel
1929 4903 2191 4960 vastatio-

484 5026 485 5029 η
554 5015 690 5055 nem
717 5003 888 5070 atque
916 5014 1209 5053 servorum
1242 4997 1341 5053 Dei
1369 4997 1803 5054 insectationem
1822 4997 1950 5053 fulti
1978 4998 2184 5070 pradi-

557 5098 651 5150 cta
670 5091 1008 5148 auctoritate
1034 5095 1093 5146 et
1120 5091 1378 5147 omnium
1400 5095 1729 5147 sanctorum
1745 5094 1972 5148 Patrum
1992 5092 2185 5164 prohi-

554 5188 791 5256 bitione,
841 5191 1135 5257 vestraque
1178 5186 1573 5242 consolatione
1616 5187 1910 5242 communi
1941 5190 2187 5242 tractatu

556 5282 776 5356 pariter
816 5280 875 5336 in
901 5280 1161 5335 futurum
1186 5279 1417 5336 robuste
1437 5297 1504 5336 ac
1529 5281 1804 5336 veraciter
1823 5286 2187 5353 amputantes

558 5380 1004 5447 sanctorumque
1041 5376 1273 5429 Patrum
1316 5378 1526 5430 statuta
1566 5375 1861 5430 firmantes
1906 5375 2187 5447 expressis

559 5469 855 5526 sententiis
908 5468 1214 5537 sancimus,
1266 5485 1339 5523 ne
1379 5485 1638 5540 unquam
1675 5468 1810 5522 talia
1834 5485 1868 5523 a
1895 5485 2186 5541 quoquam

560 5564 789 5633 nostris,
816 5566 916 5619 aut
942 5563 1148 5619 futuris
1170 5562 1522 5634 temporibus
1544 5566 1987 5634 prasumantur.
2016 5564 2085 5619 Et
2108 5564 2184 5619 si-

556 5658 732 5714 lentio
771 5658 941 5728 facto,
981 5657 1357 5729 Symmachus
1407 5656 1704 5729 episcopus
1733 5656 1991 5712 Ecclesia
2030 5658 2187 5714 urbis

557 5748 756 5802 Roma
782 5746 926 5801 dixit
957 5762 971 5801 :
998 5746 1159 5810 Quod
1180 5746 1226 5800 si
1244 5746 1421 5819 aliqui
1440 5746 1561 5803 hac
1586 5746 1924 5819 transgressi
1950 5747 2185 5817 fuerint,

559 5843 619 5898 et
642 5840 776 5895 talia
799 5840 1291 5911 prasumpserint,
1321 5841 1456 5912 quid
1482 5857 1654 5914 super
1670 5841 1759 5897 his
1776 5842 1936 5899 vobis
1963 5842 2188 5900 videtur

2281 1900 2339 1948 et
2365 1910 2430 1948 ea
2456 1909 2585 1964 qua
2614 1892 2675 1947 in
2706 1892 2893 1946 libello
2920 1908 3096 1963 quem
3122 1890 3413 1946 Ennodius
3438 1892 3607 1953 nostra
3630 1884 3800 1940 auctori-

2281 1990 2399 2042 tate
2455 1987 2804 2057 conscripsit,
2850 1986 2996 2040 sicut
3033 1985 3091 2039 in
3145 1983 3448 2055 praesentia
3474 1984 3640 2036 nostra
3663 1979 3804 2032 relecta

2281 2085 2433 2147 sunt,
2462 2086 2526 2136 ut
2563 2079 2809 2151 propriis
2849 2080 3112 2133 manibus
3134 2079 3489 2147 roborentur,
3517 2090 3733 2146 rogamus
3750 2078 3804 2124 at-

2281 2192 2392 2247 que
2405 2175 2464 2230 in
2484 2177 2828 2246 perpetuum
2849 2176 3280 2242 conserventur,
3301 2172 3441 2226 sicut
3453 2169 3727 2242 pradictum
3739 2169 3804 2228 est,

2282 2273 2464 2325 vestra
2489 2268 2794 2340 apostolica
2811 2266 3150 2322 auctoritate
3168 2266 3486 2321 ﬁrmentur.
3511 2262 3607 2319 Sed
3623 2261 3805 2331 Symma-

2282 2364 2422 2418 chus
2442 2362 2707 2417 Ecclesia
2722 2361 2879 2416 urbis
2894 2362 3091 2416 Roma
3108 2360 3399 2415 catholica
3416 2357 3673 2429 episcopus
3688 2352 3804 2406 dixit:

2283 2455 2731 2511 Acclamationes
2771 2460 2987 2510 vestras
3029 2453 3346 2525 synodique
3365 2450 3622 2524 judicium
3645 2460 3813 2519 prasen-

2284 2550 2362 2605 tia
2386 2550 2699 2621 suscipient
2726 2554 2902 2620 gesta.
2931 2548 3271 2619 Adjecitque
3303 2552 3361 2602 et
3389 2545 3519 2600 dixit
3543 2560 3555 2597 :
3587 2544 3651 2597 Ea
3666 2555 3755 2611 que
3766 2535 3810 2589 ad

2283 2643 2678 2716 suscipiendos
2726 2646 3039 2697 veternosa
3091 2640 3545 2714 prasumptionis
3566 2650 3738 2692 errores
3759 2629 3815 2682 vel

2282 2739 2521 2793 infensa
2566 2735 2758 2810 255
2804 2735 3166 2807 pontiﬁcibus
3200 2731 3634 2808 prasumptionis
3653 2725 3815 2783 morbos

2282 2833 2490 2905 quibus
2512 2834 2691 2887 status
2704 2831 2884 2903 afﬂigi
2917 2831 3061 2887 solet
3082 2830 3347 2886 Ecclesiae
3368 2837 3719 2894 servorumque
3735 2819 3817 2888 ejus

2284 2926 2618 2982 deliberatio
2667 2925 2938 2997 religioni
2985 2940 3243 2995 congrua
3297 2923 3530 2996 pacique
3586 2911 3815 2975 constituit,

2286 3026 2558 3093 perpetua
2587 3020 2899 3076 sortientur
2938 3018 3229 3088 ﬁrmitate,
3261 3023 3329 3073 ut
3359 3019 3625 3072 annuente
3647 3005 3819 3064 Domino

2283 3132 2454 3187 quem
2472 3115 2768 3170 custodem
2788 3130 2982 3169 rerum
2997 3115 3215 3168 constat
3232 3128 3358 3167 esse
3378 3112 3633 3166 bonarum
3654 3098 3818 3174 synoda-

2284 3208 2353 3263 lis
2395 3208 2675 3264 ordinatio
2705 3208 2912 3279 vigeat,
2947 3210 3116 3279 atque
3148 3207 3343 3261 omnis
3372 3204 3465 3277 qui
3498 3201 3606 3257 sine
3637 3206 3821 3270 persona!

2284 3302 2522 3373 alicujus
2552 3301 2914 3357 distinctione
2950 3300 3141 3356 venire
3180 3294 3611 3370 prasumpserit,
3635 3285 3822 3359 imposita

2283 3395 2546 3468 superius
2590 3394 2942 3450 districtione
2986 3396 3271 3466 plectatur
3296 3436 3309 3462 ,
3366 3392 3606 3447 universa
3644 3378 3822 3456 synodus

2284 3489 2428 3545 dixit
2445 3507 2457 3544 :
2486 3491 2556 3545 Ut
2573 3490 2672 3544 ﬁat
2683 3505 2975 3560 rogamus,
2994 3488 3211 3544 dictum
3231 3492 3321 3542 est
3336 3486 3545 3554 decies;
3566 3490 3619 3536 ut
3632 3470 3823 3533 scandala

2285 3588 2652 3657 amputentur
2669 3590 2725 3639 et
2740 3584 2959 3638 insidia
2978 3587 3149 3655 atque
3168 3581 3543 3637 detractiones
3554 3591 3669 3646 erga
3678 3569 3825 3642 episco'

2286 3697 2387 3751 pos
2416 3680 2665 3734 vitentur
2690 3695 2975 3749 rogamus,
2995 3678 3209 3733 dictum
3234 3679 3324 3731 est
3343 3671 3639 3731 duodecies.
3658 3668 3707 3722 Et
3725 3664 3824 3717 tacto

2287 3775 2513 3829 silentio
2552 3773 2806 3829 universi
2851 3774 2911 3827 in
2953 3776 3145 3827 sancta
3192 3771 3415 3842 synodo
3452 3758 3734 3837 congregati
3751 3754 3826 3809 cla-

2288 3872 2510 3923 mantes
2535 3867 2803 3923 dixerunt
2831 3884 2843 3922 :
2878 3865 3113 3936 Exaudi,
3144 3865 3390 3935 Christe,
3421 3856 3715 3935 Symmacho
3733 3850 3825 3910 vita,

2287 3962 2503 4017 dictum
2551 3966 2636 4017 est
2683 3962 2887 4028 octies;
2932 3961 3025 4016 hic
3079 3964 3164 4016 est
3207 3977 3321 4031 pax
3371 3973 3497 4014 cum
3547 3945 3825 4025 Symmacho-

2288 4056 2502 4111 dictum
2545 4060 2628 4111 est
2673 4055 2886 4111 novies.
2935 4055 3107 4126 Cujus
3154 4054 3355 4109 sedem
3385 4057 3442 4107 et
3469 4063 3650 4115 annos,
3676 4042 3827 4096 dictum

2288 4153 2375 4204 est
2400 4150 2611 4220 decies;
2638 4154 2699 4205 ut
2720 4150 2789 4205 de
2814 4148 3082 4221 prasenti
3108 4148 3224 4219 ﬁat,
3250 4148 3468 4203 dictum
3483 4148 3562 4199 est
3583 4132 3826 4197 duodecies-

2291 4246 2356 4300 Εἰ
2376 4245 2544 4317 paulo
2570 4248 2697 4316 post
2711 4260 2841 4298 cum
2861 4243 3221 4312 resedissent,
3244 4243 3395 4297 facto
3414 4237 3621 4301 silentio
3638 4230 3829 4287 universa

2288 4339 2539 4412 SYHOdUS
2581 4338 2720 4393 dixit
2752 4355 2764 4393 :
2792 4337 3056 4410 Quisquis
3100 4335 3441 4392 clericorum
3474 4335 3566 4387 aut
3590 4320 3829 4384 monacho-

2285 4449 2440 4503 rum,
2470 4437 2568 4488 aut
2593 4432 2868 4487 laicorum
2894 4434 3010 4486 tam
3042 4430 3274 4503 majoris
3300 4427 3512 4485 ordinis
3537 4435 3689 4496 quam
3707 4413 3830 4472 etiam

2207 4554 2267 4626 Β
2290 4526 2591 4598 inferioris,
2638 4529 2769 4599 post
2808 4526 2956 4581 hanc
3002 4526 3252 4581 formam
3280 4504 3830 4626 inobis-prlolatam—E:

2290 4621 2530 4676 decretis
2565 4598 2852 4677 contraire
2892 4619 3342 4692 praesumpserit,
3387 4614 3598 4673 statutis
3619 4598 3831 4665 cationieis

2288 4715 2440 4770 velut
2469 4714 2861 4770 schismaticus
2898 4714 3263 4788 percellatur.
3306 4714 3376 4768 Et
3422 4697 3828 4777 subscripserunt!

2287 4808 2469 4866 Celius
2513 4809 2904 4881 Symmachus,
2949 4808 3248 4881 episcopus
3272 4811 3481 4863 sancta
3524 4795 3742 4859 Ecclesia:
3770 4802 3829 4843 ω·

2286 4902 2509 4958 tholica
2537 4903 2691 4957 urbis
2717 4904 2915 4959 Roma
2944 4903 3079 4957 huic
3109 4905 3319 4957 statuto
3348 4919 3383 4957 a
3412 4899 3567 4955 nobis
3593 4884 3829 4963 inspirante

2289 4996 2528 5051 Domino
2596 5002 2762 5068 pacto
2823 4996 3163 5068 subscripsi;
3220 4993 3553 5050 Laurentius
3608 4984 3831 5074 episcopi?

2287 5091 2547 5147 Ecclesia
2582 5090 3011 5146 Mediolanensis
3048 5090 3182 5145 huic
3222 5093 3434 5145 statuto
3471 5103 3505 5141 a
3538 5080 3682 5139 nobis
3703 5076 3826 5169 insvl'

2286 5190 2448 5241 rante
2493 5183 2736 5239 Domino
2782 5188 3014 5256 peracto
3055 5182 3383 5255 subscripsi.
3430 5182 3614 5236 Petrus
3638 5166 3830 5265 Eccletﬁaz

2287 5278 2630 5335 Ravennatis
2655 5278 2788 5334 huic
2822 5283 3033 5335 statuto
3064 5295 3100 5333 a
3135 5277 3296 5333 nobis
3332 5273 3631 5347 inspirante
3654 5268 3829 5321 Dommo

2286 5377 2519 5444 peracto
2545 5372 3131 5445 subscripsi.'Eulalius
3146 5371 3447 5444 episcopus
3462 5361 3689 5424 Ecclesia
3711 5354 3828 5425 Syra-

2286 5483 2511 5522 cusana
2540 5467 2672 5522 huic
2697 5470 2906 5522 statuto
2932 5483 2966 5521 a
2993 5465 3159 5522 nobis
3178 5464 3494 5536 inspirante
3519 5455 3724 5515 Domino
3738 5457 3827 5519 pe!‘

2285 5565 2413 5619 acto
2443 5561 2768 5633 subscripsi.
2807 5561 2957 5617 Felix
2990 5560 3287 5633 episeOpus
3330 5546 3718 5614 Terracinensis
3736 5536 3827 5638 sub

2284 5655 2501 5727 scripsi.
2549 5655 2873 5727 Stephanus
2917 5655 3215 5727 episcopus
3250 5651 3509 5708 Ecclesia
3533 5639 3829 5731 Cordubensi5

2286 5748 2609 5820 subscripsi.
2651 5748 2995 5804 Fortunatus
3031 5748 3331 5821 episcopus
3371 5740 3615 5802 Ecclesia
3643 5730 3829 5790 ναιεηειε

2287 5842 2607 5916 subscripsi.
2627 5842 2917 5916 Benignus
2940 5842 3286 5917 Equivensis,
3306 5842 3546 5898 Joannes
3561 5828 3829 5907 Spolitanus.
