4062 6188
615 301 747 354 1027

1509 297 1791 354 APPEND.
1832 299 1918 354 AD
1957 299 2115 357 S/EC.
2162 300 2248 356 IX.
2277 327 2346 340 —-
2386 298 2628 356 [SIDORI
2665 300 3089 357 MERCATORIS
3750 313 3840 371 l028
3947 333 3950 371 τ

613 405 974 477 negligentia}
1003 404 1384 460 sacerdotum.
1415 407 1562 461 Sane
1600 413 1764 463 reatu
1803 408 2020 480 majore
2058 409 2240 464 delin-
2263 423 2322 495 Α
2345 407 2610 462 omnibus
2653 424 3014 480 summopere
3056 410 3317 465 convenit
3356 410 3616 468 observare
3656 421 3705 472 ut
3737 419 3842 474 obla-
3949 419 3952 452 ί

610 499 734 570 quit
767 499 864 570 qui
890 497 1114 570 potiore
1140 499 1356 556 honore
1383 500 1702 572 perfruitur
1731 504 1788 558 et
1815 503 2076 574 graviora
2109 502 2245 558 facit

610 592 747 647 vitia
765 593 1158 664 peccaminum
1181 593 1499 650 sublimitas
1519 594 1885 666 dignitatum.
1907 596 2035 652 Ideo
2055 600 2244 652 tacere

612 703 725 741 non
752 686 1024 742 debemus
1049 687 1145 743 sed
1173 705 1239 743 ea
1263 704 1391 760 qum
1438 690 1758 745 necessaria
1791 689 1910 744 fore
1940 690 2239 761 agnoveri-

612 797 761 848 mus,
792 780 1027 836 viriliter
1063 782 1352 854 corrigere
1382 787 1440 838 et
1466 784 1775 841 emendare
1817 790 2160 857 satagamus,
2188 788 2246 840 et

611 891 679 930 ea
705 891 832 946 qua),
860 875 1060 929 nociva
1104 880 1238 930 sunt
1279 876 1608 949 exstirpare,
1638 883 1810 948 prout
1840 879 2112 933 Dominus
2143 879 2239 934 de-

613 968 782 1038 derit,
819 986 938 1024 non
981 970 1363 1040 negligemus.
1414 970 1496 1024 Ab
1541 971 1822 1026 universis
1869 972 2148 1044 episcopis
2189 976 2245 1028 et

612 1063 959 1134 presbyteris
1041 1064 1413 1118 acclamatum
1487 1070 1569 1120 est
1621 1083 1632 1118 :
1694 1066 1932 1134 Exaudi,
2002 1067 2242 1134 Christe,

614 1157 957 1229 Symmacho
1006 1174 1171 1228 papze
1215 1157 1355 1228 vita;
1409 1159 1623 1214 dictum
1689 1164 1773 1214 est
1837 1160 2067 1233 septies.
2117 1163 2246 1216 Ilaec

613 1252 1037 1318 conﬁrmamus,
1069 1256 1126 1305 et
1166 1251 1283 1306 hac
1320 1252 1625 1321 docemus;
1657 1254 1873 1308 dictum
1919 1259 2002 1310 est
2048 1255 2243 1310 octies.

613 1345 893 1400 Doctrina:
941 1349 1138 1400 vestra:
1181 1346 1390 1417 gratias
1437 1346 1661 1419 agimus
1708 1348 2000 1419 ingentes;
2031 1349 2247 1404 dictum

614 1443 698 1494 est
724 1438 926 1494 decies.
974 1441 1080 1494 Ista
1119 1442 1424 1494 teneantur
1447 1444 1503 1494 et
1531 1440 1633 1495 ista
1677 1441 2047 1498 observentur
2073 1459 2243 1514 roga-

615 1550 772 1602 mus;
811 1533 1027 1588 dictum
1076 1538 1161 1588 est
1201 1533 1522 1589 duodecies.
1574 1535 1794 1607 Dignus
1837 1553 2005 1608 papa,
2039 1537 2248 1608 dignus

615 1629 828 1684 doctor.
894 1628 962 1680 Et
1025 1626 1169 1682 facto
1221 1627 1469 1696 silentio,
1517 1629 1892 1700 Symmachus
1954 1630 2248 1704 episcopus

613 1722 800 1777 dixit:
840 1721 1172 1778 Communis
1215 1721 1376 1776 dolor
1406 1725 1463 1777 et
1510 1723 1795 1794 generalis
1844 1727 1932 1779 est
1979 1726 2246 1796 gemitus,

2343 500 2529 555 tiones
2567 500 2818 556 ﬁdelium
2856 519 2890 556 a
2920 502 3152 558 nemine
3192 508 3592 576 praesumantur,
3616 511 3664 562 et
3696 509 3842 584 absque

2343 611 2622 650 consensu
2643 599 2699 651 et
2714 597 3001 652 voluntate
3027 596 3277 669 episcopi
3297 597 3352 652 in
3377 599 3521 670 cujus
3537 600 3844 672 dignoscuntur

2345 704 2464 744 esse
2507 688 2782 760 parochia
2826 694 2882 746 et
2924 695 3204 762 potestate
3248 692 3516 763 possidere
3542 695 3613 748 vel
3647 695 3840 754 dominari

2343 787 2664 851 tentantur;
2692 783 2970 856 quoniam
3013 785 3274 840 nonnulli
3315 802 3579 842 memores
3601 789 3670 843 sui
3692 807 3768 860 pro
3787 809 3841 846 re-

2345 876 2617 931 missione
2662 878 3063 948 peccaminum
3106 895 3338 934 suorum
3373 883 3426 935 et
3451 885 3841 952 paternas,vitazin

2344 971 2631 1026 creatione
2661 972 2731 1026 de
2760 972 3120 1028 facultatibus
3164 973 3278 1028 suis
3307 977 3418 1028 tam
3459 991 3628 1030 rerum
3665 977 3842 1032 immobi-

2344 1065 2484 1118 lium
2497 1065 2761 1136 quaedam
2773 1083 2905 1122 vero
2919 1082 3020 1138 per
3031 1067 3336 1139 scripturas
3346 1069 3581 1124 Ecclesiis
3591 1069 3845 1126 tradiderunt

2346 1163 2403 1213 et
2422 1159 2539 1213 Deo
2565 1161 2806 1215 creatori
2825 1177 2926 1216 suo
2949 1162 3357 1232 perpetualiter
3378 1162 3613 1217 habenda
3629 1163 3842 1220 dederunt:

2347 1269 2461 1324 quo
2489 1256 2692 1308 contra
2720 1254 2965 1309 adversis
3007 1255 3190 1310 Deum
3229 1255 3413 1310 minus
3441 1256 3730 1323 timentibus,
3749 1262 3842 1311 eate-

2347 1363 2456 1401 nus
2521 1348 2819 1403 mortifera
2885 1349 3190 1404 calliditate
3251 1352 3527 1418 tenentur,
3587 1353 3640 1404 ut
3686 1349 3842 1404 aliorum

2347 1441 2560 1496 oblatio
2605 1441 2714 1496 illis
2752 1442 3033 1514 pertineat
3061 1442 3131 1498 ad
3158 1443 3402 1497 ruinam.
3432 1445 3532 1499 Nec
3556 1443 3719 1498 intueri
3739 1445 3844 1498 corde

2347 1541 2585 1605 possunt
2624 1536 2777 1591 diem
2812 1536 3037 1608 judicii,
3067 1537 3206 1592 dum
3236 1536 3424 1592 nimias
3450 1537 3723 1609 cupiditatis
3750 1538 3844 1591 dele-

2347 1632 2572 1684 ctantur
2595 1630 2818 1685 ardore.
2861 1631 3021 1686 Unde
3048 1645 3350 1702 precamur
3377 1636 3435 1686 ut
3478 1631 3772 1702 antiquorum
3791 1632 3848 1684 Pa-

2349 1725 2502 1776 trum
2527 1724 2756 1795 regulas
2779 1741 2910 1796 quae
2945 1725 3118 1779 modo
3151 1731 3386 1797 pr0pter
3406 1725 3643 1797 injuriam
3667 1741 3846 1796 quumm-

615 1816 767 1888 quod
787 1815 935 1870 intra
950 1815 1255 1870 Ecclesiam
1277 1816 1490 1871 nostris
1508 1821 1565 1872 et
1580 1818 1876 1873 retroactis
1896 1820 2248 1891 temporibus
2267 1809 2325 1882 B
2349 1816 2479 1871 dam
2525 1817 2686 1888 quasi
2717 1818 2909 1873 oblitae
2939 1819 3246 1888 habentur,
3276 1819 3563 1885 renovetis,
3586 1823 3641 1873 ut
3661 1818 3742 1872 tale
3758 1817 3850 1888 judi-

616 1909 686 1964 de
731 1908 1025 1965 invasione
1065 1925 1261 1964 rerum
1309 1909 1817 1966 ecclesiasticarum
1856 1917 1912 1967 et
1951 1913 2247 1969 vexatione

615 2003 972 2059 sacerdotum
1004 2003 1392 2074 cognovimus,
1417 2021 1545 2076 quae
1565 2021 1657 2059 res
1683 2022 1801 2061 non
1831 2023 1931 2061 nos
1960 2007 2126 2075 solos,
2149 2007 2249 2063 sed

614 2114 815 2154 omnes
867 2097 1098 2152 Domini
1149 2097 1334 2169 tangit
1383 2098 1718 2154 sacerdotes.
1763 2101 1849 2170 Et,
1880 2099 2014 2156 licet
2053 2102 2175 2157 hac
2215 2119 2250 2156 a

613 2191 1125 2264 przedecessoribus
1158 2191 1366 2246 nostris
1389 2193 1515 2263 jam
1539 2193 1830 2264 prohibita
1861 2198 2013 2262 sunt,
2036 2199 2093 2250 et
2111 2195 2249 2251 tales

614 2291 1054 2358 prsesumptores
1080 2286 1351 2353 damnati,
1383 2289 1439 2341 et
1463 2303 1494 2340 a
1527 2287 1733 2342 sanctis
1764 2289 2079 2344 canonibus
2108 2307 2245 2345 ana-

614 2380 988 2449 thematizati,
1010 2396 1081 2435 ne
1097 2385 1289 2435 tamen
1312 2380 1498 2436 denuo
1518 2387 1960 2453 prmsumantur,
1975 2389 2060 2440 est
2078 2385 2248 2439 etiam

616 2492 787 2548 super
812 2475 900 2530 his
929 2474 1246 2547 promenda
1278 2475 1582 2542 sententia,
1609 2479 1675 2530 ut
1705 2477 1800 2548 qui
1835 2493 2033 2533 eorum
2058 2495 2248 2534 casum

613 2587 730 2625 non
759 2569 982 2640 timent,
1005 2569 1244 2624 timeant
1270 2570 1470 2625 saltem
1499 2587 1698 2624 eorum
1731 2576 2066 2643 perpetuam
2096 2573 2250 2628 dam-

617 2664 926 2731 nationem,
973 2666 1030 2717 et
1081 2663 1235 2736 quod
1285 2679 1434 2736 saepe
1491 2665 1881 2735 praesumitur,
1932 2666 2138 2738 smpius
2189 2670 2251 2721 ut

615 2757 944 2812 inhibeatur
982 2773 1208 2813 necesse
1238 2763 1342 2812 est.
1375 2757 1575 2812 Sancta
1621 2759 1875 2829 synodus
1904 2759 2046 2814 dixit
2073 2777 2086 2814 :
2121 2762 2250 2816 Haac

614 2867 686 2906 ne
713 2851 856 2905 ﬁant
883 2851 1072 2905 denuo
1099 2850 1354 2922 synodali
1385 2855 1668 2906 conventu
1694 2852 1933 2922 provida
1952 2853 2248 2909 beatudini

615 2948 816 2998 vestra).
849 2944 1130 2998 sententia
1173 2943 1432 3000 enervari
1477 2946 1759 3015 convenit,
1790 2949 1847 3000 et
1871 2963 1942 3002 ne
1966 2947 2024 3002 in
2055 2964 2247 3003 exem-

616 3039 776 3110 plum
833 3042 1126 3093 remaneat
1178 3038 1562 3109 praesumendi
1619 3039 1872 3094 funditus
1930 3041 2245 3114 exstirpari.

617 3131 995 3204 Symmachus
1027 3132 1326 3204 episcopus
1359 3132 1502 3188 dixit
1531 3150 1544 3187 ε
1574 3133 1734 3189 Modo
1773 3134 1906 3206 quia
1932 3136 2078 3190 Deus
2107 3152 2250 3207 prae-

2349 1909 2500 1964 cium
2530 1927 2701 1982 super
2726 1912 2807 1966 eis
2832 1912 2948 1980 ﬁat,
2977 1915 3039 1966 ut
3064 1911 3258 1985 256
3283 1917 3382 1968 aut
3405 1913 3668 1968 manifeste
3685 1911 3850 1965 haeretici

2348 2005 2448 2076 qui
2478 2005 2780 2060 Ecclesiam
2805 2007 2905 2062 Dei
2930 2006 3216 2075 scindunt,
3252 2013 3310 2063 et
3337 2003 3729 2062 anathematizati
3745 2008 3850 2074 atque

2346 2098 2417 2153 ab
2443 2099 2686 2154 Ecclesia
2713 2099 2813 2155 Dei
2840 2104 3098 2156 extorres
3136 2101 3474 2171 habeantur,
3501 2106 3586 2156 aut
3606 2116 3691 2171 per
3718 2097 3853 2152 satisfa-

2349 2191 2597 2248 ctionem
2626 2193 2885 2249 Ecclesiae
2920 2195 2992 2249 ad
3017 2194 3437 2266 paenitentiam,
3463 2199 3514 2250 et
3545 2194 3734 2249 demum
3754 2191 3854 2261 juxta

2347 2287 2577 2358 regulas
2635 2288 3039 2343 ecclesiasticas
3101 2289 3173 2345 ad
3239 2288 3712 2350 reconciliationem
3765 2283 3853 2338 reci-

2347 2380 2598 2452 piantur.

2419 2476 2787 2547 Symmachus
2831 2476 3131 2549 episcopus
3176 2478 3442 2533 Ecclesiae
3491 2475 3732 2531 catholica
3762 2472 3858 2525 urbis

2351 2570 2549 2624 Romae
2575 2569 2719 2625 dixit
2746 2587 2760 2624 :
2793 2570 2886 2624 His
2913 2587 3050 2642 ergo
3095 2571 3202 2626 rite
3228 2571 3540 2643 perpensis,
3567 2586 3628 2623 ne
3653 2568 3714 2622 illi
3734 2567 3773 2620 iu
3791 2563 3859 2618 rui-

2351 2679 2487 2718 nam
2510 2663 2764 2718 incidant
2791 2668 2849 2718 et
2873 2668 3155 2736 perpetuo
3186 2665 3530 2720 damnentur
3558 2662 3714 2728 exitio,
3733 2665 3771 2714 et
3785 2674 3861 2711 san-

2349 2760 2439 2811 cta
2489 2756 2736 2812 Ecclesia
2789 2757 3038 2829 pretioso
3092 2757 3303 2813 Christi
3361 2757 3615 2829 sanguine
3662 2753 3864 2822 redempta

2350 2853 2722 2917 restauratur,
2742 2851 2908 2924 eique
2931 2852 3025 2923 pie
3053 2852 3402 2908 famulantes
3429 2868 3538 2907 non
3556 2849 3862 2922 opprimantur.

2351 2945 2462 3000 Sed
2491 2945 2818 3006 releventur
2845 2963 3118 3000 mensura
3149 2963 3280 3001 cum
3320 2947 3419 3000 Dei
3445 2945 3607 3000 nostri
3635 2939 3864 2997 considera.

2349 3038 2506 3092 tione
2531 3055 2648 3092 una
2673 3055 2802 3093 cum
2827 3042 3028 3094 nostro
3062 3039 3282 3110 judicio
3327 3040 3614 3104 sancimus,
3637 3039 3690 3090 ut
3714 3032 3867 3104 quicun-

2350 3147 2460 3203 que
2491 3131 2795 3188 immemor
2821 3138 2920 3188 aut
2945 3150 3165 3188 memor
3207 3133 3472 3189 interitus
3504 3131 3582 3186 sui
3605 3146 3680 3184 res
3703 3123 3866 3181 ecclesia

633 3186 677 3204 η,
1061 3186 1081 3203 ι
1195 3186 1238 3204 γι
1271 3186 1294 3187 η
1367 3186 1494 3188 ψ
1534 3186 1541 3187 γ
1782 3186 1905 3206 τη-
1935 3186 2073 3190 ----
2109 3186 2225 3207 τη-
2366 3186 2452 3203 ιη
2649 3186 2674 3187 κν
2742 3186 2750 3188 ~
3137 3186 3153 3187 κ

617 3225 860 3281 sentiam
880 3230 1124 3281 vestram
1147 3225 1397 3281 votivam
1424 3226 1568 3282 mihi
1599 3229 1893 3296 concessit,
1916 3245 2146 3284 necesse
2166 3233 2254 3285 est
2271 3186 2326 3260 Ο
2351 3225 2637 3298 delegatas
2657 3230 2713 3282 et
2735 3227 2975 3282 Domino
3002 3228 3238 3296 oblatas,
3257 3228 3478 3300 absque
3497 3224 3685 3299 pr0prii
3703 3216 3866 3292 episcopi

619 3337 740 3375 rem
774 3319 897 3375 ﬁeri
929 3320 1174 3390 ﬁrmam,
1209 3337 1381 3393 quam
1431 3323 1602 3377 credo
1650 3323 2041 3378 ecclesiasticis
2081 3324 2253 3380 facul-

616 3414 826 3471 tatibus
866 3415 1192 3483 convenire,
1221 3418 1286 3470 ut
1315 3421 1627 3488 agnoscant
1666 3433 1862 3472 omnes
1903 3434 2046 3490 quos
2079 3435 2254 3473 vanus

619 3510 778 3564 furor
802 3512 857 3564 et
883 3509 1123 3564 avaritia
1159 3508 1442 3580 excitavit,
1478 3510 1616 3566 talia
1644 3510 1856 3583 absque
1903 3511 2113 3568 ultione
2137 3529 2252 3567 non

619 3619 787 3676 posse
814 3603 1103 3675 praesumi.
1137 3602 1339 3658 Sancta
1365 3604 1616 3676 synodus
1658 3605 1800 3660 dixit
1833 3622 1845 3660 :
1875 3605 2092 3661 Scimus
2121 3623 2250 3679 pro-

621 3697 894 3751 visionem
936 3699 1188 3751 vestram
1235 3697 1569 3752 necessariis
1613 3698 1864 3754 studere.
1913 3702 1981 3756 Et
2028 3699 2157 3756 ideo
2194 3702 2252 3756 in

622 3796 806 3848 vestra
839 3795 921 3846 est
951 3793 1236 3862 potestate
1278 3792 1572 3863 sequenda
1621 3791 1944 3864 disponere.
1993 3795 2252 3866 Symma-

623 3886 763 3940 chus
778 3885 1076 3956 episcopus
1094 3885 1386 3940 catholicae
1402 3886 1665 3941 Ecclesiae
1689 3886 1842 3942 urbis
1862 3888 2053 3943 Romae
2076 3888 2216 3944 dixit
2237 3906 2250 3942 :

624 3982 827 4052 Magna
877 3979 1110 4050 quidem
1158 3980 1485 4034 venerando
1535 3985 1590 4036 et
1632 3981 1969 4036 sacerdotali
2018 3981 2256 4037 debetur

625 4075 849 4130 cultura
868 4072 1168 4146 proposito
1198 4089 1330 4128 cum
1360 4072 1626 4130 imminet
1645 4075 1715 4129 de
1743 4075 1927 4129 studio
1956 4092 2084 4147 quas
2102 4081 2258 4132 recta

627 4171 760 4222 sunt
783 4184 897 4222 non
925 4167 995 4221 de
1026 4166 1359 4221 necessitate
1408 4167 1732 4239 disponere.
1760 4169 1867 4224 Sed
1894 4169 2167 4240 quoniam
2197 4170 2254 4225 in

625 4260 906 4332 aliquibus
935 4260 1122 4314 aliena
1144 4261 1584 4332 postulantibus,
1618 4261 1885 4316 vitiorum
1910 4267 2096 4318 mater
2122 4280 2253 4319 ava-

628 4353 783 4422 ritia,
814 4352 1125 4425 repudiatis
1170 4352 1488 4408 honestatis
1531 4354 1840 4425 repagulis,
1869 4360 2051 4412 totum
2098 4361 2260 4429 putat

629 4447 901 4520 expedire
943 4446 1260 4518 quodlibet;
1296 4449 1352 4501 et
1379 4446 1456 4501 ita
1501 4447 1640 4502 dum
1687 4449 1893 4520 praedas
1933 4450 2134 4520 inhiat,
2166 4468 2260 4522 pa-

2345 3319 2506 3390 jussu
2535 3320 2832 3391 possidens
2860 3321 3292 3393 praesumpserit
3327 3322 3581 3392 deinceps
3601 3322 3869 3382 teneraquc}-

2351 3429 2573 3485 cunque
2620 3414 2678 3467 in
2709 3413 2834 3468 loco
2863 3417 2919 3469 et
2947 3414 3185 3470 veritate
3226 3418 3521 3487 comperta
3557 3429 3635 3467 res
3666 3407 3741 3464 Dei
3761 3401 3871 3459 servis

2353 3507 2469 3561 suis
2483 3507 2945 3576 dissimulaverit,
2959 3512 3059 3564 aut
3069 3509 3334 3564 renuerit
3348 3509 3659 3571 reformare,
3673 3497 3872 3558 liminibus

2353 3601 2599 3657 ecclesiae
2638 3602 2708 3657 ab
2743 3603 3005 3674 episcopo
3050 3603 3313 3674 ejusdem
3363 3604 3465 3658 loci
3502 3601 3643 3673 prius
3667 3597 3870 3653 arceatur;

2353 3695 2588 3768 indigne
2620 3697 2774 3752 enim
2818 3698 2887 3752 ad
2926 3698 3103 3753 altare
3132 3698 3236 3752 Dei
3279 3711 3589 3770 prOperare
3627 3684 3874 3766 permittitur

2354 3789 2452 3861 qui
2477 3807 2565 3846 res
2590 3791 2994 3847 ecclesiasticas
3023 3792 3194 3847 audet
3223 3791 3518 3860 invadere,
3547 3793 3635 3844 aut
3660 3785 3825 3854 injuste,
3841 3775 3873 3828 id

2356 3888 2461 3954 est,
2494 3883 2618 3939 sine
2648 3884 2875 3941 licentia
2911 3886 3162 3958 episcopi
3194 3886 3508 3957 possidere,
3539 3886 3629 3938 aut
3665 3878 3808 3948 iniqua
3824 3868 3876 3922 Vel

2353 3977 2564 4049 injuste
2595 3978 2926 4035 defensione
2961 3981 3020 4034 in
3053 3980 3132 4035 eis
3175 3979 3474 4052 perduret.
3507 3979 3758 4033 Necatores
3778 3965 3877 4021 enim

2357 4088 2671 4144 pauperum
2706 4073 3002 4144 judicandi
3043 4077 3175 4129 sunt
3200 4075 3439 4145 praeﬁxo
3472 4078 3667 4138 tenore,
3691 4069 3735 4121 et
3757 4061 3880 4116 sinon

2357 4166 2791 4222 emendaverint
2818 4167 3018 4222 vitium
3044 4167 3425 4240 exstirpandi.
3449 4165 3617 4222 Debet
3642 4167 3788 4216 tamen
3804 4165 3880 4206 esse

2357 4260 2603 4332 provisio
2627 4265 2690 4316 ut
2708 4249 3015 4317 vindiCtam
3047 4262 3369 4317 admonitio
3397 4260 3668 4316 manifeste
3684 4244 3882 4327 praecedat

2360 4359 2417 4408 et
2437 4372 2528 4410 res
2555 4361 2855 4428 usurpatas
2874 4356 3083 4428 injuste
3113 4356 3212 4428 qui
3232 4356 3471 4411 abstulit
3490 4360 3583 4408 aut
3603 4351 3772 4421 injuste
3788 4339 3882 4395 abla-

2357 4454 2446 4504 tas
2472 4449 2698 4517 retinet,
2729 4450 2991 4522 aequitate
3021 4450 3422 4521 patrocinante
3462 4447 3665 4520 legibus
3690 4435 3880 4497 restituat

629 4543 831 4599 tientia
881 4557 1145 4614 supernae
1205 4541 1442 4596 civitatis
1495 4541 1749 4597 abutitur
1804 4545 2258 4615 exspectantibus
2278 4563 2336 4636 D
2362 4543 2522 4607 Quod
2549 4543 2596 4598 si
2621 4543 2953 4616 neglexerit,
2979 4548 3036 4598 et
3060 4543 3366 4599 necessitas
3392 4539 3707 4614 compulerit
3728 4534 3881 4636 detulit}!

630 4637 1042 4692 correctionem
1071 4635 1211 4690 coelo
1243 4635 1574 4690 moderante
1593 4636 1824 4708 judiciis
1853 4655 1909 4693 se
1940 4639 2261 4694 existimant

631 4748 746 4786 non
776 4731 975 4798 teneri,
1004 4746 1134 4785 cum
1163 4731 1382 4784 clarum
1410 4730 1481 4783 sit
1511 4731 1664 4802 quod
1695 4732 1847 4802 apud
1873 4737 2053 4788 certos
2077 4733 2137 4787 in
2164 4749 2258 4788 oc-

632 4825 855 4878 casione
893 4823 1149 4895 rapiendi
1199 4824 1469 4894 procedat
1511 4823 1714 4880 divina:
1744 4841 1902 4880 mora
1939 4827 2258 4882 sententiis.

633 4917 744 4973 Sed
795 4917 957 4972 nobis
1015 4934 1157 4989 quos
1225 4917 1523 4988 pastoralis
1591 4935 1724 4973 cura
1779 4924 1835 4974 et
1885 4921 2263 4976 ecclesiastica

635 5011 922 5081 astringit,
964 5027 1070 5082 pro
1114 5011 1533 5082 dispensatione
1583 5015 1736 5068 certa
1783 5013 1926 5069 ratio
1971 5015 2264 5071 reddenda

634 5104 964 5160 substantiae
991 5120 1134 5175 opus
1163 5109 1267 5172 est,
1295 5111 1361 5161 ut
1394 5105 1833 5162 sollicitudinem
1862 5115 2115 5164 nostram
2145 5125 2263 5164 non

635 5201 821 5255 solum
843 5198 915 5253 ad
943 5197 1268 5270 praesentia,
1292 5199 1388 5255 sed
1409 5201 1583 5254 etiam
1603 5201 1675 5254 ad
1697 5202 1891 5256 futura
1911 5204 2119 5258 saecula
2136 5220 2265 5275 por-

633 5295 906 5367 rigamus,
930 5309 1002 5346 ne
1025 5291 1101 5346 ad
1118 5291 1327 5347 animae
1347 5298 1556 5348 nostrae
1583 5293 1930 5351 detrimenta
1949 5297 2264 5367 contingat,

633 5388 681 5443 si
701 5389 761 5443 hi
783 5386 882 5460 qui
903 5391 1144 5460 possunt
1161 5385 1388 5442 statutis
1407 5386 1616 5442 debere
1642 5387 2034 5444 innocentiam
2053 5406 2266 5460 praesu-

632 5487 848 5538 mentes
879 5481 948 5537 de
974 5481 1233 5536 libertate
1258 5479 1646 5552 deliquerunt,
1677 5497 1808 5538 cum
1837 5482 2103 5554 religiosa
2135 5500 2264 5556 pos-

634 5581 768 5631 sunt
795 5581 851 5630 et
892 5580 1081 5631 nostra
1120 5590 1470 5630 successores
1514 5575 1694 5630 nostri
1734 5579 2015 5648 potestate
2057 5577 2263 5647 fulciri,

637 5671 858 5742 legibus
919 5668 1302 5726 ecclesiasticis
1368 5665 1691 5725 servientes.
1762 5670 1962 5726 Sancta
2020 5673 2268 5742 synodus

636 5763 821 5819 dixit:
850 5763 1070 5819 Scimus
1111 5763 1374 5835 spiritum
1414 5763 1509 5819 Dei
1539 5780 1639 5818 cor
1678 5769 1929 5819 vestrum
1977 5782 2098 5822 esse
2141 5784 2266 5822 suc-

633 5873 885 5925 censum,
923 5861 974 5909 et
1021 5858 1290 5912 instinctu
1337 5858 1432 5912 Dei
1457 5875 1557 5914 vos
1584 5859 1660 5914 ita
1705 5859 1881 5933 loqui.
1912 5862 2268 5934 Quapropter

2359 4637 2692 4708 praedonem
2713 4637 3079 4693 sacerdotalis
3105 4637 3386 4693 districtio
3408 4639 3671 4693 maturata
3687 4621 3883 4702 percellat

2359 4747 2547 4802 neque
2589 4731 2886 4804 quisquam
2917 4748 3021 4803 per
3049 4732 3306 4787 internas
3351 4749 3444 4787 res
3488 4733 3650 4786 Deum
3682 4722 3883 4779 defensare

2361 4825 2598 4893 nitatur,
2627 4826 2760 4898 quia
2791 4827 2888 4880 Dei
2909 4826 3163 4898 potentia
3185 4831 3530 4882 cunctorum
3553 4827 3808 4893 regnorum
3823 4813 3885 4859 ιιιΐ·

2362 4919 2550 4974 minos
2571 4919 2848 4991 singulari
2868 4919 3255 4975 dominatione
3279 4918 3586 4975 concludit.
3606 4910 3738 4979 Quod
3753 4906 3787 4960 Si
3801 4915 3886 4997 Pr?"

2363 5014 2669 5085 sumpserit
2680 5019 2735 5069 et
2746 5013 2923 5085 ipsius
2937 5015 3217 5070 offensam
3233 5019 3290 5071 et
3304 5015 3588 5087 praedicta:
3607 4999 3887 5064 damnatione

2363 5107 2680 5179 periculum
2696 5108 3021 5165 sustinebit.
3040 5109 3517 5182 Competitoribus
3540 5105 3696 5160 etiam
3711 5094 3887 5163 hujusce'

2365 5200 2520 5255 modi
2559 5201 2721 5256 frena
2760 5201 3130 5259 districtionis
3173 5203 3528 5276 imponimus
3561 5197 3649 5271 qui
3683 5186 3887 5249 facultites

2365 5295 2613 5351 ecclesim
2639 5296 2742 5351 sub
2767 5297 2954 5368 specie
2983 5297 3264 5369 largitatis
3289 5297 3470 5368 regia:
3494 5295 3578 5350 vel
3601 5285 3885 5360 cujuscunque

2363 5390 2658 5460 potestatis
2703 5391 2966 5462 improba
3018 5391 3382 5464 subreptione
3441 5380 3771 5461 pervaserint.
3805 5371 3887 5424 Sera

2365 5500 2612 5556 namque
2639 5484 2812 5540 dehis
2837 5485 3008 5541 rebus
3028 5484 3380 5556 paenitudine
3403 5472 3887 5539 commovemuwml

2359 5579 2480 5649 jam
2520 5579 2810 5634 transactis
2835 5579 3188 5651 temporibus
3211 5582 3410 5635 contra
3427 5566 3732 5647 hujusmodi
3759 5567 3888 5655 Ρέῖέθί

2369 5689 2469 5727 nas
2499 5690 2783 5729 canonum
2816 5673 3025 5729 suﬁ‘ulti
3051 5661 3316 5746 praesidio
3342 5689 3402 5727 se
3433 5666 3721 5726 sacerdotes
3741 5658 3889 5748 ΠΟΨΨ

2368 5768 2588 5839 erigere
2615 5767 2963 5836 debuissent,
2983 5744 3189 5824 utnon
3220 5762 3593 5823 mansuetudo
3613 5744 3890 5839 indulget“me

2367 5861 2439 5916 ad
2467 5861 2672 5917 similia
2701 5863 3080 5935 perpetranda
3106 5862 3503 5935 improborum
3539 5849 3739 5911 audacia
3765 5835 3891 5895 adhuc
