4062 6188
211 317 228 366 l
243 317 354 368 029

1460 319 1932 376 DECRETALIUM
1973 319 2354 374 COLLECTIO.

3454 326 3585 379 1030

198 421 467 492 quotidie
512 431 866 493 provocaret.
901 427 1057 480 Nunc
1105 427 1264 482 tarde
1313 429 1656 499 injuriarum
1695 429 1845 484 mole
1864 434 2248 514 Aserventur
2313 443 2599 498 rogamus,
2661 427 2877 482 dictum
2925 428 3181 499 vigesies.
3239 430 3344 482 Per
3389 430 3576 486 domi-

201 515 472 587 depressi
509 515 734 572 damnis
760 534 993 591 quoque
1022 522 1489 593 compellentibus
1515 522 1843 580 excitamur.

197 609 372 672 Quod
413 611 461 664 si
487 609 533 664 is
559 611 658 682 qui
703 627 792 666 res
825 613 1044 668 Domini
1092 617 1360 688 competit
1409 617 1470 672 in
1509 617 1634 672 aliis
1676 636 1847 690 quam

199 703 324 757 nisi
357 720 446 758 res
472 703 664 774 agitur
691 706 941 762 maxime
988 708 1133 764 solet
1176 710 1475 766 territoriis
1505 714 1845 768 commorari

200 797 568 852 sacerdotem
596 798 704 854 loci
733 799 911 872 ipsius
939 801 1034 856 ubi
1059 803 1308 858 habebat
1332 805 1628 878 episcOpus
1654 807 1847 877 hujus-

201 890 371 946 modi
399 891 672 962 pravitate
703 898 1025 964 contentus,
1056 899 1322 968 neglectu
1351 916 1607 970 persona
1646 901 1846 955 litteris

198 984 554 1040 instructum
569 987 791 1043 reddat.
807 990 962 1044 Tunc
978 991 1230 1061 antistes,
1244 992 1421 1063 ipsius
1442 994 1634 1048 fratris
1656 996 1846 1049 anxie-

203 1082 327 1132 tate
355 1085 662 1150 comperta,
685 1085 783 1135 aut
810 1099 1170 1153 pervasorem
1199 1103 1393 1141 rerum
1420 1088 1843 1143 Dominicarum

205 1171 602 1228 admonitione
625 1175 894 1247 corrigat,
918 1181 1017 1232 aut
1042 1183 1348 1249 prataxata
1369 1182 1645 1236 canonica
1665 1182 1846 1238 distri-

200 1265 396 1321 ctione
433 1268 870 1325 condemnetur.
902 1272 1060 1327 Unde
1090 1274 1229 1328 etin
1263 1275 1575 1330 canonibus
1604 1277 1663 1330 in
1693 1278 1840 1332 Gan-

204 1359 402 1430 grensi
445 1361 697 1416 Ecclesia
743 1365 1051 1434 apostolica
1099 1369 1432 1424 auctoritate
1479 1370 1742 1438 conditis,
1775 1371 1843 1425 de

201 1452 500 1508 fructuum
526 1455 904 1512 oblationibus
923 1476 1052 1530 qua
1068 1460 1343 1516 ministris
1365 1463 1613 1518 ecclesia
1635 1464 1842 1519 deben-

205 1551 326 1612 tur,
355 1551 413 1602 et
441 1548 510 1602 de
536 1549 624 1604 his
661 1567 790 1622 qua
819 1552 879 1606 in
908 1569 1042 1608 usus
1086 1571 1402 1626 pauperum
1451 1558 1839 1625 conferuntur,

203 1639 484 1711 scriptum
513 1643 772 1700 habetur.

281 1734 340 1789 Si
371 1735 497 1807 quis
528 1737 845 1794 oblationes
884 1742 1135 1797 ecclesia
1174 1745 1437 1816 accipere
1462 1746 1549 1800 vel
1579 1747 1712 1801 dare
1740 1763 1839 1802 vo-

1949 539 2090 577 num
2110 524 2339 577 Petrum
2363 525 2427 576 ut
2442 524 2719 593 perpetuo
2738 525 3039 576 serventur
3056 539 3347 594 rogamus,
3364 524 3578 580 dictum

1947 616 2211 687 vigesies.
2249 615 2356 680 Qui
2399 615 2520 670 hac
2566 614 2806 686 violarit,
2836 615 2894 670 in
2926 633 2986 671 se
3009 617 3169 688 juxta
3203 617 3263 671 in
3292 623 3577 687 prataxa-

1949 712 2072 764 tum
2099 709 2338 765 modum
2368 709 2640 777 inveniat,
2674 709 2890 764 dictum
2919 715 3003 765 est
3029 711 3289 782 vigesies.

2019 806 2084 859 Et
2127 803 2277 858 facto
2307 803 2556 870 silentio,
2585 803 2961 874 Symmachus
2988 804 3287 876 episcopus
3323 807 3581 863 Ecclesia

1947 897 2236 953 catholica
2268 897 2424 951 urbis
2452 898 2649 952 Roma
2690 897 2830 951 dixit
2857 917 2870 951 :
2898 898 3196 954 Prasentis
3223 899 3578 956 dift’initionis

1945 991 2190 1045 formam
2221 1007 2347 1061 qua
2380 990 2546 1060 juxta
2587 994 2918 1044 sanctorum
2965 993 3196 1046 Patrum
3245 996 3330 1046 est
3372 998 3581 1048 statuta

1947 1085 2256 1140 sententias
2289 1085 2349 1138 in
2380 1084 2640 1138 omnium
2672 1084 3046 1139 Ecclesiarum
3086 1086 3350 1140 notitiam
3381 1105 3575 1158 perve-

1945 1179 2070 1233 nire
2101 1178 2487 1247 decernimus,
2521 1194 2589 1232 ne
2633 1178 2902 1248 cuiquam
2935 1177 3113 1248 possit
3147 1196 3250 1250 pro
3277 1197 3378 1234 sua
3409 1182 3577 1252 igno-

1944 1273 2168 1327 ratione
2195 1273 2365 1326 licere
2394 1271 2546 1343 quod
2579 1288 2695 1326 non
2729 1272 2880 1340 licet,
2913 1278 2970 1326 et
3007 1273 3104 1343 qui
3133 1273 3268 1326 talia
3299 1291 3576 1344 prasum-

1945 1367 2179 1438 pserint,
2198 1366 2452 1421 sciantse
2469 1371 2783 1437 prataxato
2807 1366 3224 1422 condemnatos
3243 1384 3362 1421 esse
3385 1369 3577 1423 modo.

1945 1460 2221 1517 Similiter
2241 1465 2297 1514 et
2323 1461 2429 1513 hoc
2455 1459 2528 1513 ad
2561 1459 2932 1514 Ecclesiarum
2961 1460 3221 1515 notitiam
3244 1466 3429 1516 vestra
3447 1479 3580 1516 cuu-

1943 1558 2162 1608 ctorum
2201 1553 2588 1608 exhortatione
2616 1557 2670 1607 et
2690 1553 2910 1624 judicio
2937 1570 3234 1609 censemus
3260 1557 3576 1626 pervenire,

1943 1651 2000 1701 et
2042 1648 2113 1701 ab
2157 1647 2419 1702 omnibus
2461 1646 2705 1700 ﬁrmiter
2747 1647 2948 1716 teneri,
2999 1647 3133 1717 quia
3178 1649 3576 1720 episcoporum

1943 1758 2034 1796 res
2063 1741 2314 1796 ecclesia
2340 1757 2456 1795 uon
2485 1739 2821 1794 dubitantur
2850 1757 2993 1808 esse,
3019 1741 3062 1794 si
3093 1742 3152 1795 in
3183 1757 3380 1796 eorum
3411 1743 3579 1797 facul-

203 1829 380 1884 luerit
406 1833 620 1901 prater
645 1833 891 1904 episcopi
923 1837 1334 1893 conscientiam
1364 1840 1449 1894 vel
1484 1840 1605 1911 ejus
1633 1841 1724 1896 cui
1745 1842 1843 1895 hu-
1862 1834 1919 1906 B
1942 1835 2152 1890 tatibus
2181 1834 2350 1889 simili
2397 1834 2572 1888 fuerit
2616 1834 2954 1888 crudelitate
3008 1851 3336 1905 pervasores
3383 1854 3572 1892 rerum

193 1922 458 1992 jusmodi
480 1928 610 1978 sunt
629 1925 812 1980 ofﬁcia
837 1930 1156 2001 commissa,
1178 1949 1284 1986 nec
1305 1949 1435 1987 cum
1460 1933 1581 2004 ejus
1599 1935 1842 1989 voluerit

201 2032 382 2086 agere
427 2019 681 2086 consilio,
713 2023 1019 2078 anathema
1058 2025 1148 2079 sit.
1186 2028 1252 2082 Et
1288 2027 1494 2082 iterum
1543 2027 1601 2083 in
1633 2029 1838 2084 eodem

200 2110 446 2166 consilio
479 2129 492 2166 :
521 2113 574 2168 Si
607 2114 733 2184 quis
774 2115 960 2170 oblata
1006 2119 1122 2173 Deo
1175 2121 1396 2175 dederit
1433 2121 1520 2176 vel
1563 2123 1842 2194 acceperit

202 2209 418 2273 prater
442 2205 797 2278 episcopum,
822 2211 908 2264 vel
938 2227 1068 2266 eum
1092 2213 1189 2284 qui
1216 2216 1556 2270 constitutus
1577 2222 1660 2271 est
1685 2217 1755 2272 ab
1775 2233 1840 2272 eo

201 2296 653 2368 dispensandam
675 2302 1125 2360 misericordiam
1151 2309 1516 2380 pauperibus,
1541 2315 1596 2365 et
1619 2311 1716 2382 qui
1743 2311 1843 2366 dat

203 2394 262 2443 et
294 2391 394 2462 qui
421 2393 644 2464 accipit,
673 2397 979 2453 anathema
1005 2400 1096 2454 sit.
1129 2401 1303 2456 Valde
1334 2402 1597 2474 iniquum
1624 2420 1761 2475 ergo
1786 2409 1842 2459 et

201 2483 412 2556 ingens
455 2488 814 2559 sacrilegium
864 2496 925 2545 ut
967 2493 1292 2566 quicunque
1327 2496 1410 2550 vel
1442 2514 1544 2568 pro
1584 2499 1838 2554 remedio

204 2584 586 2648 peccatorum,
607 2583 693 2637 vel
714 2584 917 2653 salute,
936 2587 1022 2640 vel
1043 2588 1238 2660 requie
1262 2589 1585 2645 animarum
1607 2608 1838 2647 suarum

201 2674 596 2746 unusquisque
621 2679 930 2733 venerabili
957 2682 1206 2737 ecclesia
1222 2683 1548 2752 contulerit,
1567 2689 1669 2740 aut
1688 2690 1838 2740 certe

200 2766 500 2838 reliquerit
526 2770 596 2824 ab
622 2771 710 2825 his
729 2772 936 2843 quibus
962 2774 1086 2829 hac
1112 2777 1364 2832 maxime
1391 2779 1602 2833 servari
1629 2796 1836 2834 conve-

201 2860 312 2926 nit,
339 2861 396 2915 id
423 2865 524 2928 est,
555 2864 886 2921 Christianis
917 2872 973 2922 et
1002 2870 1183 2924 Deum
1221 2871 1558 2927 timentibus
1589 2874 1835 2928 homini-

199 2953 396 3019 bus,et
409 2972 582 3027 super
593 2955 828 3014 omnia‘a
845 2962 1199 3033 principibus
1215 2971 1301 3019 est
1315 2966 1516 3036 primis
1532 2968 1833 3038 regionum

198 3048 262 3100 in
295 3048 450 3102 aliud
496 3053 789 3108 transferri
815 3056 898 3108 vel
932 3058 1201 3112 converti.
1242 3061 1548 3131 Propterea
1579 3061 1675 3132 qui
1717 3063 1838 3116 hac

199 3157 325 3196 non
365 3144 691 3213 praviderit
715 3152 771 3202 et
794 3149 959 3204 aliter
988 3167 1160 3222 quam
1193 3153 1467 3224 scriptum
1510 3160 1594 3208 est
1625 3156 1838 3225 pradia

202 3236 458 3290 ecclesiis
483 3239 691 3294 tradita
706 3242 956 3312 petierit,
975 3246 1060 3298 vel
1080 3247 1361 3317 acceperit
1385 3251 1482 3301 aut
1501 3249 1834 3318 possederit,

198 3329 293 3383 vel
322 3331 528 3401 injuste
552 3333 870 3390 defenderit
890 3342 988 3392 aut
1013 3339 1333 3410 retinuerit,
1357 3341 1465 3395 nisi
1496 3342 1608 3397 cito
1631 3360 1689 3397 se
1709 3358 1835 3397 cor-

199 3425 432 3492 rexerit,
466 3443 580 3498 quo
625 3429 804 3484 iratus
846 3433 993 3486 Deus
1032 3432 1253 3488 animas
1299 3436 1556 3505 percutit,
1600 3438 1832 3492 anathe-

200 3523 356 3572 mate
404 3519 659 3588 feriatur,
695 3523 878 3595 sitque
930 3525 1232 3597 accipienti
1283 3533 1340 3583 et
1386 3529 1545 3584 danti
1600 3535 1657 3585 et
1701 3548 1834 3602 pos-

199 3612 414 3667 sidenti
442 3616 772 3686 anathema,
798 3624 854 3675 et
885 3619 1156 3676 instituta
1186 3639 1367 3692 poena
1397 3625 1837 3680 contubernium

199 3706 517 3763 assiduum.
567 3711 680 3765 Nec
717 3711 909 3784 aliquo
947 3730 1003 3768 se
1042 3720 1176 3770 ante
1218 3717 1468 3772 tribunal
1497 3718 1702 3774 Christi
1734 3720 1832 3774 ob-

199 3802 420 3855 staculo
449 3804 690 3872 muniat,
725 3807 824 3876 qui
853 3807 899 3861 'a
943 3809 1222 3879 religiosis
1264 3812 1566 3866 animabus
1601 3814 1670 3866 ad
1700 3813 1833 3867 sub-

198 3896 473 3950 stantiam
506 3914 825 3969 pauperum
853 3901 1126 3958 derelicta
1154 3912 1354 3959 contra
1380 3907 1466 3960 fas
1495 3907 1618 3960 sine
1650 3907 1838 3978 aliqua

201 3987 430 4058 pietatis
463 3992 912 4050 consideratione
963 3997 1260 4068 dispergit.
1295 4000 1374 4054 Ab
1415 4000 1687 4054 universis
1715 4001 1832 4072 epi-

200 4083 386 4153 scopis
403 4086 459 4138 et
478 4087 816 4158 presbyteris
837 4091 1214 4147 acclamatum
1242 4096 1324 4147 est
1345 4110 1358 4148 :
1383 4095 1452 4148 Ut
1471 4095 1592 4148 hac
1611 4095 1836 4165 penitus

202 4176 630 4247 abscindantur,
666 4198 953 4253 rogamus.
1001 4185 1228 4240 Dictum
1267 4193 1350 4242 est
1388 4188 1690 4259 quinquies
1725 4206 1737 4242 :
1770 4190 1837 4243 Ut

203 4269 327 4324 hac
356 4276 728 4343 amputentur
753 4293 1074 4348 precamur.
1119 4280 1336 4334 Dictum
1363 4285 1448 4336 est
1477 4283 1682 4353 septies
1717 4299 1729 4335 :
1767 4283 1837 4336 Ut

205 4380 298 4418 res
337 4367 584 4422 ecclesia
627 4370 831 4440 quibus
875 4372 1098 4428 tradita
1143 4380 1294 4443 sunt,
1325 4375 1666 4429 intemerato
1704 4377 1836 4446 jure

200 4464 518 4527 serventur,
547 4479 837 4533 rogamus.
868 4466 1088 4520 Dictum
1117 4474 1201 4522 est
1226 4469 1429 4539 septies
1464 4486 1475 4522 :
1507 4470 1577 4523 Ut
1603 4485 1661 4524 se
1694 4469 1831 4523 dum

201 4552 314 4655 hoc
332 4555 490 4657 quod
517 4564 848 4625 persecutus
871 4565 954 4615 est
982 4562 1239 4632 synodali
1268 4567 1546 4618 conventu
1580 4580 1684 4634 per
1711 4581 1832 4618 om-
1857 4586 1914 4657 Ι)

202 4646 302 4700 nia
327 4646 468 4702 fiant
503 4651 852 4706 unanimiter
883 4653 1252 4724 deprecantes
1298 4673 1584 4728 rogamus.
1616 4657 1836 4712 Dictum

202 4743 292 4794 est
320 4741 495 4796 octies
523 4760 535 4796 :
569 4745 638 4798 Ut
663 4745 720 4799 in
761 4749 1275 4818 prasumptoribus
1313 4751 1630 4806 vindicetur
1667 4769 1834 4824 roga-

201 4850 354 4889 mus.
385 4836 607 4892 Dictum
635 4843 718 4893 est
737 4840 925 4895 decies
945 4859 958 4896 :
981 4843 1051 4896 Ut
1071 4843 1369 4914 disciplina
1391 4849 1648 4900 servetur
1667 4863 1832 4918 roga-

200 4945 351 4983 mus.
385 4930 604 4986 Dictum
631 4939 716 4989 est
741 4935 1011 4991 undecies
1034 4954 1046 4991 :
1069 4938 1206 5002 Qua
1241 4939 1389 4992 male
1416 4939 1664 4994 admissa
1683 4945 1833 5007 sunt,

203 5039 313 5093 per
330 5039 427 5078 vos
446 5027 822 5098 corrigantur.
843 5030 1065 5085 Dictum
1092 5035 1178 5086 est
1195 5032 1501 5087 duodecies
1523 5050 1533 5087 :
1560 5035 1629 5087 Ut
1645 5033 1835 5088 illicita

203 5116 354 5170 facta
369 5124 760 5190 amputentur,
779 5123 858 5177 ita
880 5129 941 5179 ut
960 5125 1226 5196 deinceps
1254 5143 1366 5181 non
1386 5127 1524 5180 ﬁant
1545 5143 1832 5198 rogamus.

203 5211 430 5266 Dictum
457 5218 542 5268 est
562 5216 835 5271 tredecies
859 5234 872 5272 :
895 5219 965 5273 Ut
983 5220 1292 5290 apostolica
1320 5220 1604 5274 ordinatio
1621 5221 1835 5275 illibata

201 5308 481 5360 servetur.
520 5308 739 5363 Dictum
787 5316 872 5366 est
907 5313 1340 5384 quatuordecies
1379 5331 1391 5367 :
1432 5314 1644 5385 Dignus
1689 5331 1837 5386 papa

201 5399 364 5469 quod
409 5417 524 5455 non
567 5403 699 5456 licet
737 5420 853 5459 non
899 5407 1014 5461 fiat.
1063 5407 1283 5462 Dictum
1329 5414 1413 5463 est
1456 5408 1786 5480 quindecies
1821 5426 1832 5460 :

199 5493 442 5562 Exaudi,
465 5495 705 5565 Christe,
734 5499 1081 5569 Symmacho
1108 5502 1242 5556 vita.
1269 5503 1484 5556 Dictum
1517 5507 1603 5557 est
1629 5502 1833 5556 sexde-

199 5587 344 5641 cies:
366 5589 436 5642 Ut
452 5606 696 5645 canones
715 5593 1109 5649 custodiantur
1129 5611 1419 5666 rogamus.
1437 5597 1656 5650 Dictum
1676 5597 1837 5667 quin-

202 5679 442 5736 decies:
488 5685 558 5738 Ut
609 5687 890 5742 ordinatio
940 5688 1253 5760 apostolica
1295 5695 1568 5745 servetur.
1621 5689 1838 5761 Dignus

203 5791 371 5846 papa,
401 5776 608 5848 dignus
635 5780 848 5849 doctor,
878 5781 1094 5838 dictum
1125 5786 1210 5837 est
1249 5783 1666 5838 novemdecies.
1714 5785 1838 5838 Hac

200 5885 408 5925 omnes
448 5874 795 5929 unanimiter
839 5878 1265 5945 conﬁrmamus,
1295 5883 1349 5933 et
1385 5882 1444 5932 ut
1488 5878 1840 5932 unanimiter

1941 1934 2394 1984 memoratarum
2437 1928 2722 2000 pradicta
2769 1945 3055 1983 canonum
3101 1929 3464 1984 districtionis
3493 1932 3572 1984 fc-

1940 2024 2163 2078 riantur
2187 2022 2454 2090 vindicta,
2483 2028 2548 2076 ut
2578 2022 2677 2093 qui
2705 2022 3020 2093 majoribus
3051 2023 3297 2094 propriis
3322 2040 3385 2078 ac
3421 2026 3575 2078 nulla

1941 2116 2301 2172 conscientia
2334 2116 2703 2187 castigatione
2740 2116 3124 2187 corriguntur,
3160 2117 3361 2172 saltem
3397 2120 3574 2172 eccle-

1941 2211 2178 2266 siastica
2206 2216 2262 2266 et
2285 2210 2572 2265 canonica
2603 2209 2863 2265 vindicta
2909 2211 3304 2281 perfodiantur
3329 2213 3569 2278 aculeis;

1943 2306 2287 2375 generaliter
2316 2321 2446 2359 vero
2473 2305 2802 2376 quicunque
2846 2321 2937 2359 res
2979 2305 3226 2360 ecclesia
3271 2305 3576 2361 conﬁscare

1941 2404 2039 2453 aut
2065 2398 2360 2470 impetere,
2389 2403 2487 2452 aut
2513 2399 2820 2468 pervadere
2865 2399 3181 2469 periculosa
3221 2404 3320 2453 aut
3355 2416 3453 2453 sua
3485 2400 3573 2453 in-

1938 2493 2245 2547 festatione
2273 2493 2724 2563 praesumpserit,
2749 2491 2856 2545 nisi
2886 2509 2943 2546 se
2975 2492 3241 2547 citissime
3273 2509 3377 2563 per
3405 2495 3580 2548 eccle-

1940 2587 2058 2653 sia,
2079 2587 2148 2640 de
2172 2602 2285 2657 qua
2310 2586 2519 2658 agitur,
2550 2585 2995 2640 satisfactionem
3022 2587 3348 2656 correxerit,
3370 2604 3572 2658 perpe-

1939 2686 2038 2735 tuo
2056 2681 2420 2734 anathemate
2445 2679 2703 2734 feriatur.
2722 2679 2997 2735 Similiter
3013 2682 3071 2733 et
3092 2681 3152 2734 hi
3179 2681 3274 2751 qui
3298 2697 3386 2734 res
3408 2683 3577 2736 eccle-

1939 2773 2036 2827 sia
2057 2774 2218 2844 jussu
2247 2774 2333 2827 vel
2369 2773 2672 2844 largitione
2703 2773 3048 2844 principum,
3079 2775 3165 2828 vel
3193 2775 3576 2845 quorumdam

1941 2872 2260 2938 potentum,
2279 2871 2378 2920 aut
2399 2866 2650 2937 quadam
2671 2866 2968 2921 invasione
2997 2871 3095 2921 aut
3112 2868 3402 2938 tyrannica
3424 2873 3577 2939 pote-

1940 2965 2085 3015 state
2127 2961 2486 3030 retinuerint,
2517 2966 2573 3014 et
2617 2961 2746 3014 filiis
2790 2962 2877 3014 vel
2922 2961 3241 3015 haredibus
3294 2963 3427 3029 suis,
3455 2967 3579 3017 uta

1939 3055 2278 3127 quibusdam
2299 3055 2423 3125 jam
2450 3055 2660 3108 factum
2696 3054 3037 3121 audivimus,
3065 3056 3228 3127 quasi
3273 3057 3575 3112 haredita-

1939 3149 2050 3203 rias
2095 3148 2450 3219 reliquerint,
2480 3148 2584 3202 nisi
2612 3149 2721 3203 cito
2765 3165 2856 3202 res
2889 3149 2986 3202 Dei
3030 3149 3308 3204 admoniti
3339 3168 3371 3204 a
3398 3151 3579 3221 ponti-

1940 3243 2062 3310 ﬁce,
2079 3242 2274 3313 agnita
2286 3242 2523 3296 veritate
2535 3242 2906 3310 reddiderint,
2922 3245 3198 3312 perpetuo
3210 3244 3576 3300 anathemate

1939 3338 2232 3391 feriantur.
2257 3335 2517 3407 Iniquum
2539 3335 2694 3389 enim
2710 3351 2830 3389 esse
2851 3352 3166 3403 censemus,
3190 3341 3256 3391 ut
3275 3338 3465 3407 potius
3487 3355 3578 3392 cu-

1939 3430 2125 3485 stodes
2136 3429 2461 3483 chartarum
2475 3445 2648 3499 quam
2663 3429 2988 3483 defensores
3001 3445 3190 3483 rerum
3204 3430 3549 3484 creditarum
3560 3473 3573 3498 ,

1939 3527 2001 3578 ut
2021 3528 2373 3594 praceptum
2395 3527 2496 3590 est,
2509 3521 2857 3592 judicemur.
2878 3523 3207 3576 Sanandum
3233 3529 3471 3594 estergo
3491 3541 3576 3578 ce-

1940 3618 2128 3684 lerius,
2157 3633 2228 3671 ne
2256 3615 2485 3688 longius
2511 3616 2884 3671 exsecrandus
2911 3605 3087 3670 animi
3123 3618 3360 3672 morbus
3390 3619 3570 3672 inser-

1939 3715 2052 3782 pat,
2074 3711 2200 3765 utsi
2223 3711 2495 3777 medicus,
2516 3727 2646 3764 cum
2672 3710 2875 3765 viderit
2893 3711 3061 3780 hujus
3084 3711 3298 3765 terreni
3320 3714 3574 3783 corporis

1938 3806 2186 3876 aliquem
2209 3821 2326 3859 esse
2348 3805 2708 3873 languorem,
2727 3821 3006 3875 magnum
3035 3821 3151 3858 sua
3169 3805 3304 3862 artis
3327 3807 3574 3860 astimat

1939 3900 2367 3965 documentum,
2387 3898 2430 3951 si
2453 3898 2564 3952 cito
2579 3899 2704 3969 quis
2723 3898 2874 3952 illius
2891 3899 3215 3952 interventu
3237 3899 3572 3969 desperatus

1937 3995 2155 4058 evadat,
2187 3993 2273 4047 vel
2317 4009 2446 4047 cum
2488 4009 2655 4063 posse
2681 3993 2885 4046 vulnus
2911 3993 3201 4063 aspexeris
3225 3992 3458 4047 adhibet
3487 3995 3569 4046 fo-

1936 4092 2152 4152 menta,
2185 4087 2270 4140 vel
2317 4091 2520 4141 catera
2557 4085 2764 4157 quibus
2809 4085 2945 4140 illud
2973 4091 3162 4157 posset
3186 4085 3338 4156 quod
3369 4090 3566 4140 natum

1935 4183 2118 4236 fuerat
2153 4183 2358 4235 vulnus
2397 4180 2622 4246 obduci,
2656 4197 2721 4234 ac
2756 4180 2801 4233 si
2832 4181 2888 4233 id
2931 4196 3170 4234 manens
3219 4180 3403 4234 sanari
3451 4197 3564 4234 non

1936 4276 2145 4348 poterit
2187 4292 2255 4329 ne
2301 4291 2506 4345 corpus
2554 4275 2846 4344 reliquum
2895 4291 2994 4327 sua
3042 4274 3172 4328 tabe
3219 4281 3566 4344 corrumpat,

1937 4372 2088 4425 ferro
2109 4373 2364 4440 amputet
2381 4369 2532 4440 quod
2555 4368 2814 4436 nocebat,
2835 4384 2948 4438 quo
2973 4367 3259 4438 reliquum
3281 4367 3570 4438 integrum

1939 4469 1996 4518 et
2025 4470 2210 4518 servet
2251 4464 2554 4516 intactum.
2588 4462 3018 4516 Pracidendum
3051 4463 3107 4516 id
3135 4477 3272 4532 ergo
3303 4468 3387 4515 est
3414 4462 3568 4532 quod

1939 4557 2092 4612 velut
2121 4573 2265 4627 puro
2311 4572 2562 4626 sanoque
2608 4555 2851 4608 nimium
2887 4554 3138 4624 corporis
3162 4554 3366 4607 vulnus
3401 4554 3566 4607 obre-

1939 4652 2050 4724 psit
2083 4668 2094 4704 :
2125 4666 2194 4704 ne
2226 4665 2357 4703 cum
2378 4648 2598 4703 tardius
2625 4647 2988 4718 abstergitur,
3021 4649 3076 4699 in
3105 4647 3242 4717 ipsis
3267 4663 3451 4717 pana.
3485 4649 3566 4701 vi-

1938 4744 2186 4800 sceribus
2207 4743 2378 4813 hujus
2408 4742 2543 4795 mali
2570 4758 2683 4794 non
2719 4740 3031 4794 haurienda
3058 4741 3282 4795 sentina
3301 4741 3567 4797 conﬁdat.

1941 4841 2110 4894 Ferro
2153 4838 2308 4892 enim
2339 4835 2678 4890 abscidenda
2729 4838 2861 4888 sunt
2886 4834 3120 4888 vulnera
3161 4851 3290 4905 qua
3318 4835 3570 4890 fomenta

1940 4949 2052 4986 non
2096 4932 2368 4986 sentiunt.
2415 4928 2690 4985 Similiter
2719 4933 2776 4982 et
2807 4927 2887 4981 illi
2931 4933 3182 4982 extorres
3211 4928 3420 4983 debent
3452 4930 3570 4985 fieri

1940 5028 2011 5082 ab
2039 5027 2286 5081 Ecclesia
2313 5024 2407 5096 qui
2449 5022 2785 5077 sacerdotali
2827 5022 3225 5077 admonitione
3254 5040 3371 5078 non
3395 5025 3570 5078 corri-

1939 5127 2173 5192 guntur,
2207 5119 2429 5174 dicente
2470 5115 2713 5170 Domino
2744 5133 2756 5170 :
2797 5137 2823 5164 ‹‹
2851 5116 3080 5171 Auferte
3112 5118 3331 5171 malum
3356 5134 3388 5171 a
3418 5118 3572 5170 vobis

1939 5219 2110 5285 (Deut.
2146 5230 2258 5279 xix,
2292 5211 2398 5281 19).
2430 5231 2456 5259 ››
2490 5211 2760 5264 Universa
2799 5210 3052 5281 synodus
3080 5211 3408 5265 acclamavit
3453 5227 3465 5262 :
3505 5212 3572 5262 [It

1939 5311 2047 5364 ista
2073 5307 2217 5362 fiant
2245 5321 2544 5376 rogamus;
2577 5304 2793 5358 dictum
2821 5309 2905 5359 est
2930 5305 3120 5359 octies.
3149 5306 3254 5358 Ista
3281 5308 3570 5357 serventur

1937 5417 2262 5475 precamur,
2283 5399 2499 5454 dictum
2537 5401 2622 5453 est
2662 5397 2866 5453 decies.
2901 5399 2972 5452 Ut
2996 5398 3056 5451 in
3082 5398 3421 5467 perpetuum
3441 5411 3566 5449 ma-

1938 5502 2108 5552 neant
2131 5499 2190 5551 et
2203 5499 2388 5550 vestra
2407 5492 2741 5548 auctoritate
2763 5491 3084 5556 firmentur,
3101 5489 3313 5543 dictum
3332 5492 3417 5543 est
3433 5489 3570 5544 duo-

1937 5591 2146 5646 decies.
2159 5587 2394 5654 Exaudi,
2409 5586 2649 5653 Christe,
2663 5583 3002 5655 Symmacho
3019 5598 3182 5652 papa
3199 5583 3330 5650 vita,
3347 5583 3564 5638 dictum

1940 5689 2025 5738 est
2045 5682 2369 5738 duodecies.
2387 5682 2451 5734 Et
2465 5679 2610 5734 facto
2625 5677 2866 5741 silentio,
2887 5675 3260 5746 Symmachus
3276 5676 3567 5747 episcopus

1941 5777 2197 5834 Ecclesia
2239 5774 2529 5829 catholica
2571 5771 2723 5825 urbis
2754 5771 2969 5834 Roma,
2998 5769 3214 5839 synodo
3258 5770 3569 5840 praesidens

1942 5871 2112 5927 dixit:
2142 5873 2203 5926 In
2235 5871 2340 5924 hoc
2374 5865 2767 5938 cognoscimus
2798 5879 2997 5916 omnes
3027 5863 3162 5936 quia
3186 5865 3360 5920 Deum
3378 5865 3571 5937 diliga-
