4062 6188
607 304 728 359 1031

1458 291 1761 352 'APPEND.
1800 285 1888 352 AD
1923 297 2084 353 SzEC.
2129 298 2212 351 IX.
2246 324 2315 335 —
2353 292 2605 350 lSlDORl
2643 284 3068 348 MERCATORIS

3727 297 3820 348 l032

602 429 744 478 mus,
760 409 1026 463 mandata
1041 408 1089 478 ej
1101 424 1162 461 us
1173 407 1448 461 faciamus
1462 406 1970 462 minus.Haecenim
1989 407 2232 461 charitas
2253 418 2313 491 Α
2332 422 2454 460 esse
2478 408 2718 460 testatus
2744 406 2830 457 est
2854 401 3086 471 dirigat,
3111 402 3172 452 ut
3202 397 3317 455 sine
3340 413 3442 469 quo
3470 397 3591 452 nihil
3604 413 3822 469 possumus

603 505 717 572 Dei,
747 506 812 556 ut
853 502 1118 556 mandata
1148 501 1270 571 ejus
1298 500 1704 568 custodiamus,
1739 505 1794 556 et
1820 501 2082 556 mandata
2109 501 2232 571 ejus

599 597 788 667 gravia
814 613 926 650 non
953 600 1103 649 sunt.
1132 597 1320 649 Justus
1347 599 1431 649 est
1459 595 1614 649 enim
1643 595 1936 662 Dominus,
1959 600 2015 650 et
2039 595 2231 648 omnia

592 691 807 761 judicia
833 690 954 761 ejus
977 690 1133 759 justa
1160 693 1311 757 sunt,
1343 694 1513 760 atque
1543 705 1742 743 omnes
1773 688 1875 742 vias
1907 689 2028 759 ejus
2055 689 2227 742 mise-

601 784 847 838 ricordia
875 789 931 838 et
958 783 1165 837 veritas
1187 787 1244 837 et
1260 783 1562 852 judicium,
1585 783 1643 836 in
1668 799 1842 836 manu
1871 783 1968 836 Dei
1988 785 2231 853 potestas

603 884 786 945 terrm,
821 877 911 931 cui
939 877 1299 930 exsecrabilis
1327 880 1410 931 est
1435 876 1620 930 omnis
1654 876 1940 947 iniquitas,
1966 875 2024 930 in
2055 891 2232 929 manu

599 972 698 1026 Dei
726 975 973 1042 potestas
998 969 1271 1036 hominis,
1303 971 1359 1024 et
1384 987 1553 1040 super
1580 970 1781 1024 faciem
1811 970 2011 1023 scriba:
2043 969 2230 1041 impo-

602 1073 700 1120 net
725 1067 999 1119 honorem
1026 1081 1215 1118 suum.
1265 1063 1454 1118 Perdit
1484 1065 1631 1117 Deus
1676 1063 2014 1118 memoriam
2043 1080 2233 1134 super-

599 1161 805 1214 borum
835 1165 888 1213 et
913 1158 1105 1228 iniqua
1133 1158 1482 1228 gerentium,
1507 1162 1565 1211 et
1588 1158 1860 1228 relinquit
1888 1157 2229 1212 memoriam

605 1252 905 1306 humilium
953 1255 1008 1306 et
1052 1251 1334 1305 bonorum
1380 1249 1711 1320 hominum;
1753 1251 1861 1304 hoc
1899 1253 2089 1305 autem
2131 1268 2233 1321 pro

603 1352 755 1400 certo
776 1347 950 1400 habet
969 1344 1156 1399 omnis
1172 1344 1267 1415 qui
1289 1349 1440 1398 recte
1463 1343 1596 1398 colit
1614 1345 1811 1413 Deum,
1831 1344 1962 1415 quia
1983 1344 2092 1398 vita
2113 1345 2234 1414 ejus

604 1443 651 1494 si
677 1441 734 1493 in
767 1440 1101 1511 probatione
1135 1439 1326 1506 fuerit,
1360 1438 1740 1507 coronabitur,
1771 1444 1826 1493 et
1848 1438 1892 1491 si
1917 1438 1974 1491 in
2005 1437 2235 1492 tribula-

605 1535 782 1602 tione,
811 1533 1158 1587 liberabitur.
1203 1532 1263 1586 Si
1293 1549 1424 1586 vero
1453 1532 1512 1585 in
1540 1532 1894 1586 correctione
1938 1531 2127 1597 fuerit,
2161 1532 2232 1585 ad

605 1626 1053 1682 misericordiam
1080 1625 1390 1696 perveniet.
1421 1626 1602 1680 Omne
1633 1626 1784 1696 quod
1815 1625 2228 1696 irreprehensi-

605 1722 719 1775 bile
751 1725 834 1774 est
876 1721 1157 1774 catholica
1184 1719 1442 1774 defendit
1485 1719 1745 1774 Ecclesia.
1782 1721 1904 1773 Non
1933 1719 2064 1772 licet
2095 1735 2232 1789 ergo

2331 516 2434 570 per
2462 499 2650 570 ipsum
2677 497 2870 551 omnia
2899 494 3144 564 implere
3170 492 3454 546 valeamus.
3473 491 3822 565 Universasyno-

2332 594 2440 648 dus
2470 609 2708 663 surgens
2735 587 3068 646 acclamavit
3101 603 3113 640 :
3153 587 3370 640 Placent
3393 586 3592 654 omnia;
3613 590 3664 639 ut
3683 603 3824 658 perpe-

2331 694 2430 742 tua
2457 687 2761 741 stabilitate
2781 684 3085 738 ﬁrmentur
3100 696 3363 751 rogamus
3374 696 3389 747 ;
3411 679 3597 733 dictum
3611 683 3678 733 est
3691 681 3822 735 octies.

2333 783 2400 835 Et
2426 780 2667 851 adjecit:
2699 777 2933 846 Exaudi,
2953 775 3196 840 Christe,
3225 772 3532 844 Symmacho
3557 772 3665 841 vita,
3680 772 3824 826 dictum

2332 880 2416 929 est
2441 873 2630 927 octies.
2663 873 2733 926 Ut
2761 872 2885 926 haec
2911 869 3257 924 intemerata
3283 868 3566 932 serventur,
3596 864 3755 918 dictum
3773 873 3823 919 est

2333 968 2543 1022 decies.
2574 968 2642 1021 Ut
2667 966 2776 1020 ista
2805 964 3146 1018 intemerato
3177 961 3306 1031 jure
3332 957 3672 1013 custodiantur
3691 975 3822 1028 preca-

2333 1078 2482 1128 mur,
2511 1060 2723 1115 dictum
2751 1062 2835 1112 est
2860 1055 3178 1112 duodecies.
3204 1053 3309 1118 Qui
3337 1053 3449 1106 hare
3472 1054 3640 1122 sponte
3661 1051 3820 1105 violave-

2332 1155 2425 1222 rit,
2452 1159 2726 1226 perpetuo
2753 1151 3117 1206 anathemate
3145 1147 3376 1202 feriatur
3412 1161 3656 1216 rogamus,
3682 1144 3825 1198 dictum

2335 1252 2420 1303 est
2451 1247 2796 1320 quindecies.
2831 1247 2902 1300 Ut
2929 1243 3152 1298 decreta
3180 1246 3370 1296 nostra
3407 1238 3666 1294 conﬁrmes
3697 1253 3824 1308 preca-

2333 1359 2484 1409 mur,
2513 1343 2728 1396 dictum
2767 1345 2849 1394 est
2879 1337 3068 1392 decies
3104 1341 3160 1390 et
3191 1335 3382 1389 octies.
3423 1334 3486 1386 Et
3522 1332 3643 1386 facto
3666 1331 3825 1394 silentio,

2333 1436 2703 1507 Symmachus
2720 1433 3010 1504 episcopus
3021 1427 3280 1484 Ecclesiae
3296 1426 3561 1481 catholicas
3572 1424 3692 1478 urbis
3703 1423 3826 1476 Romae

2336 1529 2506 1584 dixit:
2523 1527 2966 1583 Acclamationes
2979 1527 3189 1579 vestras
3205 1521 3504 1593 synodique
3513 1518 3830 1588 judiciumpraz-

2334 1624 2517 1679 sentia
2537 1629 2695 1693 gesta
2711 1619 3042 1691 suscipiunt,
3064 1622 3121 1672 et
3139 1616 3376 1686 adjecit:
3399 1617 3469 1670 Ea
3486 1629 3595 1684 qua:
3613 1611 3670 1664 ad
3685 1610 3831 1680 sopien-

2336 1717 2523 1791 257
2559 1717 2657 1771 dos
2685 1719 3002 1770 veternosse
3027 1707 3482 1783 praesumptionis
3504 1722 3685 1762 errores
3702 1704 3764 1756 vel
3783 1703 3832 1754 in-

604 1813 934 1885 imperatori
954 1814 1038 1868 vel
1063 1813 1328 1884 cuiquam
1355 1813 1625 1884 pietatem
1657 1811 1994 1867 custodienti
2021 1811 2236 1882 aliquid
2256 1809 2312 1880 B
2335 1813 2508 1868 fensas
2545 1811 2716 1866 rebus
2756 1805 3144 1864 ecclesiasticis
3170 1802 3512 1874 aegritudinis
3536 1799 3732 1865 morbos,
3752 1796 3830 1867 qui-

604 1913 801 1963 contra
827 1908 1100 1962 mandata
1129 1906 1322 1961 divina
1364 1922 1736 1977 praesumere,
1772 1923 1876 1959 nec
1919 1905 2235 1976 quidquam

601 2002 752 2074 quod
773 2001 1114 2072 evangelicis
1130 1999 1592 2071 propheticisque
1611 2005 1664 2054 et
1679 1999 2003 2070 apostolicis
2024 1998 2235 2070 regulis

604 2096 790 2150 obviat
828 2112 1022 2167 agere,
1057 2094 1335 2165 injustum
1376 2094 1531 2149 enim
1571 2093 1852 2164 judicium
1893 2096 1949 2148 et
1984 2092 2236 2148 deﬁnitio

606 2190 812 2260 injusta
839 2189 999 2259 regio
1021 2194 1176 2242 metu
1195 2188 1279 2241 vel
1295 2188 1456 2258 jussu
1475 2205 1507 2242 a
1522 2187 1810 2258 judicibus
1837 2187 2097 2242 ordinata
2125 2203 2237 2241 non

606 2284 804 2349 valeat,
837 2299 939 2336 nec
979 2281 1291 2353 quidquam
1339 2281 1494 2352 quod
1535 2285 1735 2334 contra
1781 2281 2113 2351 evangelicae
2149 2282 2237 2334 vel

606 2376 954 2449 prophetiae
981 2379 1079 2429 aut
1121 2375 1443 2446 apostolicae
1474 2375 1746 2430 doctrinae
1773 2374 2238 2430 constitutionem

608 2487 834 2540 eorum,
862 2469 974 2524 sive
1002 2475 1326 2524 sanctorum
1353 2471 1585 2524 Patrum
1611 2475 1799 2524 actum
1829 2470 2019 2536 fuerit,
2043 2469 2235 2536 stabit,

605 2570 661 2620 et
704 2564 858 2636 quod
902 2563 971 2618 ab
999 2563 1322 2618 inﬁdelibus
1361 2567 1460 2618 aut
1502 2562 1782 2618 haereticis
1823 2563 2034 2618 factum
2070 2562 2240 2617 fuerit

610 2658 846 2713 omnino
883 2657 1207 2713 cassabitur.

680 2753 878 2806 Nociva
907 2768 1043 2823 ergo
1084 2751 1266 2805 sancti
1315 2751 1767 2821 praedecessores
1811 2751 1930 2813 mei
1960 2750 2238 2805 damnare

610 2845 963 2900 conﬁdenter
1011 2845 1369 2914 studuerunt,
1399 2859 1646 2915 quorum
1686 2847 1743 2898 et
1782 2843 2056 2915 pusillitas
2085 2860 2236 2911 mea,

610 2939 745 2993 licet
785 2939 970 3008 impar
1006 2944 1062 2992 et
1088 2937 1346 3004 minima,
1375 2953 1477 3007 pro
1522 2940 1780 3008 suscepto
1811 2941 2006 2992 tamen
2048 2937 2240 2992 divina

611 3032 940 3103 dignatione
995 3030 1315 3086 ministerio
1361 3029 1682 3101 pedissequi
1746 3029 1902 3101 cupit
1959 3031 2236 3099 existere;

608 3141 693 3179 vae
724 3123 878 3179 enim
908 3123 1015 3177 erit
1042 3122 1202 3178 nobis
1227 3123 1321 3195 qui
1351 3123 1522 3195 hujus
1550 3122 1852 3178 ministerii
1883 3140 2025 3196 opus
2051 3140 2236 3178 susce-

611 3225 772 3290 ptum
823 3217 1101 3284 habemus
1151 3217 1448 3272 veritatem
1523 3217 1822 3272 Salvatoris
1881 3218 2060 3272 nostri
2109 3219 2242 3273 Jesu

607 3312 811 3370 Christi
841 3328 1011 3383 quam
1042 3311 1281 3382 apostoli
1308 3311 1776 3382 praedicaverunt,
1806 3312 2118 3382 prmdicare
2145 3330 2244 3368 ne-

610 3406 993 3479 glexerimus;
1016 3421 1102 3460 vae
1129 3405 1284 3460 enim
1310 3406 1420 3459 erit
1443 3404 1605 3460 nobis
1627 3405 1672 3459 si
1698 3405 1924 3460 silentio
1948 3407 2242 3463 veritatem

610 3500 1062 3573 oppresserimus
1099 3499 1198 3571 qui
1224 3515 1464 3570 erogare
1514 3499 1915 3555 nummulariis
1944 3501 2240 3571 jubemur,

610 3596 665 3650 id
695 3598 796 3662 est,
827 3593 1176 3649 Christianos
1203 3594 1446 3664 populos
1470 3592 1728 3648 imbuere
1762 3597 1818 3648 et
1842 3594 2064 3649 docere.
2098 3595 2242 3659 Quid

611 3690 669 3742 in
708 3688 882 3759 ipsius
917 3687 1126 3742 Christi
1173 3687 1364 3741 futuro
1410 3687 1617 3741 dicturi
1658 3704 1853 3741 sumus
1882 3688 2165 3758 examine,
2197 3690 2245 3744 si

609 3797 936 3837 sermonum
964 3781 1088 3851 ejus
1113 3779 1412 3835 veritatem
1437 3781 1866 3850 confundimur,
1897 3783 2245 3853 praedicare?

608 3875 754 3941 Quid
771 3875 877 3931 erit
897 3875 966 3929 de
993 3875 1152 3929 uobis
1173 3891 1304 3929 cum
1336 3874 1653 3930 commissis
1683 3874 1846 3930 nobis
1868 3876 2172 3931 animabus
2191 3883 2245 3932 et

2335 1907 2443 1961 bus
2467 1904 2797 1960 universalis
2824 1903 3179 1958 afﬁciebatur
3204 1898 3443 1955 Ecclesia
3469 1892 3736 1949 deliberatio
3750 1891 3832 1944 reli-

2339 2000 2492 2072 gioni
2520 2014 2773 2070 congrua
2798 1997 3042 2069 pacique
3081 1993 3370 2050 constituit
3413 1989 3647 2044 ﬁrmitate
3681 1987 3832 2055 perpete

2339 2093 2641 2162 socientur,
2673 2096 2734 2146 ut
2760 2094 3066 2163 praestante
3095 2091 3206 2143 Deo
3240 2103 3407 2159 quem
3446 2082 3692 2138 custodem
3713 2092 3833 2132 rerum

2337 2192 2562 2244 constat
2609 2203 2728 2242 esse
2769 2185 3052 2240 bonarum
3096 2181 3382 2254 synodalis
3427 2173 3669 2233 ordinatio
3696 2172 3834 2241 vigeat,

2339 2286 2507 2354 atque
2536 2280 2720 2335 omnis
2751 2280 2852 2350 qui
2883 2279 3002 2332 sine
3043 2292 3305 2348 personae
3334 2272 3556 2342 alicujus
3595 2263 3836 2322 districtione

2337 2376 2529 2432 venire
2584 2372 3029 2445 praesumpserit,
3074 2370 3258 2425 indita
3307 2365 3551 2439 superius
3593 2357 3836 2415 districtione

2339 2471 2634 2543 plectatur.
2659 2469 2725 2523 Et
2745 2467 3198 2537 subscripserunt
3221 2481 3234 2519 :
3258 2463 3440 2520 Celius
3457 2453 3758 2530 Symmachus
3770 2449 3840 2518 epi-

2339 2581 2544 2635 scopus
2572 2561 2833 2618 Ecclesia:
2854 2560 3150 2616 catholicae
3176 2558 3332 2613 urbis
3355 2558 3539 2612 Rome
3564 2550 3637 2604 his
3655 2543 3840 2601 constitu-

2339 2659 2410 2714 tis
2431 2657 2798 2730 synodalibus
2819 2672 2852 2709 a
2870 2671 2963 2710 me
2990 2653 3243 2726 probatis
3263 2660 3430 2722 atque
3453 2644 3658 2702 ﬁrmatis
3671 2650 3844 2694 annuens

2339 2753 2485 2820 sub.;
2506 2754 2704 2806 Petrus
2733 2750 3032 2821 episcopus
3059 2745 3400 2802 Ravennatis
3428 2739 3654 2798 Ecclesia
3673 2735 3737 2788 his
3757 2745 3842 2785 con-

2340 2846 2547 2902 stitutis
2590 2843 2960 2916 synodalibus
2985 2860 3018 2896 a
3047 2841 3209 2896 nobis
3239 2838 3489 2911 probatis
3517 2840 3659 2904 atque
3689 2822 3847 2882 {innatis

2339 2956 2595 2995 annuens
2622 2939 2778 3006 sub.;
2808 2937 3171 2993 Innocentius
3200 2931 3512 2988 Direntium
3537 2924 3845 2982 Tiberinorum.

2341 3035 2487 3089 Felix
2534 3033 2876 3099 Trarvensis,
2911 3031 3212 3086 Severinus
3263 3025 3663 3085 Tundaritanus,
3690 3011 3848 3068 Boneta-

2341 3129 2460 3183 cius
2489 3125 2978 3198 Aquileianensis;
3029 3123 3274 3179 Silianus
3318 3115 3642 3179 Veliternius,
3665 3106 3850 3164 Maximus

2342 3223 2629 3289 Bleranus,
2660 3219 3024 3276 Sebastianus
3052 3218 3334 3284 Furanus,
3360 3211 3637 3269 Emilianus
3661 3205 3849 3258 Furanusy

2340 3315 2646 3371 Mercurius
2671 3312 2954 3381 Ganinati,
2982 3310 3256 3366 Maximus
3287 3304 3597 3367 Ticinensis,
3618 3296 3738 3354 Felix
3757 3289 3849 3346 Atel-

2342 3412 2522 3476 lanus,
2562 3407 2861 3463 Cassianus
2903 3403 3252 3472 Mutinensis,
3304 3400 3552 3455 Rusticus
3587 3385 3852 3448 Fuxentinus.

2341 3502 2632 3558 Cerentius
2665 3499 2986 3565 Siculensis,
3014 3497 3379 3569 Propinquus
3406 3488 3667 3554 Tabensis,
3693 3477 3852 3576 Stepha-

2344 3611 2451 3651 nus
2496 3595 2834 3661 Venusinus,
2871 3591 3195 3647 Adeodatus
3244 3587 3583 3651 Formianus,
3624 3577 3856 3661 Laurentllls

2347 3691 2633 3756 Benensis,
2669 3687 2988 3743 Bonifacius
3025 3684 3438 3751 Cameritanus,
3470 3674 3757 3734 Fortunatus
3780 3660 3857 3717 1111-

2347 3784 2614 3855 ginensis,
2655 3785 2844 3838 Justus
2889 3779 3237 3851 Signatinus,
3290 3773 3584 3832 Mercurius
3625 3765 3857 3823 Siviternus,

2346 3877 2674 3932 Vindemius
2734 3874 3094 3941 Anteatinus,
3156 3872 3478 3942 Stephanus
3542 3856 3858 3942 Neapolitanus.

609 3971 681 4025 de
711 3970 900 4025 ofﬁcio
943 3972 1202 4039 suscepto
1231 3969 1516 4024 rationem
1536 3968 1725 4040 justus
1759 3969 1935 4039 judex
1976 3971 2121 4025 Deus
2153 3987 2246 4026 no-
2344 3974 2632 4042 Augustus
2678 3969 3059 4040 Liparitanus,
3103 3941 3350 4021 Hilarius
3387 3964 3666 4021 Teusanus,
3701 3941 3862 4001 Valenti-

613 4068 729 4118 ster
759 4063 1056 4119 districtim
1107 4061 1401 4132 exegerit?
1442 4062 1574 4116 Ideo
1616 4079 1719 4117 nos
1759 4067 1980 4134 oportet
2021 4080 2248 4134 semper

614 4158 816 4212 nociva
865 4173 1140 4222 resecare,
1180 4161 1253 4220 et,
1298 4155 1603 4211 auxiliante
1650 4156 1907 4223 Domino,
1950 4157 2247 4227 profutura

616 4251 865 4320 erigere.
926 4250 1080 4304 Unde
1135 4248 1512 4319 objurgando,
1568 4250 1870 4318 hortando,
1930 4251 2243 4322 suadendo,

614 4341 984 4409 blandiendo,
1014 4342 1376 4412 consulendo,
1409 4343 1677 4414 prodesse
1713 4343 1918 4414 quibus
1946 4361 2249 4414 possumus

615 4437 982 4504 festinemus;
1007 4436 1205 4507 lingua
1225 4441 1418 4490 nostra
1433 4435 1596 4491 bonis
1616 4436 1934 4492 fomentum
1955 4439 2045 4506 sit,
2063 4441 2250 4512 pravis

2345 4082 2450 4120 nus
2474 4064 2814 4131 Amiternus,
2847 4061 3256 4118 Maximilianus
3283 4056 3595 4122 Perusinus,
3620 4041 3863 4104 Fortunatus

2346 4160 2674 4224 Suestanus,
2709 4155 3072 4210 Innocentius
3114 4151 3505 4218 Ferentinatis,
3533 4135 3862 4233 10000111οᾧ1⁶

2349 4255 2640 4325 gustamus,
2668 4250 3017 4308 Concordius
3043 4248 3365 4316 Mesitanus,
3397 4240 3657 4315 Trigidius
3684 4234 3863 4325 Taunga'

2349 4365 2474 4414 nus,
2497 4345 2693 4402 Vitalis
2720 4345 3047 4412 Fundanus,
3070 4342 3364 4398 Viticanus
3389 4329 3719 4394 Celemensis.
3734 4323 3864 4417 (Σεξίυδ

2349 4441 2688 4507 Portuensis,
2735 4442 2977 4496 Joannes
3037 4435 3436 4502 Ariminensis,
3489 4429 3678 4485 Aristus
3720 4418 3866 4507 Osnen‘

615 4531 862 4599 aculeus,
918 4530 1149 4585 timidos
1200 4530 1491 4598 retundat,
1537 4531 1706 4586 iratos
1759 4532 2002 4604 mitiget,
2057 4534 2219 4606 pigro

2269 4558 2328 4631 D
2351 4535 2444 4605 sis,
2478 4533 2877 4590 Proculeianus
2928 4531 3230 4603 Sepinatis,
3267 4525 3544 4584 Martirius
3585 4517 3864 4631 Τιἐιςῗηῖηἶιίι

615 4631 874 4693 exacuet,
909 4624 1130 4680 desides
1171 4624 1456 4680 hortando
1486 4626 1811 4696 succendat,
1842 4627 2251 4700 refugientibus

616 4720 882 4786 suadeat;
914 4719 1128 4790 asperis
1155 4719 1503 4786 blandiatur,
1537 4719 1868 4792 desperatos
1907 4724 2248 4790 consoletur,

2351 4600 2635 4684 Candidus
2665 4600 3017 4693 Tiburtinus,
3042 4625 3234 4680 Victor
3267 4618 3556 4682 Lunensis,
3579 4600 3867 4706 Aprilislﬁl'f'

2352 4723 2651 4792 rianensis,
2675 4722 2925 4778 Asterius
2951 4717 3268 4791 Aquinatis,
3291 4715 3507 4772 Asellus
3528 4705 3865 4792 Poptilonienslé.

620 4817 681 4867 ut
710 4814 843 4885 quia
869 4813 1130 4868 doctores
1170 4813 1414 4868 dicimur
1441 4814 1592 4868 viam
1632 4815 1830 4869 salutis
1860 4816 2252 4886 gradientibus
2351 4817 2692 4888 Crisogonus
2738 4814 3088 4881 Albanensis,
3124 4813 3336 4867 Memor
3384 4783 3869 4888 CassinuUSM-‘m‘fiua

619 4906 1009 4962 ostendamus.
1053 4906 1239 4961 Simus
1283 4907 1343 4961 in
1401 4907 1662 4962 custodia
1706 4908 2022 4979 vigilantes,
2067 4911 2252 4966 aditus
2351 4912 2702 4981 Potentinus,
2733 4909 2996 4966 Colonius
3035 4903 3506 4967 Foroclodiensis,
3533 4879 3870 4981 Romanus”

618 5018 721 5056 con
731 5003 814 5054 tra
835 5000 1011 5054 hostis
1029 5000 1262 5054 insidias
1278 5000 1507 5056 solliciti
1520 5002 1863 5070 muniamus,
1881 5009 1939 5058 et
1957 5004 2003 5057 si
2024 5005 2251 5076 quando

619 5111 780 5151 ovem
802 5093 1088 5164 perditam
1110 5093 1179 5148 de
1202 5094 1520 5148 commissis
1541 5095 1810 5167 gregibus
1830 5113 1990 5152 error
2008 5098 2249 5155 abduxe-

617 5190 710 5257 rit,
748 5193 865 5243 toto
892 5187 1048 5241 illam
1080 5187 1282 5241 adnisu
1307 5187 1380 5242 ad
1415 5191 1603 5244 caulas
1639 5205 1904 5247 revocare
1940 5193 2252 5249 Dominicas

620 5282 1056 5350 contendamus,
1077 5284 1143 5336 ut
1157 5281 1225 5336 de
1251 5283 1488 5352 pastoris
1509 5284 1762 5351 nomine,
1783 5286 1933 5356 quod
1953 5286 2249 5358 habemus,

2351 5011 2673 5073 mentanus,
2715 5003 3006 5075 Helpidius
3066 5001 3403 5067 Veliternus,
3455 4997 3612 5051 Ursus
3665 4983 3868 5075 Βθᾶωξυθν

2349 5101 2594 5156 Joannes
2640 5098 2994 5165 Turritanus,
3037 5093 3372 5152 Cresconius
3413 5083 3731 5146 TudertinuS.

3759 5066 3872 5124 Adae

2353 5195 2519 5249 datus
2550 5193 2709 5250 Silvas
2739 5192 3017 5258 candidae,
3048 5187 3414 5246 Innocentius
3451 5173 3733 5239 NavenatiS,
3757 5166 3870 5216 "311*

2352 5289 2470 5344 rius
2515 5288 2799 5356 Pallensis,
2828 5289 3076 5341 Joannes
3117 5283 3461 5356 Spolitanus,
3494 5276 3712 5344 Rogatus
3738 5261 3869 5356 Τξυτίν

618 5396 736 5435 000
769 5375 1130 5448 supplicium,
1166 5375 1264 5430 sed
1296 5377 1598 5448 praemium
1639 5395 2080 5450 consequamur.
2112 5382 2254 5445 Quia
2351 5382 2696 5450 menitanus,
2729 5380 3014 5436 Eustasius
3052 5375 3467 5443 Cremonensis,
3494 5357 3746 5427 Servusdei
3769 5351 3871 5446 Fat?

620 5489 758 5544 ergo
792 5471 850 5526 in
878 5470 967 5525 his
999 5469 1266 5525 omnibus
1311 5471 1516 5526 divinm
1559 5471 1761 5542 gratiae
1800 5473 2083 5544 adjutorio
2109 5492 2253 5546 opus
2351 5475 2556 5542 vensis,
2575 5477 2793 5530 Laurus
2818 5473 3197 5546 Vergomatis,
3224 5470 3440 5526 Probus
3459 5452 3870 5546 Carcimeianen's‘LS

621 5571 705 5622 est
747 5565 1163 5636 omnipotentis
1193 5565 1290 5619 Dei
1319 5565 1558 5620 assiduis
1597 5565 1858 5636 precibus
1887 5568 2252 5624 clementiam

2354 5569 2686 5641 Euscarpius
2734 5571 3080 5641 Meresarpae,
3111 5566 3338 5621 Dulcius
3389 5558 3557 5617 sancti
3591 5548 3782 5641 Autiully
3805 5534 3873 5641 Ηυξ

619 5677 936 5727 exoremus,
989 5663 1270 5730 quatenus
1324 5658 1396 5712 ad
1453 5659 1572 5713 haec
1626 5658 1788 5713 nobis
1838 5661 2145 5731 operanda,
2195 5668 2254 5718 et
2350 5665 2549 5719 tertius
2588 5663 2918 5734 Agnatinus,
2967 5661 3278 5716 Leucadius
3321 5654 3672 5727 lnjuricanus,
3705 5638 3872 5734 smmis

619 5755 760 5808 velle
791 5753 1022 5818 tribuat,
1055 5756 1111 5806 et
1140 5768 1304 5824 posse
1333 5752 1623 5819 concedat,
1651 5756 1822 5824 atque
1850 5754 1904 5808 in
1937 5771 2004 5809 ea
2036 5773 2138 5811 nos
2165 5757 2252 5814 via

2352 5758 2622 5823 Nolanus,
2652 5755 2948 5812 Eufradius
2982 5751 3372 5818 Galatinensis,
3402 5745 3677 5804 Martianus
3701 5732 3870 5823 Αοεξιξξιέτ

619 5862 747 5902 cum
781 5846 964 5898 fructu
1005 5845 1137 5900 boni
1182 5845 1384 5916 operis,
1416 5862 1584 5916 quam
1630 5863 1686 5901 se
1728 5852 1924 5918 pastor
1960 5855 2251 5920 pastorum
2351 5851 2666 5906 Theotistos
2694 5849 3039 5918 Pessimitos,
3073 5847 3320 5905 Euticius
3346 5835 3644 5901 Tranensis,
3669 5813 3870 5892 "Elp‘d’us
