4062 6188
183 340 298 389 imi}

1381 337 1845 392 DECRETAUUM
1887 334 2273 389 COLIJCCTIO.

3381 343 3512 395 103i

171 446 660 512 Mencenenterius,
703 446 1046 499 Fortunatus
1083 446 1418 517 Anagninus
1441 489 1454 513 ,
1499 446 1775 502 Misterius
1797 456 1856 528 Α
1878 444 2218 516 generaliter
2259 446 2506 516 optanda
2557 451 2661 516 est,
2705 452 2897 503 tamen
2927 449 3112 504 existit
3136 449 3195 503 in
3230 450 3507 521 magistro

170 539 457 605 Amorrius,
474 537 802 592 Paschasius
820 539 1232 609 Vulternensis,
1249 540 1476 612 Aquilas
1496 541 1778 596 Eudoxia-

171 633 280 702 dos,
300 633 652 687 Innocentius
673 633 1269 705 Forosimproniensis,
1291 634 1584 702 Quiriacus
1604 637 1775 690 Troo-

172 726 432 795 danensis,
463 726 615 781 Felix
641 727 974 798 Nepesinus,
1009 727 1134 781 Pios
1167 728 1591 797 Petcnissensis,
1621 729 1772 783 Hila-

173 821 278 874 rius
300 821 740 892 Tempranensis,
770 820 1062 891 Longinus
1091 821 1332 889 Ortissu,
1369 824 1609 877 Joannes
1634 823 1772 876 Nea-

171 916 458 986 politanus,
485 915 739 969 Talasius
756 915 1132 984 Caesariensis,
1163 916 1564 970 Constantinus
1591 916 1775 972 Militi-

171 1009 360 1076 neusis,
387 1009 674 1064 Musonius
692 1009 980 1075 Hissenus,
1004 1008 1234 1063 Acasins
1254 1009 1636 1080 Arimatheus,
1665 1011 1776 1064 Fir-

170 1103 342 1156 minus
365 1103 613 1172 Termus,
637 1103 889 1157 Adonius
921 1103 1202 1170 Gravissu,
1235 1103 1507 1158 Patricius
1535 1104 1772 1159 Tianen-

165 1199 254 1263 sis,
273 1197 690 1264 JoannesArtis,
704 1197 1050 1251 Theodotius
1062 1197 1434 1264 Naciazensis,
1453 1199 1776 1253 Dorocheus

167 1291 617 1356 Neocesariensis,
662 1291 1095 1345 Aristomachus
1121 1291 1464 1359 Colenensis,
1497 1292 1656 1347 Ciros
1683 1293 1771 1349 Ci-

165 1385 520 1452 bistrinensis,
583 1387 830 1439 Joannes
885 1385 1256 1451 Sebastensis,
1321 1386 1628 1456 Ceccupius
1674 1387 1774 1442 Se-

165 1478 577 1549 bastranopolis,
601 1479 850 1532 Joannes
874 1479 1264 1547 Polemnacus,
1289 1478 1546 1533 Grandus
1575 1481 1772 1534 Ceras-

165 1572 380 1636 sitenus,
431 1572 691 1626 Atarbius
736 1571 1083 1639 Talebuntis,
1133 1572 1366 1627 Seleuco
1410 1574 1772 1644 Amassenus,

162 1665 464 1720 Anthonius
489 1665 837 1720 Amissenus.

162 1760 388 1830 Explicit
401 1763 561 1814 sexta
576 1760 827 1830 synodus
844 1760 1103 1815 Romana
1119 1760 1224 1815 sub
1247 1760 1590 1832 Symmacho
1603 1776 1772 1832 papa.

1877 538 2160 594 necessari
2205 539 2412 594 frustra
2458 541 2763 596 monitoris
2788 559 3093 612 personam
3123 543 3378 615 suscipit,
3407 545 3503 617 qui

1876 632 2108 704 impacti
2138 651 2249 688 non
2272 634 2543 705 praevalet
2565 635 2850 690 aestimare
2874 637 3094 706 pondus
3114 637 3286 692 ofﬁcii
3305 638 3508 694 vilissi-

1876 743 2006 780 mus
2031 728 2452 798 comparandus
2471 731 2573 794 est,
2595 729 2702 783 nisi
2723 729 3012 799 praecellat
3031 730 3283 800 scientia,
3302 732 3402 803 qui
3423 736 3510 787 est

1876 820 2093 874 honore
2114 820 2497 891 praestantior.
2519 822 2678 876 Dedit
2699 822 2800 876 tibi
2827 823 3046 893 apicem
3070 840 3160 878 res
3173 824 3373 894 judicii
3392 842 3506 880 non

1874 914 2086 969 favoris
2131 914 2339 985 dignus
2390 915 2657 986 pontiﬁce
2706 921 2790 970 est
2831 933 3009 983 amor,
3055 934 3226 989 quem
3263 935 3505 975 censura

1875 1007 2154 1062 conciliat.
2179 1009 2516 1062 Devenustat
2540 1008 2879 1063 institutoris
2897 1009 3149 1080 genium,
3178 1011 3276 1084 qui
3301 1028 3403 1083 per
3422 1030 3510 1068 so-

1876 1102 1990 1155 lam
2023 1101 2272 1170 gratiam
2297 1103 2417 1156 vult
2433 1102 2678 1173 placere.
2711 1103 2791 1157 Tu
2817 1101 2906 1156 his
2935 1103 3189 1158 eruditus
3220 1110 3277 1160 et
3299 1105 3508 1162 forma-

1877 1197 1966 1248 tus
2008 1195 2129 1250 coeli
2173 1195 2461 1250 beneﬁciis
2502 1195 2632 1266 plus
2683 1196 2910 1266 agendo
2952 1198 3231 1268 populum
3261 1198 3510 1254 instituis

1877 1304 2049 1359 quam
2081 1288 2356 1344 docendo.
2389 1289 2486 1344 Illa
2516 1289 2736 1344 monita
2763 1289 3171 1361 discipulorum
3211 1293 3506 1348 conscien-

1872 1382 2012 1436 tiam
2043 1383 2310 1438 erudiunt
2337 1399 2462 1454 quae
2485 1383 2802 1454 probantur
2822 1385 3106 1456 exemplo.
3135 1385 3270 1440 Sine
3291 1387 3510 1458 pudore

1875 1475 2078 1530 invitat
2099 1477 2169 1531 ad
2191 1476 2598 1544 innocentiam,
2624 1477 2720 1548 qui
2744 1477 2894 1532 illam
2915 1477 3088 1533 fuerit
3107 1478 3228 1550 ipse
3244 1485 3506 1536 sectatus.

1873 1570 1947 1624 Te
1975 1569 2128 1624 inter
2158 1573 2379 1624 secreta
2400 1571 2785 1642 penetralium
2812 1589 2923 1643 quo
2945 1573 2990 1627 si
3009 1577 3213 1628 testem
3243 1577 3513 1630 metuunt.

1876 1662 1972 1734 qui
1999 1679 2233 1734 peccare
2255 1663 2582 1735 disponunt.
2608 1665 2980 1720 Nascentibus
3001 1667 3193 1738 culpis
3209 1672 3417 1737 metus,
3454 1674 3512 1723 et

1876 1757 2189 1812 reverentia
2214 1760 2311 1812 tua
2341 1763 2513 1829 negat
2541 1757 2828 1813 eﬁ‘ectum.
2864 1759 2972 1823 Qui
2993 1760 3144 1814 inter
3162 1761 3395 1816 exordia
3415 1779 3507 1817 oc-

194 1826 424 1948 Ερἱδεοια
475 1826 710 1946 ᾴὶιεάωη
763 1877 838 1932 ad
882 1879 1235 1932 Laurentium
1282 1826 1738 1934 ﬁediomn
1796 1826 1854 1899 B
1878 1851 2056 1948 currit
2079 1851 2244 1948 vitiis,
2270 1856 2325 1906 et
2349 1826 2706 1908 occasionem
2733 1853 2996 1948 lapsuum
3028 1853 3251 1948 adimit,
3287 1859 3343 1908 et
3371 1872 3507 1910 con-

722 1950 1200 2020 archiepiscopum.

224 2041 592 2096 Dilectissimo
643 2047 814 2113 atque
868 2043 1198 2097 charissimo
1250 2042 1410 2098 fratri
1469 2043 1774 2098 Laurentio

152 2134 574 2190 Mediolanensis
618 2136 880 2189 Ecclesiae
936 2136 1358 2208 archiepiscopo
1402 2137 1773 2208 Symmachus

152 2230 442 2300 episcopus
471 2230 530 2282 in
565 2229 802 2283 Domino
828 2231 1088 2284 salutem.
1121 2230 1318 2285 Prodit
1355 2230 1636 2302 religiosae
1675 2248 1771 2286 vo-

153 2329 270 2377 tum
321 2323 675 2378 conscientia:
725 2340 888 2378 mens
918 2324 1180 2378 laudibus
1211 2325 1409 2380 devota
1437 2325 1774 2396 pontiﬁcum

149 2417 380 2472 assertio
418 2417 634 2487 ingenii
685 2421 768 2472 est
816 2419 926 2471 Deo
975 2418 1421 2490 obsequentibus
1449 2420 1773 2490 mancipare

117 2532 121 2533 ί
147 2511 299 2582 quod
325 2511 626 2582 loquimur,
662 2511 719 2565 in
748 2528 995 2583 quorum
1015 2512 1316 2583 praeconiis
1331 2512 1474 2567 forte
1495 2516 1772 2584 angustus

147 2621 330 2659 sermo
364 2605 667 2676 prazfulget
708 2605 1058 2677 imperitiam
1103 2606 1447 2673 manifestat,
1487 2611 1676 2662 tamen
1726 2608 1771 2662 si

144 2698 496 2752 abstineatur
548 2698 793 2754 infantia
843 2700 969 2771 quis
1012 2701 1338 2754 mendicam
1386 2700 1771 2756 narrationem

139 2792 573 2862 zestimetquam
585 2793 1113 2864 votalocupletant?
1133 2793 1295 2865 Saepe
1311 2793 1368 2848 in
1382 2793 1664 2849 facundia;
1677 2795 1772 2850 do-

138 2886 290 2939 tibus
307 2887 820 2956 pauperinvenitur
834 2904 975 2942 vena
990 2887 1370 2958 przedicantis,
1400 2892 1454 2943 et
1487 2905 1517 2942 e
1549 2889 1770 2943 diverso

134 2979 435 3032 thesaurus
461 2979 644 3033 cordis
671 2979 909 3034 irradiat
933 2981 990 3034 in
1017 2983 1270 3050 egestate
1302 2982 1630 3037 verborum.
1663 2982 1770 3046 Qui

135 3072 258 3124 vice
310 3071 408 3125 Dei
447 3073 666 3142 judicat
718 3090 834 3128 non
869 3073 1156 3128 desiderat
1184 3074 1330 3146 picta
1371 3075 1639 3146 alloquia,
1671 3076 1773 3130 sed

135 3181 267 3236 quae
297 3165 578 3220 infucatus
603 3167 968 3222 commendat
993 3168 1145 3222 nitor
1169 3168 1409 3240 ingenii,
1438 3169 1574 3241 quia
1594 3169 1652 3224 in
1685 3170 1772 3224 his
1793 3198 1847 3273 Ο
1873 3183 2012 3221 num
2041 3167 2264 3220 vincula
2293 3169 2624 3234 tenuerunt,
2671 3166 2806 3238 quia
2848 3167 2990 3222 nihil
3021 3172 3254 3239 superat
3279 3169 3334 3223 di

135 3260 313 3313 etiam
335 3259 457 3313 sine
481 3276 675 3315 amore
705 3261 996 3315 blanditur
1018 3262 1348 3332 eloquentia
1375 3262 1434 3316 in
1450 3262 1559 3317 illis
1590 3264 1772 3332 splen-
1845 3260 2095 3332 .quoties
2137 3259 2349 3332 aliquid
2397 3259 2672 3331 probatus
2717 3261 2999 3316 extulerit.
3051 3262 3152 3326 Qai
3181 3263 3334 3317 enim

1845 3277 2095 3332 .quoues
2137 3277 2349 3332 θιιῳιια
2397 3277 2672 3331 pronatus
2717 3277 2999 3316 eXLllleI'lt.
3051 3277 3152 3326 υειι
3181 3279 3334 3317 enim
3374 3281 3507 3318 sen-

132 3260 313 3313 etiam
335 3259 457 3313 sine
481 3276 675 3315 amore
705 3261 996 3315 blanditur
1018 3262 1348 3332 eloquentia
1375 3262 1434 3316 in
1450 3262 1559 3317 illis
1590 3264 1772 3334 splen-

130 3354 342 3407 dorem
375 3369 539 3407 suum
561 3353 764 3408 veritas
791 3355 941 3409 nuda
972 3356 1354 3410 commendat.
1380 3356 1504 3410 Sive
1535 3357 1768 3424 falleris,

128 3451 219 3499 est
247 3462 426 3500 omne
451 3447 603 3518 quod
633 3447 807 3502 dictat
834 3448 1060 3503 affectio
1087 3449 1160 3503 ad
1179 3465 1438 3520 unguem
1462 3450 1773 3504 fabricatur

127 3542 226 3593 illa
279 3557 412 3610 quas
464 3541 724 3595 volumus
765 3558 879 3596 non
926 3548 1047 3596 tam
1094 3543 1341 3613 speciem
1388 3543 1524 3598 recti
1554 3544 1771 3598 habere

125 3650 312 3704 quam
359 3633 821 3690 similitudinem.
851 3637 929 3691 Ad
969 3641 1046 3702 te,
1076 3636 1415 3691 venerabilis
1447 3637 1587 3692 mihi
1619 3639 1769 3692 anti-

122 3735 266 3795 stes,
301 3727 552 3782 maxime
574 3745 762 3784 sermo
786 3733 871 3784 est
891 3731 982 3784 cui
1001 3729 1422 3784 immeritorum
1447 3731 1772 3787 testimonio

119 3821 312 3875 virtus
333 3821 486 3893 cepit
506 3823 784 3877 vocabulo
810 3822 868 3877 in
898 3840 1010 3895 quo
1032 3828 1189 3878 actus
1211 3823 1498 3896 eloquitur
1516 3825 1601 3879 vel
1618 3826 1773 3899 quod

118 3915 226 3985 qui
280 3932 494 3969 nomen
539 3917 803 3988 appellat.
855 3917 1093 3972 Provida
1145 3924 1448 3989 parentum
1477 3919 1774 3990 diligentia

121 4015 400 4076 tuorum,
424 4010 579 4080 prius
608 4014 663 4065 te
687 4011 819 4082 eligi
848 4011 1023 4066 voluit
1053 4028 1226 4083 quam
1255 4012 1503 4082 probari.
1535 4014 1608 4068 Te
1637 4015 1772 4068 olim

115 4103 498 4156 szecularibus
543 4103 919 4160 inhaerentem
991 4104 1166 4159 titulis
1238 4106 1539 4160 castrensis
1599 4107 1775 4161 sudor

114 4196 406 4250 excoluit.
456 4197 524 4251 Et
559 4197 630 4251 ad
670 4198 933 4252 Ecclesize
984 4199 1371 4270 gubernacula
1399 4216 1532 4270 pars
1572 4201 1770 4255 adver-

112 4306 182 4342 sa
203 4289 500 4354 solidavit,
528 4289 672 4344 sicut
702 4291 973 4345 Dominus
992 4292 1245 4363 loquitur
1269 4309 1376 4363 per
1395 4293 1768 4364 prophetam:

113 4409 138 4427 ας
178 4382 297 4445 Qui
328 4383 387 4436 in
418 4382 658 4438 minimo
692 4383 893 4453 ﬁdelis,
918 4387 975 4439 et
999 4385 1056 4438 in
1081 4402 1288 4456 magno
1307 4385 1487 4439 ﬁdelis
1515 4389 1600 4439 est
1627 4386 1770 4457 (Luc.

111 4491 233 4540 ςη,
273 4477 384 4540 l0).
419 4497 445 4522 »
474 4477 547 4530 Te
579 4494 804 4531 sacrum
829 4478 1008 4548 judex
1036 4482 1093 4532 et
1126 4478 1348 4532 consilii
1370 4479 1636 4533 comitem
1659 4497 1775 4534 me-

1875 1945 2234 2016 cupiscentize
2263 1950 2472 2016 purgat
2509 1951 2825 2014 auctorem,
2875 1946 2994 2001 hac
3024 1947 3366 2002 beatitudini
3394 1954 3508 2004 tua:

1875 2038 2034 2110 quasi
2066 2038 2303 2093 strictim
2331 2055 2436 2110 pro
2466 2039 2680 2111 lingua:
2709 2056 2855 2094 mea:
2885 2042 3380 2097 commendatione
3409 2042 3507 2098 de—

1872 2133 2068 2202 dicavi,
2099 2133 2144 2186 si
2173 2133 2432 2204 precibus
2458 2134 2589 2188 vitae
2615 2151 2908 2189 successus
2929 2135 3183 2190 arriserit
3215 2140 3510 2208 gestorum

1879 2229 2110 2283 tuorum
2139 2227 2308 2298 plena
2337 2244 2432 2282 me
2469 2227 2744 2282 relatione
2771 2229 3134 2298 consecrabo,
3157 2233 3223 2284 ut
3239 2247 3365 2301 qua:
3389 2231 3516 2286 uni-

1873 2320 2046 2375 versis
2076 2324 2216 2376 nota
2244 2324 2377 2376 sunt
2406 2323 2690 2376 mansuris
2730 2323 2791 2377 in
2816 2327 3106 2394 posterum
3135 2324 3340 2380 litteris
3366 2341 3507 2397 qua-

1874 2419 2038 2470 tenus
2067 2414 2320 2486 gaudeat
2350 2419 2477 2470 acta
2507 2420 2772 2470 secutura
2792 2420 3111 2472 serventur.

2004 2565 2135 2619 Item
2161 2563 2391 2634 epistola
2415 2563 2650 2633 ejusdem
2674 2563 2748 2619 ad
2770 2564 3042 2620 Liberium
3062 2567 3379 2635 patricium.

1944 2697 2318 2769 Symmachus
2364 2699 2661 2769 episcopus
2706 2697 2967 2754 Ecclesiae
3019 2699 3311 2756 catholica:
3355 2700 3512 2757 urbis

1873 2791 2066 2846 Romae
2093 2791 2316 2846 Liberio
2343 2792 2584 2863 patricio
2611 2791 2876 2846 salutem.
2901 2793 3045 2848 Cum
3063 2810 3166 2864 pro
3185 2796 3512 2851 veneranda

1871 2885 2147 2956 religione
2177 2885 2534 2940 conscientiae
2559 2885 2731 2939 verba
2767 2885 3011 2958 dirigitis
3041 2886 3101 2941 in
3127 2887 3514 2958 Aquileiensis

1873 2979 2148 3034 electione
2173 2978 2456 3050 pontiﬁcis
2485 2983 2541 3034 et
2561 2977 2768 3033 divinis
2789 2979 3014 3034 initiata
3039 2980 3240 3052 lingua
3263 2981 3509 3036 cultibus

1872 3072 2080 3128 militat
2115 3073 2500 3127 consecrando
2525 3073 2585 3127 in
2614 3072 2794 3143 ignoti
2823 3089 2928 3128 nos
2959 3073 3262 3145 diligentia
3288 3091 3509 3131 sermo-

1873 3183 2012 3221 num
2041 3167 2264 3220 vincula
2293 3169 2624 3234 tenuerunt,
2671 3166 2806 3238 quia
2848 3167 2990 3222 nihil
3021 3172 3254 3239 superat
3279 3169 3508 3238 divitiis,

1871 3354 2067 3409 tentiaa
2096 3352 2422 3425 sequacium
2444 3353 2805 3425 derelinquat
2825 3355 3056 3425 quando
3076 3355 3318 3425 justitiaa
3343 3357 3508 3411 obse-

1873 3447 2086 3518 quitur,
2118 3447 2276 3518 cujus
2296 3446 2356 3500 in
2378 3462 2614 3502 examen
2635 3446 2892 3502 deﬁnitio
2912 3464 3028 3502 non
3049 3453 3303 3504 vocatur.
3327 3450 3507 3520 Agitis

1871 3541 2022 3596 bono
2052 3539 2415 3595 conscientiae
2442 3539 2593 3611 quod
2625 3544 2810 3594 vestro
2842 3540 2934 3596 vix
2964 3545 3211 3612 negatur
3242 3540 3504 3613 imperio.

1873 3634 2052 3689 Exivit
2093 3633 2242 3688 inter
2280 3633 2524 3688 arbitros
2549 3633 2858 3688 Marcellini
2887 3634 3227 3689 venerabilis
3268 3635 3505 3708 collega,

1873 3727 2153 3782 maximus
2177 3727 2483 3781 hominum
2513 3726 2838 3782 humilitate
2869 3728 3187 3796 sublimior,
3217 3733 3274 3784 et
3299 3745 3370 3784 ne
3398 3747 3503 3801 po-

1873 3821 2061 3877 testati
2105 3821 2267 3876 favor
2306 3837 2410 3892 pro
2455 3821 2679 3894 aliquos
2725 3822 3107 3877 ascriberetur
3143 3823 3505 3894 interpretes,

1873 3915 2024 3987 quod
2050 3915 2119 3969 de
2146 3915 2381 3986 proprio
2406 3915 2685 3985 decerpsit
2709 3915 2964 3986 ingenio,
2990 3915 3201 3970 laudati
3223 3917 3416 3986 junxit
3435 3917 3507 3972 ad

1876 4009 2141 4080 pretium.
2170 4008 2376 4079 Egistis
2397 4009 2770 4077 mediocrem,
2797 4025 2866 4062 ne
2889 4009 3141 4080 praecelsi
3162 4015 3307 4065 esset
3327 4027 3510 4064 susce-

1872 4108 1971 4174 pta
2005 4101 2355 4173 praedicatio,
2397 4102 2845 4156 clarissimorum
2895 4103 3225 4158 testimonia
3274 4109 3335 4158 ut
3361 4105 3510 4159 vires

1872 4196 2154 4267 accipiant
2179 4195 2434 4250 culmina
2457 4196 2831 4267 castigantur,
2859 4196 2991 4251 felix
3017 4197 3392 4252 sacerdotium
3417 4198 3508 4253 cui

1872 4290 2078 4344 faciem
2122 4289 2374 4360 praetulit
2404 4290 2569 4359 plena
2597 4306 2762 4343 mens
2802 4290 3058 4344 luminis.
3087 4292 3258 4345 Beata
3284 4308 3511 4346 conver-

1873 4383 2031 4450 satio,
2068 4399 2196 4453 quae
2226 4383 2437 4437 idcirco
2475 4383 2533 4436 in
2577 4383 2992 4438 discussionem
3035 4384 3274 4439 deducta
3305 4389 3407 4450 est,
3452 4391 3512 4440 ut

1874 4481 2031 4532 tanto
2057 4476 2181 4529 viro
2210 4475 2559 4530 aﬁ'abulante
2582 4482 2898 4547 superaret.
2922 4477 3058 4540 Quae
3085 4495 3198 4531 non
3223 4478 3511 4532 didicisset

107 4569 239 4623 mit
274 4573 336 4622 et
368 4569 599 4624 laboris.
646 4571 794 4625 Bene
825 4571 1136 4626 initiandus
1167 4572 1441 4627 altaribus
1469 4577 1524 4626 et
1549 4573 1606 4626 in
1629 4573 1772 4627 laica
1791 4570 1849 4641 D
1872 4585 2134 4641 saporem
2161 4568 2432 4635 victoriae,
2466 4569 2572 4623 nisi
2597 4569 2972 4639 subjacuisset
2992 4570 3242 4623 incertis.
3269 4571 3510 4640 Semper

104 4663 566 4717 ronversatione
593 4665 743 4735 quod
771 4681 993 4718 sacrum
1019 4669 1166 4720 esset
1193 4665 1433 4736 elegisti.
1457 4666 1536 4719 Tu
1562 4666 1775 4736 pudici-
1873 4662 2271 4718 innocentibus
2303 4662 2545 4733 gloriam
2586 4663 2821 4717 adversa
2849 4667 3214 4732 pepererunt,
3248 4663 3507 4734 providet

101 4756 211 4807 tiae
279 4755 342 4807 in
405 4755 500 4809 illa
545 4760 709 4810 zetate
741 4761 930 4812 custos
958 4757 1224 4811 inventus
1255 4773 1332 4811 es.
1367 4759 1428 4811 In
1463 4774 1574 4828 qua
1599 4763 1654 4813 et
1683 4760 1774 4813 lex
1875 4757 2201 4812 defensores
2243 4756 2583 4810 fortissimos
2631 4755 2930 4810 mediocris
2987 4755 3346 4827 inpugnatio.
3405 4757 3513 4813 Sed

98 4847 477 4917 .ybsequitur
504 4849 823 4904 desideriis.
853 4850 1001 4905 Satis
1021 4854 1104 4904 est
1129 4850 1280 4904 enim
1308 4851 1568 4920 pueritia
1598 4851 1776 4905 ambi-
1875 4851 2013 4922 quid
2044 4851 2299 4921 epistolas
2328 4849 2602 4904 terminos
2624 4848 2967 4920 loquacitate
2991 4848 3252 4920 produxi,
3287 4855 3510 4906 coactas

101 4948 278 5006 tum,
330 4958 512 5012 quam
561 4942 789 4996 licentia
819 4944 980 4998 fulcit
1011 4944 1251 5010 horreri,
1279 4944 1532 4999 Christus
1566 4944 1776 4998 milites
1876 4945 2002 5013 lege
2023 4943 2263 5014 paginas
2285 4943 2341 4997 in
2361 4943 2620 4997 humana
2640 4942 3082 4997 concinnatione
3104 4947 3508 5014 transgressus.

93 5049 262 5088 suos
309 5051 459 5104 quos
510 5037 567 5089 in
621 5053 921 5106 personam
957 5037 1134 5091 dulcis
1159 5038 1375 5092 attollat
1426 5037 1575 5092 inter
1606 5037 1773 5105 acies,
1873 5039 2056 5107 Jungo
2086 5042 2142 5090 et
2172 5053 2277 5106 ego
2306 5036 2673 5108 amplissimis
2703 5035 2958 5107 partibus
2988 5053 3094 5108 pro
3122 5037 3355 5092 modulo
3386 5039 3501 5092 exi-

94 5127 342 5198 quazrit
375 5129 622 5184 hostiles.
655 5130 874 5184 Ascitus
903 5131 1162 5186 Ecclesiae
1191 5130 1527 5202 pontiﬁcem
1560 5131 1778 5186 actibus
1879 5129 2108 5200 guitatis
2138 5129 2364 5200 proprie
2394 5129 2553 5184 vobis
2585 5130 2724 5184 ccelo
2758 5129 3107 5201 obsequente
3151 5147 3510 5196 consensum,

90 5220 390 5292 implesti
417 5225 548 5277 ante
586 5227 852 5295 tempora
878 5224 1194 5295 dignitatis.
1227 5225 1351 5278 Non
1378 5224 1592 5278 advena
1614 5224 1775 5279 beni-
1879 5226 1934 5278 et
1959 5223 2108 5294 quod
2149 5223 2414 5278 mirabile
2444 5223 2592 5278 inter
2623 5224 2886 5278 homines
2917 5224 3163 5278 habetur
3186 5224 3503 5278 considera-

92 5315 327 5385 gnitas
348 5315 462 5370 fuit
479 5332 607 5387 qua:
628 5322 845 5372 natum
861 5317 1062 5372 innixa
1081 5317 1362 5373 radicibus
1383 5318 1451 5371 de
1473 5334 1615 5371 cano
1636 5317 1778 5373 ﬂore
1880 5318 2032 5372 tione
2049 5317 2220 5372 vestri
2248 5317 2510 5372 attrahor
2542 5317 2611 5372 ad
2629 5333 2906 5387 amorem,
2936 5318 3214 5388 inspirata
3239 5316 3380 5370 mihi
3411 5332 3513 5386 per

90 5424 387 5473 germen
435 5410 699 5464 ostendit.
740 5411 1074 5482 Temporale
1119 5412 1274 5466 enim
1306 5415 1389 5466 est
1415 5401 1584 5465 omne
1623 5411 1780 5483 quod
1880 5411 2122 5465 alterum
2166 5411 2389 5481 placere
2424 5410 2670 5479 aﬁ‘ectio,
2704 5412 2841 5466 dum
2881 5416 3075 5465 manet
3105 5410 3354 5464 charitas
3386 5409 3514 5463 imis

88 5502 382 5573 ﬁngitur
412 5545 426 5570 ,
467 5508 810 5575 perpetuum
857 5506 1012 5576 quod
1049 5521 1179 5559 cum
1219 5510 1384 5560 aetate
1429 5505 1778 5559 maturescit.
1881 5505 2092 5559 inserta
2134 5504 2460 5575 visceribus,
2508 5506 2911 5577 peregrinante
2947 5519 3195 5574 persona
3239 5504 3512 5556 comitem

88 5598 244 5651 Non
292 5595 409 5651 tibi
449 5597 834 5652 sacerdotium
869 5615 990 5653 rem
1035 5599 1173 5654 doni
1216 5599 1500 5653 credimus
1530 5598 1781 5652 evenisse
1882 5613 1940 5652 se
1982 5602 2170 5652 tamen
2215 5600 2453 5654 ccelestis
2498 5600 2684 5671 gratia
2713 5596 3007 5654 desideriis
3031 5596 3258 5666 jungat,
3288 5600 3344 5650 et
3373 5596 3509 5650 dum

87 5690 214 5745 sed
241 5690 1476 5764 praemii.Aliivulgari'gratialenocinante
1496 5707 1785 5746 commen—
1883 5691 2087 5762 cupitis
2136 5692 2305 5747 datur
2353 5693 2607 5760 affectus,
2658 5695 2756 5746 aut
2796 5690 2986 5744 veniat
3031 5689 3250 5744 bonum
3278 5688 3512 5760 pontiﬁ-

85 5785 378 5853 dantur,
426 5783 530 5838 tibi
570 5785 754 5856 rigida
793 5786 943 5840 circa
973 5785 1282 5857 culpabiles
1312 5784 1588 5840 districtio
1630 5785 1786 5840 dedit
1885 5789 2039 5839 catus
2115 5789 2214 5840 aut
2276 5787 2457 5842 faciat.
2523 5790 2656 5843 Data
2714 5799 2847 5840 XVIII
2907 5783 3148 5839 Kalend.
3205 5783 3316 5854 die,
3371 5783 3516 5839 indi-

85 5879 441 5933 .atl'ectnm.
489 5878 675 5934 Manet
717 5879 786 5935 de
832 5879 1135 5950 singularis
1161 5879 1456 5953 sapientia,
1500 5894 1628 5953 quae
1656 5879 1785 5935 licet
1887 5877 2070 5933 ctione
2094 5895 2207 5936 vui.
