4062 6188
611 295 740 344 ltifiii
1496 293 1775 346 .\|’l’l‘ll\'ll.
1822 293 1906 346 Al)
1948 292 2108 345 Sgl‘IC.
2147 294 2229 345 ΙΧ.

635 423 786 430 ...οη-...ρ

2266 323 2330 329 ~
2372 292 2610 346 lSlDORl
2654 294 3011 348 MERCATOR
3040 294 3075 347 Ξ
3751 312 3842 361 ίοόιι

3661 432 3837 447 οξ.

1113 545 1683 638 INCIPIUNT
1777 546 2300 638 DECRETA
2390 547 3009 665 HOBMISDfE
3098 548 3444 640 PAPZE.

677 780 723 828 l.
755 775 1034 829 Adversus
1063 774 1304 829 Nestorii
1334 779 1390 828 et
1415 775 1728 829 Eutichetis
1754 773 2153 846 blasphemias.

672 891 725 942 2.
759 889 836 940 De
859 887 1126 957 mysterio
1146 885 1458 953 Trinitatis,
1489 886 1625 957 quid
1652 903 1929 957 personze,
1963 886 2102 957 quid
2131 886 2228 940 de-

603 981 832 1052 signent
861 980 1210 1035 substantize.

675 1097 724 1147 3.
785 1094 862 1146 De
922 1092 1213 1146 divinitate
1283 1095 1340 1145 et
1407 1092 1769 1146 humanitate
1829 1093 2048 1147 Domini
2106 1094 2234 1147 Jesu

608 1187 832 1241 Christi.

677 1288 1094 1343 Gloriosissimo
1144 1293 1315 1360 atque
1354 1288 1798 1342 clementissimo
1845 1288 1958 1343 lilio
1993 1291 2235 1356 Jt‘STINO,

607 1387 882 1453 AUGUSTO,
913 1384 1188 1438 Honursm
1225 1382 1542 1453 episcopus.

678 1502 833 1553 Inter
862 1517 924 1553 ea
947 1516 1073 1570 quae
1090 1499 1158 1552 ad
1178 1499 1461 1552 unitatem
1485 1499 1745 1552 Ecclesize
1774 1500 2083 1570 pertinent,
2106 1517 2237 1570 pro-

607 1596 730 1662 pter
750 1609 918 1663 quam
935 1594 1082 1646 Deus
1099 1591 1413 1646 clementia-3
1430 1594 1633 1645 vestrm
1647 1592 2165 1664 elegitimperium,
2181 1594 2238 1647 in

607 1687 805 1740 litteris
827 1686 1165 1753 contulistis,
1187 1686 1297 1740 hoc
1320 1701 1548 1756 quoque
1570 1686 1904 1740 venerabilis
1923 1687 2240 1758 imperator

603 1798 740 1834 cura
758 1780 911 1847 fidei,
932 1780 1023 1834 cui
1040 1779 1427 1850 multipliciter
1444 1795 1538 1833 vos
1559 1779 1786 1834 studere
1801 1780 2119 1848 declaratis,
2139 1781 2236 1834 ad-

599 1874 758 1943 jecit,
786 1876 843 1927 ut
865 1873 1189 1944 aliquorum
1211 1890 1405 1944 preces
1426 1873 1784 1944 perferendae
1807 1873 1878 1927 ad
1901 1873 2242 1928 humilitatis

607 1984 747 2022 mere
761 1967 1025 2022 notitiam
1031 1968 1138 2038 jun
1145 1972 1435 2038 gerentur;
1445 1967 1650 2038 quibus
1662 1968 1748 2020 vel
1761 1967 1899 2038 quid
1913 1967 2242 2039 quaestionis

608 2061 692 2115 ori
703 2066 1267 2131 returagnoscerem,
1287 2060 1373 2114 vel
1388 2061 1457 2114 ad
1475 2060 1926 2114 submovendum
1945 2061 2244 2131 propositae

607 2155 1035 2211 consultationis
1066 2154 1406 2224 ambiguum
1429 2170 1766 2224 responsum
1789 2171 1821 2207 a
1849 2171 1941 2208 me
1963 2155 2243 2226 religiosre

610 2248 911 2304 sententiae
941 2249 1282 2302 conveniens
1311 2247 1668 2315 redderetur,
1694 2248 1806 2318 legi
1827 2248 2021 2302 omnia
2048 2249 2245 2304 sollici-

609 2343 805 2397 tudine
836 2358 1006 2412 quam
1039 2341 1308 2406 decebat;
1351 2345 1405 2394 et
1453 2339 1583 2394 licet
1612 2341 1682 2394 ad
1710 2342 1968 2412 responsi
1998 2343 2241 2413 plenitu-

611 2436 802 2490 dinem
834 2435 1090 2489 sufficere
1119 2434 1408 2505 potuisset,
1438 2435 1484 2488 si
1509 2433 1605 2488 illa
1635 2438 1858 2489 tantum
1890 2453 2018 2506 quae
2045 2436 2115 2490 ab
2142 2453 2240 2490 au-

607 2530 858 2585 ctoribus
885 2533 1018 2583 sunt
1048 2527 1280 2582 definita
1306 2528 1743 2598 subscriberem,
1770 2533 1986 2595 tamen,
2022 2535 2081 2584 ut
2109 2530 2239 2584 reli-

612 2624 750 2695 giosi
795 2623 1070 2694 propositi
1121 2622 1289 2676 vestri
1337 2638 1766 2676 remunerarem
1812 2623 2097 2692 affectum,
2126 2640 2242 2678 non

609 2717 1062 2772 subtrahendum
1107 2715 1318 2770 credidi
1358 2715 1499 2770 mihi
1525 2731 1753 2786 quoque
1781 2717 2062 2770 sermonis
2088 2717 2244 2772 obse-

613 2827 810 2881 quium
821 2852 832 2863 .

683 2934 810 2986 CAP.
843 2932 879 2983 I.
911 2930 1053 2993 Quid
1089 2930 1243 2984 enim
1271 2936 1354 2984 est
1380 2930 1531 3000 quod
1553 2929 1980 3001 emergentibus
2008 2932 2245 2987 Nestorii

612 3030 669 3079 et
688 3025 993 3079 Eutichetis
1015 3025 1247 3079 venenis
1267 3027 1508 3094 paterna
1524 3024 1715 3079 omisit
1729 3025 2025 3080 instructio
2042 3026 2068 3080 ‘?
2094 3029 2244 3082 Pene

613 3136 812 3173 omnes
831 3119 1155 3189 impietates
1174 3135 1304 3173 cum
1322 3118 1709 3173 inventoribus
1727 3122 1846 3173 tam
1865 3120 2245 3176 nefandorum

613 3214 946 3284 dogmatqu
987 3211 1383 3267 convenientia
1412 3211 1472 3266 in
1503 3228 1683 3266 unum
1718 3213 1985 3283 synodica
2017 3215 2245 3270 decreta

613 3311 954 3377 presserunt,
990 3322 1092 3360 nec
1119 3307 1362 3361 ulterius
1415 3307 1688 3360 remansit
1728 3307 1885 3362 locus
1935 3308 2082 3362 ullus
2126 3312 2244 3364 tam

612 3401 748 3455 diris
792 3401 1044 3470 perﬁdiae
1091 3399 1403 3455 seminibus
1441 3400 1766 3471 amputatis,
1814 3407 1913 3456 aut
1955 3401 2244 3457 Christum

616 3495 913 3548 Dominum
970 3494 1200 3549 credere
1250 3494 1373 3548 sine
1420 3495 1604 3548 carnis
1637 3495 1807 3548 fuisse
1846 3495 2101 3563 veritate,
2148 3501 2246 3552 aut

614 3589 882 3642 eumdem
911 3603 1028 3642 non
1056 3593 1113 3642 et
1136 3590 1312 3642 Deum
1338 3591 1395 3641 et
1421 3587 1714 3642 hominem
1737 3588 1804 3642 de
1828 3589 2075 3643 materni
2097 3590 2247 3645 uteri

619 3684 959 3736 intemerata
1001 3682 1348 3737 fecunditate
1389 3681 1684 3753 prodiisse,
1719 3699 1849 3737 cum
1875 3683 2019 3738 alter
2045 3700 2246 3740 eorum

616 3775 1117 3846 dispensationem,
1137 3792 1250 3846 qua
1266 3776 1466 3830 salvati
1483 3792 1675 3830 sumus
1693 3777 1954 3847 negando
1969 3783 2245 3848 quantum

613 3871 668 3924 in
712 3870 834 3940 ipso
879 3874 961 3923 est
990 3869 1205 3924 irritam
1235 3869 1463 3937 faceret,
1498 3870 1643 3924 alter
1674 3869 1941 3940 opinione
1968 3873 2248 3927 contraria

614 3964 710 4017 sed
750 3962 1048 4033 impietate
1094 3963 1376 4017 consimili
1420 3963 1480 4016 in
1528 3963 1730 4018 eodem
1777 3964 2018 4019 Domino
2052 3969 2244 4021 nostro

613 4060 742 4111 .lesu
782 4057 1003 4111 Christo
1033 4060 1374 4128 potestatem
1407 4057 1658 4112 divinam
1681 4073 1712 4110 a
1734 4074 1869 4112 vera
1893 4059 2247 4115 humanitate

615 4150 968 4215 secluderet;
1021 4167 1206 4221 neque
1237 4151 1331 4205 ille
1357 4151 1706 4217 recordatus,
1738 4151 1868 4220 quia
1897 4152 2247 4222 palpandam

615 4259 845 4298 carnem
887 4259 1046 4296 suam
1093 4243 1343 4297 Christus
1369 4243 1698 4313 ostenderit,
1730 4260 1918 4314 neque
1943 4245 2036 4299 ille
2063 4248 2246 4302 Evan-

617 4335 747 4406 gelii
787 4352 1006 4390 memor
1044 4336 1283 4390 verbum
1338 4353 1570 4390 carnem
1595 4338 1808 4391 factum
1841 4355 1959 4392 esse
1989 4339 2244 4408 dicentis,

615 4430 705 4484 cui
723 4447 830 4485 vox
861 4429 1084 4484 Domini
1104 4430 1492 4486 indeﬁcienter
1513 4431 1773 4486 insonare
1797 4431 2085 4499 debuerat,
2111 4435 2247 4505 quia

616 4525 754 4579 dixit
784 4529 841 4579 et
869 4524 1057 4579 docuit
1081 4541 1093 4579 :
1117 4547 1144 4573 «
1177 4525 1352 4578 Nemo
1381 4525 1636 4581 ascendit
1671 4526 1729 4580 in
1751 4527 1979 4594 coelum,
2015 4527 2124 4582 nisi
2146 4529 2244 4599 qui

614 4620 681 4673 de
732 4620 870 4673 coelo
921 4618 1236 4687 descendit,
1285 4619 1431 4673 ﬁlius
1475 4619 1724 4674 hominis
1768 4621 1868 4692 qui
1899 4625 1984 4675 est
2021 4623 2080 4676 in
2108 4623 2246 4678 coelo

615 4715 785 4781 (Joan.
820 4729 900 4780 ιιι,
937 4713 1042 4783 13).
1077 4735 1103 4761 ››
1140 4715 1300 4784 Saepe
1339 4713 1463 4768 haec
1502 4717 1560 4768 et
1585 4713 1784 4768 multis
1815 4715 2245 4785 precedentium

613 4811 745 4860 sunt
775 4806 1182 4876 comprehensa
1205 4807 1522 4862 sententiis.
1559 4807 1669 4862 Sed
1695 4824 1802 4862 nec
1823 4809 2125 4864 clementia
2152 4826 2244 4862 ve-

615 4903 746 4967 stra,
765 4899 897 4954 licet
908 4900 1032 4971 jam
1052 4899 1201 4954 dicta
1222 4899 1354 4968 sint,
1375 4901 1668 4956 fastidiose
1681 4902 1890 4973 poterit
1904 4903 2144 4975 repetita
2159 4920 2248 4958 co-

615 5009 908 5062 gnoscere,
942 5010 1046 5048 nee
1074 4994 1236 5049 nobis
1264 4996 1448 5064 pudor
1479 5012 1544 5051 ea
1564 5013 1691 5067 quae
1717 5001 1847 5059 sunt
1874 5014 1906 5051 a
1928 4997 2243 5067 praedeces-

615 5086 836 5141 soribus
895 5087 1098 5141 nostris
1155 5088 1464 5158 praedicata
1510 5089 1819 5145 revolvere.
1854 5091 2048 5162 Neque
2089 5091 2245 5146 enim

617 5181 882 5252 possibile
918 5186 1020 5248 est,
1067 5185 1126 5235 ut
1155 5181 1226 5236 sit
1266 5182 1560 5238 diversitas
1586 5185 2002 5255 przedicationis
2043 5185 2135 5239 ubi
2162 5190 2247 5240 est

613 5292 725 5330 una
745 5277 928 5329 forma
956 5275 1203 5330 veritatis
1229 5292 1240 5342 ;
1290 5292 1392 5331 nec
1425 5276 1495 5332 ab
1526 5294 1584 5332 re
1605 5277 1961 5349 judicabitur
1992 5278 2246 5334 alienum

609 5369 654 5422 si
680 5385 811 5423 cum
837 5369 924 5422 his
949 5384 1078 5423 cum
1100 5368 1305 5439 quibus
1331 5371 1697 5426 convenimus
1719 5372 1828 5426 ﬁde
1856 5387 2246 5440 congruamus

545 5456 549 5460 ’
612 5466 667 5515 et
699 5463 986 5534 dogmate.
1019 5463 1403 5519 Revolvantur
1429 5465 1538 5536 piis
1566 5465 2023 5520 mansuetudinis
2049 5471 2247 5520 vestrae

609 5555 839 5610 auribus
860 5556 1083 5611 decreta
1103 5558 1394 5628 synodica.
1417 5562 1484 5614 Et
1506 5560 1684 5614 beatae
1707 5575 1866 5629 papae
1887 5558 2086 5612 Leonis
2105 5574 2242 5613 cou-

609 5650 895 5705 venientia
911 5667 1085 5705 sacrze
1115 5651 1249 5706 ﬁdei
1278 5653 1600 5708 constituta.
1624 5653 1839 5708 Eadem
1865 5652 2164 5707 invenietis
2187 5654 2245 5709 in

613 5743 719 5796 illis
745 5759 873 5813 quze
899 5746 1310 5800 recensueretis
1339 5746 1398 5800 in
1429 5747 1655 5801 nostris.
1683 5746 1824 5811 Quid
1856 5763 1992 5818 ergo
2015 5749 2097 5802 est
2119 5751 2245 5817 post

610 5835 768 5887 illum
797 5835 1012 5888 fontem
1045 5837 1294 5891 fidelium
1321 5840 1732 5894 statuendum?
1759 5841 1902 5904 Quid
1932 5841 2174 5913 amplius
2197 5841 2239 5895 si

2252 784 2311 858 Α
2333 775 2529 827 tamen
2554 774 2688 828 ﬁdei
2715 775 2998 830 terminos
3030 779 3232 845 servat,
3256 775 3482 848 quilibet
3504 778 3716 833 curiosus
3736 797 3842 835 scru-

2336 870 2486 921 tator
2506 868 2778 938 inquirat.
2803 867 2996 941 258
3019 871 3136 924 Non
3155 885 3296 942 opus
3305 870 3594 941 adjectione
3607 873 3765 942 plebis,
3782 881 3843 928 aut

2335 961 2702 1015 instructione
2725 962 3009 1033 perfectis,
3022 963 3130 1017 nisi
3150 963 3292 1018 forte
3310 965 3516 1019 mavult
3527 965 3773 1038 quisquam
3783 968 3845 1021 du-

2336 1055 2514 1109 bitare
2547 1072 2718 1126 quam
2749 1056 3003 1127 credere,
3037 1061 3252 1112 certare
3275 1074 3446 1128 quam
3471 1074 3633 1128 nosse,
3651 1061 3770 1132 sequi
3783 1061 3845 1114 du-

2337 1149 2427 1203 hia
2454 1166 2627 1220 quam
2667 1166 2892 1206 servare
2924 1150 3168 1206 decreta.

2413 1244 2477 1296 ll.
2508 1243 2646 1296 Nam
2670 1243 2714 1296 si
2742 1243 2986 1298 Trinitas
3007 1245 3178 1310 Deus,
3203 1244 3310 1298 hoc
3336 1250 3438 1313 est,
3467 1246 3629 1311 Pater,
3654 1250 3700 1298 et
3721 1246 3844 1308 Filius,

2341 1341 2397 1390 et
2427 1336 2668 1407 Spiritus
2697 1340 2941 1392 sanctus.
2974 1338 3117 1392 Deus
3145 1342 3339 1392 autem
3363 1354 3506 1392 unus
3531 1339 3780 1409 specialiter
3796 1340 3845 1392 1e-

2341 1430 2608 1500 gislatore
2631 1430 2855 1485 dicente
2881 1447 2894 1485 :
2918 1431 3130 1500 «Audi,
3160 1431 3347 1499 Israel,
3371 1431 3624 1485 Dominus
3640 1433 3753 1485 Deus
3767 1435 3849 1486 tuus

2343 1539 2486 1578 unus
2532 1529 2618 1578 est
2661 1523 2834 1593 (Deut.
2893 1541 2968 1591 vr,
3025 1525 3097 1595 3),
3127 1545 3154 1573 ››
3195 1525 3294 1597 qui
3325 1525 3484 1579 aliter
3510 1524 3672 1590 habet,
3697 1541 3850 1579 necesse

2343 1621 2447 1684 est,
2477 1621 2576 1671 aut
2601 1617 2960 1672 divinitatem
2983 1617 3043 1672 in
3061 1619 3244 1673 multa
3269 1619 3498 1688 dividat,
3523 1623 3608 1673 aut
3629 1617 3850 1689 specialiter

2341 1711 2662 1782 passionem
2696 1711 2804 1781 ipsi
2833 1712 3094 1766 essentia:
3118 1712 3688 1784 Trinitatisimpingat,
3705 1711 3851 1782 etquod

2344 1800 2488 1855 absit
2526 1818 2558 1854 a
2587 1799 2848 1855 ﬁdelium
2879 1800 3188 1870 mentibus,
3221 1801 3328 1855 hoc
3359 1806 3461 1869 est,
3490 1807 3579 1855 aut
3601 1801 3746 1871 plures
3767 1801 3851 1854 deos

2343 1914 2504 1953 more
2542 1899 2788 1969 profanae
2815 1899 3154 1968 gentilitatis
3183 1899 3470 1966 inducere,
3508 1901 3596 1953 aut
3627 1899 3852 1952 sensibilem

2345 2009 2570 2063 pcenam
2616 1993 2690 2047 ad
2725 2009 2855 2048 eam
2905 1998 3169 2048 naturam
3213 2009 3345 2064 qua:
3386 1993 3563 2048 aliena
3591 1991 3850 2047 estabomni

2343 2087 2603 2158 passione
2646 2088 2971 2142 transferre.
3008 2088 3193 2141 Unum
3236 2091 3324 2141 est
3347 2092 3533 2141 sancta
3556 2086 3764 2152 Trinitas,
3781 2100 3852 2138 non

2263 2156 2320 2228 B
2345 2181 2756 2251 multiplicatur
2797 2197 3062 2248 numero,
3109 2197 3215 2235 nec
3263 2181 3465 2236 crescit
3507 2181 3772 2251 augmento,
3792 2193 3856 2231 nec

2345 2278 2528 2346 potest
2559 2280 2659 2329 aut
2688 2274 3072 2345 intelligentia
3100 2275 3532 2347 comprehendi,
3558 2279 3642 2328 aut
3661 2273 3741 2327 hoc
3759 2271 3856 2342 quod

2345 2370 2494 2423 Deus
2537 2373 2622 2422 est
2664 2368 3005 2423 discretione
3036 2368 3280 2440 sejungi.
3319 2369 3454 2434 Quis
3484 2384 3608 2438 ergo
3636 2367 3699 2421 illi
3717 2368 3856 2420 secreto

2344 2470 2571 2517 aeterna:
2604 2462 3168 2534 impenetrabilisque
3216 2462 3563 2531 substantiae,
3591 2461 3713 2532 quod
3736 2473 3856 2528 neque

2345 2557 2460 2610 ulla
2499 2555 2802 2610 visibilium
2845 2557 2932 2611 vel
2982 2556 3359 2611 invisibilium
3387 2559 3724 2611 creaturarum
3743 2551 3863 2623 potuit

2345 2651 2688 2721 investigare
2733 2655 2938 2705 natura
2981 2650 3284 2720 profanam
3315 2651 3633 2706 divisionem
3656 2649 3790 2702 tentet
3807 2644 3863 2697 in-

2345 2760 2561 2815 gerere,
2590 2748 2646 2798 et
2668 2743 2842 2798 divini
2871 2744 3064 2798 arcani
3090 2745 3435 2816 mysterium
3470 2758 3703 2798 revocare
3725 2739 3777 2793 ad
3793 2739 3864 2791 cal-

2345 2839 2539 2892 culum
2559 2837 2736 2892 moris
2755 2837 3039 2892 humani?
3056 2839 3384 2893 Adoramus
3410 2840 3634 2906 Patrem,
3653 2840 3699 2889 et
3712 2833 3865 2893 Filium,

2346 2935 2401 2986 et
2431 2931 2702 3002 Spiritum
2728 2935 3004 2998 sanctum,
3037 2931 3433 2987 indistinctam
3463 2931 3708 2992 distincte,
3729 2928 3867 2980 incom-

2346 3024 2794 3096 prehensibilem
2835 3028 2892 3079 et
2926 3024 3376 3080 inenarrabilem
3400 3024 3729 3080 substantiam
3747 3019 3869 3074 Trini-

2347 3119 2495 3188 tatis,
2518 3118 2616 3172 ubi
2642 3122 2699 3172 et
2726 3118 2772 3172 si
2803 3117 3056 3173 admittit
3080 3135 3398 3174 numerum
3417 3119 3555 3174 ratio
3574 3128 3867 3189 personamm.

2344 3211 2532 3267 unitas
2576 3217 2770 3266 tamen
2820 3228 2938 3266 non
2961 3212 3219 3267 admittit
3247 3213 3511 3269 essentia:
3536 3209 3867 3283 separationem.

2345 3307 2425 3359 Ita
2453 3311 2643 3360 tamen
2672 3310 2733 3360 ut
2762 3322 3048 3362 servemus
3074 3305 3281 3361 divinas
3338 3307 3566 3379 propria
3592 3309 3780 3371 natura,
3801 3314 3871 3352 ser-

2347 3415 2541 3453 vemus
2572 3399 2803 3470 propria
2830 3399 3136 3471 unicuique
3166 3417 3438 3471 personae
3468 3418 3480 3454 :
3512 3404 3681 3454 utnec
3701 3392 3873 3468 personis

2347 3493 2658 3548 divinitatis
2685 3493 3048 3564 singularitas
3074 3494 3420 3565 denegetur,
3451 3511 3552 3549 nec
3575 3493 3636 3547 ad
3662 3487 3872 3547 essentiam

2349 3588 2456 3641 hoc
2484 3587 2634 3658 quod
2663 3589 2749 3640 est
2777 3587 3076 3658 prOprium
3103 3588 3416 3644 nominum
3443 3587 3781 3643 transferatur.
3804 3581 3872 3634 Ma-

2350 3697 2526 3752 gnum
2577 3684 2664 3734 est
2701 3683 2910 3734 sanctae
2954 3685 3012 3735 et
3041 3681 3611 3753 incomprehensibile
3635 3674 3874 3750 mysterium

2345 3774 2650 3829 Trinitatis.
2709 3775 2857 3829 Deus
2908 3776 3093 3842 Pater,
3141 3775 3294 3830 Deus
3340 3777 3530 3842 Filius,
3569 3777 3694 3830 Deus
3715 3767 3878 3840 Spiritus

2349 3873 2596 3936 sanctus,
2624 3867 2864 3923 Trinitas
2885 3868 3147 3924 indivisa.
3175 3870 3244 3923 Et
3268 3873 3470 3925 tamen
3496 3872 3678 3925 notum
3699 3867 3775 3926 est,
3791 3858 3878 3930 quia

2348 3962 2642 4033 proprium
2673 3966 2758 4017 est
2782 3962 2960 4016 Patris
2987 3966 3052 4016 ut
3079 3969 3391 4033 generaret
3424 3964 3635 4029 Filium,
3670 3955 3877 4031 proprium

2347 4055 2466 4111 Filii
2501 4056 2618 4122 Dei,
2648 4060 2713 4110 ut
2747 4072 2812 4111 ex
2833 4057 2993 4112 Patre
3019 4057 3171 4111 Patri
3199 4062 3531 4114 nasceretur
3553 4052 3762 4128 aequalia
3787 4060 3874 4119 Pm'

2346 4151 2534 4220 prium
2561 4149 2800 4220 Spiritus
2824 4150 3024 4220 sancti,
3044 4154 3109 4205 ut
3135 4151 3205 4205 de
3225 4153 3395 4207 Patre
3414 4155 3471 4208 et
3493 4152 3618 4206 Filio
3639 4142 3879 4220 procederet

2348 4244 2450 4298 sub
2476 4260 2590 4298 una
2617 4244 2929 4299 substantia
2947 4243 3192 4299 deitatis.

2421 4339 2508 4394 llI.
2561 4337 2858 4408 Proprium
2905 4354 3133 4409 quoque
3163 4338 3291 4393 Filii
3324 4341 3447 4407 Dei,
3476 4347 3536 4394 ut
3559 4340 3699 4409 juxta
3723 4333 3765 4387 id
3783 4324 3879 4399 ςυυδ

2347 4432 2624 4502 scriptum
2649 4433 2752 4498 est,
2775 4432 2834 4485 in
2860 4432 3180 4486 novissimis
3203 4433 3560 4505 temporibus
3584 4429 3782 4487 Verbum
3799 4433 3881 4474 eam

2345 4523 2524 4592 ﬁeret,
2552 4529 2609 4579 et
2638 4524 2916 4580 habitaret
2942 4525 3002 4579 in
3029 4526 3215 4594 nobis,
3256 4527 3341 4582 ita
3369 4529 3521 4582 intra
3539 4527 3724 4580 viscera
3745 4517 3879 4572 saltm“

2346 4619 2530 4673 Mariae
2564 4619 2801 4690 virginis
2839 4619 3130 4690 genitricis
3173 4621 3272 4675 Dei
3318 4621 3496 4677 unitis
3536 4619 3784 4686 utriusque
3805 4607 3878 4660 Si“?

2344 4711 2535 4783 aliqua
2562 4712 2893 4767 confusione
2920 4713 3162 4782 naturis,
3192 4719 3256 4768 ut
3281 4716 3384 4786 qui
3415 4719 3546 4769 ante
3577 4717 3790 4780 tempora
3806 4701 3879 4754 erat

2349 4805 2515 4859 Filius
2534 4805 2649 4872 Dei,
2668 4806 2829 4862 fieret
2849 4806 2999 4861 filius
3018 4807 3285 4877 hominis,
3311 4811 3372 4863 et
3391 4809 3704 4864 nasceretur
3725 4802 3771 4855 in
3791 4801 3878 4850 tem-

2266 4907 2325 4980 D
2348 4916 2507 4971 pore,
2541 4899 2790 4954 hominis
2821 4900 3020 4955 matris
3048 4900 3271 4956 vulvam
3303 4919 3427 4957 non
3455 4901 3714 4974 aperiens,
3751 4887 3878 4983 et

2347 4994 2640 5065 ginitatem
2693 4993 2884 5048 matris
2920 4993 3144 5050 deitatis
3185 4995 3396 5051 virtute
3441 5011 3558 5051 non
3598 4993 3791 5047 solvens.
3826 4979 3878 5032 Dl-

2347 5104 2526 5159 gnum
2549 5088 2715 5158 plane
2731 5088 2842 5142 Deo
2861 5091 3129 5144 nascente
3145 5090 3504 5161 mysterium,
3518 5092 3580 5143 ut
3595 5083 3793 5141 servaret
3802 5087 3878 5145 ρετ·

2347 5185 2466 5236 tum
2499 5181 2619 5236 sine
2644 5181 3031 5253 corruptione,
3062 5184 3162 5254 qui
3187 5189 3536 5255 conceptum
3559 5179 3678 5237 fecit
3692 5188 3783 5232 esse
3805 5167 3878 5221 sine

2345 5275 2563 5330 semine
2600 5291 2834 5330 servans
2856 5276 3009 5347 quod
3035 5293 3104 5332 ex
3133 5279 3298 5332 Patre
3327 5283 3454 5333 erat
3480 5282 3536 5332 et
3562 5266 3878 5356 repraesentatis

2349 5369 2500 5440 quod
2526 5385 2594 5424 ex
2617 5372 2797 5423 matre
2826 5369 3094 5441 suscepit.
3123 5370 3262 5425 Nam
3287 5371 3493 5442 jacens
3511 5371 3567 5425 in
3595 5359 3876 5440 prresepio‘l‘

2347 5464 2583 5519 debetur
2607 5464 2666 5517 in
2692 5463 2832 5518 coelo
2854 5482 2870 5532 ;
2906 5464 3172 5519 involutis
3191 5465 3404 5537 pannis
3425 5465 3678 5520 adoretur
3695 5475 3721 5511 a
3740 5447 3877 5516 magis.

2345 5557 2493 5612 inter
2517 5557 2791 5616 animalia
2825 5557 3011 5612 editus
3055 5558 3124 5613 ab
3164 5559 3388 5630 angelis
3416 5557 3712 5618 nuntiatur,
3739 5541 3878 5638 viriu-

2348 5667 2567 5722 gressus
2617 5651 2915 5706 infantiam
2961 5653 3303 5708 annuntians
3333 5652 3629 5724 mysticam
3656 5647 3753 5700 sine
3777 5640 3882 5729 insti-

2346 5747 2539 5799 tuente
2569 5744 2923 5813 doctrinam;
2959 5747 3108 5802 inter
3137 5747 3475 5802 rudimenta
3489 5753 3736 5800 annorum
3756 5741 3883 5803 Pw"

2345 5839 2481 5893 lium
2529 5838 2700 5893 edens
2741 5839 3050 5895 caelestium
3093 5841 3253 5912 signa
3299 5841 3595 5896 virtutum.
3626 5835 3750 5892 Idem
3773 5823 3879 5877 enim
