4062 6188
596 288 726 343 1039

1482 283 1767 339 ΑΡΡΕΝΙ).
1810 284 1896 338 AD
1934 282 2097 338 Si‘EC.
2140 283 2227 337 IX.
2258 310 2324 320 ——
2365 282 2603 338 lSlDORl
2643 281 3069 339 MERCATORlS

3745 298 3838 349 1M0

584 396 757 451 frater
792 394 1139 459 charissime,
1170 408 1272 464 per
1307 394 1547 447 Gratum
1595 390 1992 447 charissimum
2039 390 2219 445 comi-
2244 400 2302 473 Α
2325 392 2522 447 stolica
2537 393 2695 447 sedes
2712 391 2989 464 praedicat
3004 407 3096 446 me
3118 392 3385 460 futurum,
3402 394 3456 447 in
3472 410 3574 464 qua
3590 401 3659 450 est
3674 399 3839 470 integra

588 494 722 557 tem,
754 490 809 543 et
834 503 985 541 nunc
1015 502 1120 558 per
1147 486 1494 541 Germanum
1537 491 1593 539 et
1633 487 1917 540 Joannem
1960 500 2218 539 reveren-

586 582 850 637 dissimos
870 580 1162 652 episcopos
1189 584 1243 634 et
1269 580 1511 634 Felicem
1540 583 1596 634 et
1633 579 1960 634 Dioscorum
1990 578 2224 633 sanctis-

586 677 763 731 simos
806 675 1091 741 diaconos,
1135 680 1191 729 et
1238 674 1514 729 Blandum
1560 673 1956 745 presbyterum
2002 673 2222 727 laetatus

587 787 714 825 sum
765 770 834 825 de
878 768 1107 841 speciali
1146 769 1438 823 charitatis
1480 773 1679 823 vestrae
1731 767 2025 822 sanctitate
2067 765 2222 838 quod

588 864 870 920 unitatem
890 863 1380 919 sanctissimarum
1398 862 1500 917 Dei
1517 861 1891 916 Ecclesiarum
1912 861 2222 916 secundum

589 961 848 1015 veterum
859 960 1096 1013 Patrum
1106 956 1351 1029 requiris
1368 956 1816 1026 traditionem,et
1833 955 2221 1009 dilaceratores

590 1051 938 1107 rationabilis
975 1052 1169 1123 gregis
1210 1049 1416 1107 Christi
1449 1066 1647 1104 amore
1691 1050 1920 1121 pulsare
1963 1048 2218 1104 festinas.

590 1147 787 1202 Certus
816 1146 993 1217 igitur
1022 1145 1160 1199 scito
1199 1161 1301 1216 per
1326 1143 1541 1214 omnia,
1569 1143 1937 1211 sanctissime,
1969 1142 2102 1213 quia
2131 1158 2219 1196 sc-

592 1240 842 1294 cundum
871 1239 1029 1311 quod
1046 1238 1205 1293 vobis
1235 1238 1435 1309 scripsi
1461 1243 1653 1293 tecum
1680 1254 1810 1292 cum
1839 1236 2078 1292 veritate
2100 1253 2223 1291 sen-

590 1334 735 1389 tiens
760 1349 958 1389 omnes
988 1350 1021 1388 a
1048 1336 1103 1389 te
1133 1332 1465 1403 repudiatos
1493 1332 1789 1388 hmreticos
1813 1347 2011 1399 renuo,
2034 1334 2091 1385 et
2113 1347 2220 1402 ego

596 1443 793 1498 pacem
835 1426 1079 1497 diligens
1124 1424 1505 1481 sanctissimas
1551 1426 1647 1481 Dei
1695 1424 1986 1491 Ecclesias,
2014 1424 2070 1479 id
2116 1428 2219 1491 est,

593 1520 903 1593 superioris
929 1525 1126 1575 vestras
1154 1524 1211 1575 et
1234 1520 1474 1575 novellae
1495 1519 1660 1573 istius
1690 1520 1883 1574 Romae
1904 1534 2080 1573 unam
2101 1534 2221 1573 esse

591 1615 803 1687 accipio
827 1615 985 1669 illam
1012 1614 1207 1670 sedem
1234 1613 1477 1685 apostoli
1504 1612 1651 1668 Petri
1683 1616 1742 1667 et
1766 1612 1925 1666 istius
1961 1614 2222 1682 augustae

590 1710 834 1764 civitatis
859 1725 1033 1763 unam
1065 1723 1186 1763 esse
1215 1707 1444 1763 definio.
1475 1706 1751 1761 Omnibus
1776 1706 1914 1761 actis
1940 1722 1973 1759 a
1992 1705 2222 1759 sanctis-

2324 487 2545 541 dcvotio
2572 485 2907 541 Christiana
2950 485 3243 556 religionis
3286 491 3340 541 et
3373 488 3600 558 perfecta
3638 491 3837 557 soliditas,

2323 581 2671 652 promittens
2691 580 2749 633 in
2779 579 3036 651 sequenti
3069 584 3320 651 tempore
3348 584 3840 651 sequestratosacom-

2325 676 2598 730 munione
2648 674 2908 730 Ecclesiae
2951 673 3241 728 catholica:
3273 674 3327 728 id
3358 677 3439 729 est
3460 674 3514 729 in
3536 675 3751 732 omnibus
3768 696 3837 734 nos

2323 768 2747 824 consentientes
2766 767 2886 823 sedi
2904 767 3222 839 apostolica:
3245 783 3436 822 earum
3455 784 3642 823 nomen
3658 771 3771 825 inter
3784 790 3837 826 sa-

2323 879 2419 918 cra
2437 879 2555 917 non
2576 862 2929 917 recitandum
2954 877 3074 915 esse
3102 862 3389 933 mysteria.
3416 860 3567 925 Quod
3590 862 3630 917 si
3645 863 3835 936 inaliqna

2322 956 2669 1029 professione
2709 972 2842 1010 mea
2894 955 3121 1010 deviare
3163 960 3468 1023 tentavero,
3493 955 3574 1010 his
3611 972 3722 1027 quos
3753 975 3837 1012 con-

2322 1051 2584 1107 demnavi
2610 1054 2668 1104 et
2705 1066 2809 1121 per
2832 1050 3369 1104 condemnationem
3399 1050 3657 1120 propriam
3676 1066 3835 1105 consor-

2321 1148 2438 1200 tem
2470 1143 2667 1217 259
2691 1160 2784 1199 me
2811 1160 2935 1199 esse
2958 1142 3250 1215 proﬁteor.
3285 1142 3419 1197 Huic
3442 1159 3565 1197 vero
3587 1144 3836 1214 professioni

2323 1237 2629 1310 subscripsi
2660 1255 2839 1293 manu
2867 1253 2993 1292 mea
3017 1242 3074 1292 et
3098 1236 3278 1292 direxi
3308 1252 3408 1307 per
3433 1238 3621 1307 scripta
3648 1237 3730 1292 tibi
3748 1239 3836 1292 Hor-

2323 1333 2520 1387 misdaa
2556 1335 2747 1387 sancto
2792 1335 2848 1386 et
2876 1330 3205 1386 beatissimo
3248 1330 3404 1384 fratri
3435 1334 3488 1384 et
3513 1346 3653 1402 papae
3682 1347 3837 1402 magna

2321 1427 2517 1481 Romae
2555 1442 2661 1496 per
2689 1424 3043 1496 supradictos
3084 1424 3427 1479 Germanum
3460 1427 3513 1478 et
3541 1424 3762 1478 Joannem
3779 1440 3837 1476 ve-

2320 1519 2602 1575 nerabiles
2626 1518 2943 1590 episcopos,
2965 1518 3205 1572 Felicem
3230 1520 3289 1570 et
3304 1516 3614 1571 Dioscorum
3631 1516 3838 1581 diaconos,

2322 1617 2380 1667 et
2410 1613 2686 1667 Blandum
2724 1611 3146 1683 presbyterum.
3179 1612 3246 1664 Et
3286 1610 3394 1664 alia
3430 1625 3593 1663 manu
3617 1625 3629 1663 :
3650 1610 3837 1669 Joannes,

2322 1706 2709 1762 misericordia
2737 1705 2841 1760 Dei
2866 1704 3165 1776 episcopus
3188 1703 3759 1774 Constantinopolitano
3778 1720 3840 1756 no

3961 500 3963 591 l

592 1803 747 1857 simis
798 1807 1043 1874 quatuor
1098 1801 1349 1874 synodis,
1396 1800 1458 1855 id
1501 1805 1603 1865 est,
1650 1800 1895 1869 Nicaena,
1938 1800 2218 1854 Constan-
2242 1768 2297 1840 B
2321 1801 2483 1856 vellae
2513 1801 2710 1855 Romae
2742 1798 2877 1853 huic
2901 1814 2996 1853 me
3017 1796 3360 1869 professioni
3388 1795 3703 1851 consentiens
3721 1796 3840 1849 omni-

589 1896 826 1968 tinopoli
854 1902 911 1951 et
936 1895 1139 1968 Ephesi
1169 1900 1225 1951 et
1255 1894 1656 1961 Chalcedonos,
1684 1894 1753 1947 de
1781 1892 2220 1947 conﬁrmatione
2318 1894 2424 1948 bus
2456 1892 2790 1964 supradictis
2836 1890 3144 1961 subscripsi
3191 1906 3365 1945 sanus
3414 1890 3471 1944 in
3523 1889 3738 1944 Domino.
3769 1888 3840 1942 Ora

580 1990 722 2051 ﬁdei
751 1990 1005 2044 instituta
1050 2006 1172 2043 esse
1204 1987 1469 2043 Ecclesiae
1507 1987 1769 2053 assentio,
1799 1990 1857 2041 et
1898 1985 2040 2040 nihil
2082 1985 2217 2040 titu-
2320 2003 2423 2059 pro
2467 1986 2652 2055 nobis,
2700 1985 3053 2041 sanctissime
3097 1988 3155 2040 et
3196 1983 3514 2039 beatissime
3551 1983 3710 2037 frater.
3748 1981 3840 2035 Data

589 2085 722 2139 bare
750 2084 820 2139 de
850 2084 994 2138 bene
1035 2082 1303 2154 judicatis
1344 2082 1551 2153 patior.
1595 2082 1701 2137 Sed
1734 2084 1791 2137 et
1818 2085 2094 2135 conantes
2124 2083 2223 2134 aut
2321 2097 2521 2135 mense
2566 2080 2784 2149 Martio,
2813 2080 2904 2135 die
2946 2094 3137 2144 xxvm,
3168 2078 3475 2133 indictione
3516 2093 3585 2144 ιι,
3609 2074 3840 2131 consulibus

592 2178 745 2232 nisos
761 2192 943 2247 usque
970 2176 1043 2230 ad
1058 2192 1240 2230 unum
1268 2175 1490 2247 apicem
1520 2174 1853 2247 placitorum
1881 2173 2220 2245 perturbare
2320 2174 2561 2231 Domino
2591 2173 2813 2229 Justino
2855 2172 3201 2244 imperatore
3232 2174 3484 2243 Augusto
3522 2174 3574 2225 et
3610 2167 3841 2224 Heradion

588 2272 774 2342 lapsos
804 2286 923 2325 esse
955 2286 989 2325 a
1026 2274 1223 2324 sancta
1266 2269 1370 2324 Dei
1401 2269 1647 2339 generali
1679 2272 1737 2323 et
1773 2267 2079 2339 apostolica
2117 2270 2218 2323 Ec-
2321 2286 2401 2324 cc.
2431 2284 2547 2323 aera
2571 2283 2658 2324 DC.

589 2365 756 2419 clesia
782 2364 917 2433 scio,
947 2368 1004 2418 et
1028 2364 1141 2419 tuis
1160 2363 1349 2417 verbis
1375 2369 1529 2418 recte
1555 2362 1717 2417 dictis
1739 2362 2032 2417 evidenter
2050 2366 2220 2416 utens
2320 2386 2566 2456 ΕΡίειοια
2632 2383 2932 2441 Hamis“
2987 2397 3147 2456 papae
3198 2382 3273 2436 ad
3323 2384 3567 2456 Joannem
3628 2383 3842 2456 W

592 2474 692 2530 per
716 2458 1025 2529 praesentia
1052 2456 1261 2529 scripta
1285 2457 1407 2512 haec
1435 2457 1581 2524 dico,
1606 2456 1740 2527 quia
1759 2457 1944 2528 prima
1970 2456 2118 2510 salus
2139 2460 2223 2510 est
2362 2453 2660 2511 'Militanaa
2700 2456 2949 2530 Ecclesiae
2989 2454 3055 2509 de
3091 2456 3459 2509 communione
3503 2453 3841 2520 Constantinopo-

588 2528 742 2608 recte
770 2552 907 2607 ﬁdei
947 2552 1207 2622 regulam
1258 2551 1561 2621 custodire,
1597 2556 1654 2606 et
1684 2568 1717 2605 a
1762 2552 1993 2605 Patrum
2043 2549 2219 2605 tradi-
2394 2530 2579 2584 ἶίταηκ
2602 2528 2866 2584 Εεοιθείκι
3270 2570 3277 2583 ι

590 2647 744 2702 tione
772 2646 1097 2701 nullatenus
1137 2645 1392 2711 deviare;
1427 2645 1558 2717 quia
1606 2660 1721 2699 non
1768 2648 1951 2715 potest
1994 2643 2220 2698 Domini
2392 2646 2533 2700 Vota
2554 2647 2752 2699 nostra
2781 2642 3123 2698 charitatem
3154 2646 3316 2697 tuam
3347 2642 3519 2697 latere
3556 2641 3782 2703 nolumus,
3800 2651 3847 2689 ne

588 2740 768 2796 nostri
796 2741 929 2795 Jesu
964 2739 1326 2811 praetermitti
1358 2737 1642 2793 sententia
1673 2738 1911 2792 dicentis
1945 2755 1958 2791 :
1996 2756 2023 2789 ‹‹
2053 2738 2133 2791 'l‘u
2163 2752 2221 2791 es
2321 2739 2420 2811 qui
2463 2736 2747 2809 particeps
2790 2735 2899 2791 fuit
2941 2733 3338 2791 sollicitudinis
3385 2734 3689 2806 gaudiorum
3720 2730 3847 2785 fructu

592 2835 787 2887 Petrus
823 2837 879 2887 et
908 2848 1081 2903 super
1116 2832 1266 2885 hanc
1312 2836 1538 2901 petram
1584 2830 1869 2887 aediﬁcabo
1914 2830 2221 2885 Ecclesium
2321 2832 2596 2888 reddatur
2627 2829 2886 2899 extorris,
2911 2829 3125 2923 etlideo
3150 2828 3774 2900 Constantinopolitanam
3787 2824 3851 2877 Εοο

593 2942 783 2980 meam
812 2925 1028 2997 (Matth.
1061 2941 1174 2991 xw,
1197 2926 1301 2993 18),
1330 2946 1357 2972 »
1389 2925 1511 2979 haec
1538 2940 1668 2995 quae
1696 2924 1846 2979 dicta
1875 2928 2009 2978 sunt
2027 2939 2221 2978 rerum
2322 2925 2549 2982 clesiam
2576 2925 2648 2980 ad
2677 2917 3144 2980 communionem
3170 2929 3431 2979 nostram
3458 2922 3662 2978 rediisse
3679 2917 3849 2974 Domino

590 3019 905 3090 probantur
925 3018 1240 3087 effectibus,
1265 3018 1401 3088 quia
1428 3017 1486 3072 in
1505 3018 1636 3073 sede
1663 3017 1968 3088 apostolica
1988 3016 2221 3071 inviola-
2321 3019 2668 3092 propitiante
2718 3017 3074 3074 tradentibus
3128 3017 3518 3088 significamus
3560 3013 3782 3085 alloquiis,
3817 3015 3851 3063 et

590 3113 718 3167 bilis
744 3127 971 3183 semper
994 3111 1277 3167 catholica
1305 3111 1621 3166 custoditur
1639 3111 1840 3182 religio
1864 3127 1876 3165 :
1902 3111 2024 3165 haec
2046 3110 2223 3182 igitur
2242 3139 2297 3216 Ο
2322 3113 2722 3168 mandatorum
2744 3128 2873 3183 qum
2892 3111 3094 3183 legatis
3110 3110 3325 3166 nostris
3341 3111 3586 3167 dedimus
3600 3110 3650 3163 in
3666 3103 3851 3161 erunibus

595 3207 751 3261 ﬁdes.
781 3206 893 3259 Nec
920 3205 1121 3260 cadere
1152 3204 1469 3276 cupientes,
1502 3204 1603 3259 sed
1648 3206 1880 3259 Patrum
1921 3210 2221 3277 sequentes
2246 3198 2297 3216 ν
2322 3207 2527 3263 seriem
2556 3206 2727 3260 fuisse
2774 3205 3140 3276 completam,
3170 3206 3241 3260 de
3270 3221 3389 3277 qua
3416 3210 3585 3276 parte,
3602 3206 3658 3257 ut
3680 3200 3737 3255 ad
3755 3198 3849 3253 dile-

594 3302 649 3355 in
680 3299 944 3354 omnibus
972 3299 1282 3354 constituta
1306 3299 1848 3354 anathematizantes
1876 3314 2073 3354 omnes
2102 3299 2216 3353 haz-
2320 3301 2568 3356 ctionem
2591 3304 2751 3355 tuam
2773 3299 2997 3371 plenius
3023 3298 3288 3370 perfectm
3317 3298 3584 3372 gaudium
3596 3292 3851 3369 perveniret,

592 3411 744 3449 reses
770 3398 826 3448 et
849 3393 1132 3464 praecipue
1159 3392 1481 3447 Nestorium
1513 3392 1869 3461 haereticum,
1901 3395 2000 3465 qui
2031 3409 2217 3465 quon-

592 3489 723 3543 dam
743 3486 1381 3557 Constantinopolitanae
1407 3486 1565 3541 urbis
1593 3486 1701 3542 fuit
1726 3487 2044 3558 episcopus,
2068 3487 2221 3541 dam-

590 3584 790 3635 natum
820 3582 875 3635 in
905 3580 1140 3635 concilio
1169 3580 1449 3651 Ephesino
1478 3597 1511 3634 a
1540 3580 1707 3635 beato
1748 3580 2047 3635 Caelestino
2075 3597 2222 3652 papa

590 3674 749 3729 urbis
787 3676 1002 3744 Romae,
1037 3679 1094 3729 et
1123 3691 1157 3729 a
1199 3674 1515 3729 venerabili
1558 3674 1677 3729 viro
1718 3674 1924 3745 Cyrillo
1956 3674 2221 3745 episcopo

590 3768 989 3823 Alexandrinae
1015 3768 1251 3823 civitatis
1276 3771 1334 3822 et
1361 3784 1475 3822 una
1498 3784 1628 3822 cum
1654 3768 1752 3823 illo
1780 3768 2222 3824 anathematiza-

595 3879 738 3930 mus,
761 3867 817 3916 et
836 3862 1152 3930 Eutichem,
1175 3866 1233 3916 et
1253 3862 1586 3917 Dioscorum
1612 3862 2012 3917 Alexandrinae
2033 3863 2223 3917 civita-

594 3956 664 4011 tis
681 3956 1030 4027 episcopum,
1046 3956 1380 4011 damnatum
1398 3955 1458 4010 in
1476 3960 1670 4011 sancta
1684 3955 1904 4027 synodo
1917 3956 2223 4012 Chalcedo-

590 4050 756 4105 nensi
787 4066 959 4121 quam
987 4052 1326 4105 venerantes
1368 4049 1660 4121 sequimur
1699 4053 1757 4104 et
1796 4050 2217 4121 amplectimur.

591 4146 727 4208 Quae
765 4159 1010 4214 sequens
1040 4146 1292 4197 sanctam
1320 4142 1606 4214 synodum
1635 4143 1924 4198 Nicaenam
1956 4145 2223 4214 apostoli-

592 4253 721 4291 cam
736 4236 907 4291 ﬁdem
933 4236 1291 4307 praedicavit;
1321 4236 1409 4290 his
1429 4236 1552 4307 conj
1562 4239 1839 4307 ungentes
1858 4235 2218 4292 Timotheum

596 4329 953 4401 parricidam,
970 4330 1263 4384 Hellurum
1278 4329 1769 4399 cognominatum,
1786 4330 2223 4386 anathematiza-

593 4440 743 4493 mus,
773 4424 830 4477 et
864 4422 1036 4494 hujus
1063 4422 1405 4494 discipulum
1443 4428 1500 4477 et
1531 4438 1831 4494 sequacem
1861 4423 1922 4477 in
1952 4424 2221 4480 omnibus

2319 3394 2496 3449 libelli
2517 3394 2751 3450 Joannis
2776 3393 2966 3448 fratris
2984 3396 3041 3448 et
3060 3392 3485 3448 consacerdotis
3504 3390 3662 3447 nostri
3682 3383 3852 3458 episcopi

2318 3486 2930 3559 Constantinopolitani
2942 3490 3000 3542 et
3012 3487 3038 3543 J
3046 3486 3219 3542 ustini
3234 3483 3645 3543 clementissimi
3660 3476 3853 3555 principis

2321 3582 2566 3637 Orientis
2619 3597 2909 3637 sacrarum
2963 3580 3285 3637 litterarum
3352 3579 3671 3652 exemplaria
3709 3572 3855 3647 pariter

2320 3675 2669 3731 credidimus
2706 3673 3065 3741 destinanda,
3090 3674 3420 3746 judicantes
3446 3671 3765 3730 nihilominus
3786 3678 3854 3737 per

2321 3768 2565 3825 Orientis
2593 3772 2784 3841 partes
2826 3768 3101 3839 plurimos
3142 3768 3445 3841 episcopos
3486 3769 3560 3823 sic
3593 3766 3767 3823 fecisse.
3786 3760 3852 3814 Su-

2320 3870 2514 3935 perest
2539 3866 2604 3918 ut
2628 3879 2661 3917 a
2688 3862 2854 3918 nobis
2898 3862 3360 3934 competentibus
3409 3862 3651 3934 precibus
3671 3854 3854 3913 divinitas

2323 3961 2555 4013 exorata
2579 3956 2866 4023 concedat,
2895 3961 3173 4029 quatenus
3220 3956 3291 4012 de
3335 3957 3568 4013 aliarum
3596 3966 3773 4027 quoque
3792 3948 3856 4001 Ec-

2320 4051 2616 4107 clesiarum
2648 4050 3141 4122 redintegratione
3172 4052 3550 4121 gratulemur.
3576 4050 3854 4113 Eaveroqllm

2320 4144 2642 4216 signiﬁcare
2669 4144 3013 4211 curavimus,
3034 4144 3096 4199 in
3118 4159 3321 4199 eorum
3353 4144 3682 4200 sacerdotum
3702 4136 3774 4209 qui
3787 4136 3857 4187 [τεο

2321 4239 2577 4294 ternitati
2616 4244 2731 4294 tuae
2756 4237 2928 4293 vicini
2969 4242 3102 4294 sunt
3130 4237 3361 4294 curabis
3397 4239 3638 4311 perferre
3671 4227 3856 4287 notitiam

2320 4337 2386 4387 ut
2410 4337 2464 4388 et
2488 4332 2596 4404 ipsi
2622 4332 2691 4387 de
2726 4331 2932 4387 effectu
2960 4336 3134 4387 tanta:
3160 4332 3245 4387 rei
3278 4332 3493 4403 gratias
3516 4330 3763 4386 nobiscum
3781 4335 3855 4375 αε-

2321 4426 2477 4482 lestis
2514 4425 2917 4480 misericordiae
2964 4425 3254 4481 beneﬁciis
3295 4427 3509 4482 referre
3551 4439 3651 4478 non
3686 4416 3855 4474 cessent-

592 4520 820 4574 Petrum
847 4516 1293 4572 Alexandrinum
1313 4515 1576 4572 similiter
1596 4516 2057 4573 condemnantes.
2080 4521 2221 4574 Ana-
2240 4513 2299 4585 D
2322 4520 2471 4575 Deus
2498 4524 2554 4575 te
2582 4519 2926 4573 incolumem
2952 4518 3253 4587 custodiat,
3283 4520 3466 4574 frater
3497 4514 3786 4573 charissima.

590 4612 1027 4667 thematizamus
1082 4610 1346 4666 similiter
1399 4611 1668 4667 Acacium
1733 4611 2023 4682 quondam
2074 4612 2217 4668 Con-

589 4706 1105 4777 stantinopolitanae
1124 4705 1277 4760 urbis
1295 4705 1644 4777 episcopum,
1668 4705 2002 4776 complicem
2022 4722 2220 4762 eorum

592 4801 648 4853 et
674 4815 972 4869 sequacem
1000 4800 1233 4867 factum,
1262 4814 1368 4853 nec
1395 4814 1512 4853 non
1547 4801 1606 4852 et
1630 4802 2094 4869 perseverantem
2124 4815 2215 4854 eo-

591 4908 719 4946 rum
759 4892 1148 4947 communioni
1180 4896 1237 4947 et
1271 4891 1714 4963 participationi.
1759 4891 2016 4955 Quorum
2061 4893 2215 4948 enim

591 4985 715 5054 quis
740 4986 1213 5041 communionem
1240 4986 1602 5057 amplectitur
1620 5001 1817 5041 eorum
1844 4985 2089 5041 similem
2116 4988 2216 5043 ad-

578 5078 997 5149 judicationem
1030 5079 1087 5133 in
1116 5079 1590 5135 condemnatione
1618 5080 2005 5151 consequitur.
2036 5080 2218 5136 Simili

587 5173 757 5227 modo
790 5178 846 5228 et
886 5175 1116 5229 Petrum
1152 5173 1566 5230 Antiochenum
1602 5174 2055 5230 condemnantes
2090 5191 2218 5231 ana-

586 5267 1023 5323 thematizamus
1051 5284 1182 5323 cum
1210 5268 1549 5339 sequacibus
1574 5268 1707 5336 suis,
1744 5272 1800 5323 et
1831 5268 2095 5323 omnibus
2123 5285 2215 5323 su-

587 5362 953 5433 prascriptis:
983 5361 1139 5417 unde
1171 5362 1483 5433 probamus
1512 5366 1570 5417 et
1599 5362 1997 5433 amplectimur
2016 5362 2217 5433 episto-

585 5455 664 5509 las
692 5472 893 5511 omnes
921 5456 1075 5511 beati
1100 5456 1305 5512 Leonis
1328 5472 1490 5528 papae
1518 5456 1671 5511 urbis
1699 5456 1893 5510 Romae
1924 5470 2064 5527 quas
2089 5472 2216 5510 con-

585 5548 806 5619 scripsit
832 5549 905 5604 de
934 5553 1090 5607 recta
1114 5550 1246 5607 ﬁde.
1278 5550 1656 5621 Quapropter,
1678 5549 1824 5604 sicut
1848 5548 2215 5620 praediximus

581 5643 951 5713 sequentesin
968 5644 1232 5699 omnibus
1253 5643 1449 5699 sedem
1468 5642 1859 5715 apostolicam,
1873 5645 1931 5697 et
1943 5642 2215 5713 praedica-

578 5749 708 5788 mus
733 5735 930 5790 omnia
956 5753 1084 5807 quae
1116 5737 1186 5791 ab
1220 5738 1339 5808 ipsa
1381 5738 1610 5793 decreta
1638 5738 1771 5790 sunt
1806 5740 1863 5791 et
1902 5740 2210 5808 pr0pterea

576 5841 740 5896 spero
768 5828 828 5882 in
852 5845 964 5883 una
1007 5831 1520 5888 communicatione
1548 5830 1838 5889 vobiscum
1869 5845 2043 5903 quam
2073 5847 2207 5903 apo-

2321 4638 2449 4692 Item
2488 4636 2563 4689 ad
2591 4638 2848 4691 Joannem
2894 4637 3199 4719 episcopum
3235 4637 3310 4720 .de
3356 4636 3567 4691 directis
3593 4626 3802 4688 institutis
3826 4622 3857 4671 ’⁸

2920 4721 3034 4761 mea
3056 4721 3355 4762 commissa.

2392 4799 2769 4855 Dilectissimo
2812 4799 2974 4855 fratri
2997 4801 3196 4856 10mm
3221 4801 3518 4857 Homusns.

2393 4892 2544 4948 Fecit
2554 4892 2779 4948 dilectio
2794 4896 2895 4948 tua
2905 4909 3031 4948 rem
3045 4892 3309 4948 charitati
3327 4897 3385 4948 et
3398 4893 3526 4948 ﬁdei
3536 4886 3854 4959 congruentem

2321 4993 2382 5043 ut
2395 4987 2701 5042 adventum
2720 5003 2889 5042 suum
2907 4987 2979 5041 ad
2996 4986 3217 5042 Italiam
3232 4986 3399 5043 nobis
3415 4985 3629 5042 directis
3639 4972 3855 5037 litterisin‘

2319 5081 2554 5148 dicaret,
2582 5084 2639 5136 et
2662 5097 2791 5153 quas
2815 5080 2875 5135 in
2905 5084 2962 5136 te
2989 5081 3063 5136 sit
3092 5097 3313 5136 summa
3345 5080 3612 5153 religiosae
3634 5064 3854 5129 voluntatis

2317 5175 2662 5230 ostenderet.
2676 5178 2856 5247 Atque
2883 5174 3101 5230 utinam
3116 5175 3187 5231 ad
3201 5175 3466 5247 plenioris
3478 5172 3689 5229 affectus
3699 5161 3853 5221 δεύει-ν

2318 5271 2434 5324 tem
2450 5268 2767 5340 praesentiae
2781 5271 2893 5323 tua:
2910 5269 3076 5324 nobis
3103 5269 3314 5340 gaudia
3335 5265 3699 5339 contigissent,
3713 5262 3759 5311 ut
3769 5265 3852 5324 ὅτε·

2316 5362 2631 5417 tularemur
2641 5377 2743 5416 nos
2754 5366 2812 5417 et
2823 5362 3106 5434 colloquio
3120 5366 3177 5417 et
3188 5362 3520 5434 poenitentia
3527 5357 3784 5426 frui,qunm
3794 5356 3852 5398 δυ’

2316 5472 2446 5510 mus
2457 5458 2589 5511 ante
2601 5471 2708 5527 per
2719 5455 2824 5510 scri
2831 5459 2930 5527 pta
2944 5455 3245 5527 complexi,
3260 5458 3638 5511 verumtamen
3648 5436 3847 5520 probasti,

2315 5548 2677 5603 dilectissime
2717 5548 2909 5617 frater,
2937 5565 3052 5621 quo
3089 5548 3471 5605 Christianam
3500 5546 3654 5601 ﬁdem
3676 5544 3846 5592 venera-

2314 5643 2391 5697 ris
2405 5641 2629 5698 aﬂ‘ectu.
2649 5644 2791 5698 Dum
2814 5658 2880 5697 ea
2893 5659 3022 5714 quae
3040 5642 3114 5698 ad
3129 5644 3353 5714 regulas
3371 5644 3592 5696 Patrum
3612 5624 3846 5708 pertinent.

2311 5739 2370 5792 et
2393 5736 2463 5791 ad
2491 5735 2756 5791 mandata
2783 5735 3061 5791 catholica
3091 5736 3211 5791 sine
3238 5737 3424 5808 aliqua
3451 5734 3601 5805 cupis

2309 5830 2466 5887 sione
2492 5845 2716 5886 servare
2742 5845 2993 5902 sperans,
3027 5834 3090 5885 ut
3113 5806 3434 5903 prorogatis
3473 5817 3777 5901 generalibus
3797 5806 3846 5862 ιδ
