4062 6188
245 306 364 360 1041

1449 303 1917 358 DECRETALIUM
1955 302 2345 358 COLLECTIO.

3461 305 3592 358 1042

239 413 632 483 Hispanienses
659 413 936 467 Ecclesias
961 413 1278 468 constitutis
1299 428 1469 483 super
1488 427 1615 483 quas
1641 415 1742 466 aut
1758 427 1858 465 ne-
1883 421 1941 494 Α
1960 427 2164 465 nemus
2191 415 2392 479 errata,
2427 413 2511 467 vel
2545 412 2936 467 custodiamus
2960 412 3234 467 catholica
3268 413 3592 474 constituta,

235 507 534 577 gligentius
555 509 654 560 aut
668 505 1038 577 irreligiosius
1052 507 1197 561 ﬁunt
1214 506 1604 561 ecclesiasticis
1619 504 1861 577 discipli-

234 599 319 654 nis
349 599 724 670 congruentia
769 601 1096 654 sanciamus
1145 601 1298 671 quod
1342 600 1591 673 amplexi
1638 616 1856 654 sumus.

236 694 378 758 Quid
409 693 567 748 enim
595 699 692 749 aut
709 693 875 748 nobis
901 694 1119 748 dulcius
1146 711 1319 765 quam
1339 711 1471 749 cum
1498 694 1760 749 ﬁdelibus
1777 695 1858 748 lo-

237 787 349 858 qui,
372 790 470 841 aut
490 788 600 842 Deo
620 788 805 858 aptius
827 804 1002 858 quam
1020 788 1310 844 deviantes
1329 788 1398 842 ab
1421 804 1615 843 errore
1636 804 1861 842 revoca-

237 899 294 934 re
315 880 341 933 ?
373 881 695 936 Salutantes
725 880 900 952 igitur
934 881 1268 936 charitatem
1297 899 1407 952 qua
1426 881 1728 952 jungimur
1757 898 1861 952 per

237 975 557 1030 Cassianum
583 974 886 1029 diaconum
908 979 1071 1030 tuum
1097 975 1486 1047 signiﬁcamus
1507 992 1608 1030 nos
1629 976 1859 1030 direxis-

234 1084 287 1123 se
316 1069 603 1138 generalia
627 1068 950 1137 constituta,
979 1045 1186 1141 quibus
1218 1045 1304 1124 val
1337 1086 1405 1125 ea
1435 1087 1560 1140 quas
1573 1070 1740 1139 juxta
1760 1086 1854 1124 ca-

235 1179 404 1217 nones
444 1162 651 1216 servari
701 1162 945 1216 debeant
995 1165 1388 1234 competenter
1431 1163 1734 1232 ediximus,
1767 1163 1856 1218 vel

232 1257 373 1311 circa
396 1272 494 1311 eos
519 1256 618 1327 qui
649 1273 719 1310 ex
746 1257 898 1310 clero
927 1257 1256 1310 Graecorum
1276 1256 1534 1325 veniunt,
1560 1273 1732 1327 quam
1762 1257 1858 1311 ha-

231 1350 360 1404 bere
392 1354 652 1420 oporteat
686 1350 1028 1418 cautionem,
1059 1350 1411 1404 sufﬁcienter
1454 1350 1852 1406 instruximus.

231 1443 332 1498 Sed
362 1460 546 1498 causae
569 1443 746 1514 ipsius
768 1444 1031 1498 ordinem
1053 1444 1608 1515 instructionemque
1629 1444 1856 1498 abunde

233 1537 468 1591 decretis
481 1537 866 1592 ecclesiasticis
887 1554 982 1591 vos
1011 1537 1315 1605 docebunt,
1332 1544 1396 1592 ut
1415 1540 1785 1608 agnoscentes
1802 1542 1859 1592 et

229 1631 532 1702 impiorum
552 1631 1060 1702 transgressionem
1082 1636 1137 1686 et
1153 1631 1473 1703 apostolicae
1495 1631 1643 1687 sedis
1661 1648 1857 1687 curam

228 1741 325 1796 pro
340 1727 575 1780 Patrum
596 1725 806 1797 regulis
826 1726 1224 1791 excubantem,
1248 1725 1554 1780 ostendatis
1574 1743 1672 1780 vos
1689 1742 1852 1796 pero-

1960 509 2152 560 tamen
2183 505 2314 576 quia
2340 507 2570 560 Joannis
2597 507 2806 572 fratris,
2836 510 2893 561 et
2917 506 3235 578 coepiscopi
3275 506 3452 560 nostri
3499 523 3598 560 ηο-

1959 598 2044 653 bis
2073 598 2451 654 insinuatione
2477 600 2772 670 vulgatum
2799 604 2883 654 est
2907 603 3109 654 contra
3131 615 3412 655 canonum
3434 617 3591 655 reve-

1960 693 2202 747 rentiam
2228 693 2502 747 nonnulla
2521 693 2808 764 praesumi,
2831 693 3150 764 periculum
3169 693 3327 764 quod
3346 694 3590 749 doctori-

1957 787 2063 841 bus
2091 786 2354 842 imminet
2371 787 2441 841 de
2467 787 2845 842 taciturnitate
2865 787 3180 858 declinans,
3211 790 3269 842 et
3288 788 3588 859 propheti-

1960 896 2022 934 ea
2050 897 2183 935 voce
2227 883 2604 952 compunctus
2641 896 2755 951 qua
2803 881 2959 948 dicit,
3017 881 3252 952 loquere
3284 898 3356 935 ne
3389 886 3592 948 taceas,

1960 974 2319 1045 generalibus
2349 973 2691 1029 edicendum
2719 973 2937 1028 credidi
2962 975 3303 1029 constitutis.

2029 1068 2156 1123 CAP.
2200 1069 2240 1121 Ι.
2285 1068 2355 1122 Ut
2383 1068 2442 1122 in
2469 1067 2853 1122 sacerdotibus
2884 1067 3216 1122 ordinandis
3244 1085 3371 1140 quae
3394 1074 3529 1123 sunt
3557 1086 3590 1123 a

1957 1161 2214 1216 Patribus
2241 1161 2590 1232 praescripta,
2633 1164 2691 1215 et
2725 1160 2958 1215 deﬁnita
2979 1161 3258 1232 cogitetis,
3287 1162 3422 1233 quia
3451 1162 3601 1217 sicut

1958 1259 2043 1309 est
2089 1261 2258 1327 caput
2307 1255 2566 1310 Ecclesiae
2614 1255 2892 1323 Christus,
2949 1254 3156 1308 Christi
3185 1259 3379 1310 autem
3405 1255 3598 1310 vicarii

1958 1349 2300 1415 sacerdotes,
2325 1348 2403 1403 sic
2425 1352 2483 1404 et
2501 1349 2561 1402 in
2582 1348 2860 1420 eligendis
2883 1348 2969 1402 his
2999 1365 3197 1403 curam
3218 1352 3446 1419 oportet
3471 1366 3595 1403 esse

1958 1443 2336 1514 perspicuam.
2384 1441 2920 1512 Irreprehensibiles
2969 1442 3122 1496 enim
3187 1458 3308 1498 esse
3338 1442 3601 1498 convenit

1957 1553 2100 1607 quos
2133 1553 2377 1607 praeesse
2401 1552 2629 1590 necesse
2662 1538 2749 1590 est
2774 1536 3146 1607 corrigendis,
3192 1552 3294 1591 nec
3318 1536 3598 1608 quidquid

1956 1629 2034 1683 illi
2049 1630 2246 1684 deesse
2269 1645 2528 1700 personas
2551 1645 2725 1700 penes
2747 1646 2918 1700 quam
2933 1633 3019 1684 est
3037 1629 3330 1700 religionis
3345 1646 3596 1697 summa,

1957 1727 2013 1777 et
2032 1723 2348 1778 substantia
2377 1723 2711 1794 disciplinae.
2744 1723 3004 1777 [Estimet
3042 1723 3169 1794 quis
3202 1723 3453 1793 pretium
3485 1725 3596 1778 Do-

231 1836 312 1872 sos
351 1819 754 1873 damnatorum
806 1820 1109 1886 consortia,
1161 1823 1218 1873 et
1258 1836 1448 1874 amare
1483 1820 1756 1874 ﬁdelium.
1792 1792 1932 1875 EtB
1963 1816 2155 1871 minici
2205 1818 2414 1888 gregis,
2464 1823 2528 1871 ut
2574 1817 2711 1870 sciat
2741 1817 2892 1887 quod
2919 1816 3191 1871 meritum
3217 1817 3601 1872 constituendi

229 1913 356 1983 quia
383 1929 482 1983 per
527 1913 966 1968 insinuationem
999 1912 1329 1968 dilectionis.
1359 1917 1470 1967 tuae
1499 1913 1671 1983 hujus
1700 1913 1860 1967 nobis

229 2013 308 2061 est
339 2007 445 2060 viae
473 2007 754 2077 patefacta
773 2007 1094 2076 prudentia,
1123 2022 1564 2062 remuneramus
1592 2007 1860 2061 sollicitu-

232 2100 421 2154 dinem
449 2104 632 2168 tuam,
681 2105 738 2154 et
763 2100 1001 2155 servatis
1041 2100 1354 2171 privilegiis
1395 2101 1860 2171 metropolitano-

230 2211 354 2248 rum
386 2194 531 2249 vices
552 2194 707 2249 vobis
723 2194 1053 2265 apostolicae.
1069 2195 1216 2248 sedis
1240 2198 1474 2249 eatenus
1497 2195 1856 2265 delegamus,

229 2288 286 2337 ut
316 2284 584 2354 inspectis
614 2283 734 2337 istis
761 2283 876 2337 sive
897 2300 962 2337 ea
995 2299 1121 2354 quae
1152 2283 1224 2337 ad
1256 2299 1505 2338 canones
1547 2283 1856 2353 pertinent,

226 2376 338 2430 sive
375 2393 437 2430 ea
465 2393 593 2446 quae
615 2393 646 2430 a
673 2377 839 2430 nobis
874 2378 1010 2430 sunt
1040 2392 1225 2446 nuper
1258 2376 1520 2430 mandata
1544 2381 1855 2444 serventur,

226 2471 336 2524 sive
360 2486 487 2541 quae
515 2470 585 2524 de
617 2469 1006 2524 ecclesiasticis
1026 2469 1211 2524 causis
1231 2473 1344 2523 tute
1367 2468 1696 2523 revelationi
1723 2486 1855 2523 con-

224 2563 480 2634 tigerunt
505 2563 609 2618 sub
631 2568 732 2618 tua
752 2563 919 2618 nobis
953 2563 1340 2618 insinuatione
1369 2563 1712 2634 pandantur.
1743 2564 1860 2619 Erit

228 2657 315 2712 hic
343 2657 512 2712 studii
533 2674 598 2712 ac
619 2657 1014 2712 sollicitudinis
1032 2661 1164 2725 tuae,
1184 2660 1249 2711 ut
1267 2657 1440 2711 talem
1464 2660 1518 2710 te
1539 2657 1597 2711 in
1621 2657 1708 2711 his
1729 2674 1858 2728 qua:

224 2752 606 2822 injunguntur
625 2750 908 2820 exhibeas,
934 2755 995 2806 ut
1011 2751 1184 2806 ﬁdem
1204 2749 1716 2822 integritatemque
1737 2751 1859 2822 ejus

149 2912 157 2920 ι
225 2845 501 2916 cujusque
520 2861 713 2899 curam
731 2845 966 2916 suscipis
984 2843 1259 2899 inviteris.
1277 2845 1415 2898 Data
1429 2861 1481 2898 ιν
1493 2845 1681 2899 Nonas
1700 2845 1861 2916 Apri-

226 2940 290 2993 lis
310 2939 554 3010 Agapito
579 2940 624 2993 Il
648 2939 901 3006 consule,
926 2955 1040 2993 sera
1060 2954 1320 2994 DCXLVIII.

311 3035 451 3088 Item
478 3034 705 3103 epistola
724 3033 1026 3088 Hormisdz
1054 3033 1129 3088 ad
1158 3034 1428 3103 episcopos
1459 3035 1756 3103 Hispaniam

300 3131 352 3180 l.
381 3127 459 3180 De
490 3125 876 3181 sacerdotibus
892 3127 1060 3197 juxta
1090 3126 1351 3181 instituta
1388 3142 1679 3181 canonum
1706 3126 1856 3181 ordi-
1879 3164 1935 3237 Ο

227 3219 452 3275 nandis.

291 3319 346 3368 '2.
381 3315 449 3370 Ut
476 3329 580 3384 pro
610 3314 941 3384 episcopatu
972 3313 1279 3384 praemium
1307 3329 1425 3368 non
1453 3313 1784 3385 accipiatur.

296 3411 351 3462 3.
383 3408 460 3461 De
488 3407 720 3461 concilio
736 3423 841 3478 per
856 3423 1037 3462 annos
1058 3407 1308 3477 singulos
1335 3407 1688 3462 celebrando.

293 3501 679 3556 Dilectissimis
714 3501 985 3556 fratribus
1041 3501 1323 3572 episcopis
1373 3518 1475 3572 per
1525 3501 1857 3572 Hispaniam

223 3595 550 3651 constitutis
573 3596 874 3651 HORMISDA.

296 3689 602 3744 Benedicta
627 3689 869 3744 Trinitas
898 3689 1048 3743 Deus
1070 3693 1264 3743 noster
1287 3689 1384 3760 qui
1414 3704 1516 3760 per
1534 3690 1856 3745 misericor-

223 3785 380 3838 diam
407 3799 571 3837 suam
590 3785 866 3838 Romanae
888 3781 1218 3853 reipublicae
1241 3798 1342 3853 per
1358 3783 1652 3838 universas
1672 3787 1860 3854 partes

224 3895 344 3932 suae
365 3877 515 3949 pacis
529 3877 935 3948 tranquillitate
949 3876 1146 3931 ditl‘usa
1157 3919 1170 3943 ,
1185 3877 1348 3931 nobis
1359 3893 1586 3948 quoque
1598 3877 1748 3932 viam
1767 3877 1861 3932 de-

223 3971 614 4027 monstrandae
633 3971 782 4025 circa
799 3988 901 4025 nos
915 3970 1206 4025 charitatis
1218 3971 1473 4039 indulsit,
1495 3976 1555 4026 ut
1570 3971 1664 4042 qui
1681 3972 1862 4026 cohae-

223 4083 420 4120 remus
443 4066 716 4119 firmitate
728 4065 880 4131 ﬁdei,
888 4064 1211 4135 jungamur
1223 4081 1448 4136 quoque
1464 4065 1650 4120 votiva
1653 4066 1857 4137 jocun-

223 4160 401 4214 ditate
416 4158 703 4230 colloquii,
722 4175 832 4230 quo
851 4157 1074 4212 facilius
1091 4157 1227 4212 dum
1242 4175 1344 4229 per
1359 4159 1682 4214 litterarum
1697 4159 1863 4214 mini-

221 4253 396 4308 steria
416 4253 486 4306 ad
509 4269 606 4306 vos
627 4268 802 4322 usque
827 4251 1148 4322 pertendim
1160 4269 1242 4321 us,
1284 4251 1457 4305 etiam
1479 4253 1649 4306 corda
1676 4257 1861 4307 vestra

221 4348 288 4402 ad
324 4347 662 4418 religiosum
693 4345 906 4400 cultum
928 4344 1248 4416 apostolicis
1269 4344 1760 4400 admonitionibus
1780 4346 1862 4399 in-

219 4441 500 4508 citemus;
529 4444 586 4494 et
609 4440 744 4494 dum
770 4438 1091 4494 dilectionis
1121 4438 1329 4510 pignus
1369 4445 1579 4493 nostrae
1602 4439 1858 4493 reddidi-

1959 1911 2156 1964 deceat
2183 1927 2304 1965 esse
2344 1910 2617 1982 pastoris;
2660 1910 2770 1965 hoc
2808 1911 2902 1964 ﬁet
2927 1910 3024 1977 ita,
3060 1910 3104 1963 si
3137 1926 3254 1964 non
3297 1910 3599 1966 sacerdotii

1961 2003 2172 2074 gradus
2222 2004 2365 2058 saltu
2411 2003 2660 2074 quodam
2709 2003 2917 2074 passim
2973 2003 3129 2057 laicis
3154 2004 3594 2058 transferantur.

1959 2098 2154 2168 Longa
2182 2097 2354 2151 debet
2378 2097 2553 2152 vitam
2573 2113 2732 2152 suam
2761 2096 3099 2168 probatione
3126 2101 3471 2166 monstrare,
3503 2097 3595 2151 cui

1961 2190 2350 2260 gubernacula
2377 2190 2816 2246 committuntur
2848 2189 3130 2245 Ecclesize.
3167 2191 3284 2244 Non
3316 2206 3598 2261 negamus

1960 2300 2079 2338 esse
2122 2284 2182 2337 in
2228 2283 2382 2339 laicis
2427 2285 2538 2340 Deo
2577 2284 2814 2355 placitos
2861 2299 3074 2351 mores,
3106 2284 3201 2339 sed
3229 2283 3439 2339 milites
3467 2301 3597 2339 suos

1959 2376 2232 2447 probatos
2259 2377 2364 2432 sibi
2391 2383 2656 2449 quaerunt
2675 2377 2936 2434 instituta
2956 2377 3167 2432 ﬁdelia.
3193 2378 3419 2433 Discere
3439 2377 3597 2449 quis-

1959 2486 2068 2541 que
2097 2470 2269 2526 debet
2294 2476 2604 2542 antequam
2633 2472 2850 2541 doceat,
2877 2476 2935 2528 et
2963 2472 3296 2543 exemplum
3314 2471 3599 2542 religiosas

1959 2564 2405 2620 conversationis
2455 2565 2526 2620 de
2576 2582 2635 2621 se
2687 2565 2873 2637 potius
2923 2565 3048 2620 aliis
3097 2568 3368 2637 praestare
3420 2582 3594 2637 quam

1960 2674 2334 2728 praesumere.
2377 2659 2844 2715 Emendatiorem
2891 2676 3013 2714 esse
3064 2660 3335 2714 convenit
3362 2661 3596 2731 populo,

1960 2768 2132 2822 quem
2185 2767 2412 2808 necesse
2468 2757 2552 2807 est
2601 2770 2768 2808 orare
2812 2770 2916 2825 pro
2962 2753 3226 2824 populo;
3276 2753 3456 2824 longa
3505 2753 3599 2808 ob-

1960 2845 2283 2900 servatione
2337 2846 2637 2918 religiosus
2685 2848 2869 2902 cultus
2913 2848 3174 2902 tradatur
3218 2852 3280 2902 ut
3323 2846 3512 2914 liceat,
3544 2851 3602 2902 et

1959 2939 2311 2994 clericalibus
2369 2940 2651 3013 obsequiis
2697 2941 3040 2996 erudiendas
3071 2941 3378 3007 inserviat,
3418 2945 3482 2995 ut
3525 2941 3599 2995 ad

1959 3033 2269 3088 venerandi
2319 3035 2529 3104 gradus
2552 3051 2775 3090 summa
2804 3035 3130 3106 perductus,
3163 3035 3261 3106 qui
3287 3034 3358 3089 sit
3386 3034 3602 3090 fructus

1960 3126 2298 3181 humilitatis
2329 3128 2598 3183 ostendit.
2630 3130 2742 3183 Nec
2772 3130 2891 3184 leve
2913 3145 3017 3184 nec
3037 3145 3278 3184 vacuum
3297 3128 3424 3198 fuit,
3447 3129 3600 3200 quod

1958 3236 2062 3274 nec
2088 3220 2239 3291 apud
2265 3224 2484 3276 veteres
2514 3221 2746 3292 quidem
2776 3221 2884 3275 nisi
2916 3222 3120 3276 levitici
3150 3221 3376 3293 generis
3396 3223 3502 3276 viri
3522 3222 3595 3277 ad

1959 3319 2153 3368 sancta
2199 3314 2654 3370 admittebantur
2693 3315 2908 3383 altaria,
2963 3332 3034 3370 ne
3086 3316 3332 3386 pessime
3381 3315 3601 3371 meritis

1959 3411 2057 3461 aut
2097 3407 2282 3476 pretio
2325 3412 2422 3462 aut
2455 3408 2902 3480 praesumptione
2929 3409 3276 3479 contemptis
3305 3408 3376 3462 ad
3408 3424 3598 3462 sacros

1960 3501 2142 3555 cultus
2179 3501 2364 3572 impar
2387 3502 2699 3557 accederet.
2733 3503 2910 3571 Tunc,
2939 3502 3269 3572 migrabant
3302 3518 3589 3572 praeroga-

1959 3595 2073 3650 tiva
2101 3595 2452 3650 familiarum
2476 3595 2548 3649 ad
2567 3595 2826 3649 instituta
2853 3597 3136 3650 cultorum
3172 3613 3184 3650 :
3219 3612 3369 3649 nunc
3395 3600 3480 3650 est
3507 3596 3601 3650 do-

1961 3689 2144 3743 ctrina
2165 3704 2269 3759 pro
2293 3705 2522 3760 genere.
2549 3689 2712 3753 Quod
2733 3689 2842 3742 illis
2861 3689 2968 3743 fuit
2990 3688 3161 3757 nasci,
3187 3689 3293 3743 hoc
3315 3689 3480 3744 nobis
3499 3687 3601 3743 im-

1960 3781 2078 3836 bui.
2104 3782 2233 3836 Illos
2250 3782 2611 3837 tabernaculo
2631 3782 2802 3836 dabat
2817 3787 3041 3848 natura,
3058 3799 3163 3836 nos
3181 3782 3454 3836 altaribus
3475 3799 3601 3852 par-

1959 3873 2100 3929 turit
2118 3875 2447 3946 disciplina;
2480 3892 2586 3930 nec
2609 3878 2829 3930 tantum
2847 3876 2916 3930 de
2932 3874 3092 3930 laicis
3112 3875 3429 3930 consecrari
3449 3876 3602 3929 inhi-

1959 3969 2182 4035 bemus,
2208 3969 2305 4024 sed
2331 3986 2403 4024 ne
2427 3969 2495 4024 de
2517 3969 2923 4040 paenitentibus
2943 3970 3246 4040 quisquam
3270 3969 3504 4040 quidem
3525 3969 3598 4024 ad

1962 4063 2058 4133 huj
2069 4063 2288 4117 usmodi
2311 4063 2551 4134 gradum
2569 4063 2837 4134 profanus
2863 4067 3176 4119 temerator
3195 4063 3425 4134 aspiret.
3452 4063 3600 4118 Satis

1961 4155 2038 4210 illi
2092 4156 2398 4227 postulanti
2440 4157 2512 4211 sit
2553 4157 2735 4211 venia.
2787 4159 2908 4225 Qua
2952 4157 3299 4212 conscientia
3348 4157 3600 4211 absolvat

1961 4267 2122 4304 reum
2153 4250 2252 4320 qui
2274 4267 2331 4305 se
2351 4255 2580 4321 peccata
2609 4267 2711 4305 sua
2730 4252 2945 4322 populo
2969 4251 3073 4305 scit
3095 4254 3235 4306 teste
3254 4249 3596 4306 confessum.

1964 4343 2101 4408 Quis
2121 4345 2276 4398 enim
2295 4361 2466 4415 quem
2489 4346 2657 4416 paulo
2679 4348 2811 4399 ante
2831 4345 2968 4400 vidit
2981 4345 3276 4416 jacentem
3298 4349 3602 4399 veneretur

1962 4442 2316 4497 antistitem?
2345 4443 2659 4513 praeferens
2675 4443 3255 4498 miserandicriminis
3273 4443 3462 4497 labem
3485 4458 3598 4496 non

221 4551 372 4601 mus,
394 4534 546 4587 velut
561 4533 849 4604 quoddam
867 4532 1120 4587 debitum
1135 4533 1371 4603 plenum
1388 4533 1535 4586 circa
1553 4533 1859 4587 Dominum
1881 4539 1940 4612 ι)
1964 4535 2137 4589 habet
2163 4535 2411 4590 lucidam
2440 4536 2742 4591 sacerdotii
2772 4536 3133 4606 dignitatem.

218 4634 612 4682 monstremus
642 4626 926 4681 affectum.
957 4627 1271 4697 Jungamus
1292 4626 1486 4698 igitur,
1511 4625 1862 4680 dilectissimi

218 4722 452 4786 fratres,
473 4720 766 4774 continuas
787 4726 841 4774 et
857 4719 1100 4774 humiles
1118 4736 1334 4789 preces,
1359 4719 1735 4775 etDominum
1759 4736 1858 4774 no-

219 4819 409 4870 strum
441 4815 554 4868 oris
577 4818 632 4868 et
648 4813 834 4867 cordis
848 4813 1111 4884 lacrymis
1127 4813 1648 4884 supplicantesjugi
1667 4814 1862 4885 depre-

217 4909 444 4964 catione
461 4924 776 4978 poscamus,
797 4911 856 4960 ut
875 4911 930 4960 et
951 4906 1307 4960 institutione
1324 4912 1381 4960 et
1399 4923 1571 4977 opere
1595 4907 1675 4961 illi
1700 4907 1860 4978 cujus

220 5019 348 5056 esse
390 5002 651 5056 membra
696 5003 962 5071 cupimus
1010 5001 1354 5069 lizereamus,
1388 5017 1491 5054 nec
1515 5017 1766 5070 unquam
1791 5001 1860 5054 ab

219 5096 314 5150 illa
345 5097 433 5149 via
461 5113 588 5167 quae
618 5094 872 5149 Christus
904 5099 988 5149 est
1019 5093 1182 5148 devio
1218 5093 1442 5147 tramite
1485 5093 1858 5160 declincmns,

219 5207 292 5245 ne
319 5189 392 5244 ab
421 5205 486 5244 eo
509 5189 662 5260 jnste
693 5204 865 5259 quem
889 5205 992 5242 nos
1016 5187 1191 5258 impie
1220 5187 1598 5259 relinquimus
1629 5187 1855 5241 desera-

214 5301 374 5338 mur.
388 5283 551 5348 Quod
564 5299 694 5337 cum
710 5282 938 5354 superni
956 5281 1168 5336 favoris
1180 5281 1392 5336 auxilio
1408 5298 1475 5334 ea
1491 5280 1652 5334 nobis
1670 5284 1860 5352 potest

215 5379 444 5432 ratione
466 5377 819 5448 contingere,
844 5376 888 5430 si
909 5375 1216 5447 apostolica
1239 5375 1530 5445 dogmata,
1561 5375 1604 5428 si
1626 5376 1857 5429 Patrum

210 5471 486 5526 mandata
539 5485 852 5524 servemus.
893 5469 1041 5523 Dixit
1089 5469 1244 5522 enim
1290 5468 1560 5522 Dominus
1616 5473 1852 5523 noster:

214 5587 242 5613 ‹‹
280 5564 397 5629 Qui
423 5565 606 5636 diligit
640 5581 752 5631 me,
777 5579 1102 5618 sermonem
1121 5578 1316 5616 meum
1339 5561 1602 5628 servabit,
1619 5566 1675 5616 et
1695 5563 1858 5617 Pater

207 5674 384 5714 meus
414 5658 613 5730 diliget
641 5675 794 5727 eum,
825 5661 882 5713 et
910 5657 982 5711 ad
1017 5674 1149 5710 eum
1180 5655 1494 5722 veniemus,
1520 5659 1575 5709 et
1600 5656 1853 5710 mansio-

207 5769 356 5807 nem
395 5751 546 5823 apud
582 5768 713 5807 eum
744 5751 1018 5806 faciemus
1062 5751 1232 5821 (Joan.
1284 5766 1393 5816 xiv,
1427 5752 1538 5816 23).
1569 5768 1596 5800 »
1631 5750 1696 5804 Et
1726 5750 1856 5804 licet

211 5849 344 5902 hmo
394 5846 609 5917 possint
643 5846 987 5918 generaliter
1038 5845 1185 5900 dicta
1239 5843 1519 5912 sufﬁcere,
1572 5846 1635 5897 ut
1689 5843 1852 5900 decli-

2034 4629 2097 4681 ΙΙ.
2117 4629 2230 4682 Hoc
2251 4645 2479 4700 quoque
2498 4629 2570 4683 ad
2592 4630 2888 4700 praemissa
2909 4627 3316 4698 conjungimus
3336 4643 3408 4681 ne
3428 4628 3599 4683 bene-

1962 4721 2269 4776 dictionem
2298 4739 2402 4794 per
2428 4722 2854 4793 impositionem
2877 4738 3080 4775 manus
3108 4737 3233 4791 quae
3262 4720 3452 4776 divina
3473 4737 3596 4777 esse

1961 4815 2231 4882 creditur,
2263 4817 2390 4887 quis
2417 4816 2598 4887 pretio
2621 4821 2930 4886 comparet,
2954 4814 3231 4885 quoniam
3251 4820 3381 4870 ante
3403 4817 3598 4871 oculos

1961 4925 2083 4962 esse
2112 4909 2392 4976 convenit,
2426 4910 2582 4980 quod
2604 4909 2796 4964 Simon
2816 4909 3091 4979 Spiritum
3121 4913 3384 4964 sanctum
3406 4912 3599 4964 volens

1959 5001 2354 5072 redemptione
2392 5004 2655 5068 mercari,
2702 5003 2946 5073 Apostoli
2998 5002 3172 5056 fuerit
3204 5003 3596 5066 (detestatione

1959 5111 2273 5166 percussus.
2331 5097 2483 5150 Tunc
2540 5096 2744 5152 deinde
2795 5097 2923 5167 quis
2967 5113 3085 5151 non
3133 5096 3241 5151 vile
3288 5100 3448 5166 putat
3479 5112 3598 5150 esse

1955 5189 2106 5260 quod
2133 5188 2440 5244 venditur?
2475 5191 2640 5244 [stam
2665 5189 3053 5245 sacerdotibus
3075 5189 3406 5244 ordinandis
3427 5203 3590 5241 reve-

1958 5281 2204 5337 rentiam
2231 5288 2416 5338 servet
2437 5283 2661 5351 electio,
2684 5287 2750 5338 ut
2780 5284 2840 5338 in
2861 5284 3021 5354 gravi
3040 5297 3335 5338 murmure
3355 5280 3587 5350 populo-

1958 5392 2086 5430 rum
2119 5376 2374 5431 divinum
2395 5377 2658 5433 credatur
2687 5394 2807 5432 esse
2827 5377 3135 5448 judicium.
3168 5375 3245 5429 lbi
3267 5373 3421 5428 enim
3447 5374 3588 5427 Deus

1955 5469 2052 5524 ubi
2099 5469 2341 5542 simpl-ex
2399 5471 2521 5525 sine
2567 5471 2842 5543 pravitate
2890 5485 3232 5533 consensus;
3282 5482 3479 5520 verum
3519 5482 3590 5520 ne

1954 5563 2102 5618 hanc
2137 5563 2371 5635 quidem
2417 5569 2643 5636 partem
2672 5561 3069 5618 sollicitudinis
3096 5564 3153 5614 et
3180 5559 3582 5614 admonitionis

1951 5657 2287 5725 omittimus,
2335 5675 2406 5714 ne
2451 5659 2536 5714 vel
2575 5659 2668 5713 ille
2696 5675 2754 5711 se
2793 5674 2826 5710 a
2855 5655 3022 5726 culpa
3043 5652 3586 5722 testimetalienum,

1954 5751 2052 5822 qui
2074 5756 2131 5805 et
2151 5750 2270 5822 ipse
2297 5752 2532 5823 quidem
2548 5769 2578 5806 a
2593 5749 2981 5820 redemptione
3000 5747 3142 5803 liber
3156 5745 3468 5801 initiaverit
3483 5746 3582 5800 be-

1951 5844 2271 5902 nedictione
2293 5845 2528 5918 mystica
2549 5843 2926 5915 sacerdotem,
2953 5846 3008 5898 et
3035 5845 3226 5898 tamen
3256 5839 3329 5897 ad
3347 5839 3580 5897 alterius
