4062 6188
537 279 665 330 1(ιᾶἰί

1365 235 1367 237 ’
1421 276 1700 329 λιιιιιςκυ.
1745 276 1830 328 ,ω
1869 276 2024 328 sign.
2073 277 2155 330 l.\'.
2188 307 2249 312 —
2295 276 2533 331 Islooiu
2573 276 2993 332 MERCA'l‘OltIS

3695 289 3791 340 tOii

524 383 804 454 redempti
833 385 1199 449 voluntatem,
1233 383 1318 436 vel
1347 385 1552 453 sponte
1582 383 1643 437 in
1671 383 1778 438 hoc
1799 383 1888 437 vel
1916 383 2157 439 necessi-
2175 397 2235 470 Α
2256 389 2311 440 et
2338 384 2660 456 apostolica:
2702 385 2848 440 sedis
2883 385 3244 442 veneratione
3284 389 3561 457 consuluit,
3606 409 3696 462 quo
3731 412 3795 448 or-

520 482 636 532 tate
674 475 1039 532 consenserit.
1082 475 1227 542 Quid
1272 477 1505 548 prodest
1547 476 1630 532 illi
1668 493 1770 532 suo
1814 493 2009 532 errore
2035 494 2155 532 non

522 569 717 644 pollui,
739 569 838 642 qui
852 587 1195 626 consensum
1221 573 1457 643 praestat
1473 571 1681 626 erranti
1699 571 1726 626 ?
1751 572 1953 626 Procul
1979 571 2154 626 dubio

524 667 718 720 contra
766 664 1033 720 mandata
1061 663 1389 733 committit,
1418 669 1474 720 et
1499 664 1598 736 qui
1643 664 1816 720 habet
1857 667 2156 736 peccatum

527 759 842 831 proprium,
873 762 928 814 et
953 758 1052 830 qui
1081 762 1375 830 peccatum
1403 758 1661 830 sequitur
1689 757 1941 814 alienum
1969 758 2151 814 incas-

525 870 654 908 sum
685 851 909 908 animus
934 852 1148 908 resistit
1173 852 1494 924 cupiditati,
1531 851 1577 907 si
1617 869 1736 908 non
1761 851 1972 908 resistit
1998 854 2057 907 et
2084 851 2153 906 ti-

525 947 688 1002 mori.
716 947 996 1002 Adversus
1023 947 1145 1002 haec
1172 946 1392 1002 facilius
1415 948 1524 1002 Deo
1551 946 1856 1018 adjuvante
1892 946 2153 1018 provide-

523 1042 696 1109 bitur,
744 1041 790 1096 si
830 1041 981 1096 circa
1027 1041 1496 1112 metropolitanos
1549 1041 1844 1113 privilegia
1887 1057 1920 1096 a
1951 1039 2156 1096 sanctis

521 1135 782 1191 Patribus
825 1135 1132 1192 constituta
1181 1139 1578 1207 permaneant,
1635 1135 1681 1190 si
1723 1134 2156 1208 metrOpolitani

523 1230 672 1285 circa
708 1229 1006 1302 parochias
1056 1247 1182 1285 suas
1234 1229 1497 1286 ordinem
1523 1247 1711 1298 suum,
1745 1246 1813 1285 ea
1843 1245 1960 1301 qua
1997 1229 2159 1285 decet

523 1324 883 1380 vcneratione
917 1325 1266 1395 custodiant,
1295 1329 1360 1379 ut
1384 1340 1488 1379 nec
1517 1323 1716 1380 electio
1744 1323 2003 1396 praesulis
2033 1339 2154 1378 em-

527 1423 625 1491 pta
651 1419 820 1474 detur
839 1419 1060 1492 pretiis,
1086 1421 1144 1474 et
1164 1435 1269 1475 nec
1289 1419 1654 1491 obsequentis
1679 1419 1751 1474 sit
1769 1417 2008 1490 quaesita
2028 1433 2158 1489 ope-

526 1513 701 1582 ribus,
725 1513 824 1568 sed
845 1513 923 1568 ita
942 1513 1054 1568 ﬁxa
1076 1513 1401 1569 habeantur
1421 1513 1479 1568 in
1507 1513 1769 1568 cordibus
1788 1512 2157 1585 quemadmo-

529 1608 666 1662 dum
695 1607 1029 1680 relegnntur
1048 1607 1106 1662 in
1123 1607 1448 1679 Scripturis.
1475 1608 1531 1664 Si
1551 1607 1705 1663 nulla
1727 1607 1838 1663 sint
1854 1607 1914 1662 in
1932 1605 2159 1677 templis

526 1701 880 1773 emptionum
913 1701 1153 1772 semina,
1185 1701 1340 1756 nulla
1365 1706 1535 1758 erunt
1559 1702 1814 1758 fomenta
1838 1700 2154 1767 discordiae,

527 1797 625 1851 sed
660 1800 940 1867 regnante
983 1795 1258 1852 charitate
1287 1797 1390 1851 sub
1424 1796 1522 1851 illa
1553 1812 1726 1868 quam
1757 1795 1921 1851 nobis
1945 1785 2234 1866 promi-B

526 1891 598 1944 sit
626 1891 792 1957 Deus,
824 1893 881 1946 et
909 1891 1192 1958 retribuit,
1220 1907 1358 1962 pace
1391 1890 1632 1946 vivatur.

595 1985 681 2040 ΙΙΙ.
735 1984 817 2040 0b
852 1985 958 2040 hoc
1002 1987 1197 2040 Patres
1222 1985 1577 2057 providentia
1606 2000 1720 2057 qua
1747 1983 1988 2056 Spiritus
2027 1999 2158 2038 san-

527 2082 649 2133 ctus
676 2079 924 2134 cultores
953 2095 1084 2134 suos
1108 2095 1495 2151 compungere
1516 2079 1786 2150 dignatus
1815 2080 1902 2133 est
1922 2075 2160 2145 incitati,

526 2173 613 2227 bis
639 2172 698 2227 in
726 2189 879 2228 anno
922 2190 1029 2246 per
1074 2173 1375 2246 parochias
1405 2172 1660 2244 singulas
1691 2171 1933 2226 concilia
1959 2169 2160 2226 haberi

529 2266 866 2337 docuerunt,
914 2271 975 2321 ut
1023 2267 1084 2322 in
1116 2283 1292 2322 unum
1320 2267 1489 2338 juxta
1523 2265 1766 2321 salubris
1792 2263 2162 2320 institutionis

529 2361 803 2432 dogmata
853 2361 1200 2433 congregati,
1257 2378 1362 2433 pro
1411 2359 1802 2417 ecclesiasticis
1829 2358 2012 2414 causis
2041 2363 2158 2414 tra-

528 2455 744 2510 ctandis
787 2455 963 2511 libere
1007 2455 1402 2523 convenirent,
1455 2459 1518 2511 ut
1541 2455 1587 2509 si
1624 2454 1788 2526 juxta
1815 2457 2009 2509 votum
2031 2451 2159 2507 uni-

529 2566 689 2604 versa
714 2550 1050 2620 consistunt,
1096 2551 1280 2605 Deum
1303 2549 1519 2620 junctis
1544 2548 1780 2604 vocibus
1806 2547 1904 2619 qui
1933 2547 2164 2619 praestat

531 2643 856 2699 desiderata
898 2644 1240 2700 collaudent.
1292 2643 1526 2698 Difﬁcile
1569 2647 1654 2698 est
1694 2641 1849 2696 enim
1881 2645 1943 2695 ut
1969 2640 2159 2711 cujus-

528 2755 700 2808 quam
729 2755 828 2794 cor
848 2739 1032 2810 pravis
1058 2739 1136 2792 sic
1164 2737 1600 2808 cogitationibus
1620 2735 1941 2804 induretur,
1961 2739 2076 2788 uta
2101 2749 2162 2788 se

528 2831 782 2904 patiatur
810 2833 1093 2903 culpanda
1118 2831 1263 2900 ﬁeri,
1293 2848 1428 2885 cum
1452 2829 1674 2884 noverit
1698 2846 1757 2884 se
1775 2828 2060 2900 judicium
2079 2829 2165 2883 fu-

532 2929 726 2979 turum
754 2941 875 2980 esse
901 2925 1144 2980 concilii.
1185 2925 1524 2979 Praecinctos
1555 2924 1625 2979 ad
1657 2924 1808 2977 hanc
1837 2921 1994 2976 viam
2014 2938 2158 2978 sem-

531 3035 633 3089 per
658 3017 881 3072 lumbos
907 3018 1175 3088 habeant,
1205 3018 1444 3073 scientes
1466 3017 1746 3072 rationem
1777 3019 2010 3071 actuum
2041 3032 2164 3069 suo-

530 3129 659 3166 rum
703 3129 824 3168 esse
856 3112 1223 3168 reddendam.
1259 3111 1695 3183 Suspendantur
1723 3111 1794 3165 ab
1822 3109 2031 3165 illicitis
2058 3126 2164 3182 per

529 3205 914 3274 formidinem,
939 3211 995 3262 et
1012 3205 1109 3278 qui
1122 3206 1486 3277 nequiverint
1503 3221 1607 3277 per
1625 3205 1920 3277 pudorem.
1943 3207 2016 3260 De
2033 3220 2164 3258 con-

528 3301 808 3357 veniendo
870 3305 1074 3356 notum
1149 3303 1236 3354 est
1292 3315 1534 3354 canones
1606 3301 1832 3354 sanctos
1898 3299 1955 3353 in
2009 3314 2162 3352 anno

531 3394 906 3462 constituisse,
939 3399 996 3449 et
1026 3393 1378 3466 praeﬁnitum
1408 3393 1643 3465 quidem
1686 3393 1732 3448 si
1761 3392 2028 3464 possibile
2055 3396 2161 3462 est,

533 3489 932 3544 inviolabiliter
967 3489 1234 3544 convenit
1267 3487 1559 3543 custodiri.
1601 3487 1710 3543 Sed
1749 3487 1795 3542 si
1827 3492 1925 3542 aut
1953 3491 2166 3557 tempo-

531 3599 662 3638 rum
690 3583 1013 3650 necessitas,
1047 3587 1146 3638 aut
1178 3584 1538 3653 emergentes
1566 3597 1750 3636 causa:
1779 3581 1890 3636 hoc
1918 3596 2034 3635 non
2072 3597 2165 3651 pa-

529 3678 749 3732 tiuntur
775 3676 1023 3748 impleri,
1052 3677 1224 3731 semel
1256 3676 1456 3731 saltem
1501 3675 1764 3747 quamvis
1795 3691 1914 3729 non
1942 3673 2167 3729 licuerit

530 3771 652 3826 sine
685 3770 797 3825 ulla
835 3770 1216 3839 excusatione,
1259 3769 1627 3842 praecipimus
1651 3767 1979 3824 convenire.
2007 3769 2161 3835 Haec,

532 3865 737 3920 fratres
775 3863 1111 3932 charissimi,
1152 3866 1210 3918 et
1235 3863 1349 3918 alia
1377 3879 1506 3935 quae
1531 3865 1763 3918 Patrum
1787 3862 2000 3934 regulis
2025 3878 2162 3916 con-

531 3958 808 4028 tinentur,
840 3958 902 4012 in
920 3957 1084 4012 labiis
1111 3961 1166 4012 et
1192 3957 1252 4011 in
1279 3956 1546 4012 cordibus
1574 3955 1782 4011 nostris
1803 3955 2040 4013 indivisa
2067 3971 2162 4009 re-

533 4053 871 4108 tractatione
899 4051 1269 4119 meditemur,
1299 4054 1358 4107 et
1383 4049 1525 4106 sicut
1543 4050 1818 4122 scriptum
1840 4053 1943 4117 est,
1965 4065 2165 4104 narre-

533 4163 664 4201 mus
691 4163 757 4201 ea
786 4146 915 4200 ﬁliis
943 4146 1170 4213 nostris,
1201 4149 1264 4199 ut
1289 4162 1358 4201 ea
1403 4145 1754 4200 meditantur
1792 4144 1851 4198 in
1897 4143 2165 4198 cordibus

533 4239 668 4309 suis,
698 4239 956 4294 sedentes
987 4239 1044 4292 in
1073 4239 1264 4305 domo,
1292 4239 1650 4292 ambulantes
1677 4237 1735 4291 in
1771 4237 1998 4306 itinere,
2030 4236 2162 4290 dor-

533 4333 774 4388 mientes
821 4338 992 4404 atque
1028 4335 1350 4403 surgentes,
1389 4331 1522 4403 quia
1550 4351 1577 4383 α
1603 4331 1804 4386 beatus
1833 4323 1894 4384 in
1920 4330 2164 4386 Domino

533 4427 632 4499 qui
669 4426 730 4482 in
769 4428 896 4499 lege
933 4427 1054 4499 ejus
1095 4424 1468 4481 meditabitur
1497 4425 1587 4481 die
1629 4441 1694 4480 ac
1726 4428 1890 4481 nocte
1925 4425 2093 4496 (Psai.
2123 4442 2162 4493 ι,

2184 3159 2237 3233 C

530 4524 603 4593 2).
637 4543 665 4572 »
696 4523 811 4578 Hoc
842 4527 897 4578 et
921 4520 1201 4592 magister
1225 4519 1486 4592 gentium
1516 4519 1857 4591 discipulum
1883 4536 2050 4574 suum
2076 4535 2160 4575 se-
2183 4533 2242 4606 D
2335 4552 2521 4608 Prima
2557 4552 2705 4607 salus
2732 4554 2817 4607 est
2845 4553 3014 4606 rectae
3047 4551 3082 4604 ﬁ

532 4621 694 4673 cutus
721 4617 968 4673 instituit
985 4615 1335 4672 admonens:
1360 4615 1482 4669 haec
1501 4613 1802 4684 meditare,
1823 4613 1885 4668 in
1909 4613 1996 4669 his
2017 4617 2162 4684 esto,

533 4711 837 4782 subjiciens
872 4710 1290 4782 plenitudinem
1325 4725 1338 4764 :
1372 4709 1599 4764 attende
1637 4707 1742 4763 tibi
1777 4712 1834 4764 et
1868 4707 2162 4774 doctrinae,

531 4803 687 4876 quia,
721 4805 767 4859 si
794 4805 1055 4860 ﬁdelibus
1081 4804 1202 4860 sine
1221 4802 1644 4860 intermissione
1671 4801 2054 4857 incumbimus
2074 4801 2160 4856 in-

533 4897 761 4969 stitutis,
785 4881 1176 4970 separabimur
1201 4916 1236 4954 a
1251 4898 1420 4966 vitiis,
1449 4898 1588 4952 dum
1601 4897 1860 4968 impensa
1879 4912 2014 4951 cura
2029 4895 2166 4950 divi-

535 5009 610 5046 no
632 4992 791 5063 operi
810 4993 1064 5048 humano
1083 4993 1275 5048 locum
1309 5008 1424 5046 non
1458 4990 1692 5064 reliquit
1711 4990 1910 5046 errori.
1948 4991 2092 5046 Data
2111 5006 2165 5046 Iv

533 5087 717 5142 Nonas
741 5086 966 5158 Aprilis,
988 5089 1242 5158 Agapeto
1265 5088 1309 5140 Il
1341 5085 1591 5140 consule.

530 5185 662 5238 Item
687 5182 914 5253 epistola
941 5181 1242 5237 Hormisdas
1261 5195 1426 5251 papae
1453 5179 1529 5234 ad
1558 5181 1828 5253 episcopos
1860 5181 2161 5249 Hispaniae,

601 5257 662 5309 in
685 5251 797 5324 qua.
816 5255 892 5309 eis
910 5255 1137 5309 Joannis
1167 5251 1756 5324 Constantinopolitani
1779 5253 2015 5324 episcopi
2035 5265 2162 5321 pro-

601 5323 888 5394 fessionem
935 5325 1164 5394 dirigit,
1219 5327 1442 5394 propter
1486 5323 1769 5378 orientales
1819 5323 2034 5378 clericos
2071 5323 2167 5392 qui

604 5414 785 5454 eorum
809 5397 1230 5453 communionem
1252 5397 1634 5466 poposcerunt.

605 5490 798 5566 260
830 5488 1214 5548 Dilectissimis
1236 5487 1508 5544 fratribus
1534 5485 1814 5558 episcopis
1839 5502 1942 5558 per
1962 5485 2160 5558 HiSpa-

528 5585 688 5641 niam
714 5585 1032 5642 constitutis
1058 5586 1360 5640 Honmsns.

602 5681 826 5735 Interea
872 5697 999 5754 quae
1053 5679 1271 5736 notitiae
1319 5681 1529 5734 nostrre
1581 5677 1826 5731 Joannes
1875 5673 2053 5730 frater
2110 5677 2166 5729 et

534 5773 898 5845 coepiscopus
958 5778 1150 5831 noster
1204 5773 1389 5830 studio
1445 5768 1848 5828 Ecclesiasticae
1903 5767 2166 5824 utilitatis

537 5865 792 5934 ingessit,
837 5867 946 5923 hoc
997 5884 1223 5941 quoque
1261 5885 1365 5940 pro
1422 5865 1626 5925 aﬁ'ectu
1675 5863 1963 5921 catholica
2007 5862 2162 5930 ﬁdei,

2255 478 2386 533 dine
2414 495 2484 534 ex
2509 479 2662 533 clero
2691 478 3019 534 Graecorum
3043 478 3396 534 venientibus
3431 481 3586 537 tribui
3617 484 3794 542 deberet

2255 577 2444 627 sancta
2485 573 2835 642 communio,
2880 578 3116 645 propter
3158 589 3386 628 causam
3428 575 3613 632 scilicet
3655 583 3795 635 Acacii

2256 684 2288 721 a
2316 667 2824 738 praedecessoribus
2844 667 3053 723 nostris
3077 683 3181 738 pro
3203 668 3580 724 hereticorum
3596 687 3795 728 commu-

2255 761 2426 816 nione
2474 761 2756 829 damnati,
2796 761 2857 816 in
2898 777 3010 833 qua
3052 762 3152 832 qui
3197 779 3256 816 se
3285 762 3352 816 ab
3383 763 3498 834 ejus
3522 767 3796 836 contagione

2255 871 2369 910 non
2397 854 2671 922 dividunt,
2705 870 2739 908 a
2767 859 2964 910 nostra
2989 855 3390 910 communione
3419 855 3699 912 habeantur
3727 876 3796 914 ex-

2255 948 2424 1020 cepti.
2469 949 2658 1003 Laudo
2700 948 3059 1034 proppsitum
3085 949 3192 1004 viri
3219 949 3327 1004 hoc
3356 951 3470 1004 zelo
3493 950 3623 1005 circa
3653 951 3796 1016 ﬁdem,

2257 1047 2313 1098 et
2338 1042 2640 1114 apostolica
2666 1043 2926 1098 instituta
2954 1043 3243 1112 ferventis,
3288 1047 3350 1098 ut
3375 1060 3548 1115 neque
3569 1061 3657 1115 per
3679 1045 3796 1116 igno-

2256 1137 2504 1192 rantiam
2543 1137 2776 1208 quidem
2803 1153 3133 1209 quanquam
3172 1154 3332 1193 cmno
3357 1138 3551 1193 erroris
3569 1138 3705 1194 alieni
3728 1156 3797 1210 pa-

2255 1235 2494 1298 teretur,
2532 1231 2844 1302 immergit.
2875 1231 3056 1302 Digna
3090 1232 3213 1286 hmc
3239 1248 3376 1286 cura
3399 1231 3637 1286 ﬁdelibus
3656 1235 3707 1286 ut
3721 1233 3798 1286 sol-

2255 1325 2409 1381 licito
2458 1325 2645 1380 studio
2691 1341 2922 1397 semper
2952 1324 3268 1396 invigilent,
3297 1328 3354 1380 et
3380 1324 3666 1396 inculpatos
3688 1342 3732 1380 se
3750 1326 3797 1380 ab

2257 1419 2415 1475 omni
2453 1419 2821 1491 perversitate
2869 1422 3225 1475 conservent.
3274 1421 3402 1491 Ipsa
3439 1423 3521 1476 est
3561 1419 3688 1474 enim
3709 1418 3800 1474 ﬁdei

2255 1513 2587 1570 innocentia
2618 1518 2684 1570 ut
2723 1513 3052 1585 prmvideat,
3085 1530 3159 1568 ne
3189 1514 3278 1568 vel
3307 1530 3435 1569 casu
3463 1513 3618 1585 possit
3647 1529 3798 1568 errare.

2258 1606 2672 1665 Satisfacientes
2693 1608 2871 1680 igitur
2891 1611 2947 1664 et
2956 1607 3334 1664 laudabilibus
3355 1606 3628 1664 desideriis
3645 1607 3802 1662 memo~

2258 1703 2368 1758 rati
2391 1703 2515 1771 viri,
2543 1705 2599 1758 et
2622 1719 2907 1758 memores
2938 1703 3118 1758 nostri
3143 1702 3288 1758 sicut
3325 1705 3543 1775 oportet
3579 1700 3714 1756 ofﬁcii
3732 1701 3804 1756 do-

2259 1801 2528 1853 cumenta
2553 1813 2796 1870 quaeque
2823 1797 2892 1852 de
2922 1797 3181 1854 Ecclesiae
3205 1797 3426 1852 scriniis
3443 1794 3802 1851 assumentesad

2261 1891 2568 1947 concilium
2594 1895 2843 1947 vestrum
2865 1908 2969 1964 pro
2997 1892 3388 1964 generalitatis
3416 1890 3735 1947 instructions
3751 1887 3806 1943 di-

2262 1986 2534 2054 reximus,
2557 1989 2619 2041 ut
2637 2003 2705 2043 ex
2727 1986 2838 2041 illis
2858 1987 3082 2058 plenius
3113 2003 3243 2058 qum
3273 1991 3408 2042 sunt
3439 1990 3557 2041 acta
3574 1984 3803 2046 discentes,

2262 2081 2334 2136 ab
2347 2081 2616 2136 omnivos
2636 2080 2949 2136 errantium
2965 2080 3373 2136 communione
3393 2078 3656 2152 separetis,
3673 2093 3805 2148 neque

2264 2175 2418 2230 enim
2444 2179 2530 2230 est
2555 2174 2871 2246 personalis
2889 2173 3005 2230 odii
3024 2191 3189 2230 causa
3207 2174 3263 2229 in
3282 2174 3491 2246 impios
3510 2176 3805 2243 transgresso

2262 2287 2353 2326 res
2378 2269 2546 2339 dicta,
2580 2270 2693 2324 Deo
2721 2269 3033 2342 inspirante
3060 2269 3371 2339 sententia,
3415 2269 3472 2324 in
3506 2284 3607 2340 qua
3637 2265 3804 2338 quidem

2259 2379 2448 2432 causa,
2461 2379 2825 2434 nequaquam
2837 2379 2870 2417 a
2879 2362 3286 2435 prtedicatione
3300 2361 3690 2430 cessavimus,et
3698 2357 3806 2430 prin-

2262 2458 2416 2530 cipes
2437 2457 2826 2529 supplicando,
2847 2461 2903 2513 et
2923 2457 3265 2526 sacerdotes,
3289 2461 3350 2512 et
3367 2456 3596 2528 populos
3612 2457 3658 2510 et
3674 2452 3810 2508 admo-

2264 2551 2476 2621 nendo,
2516 2555 2580 2606 ut
2620 2555 3072 2623 transgressores
3101 2551 3349 2606 absoluti
3376 2551 3446 2606 ad
3475 2553 3660 2604 rectam
3685 2546 3806 2600 ﬁdem

2264 2645 2469 2701 affectu
2499 2645 2623 2714 Dei,
2653 2648 2710 2700 et
2727 2645 2928 2716 judicii
2953 2645 3158 2700 timore
3190 2648 3595 2700 converterent.
3631 2639 3719 2697 Sed
3740 2639 3811 2693 ob-

2263 2739 2488 2796 stinatio
2512 2738 2837 2794 miseranda
2852 2755 2920 2794 eo
2947 2738 3291 2810 perduxerat
3319 2739 3466 2806 illos,
3489 2743 3547 2792 ut
3569 2734 3710 2790 nullis
3729 2747 3814 2786 mo-

2265 2835 2350 2888 dis
2393 2832 2689 2889 mortifera
2736 2849 2958 2888 venena
2997 2833 3323 2900 vincantur,
3369 2832 3465 2888 sed
3494 2831 3626 2886 mala
3656 2827 3816 2883 semina

2262 2928 2384 2982 ﬁxis
2402 2929 2461 2982 in
2479 2927 2724 2983 deterius
2742 2926 3025 2998 pullulent
3042 2926 3352 2982 radicibus.
3375 2928 3520 2998 Ergo
3543 2917 3816 2978 dilectissimi

2262 3023 2467 3077 fratres
2483 3022 2552 3076 ad
2573 3021 2768 3076 omnia
2784 3024 3176 3093 competentes
3193 3019 3480 3088 instructi,
3495 3032 3686 3074 servare
3698 3030 3769 3068 vos
3781 3015 3818 3066 et

2264 3113 2573 3171 Ecclesiam
2598 3115 2700 3170 Dei
2728 3114 2984 3186 Apostoli
3004 3112 3403 3170 exhortatione
3424 3108 3726 3184 compuncti.
3743 3107 3820 3160 Nos

2263 3212 2453 3264 autem
2471 3208 2732 3263 libellum
2752 3207 3032 3275 misimus,
3056 3207 3160 3262 sub
3184 3224 3299 3279 quo
3323 3207 3370 3262 si
3391 3206 3515 3280 quis
3534 3199 3818 3260 communio-

2264 3320 2397 3360 nem
2423 3307 2667 3358 vestram
2701 3303 2769 3358 de
2796 3301 3162 3358 orientalibus
3189 3301 3413 3357 clericis
3447 3296 3746 3372 poposcerit,
3771 3291 3819 3346 ad

2264 3413 2390 3453 eam
2410 3397 2587 3468 possit
2599 3395 2843 3460 admitti,
2865 3395 3184 3451 secundum
3205 3411 3387 3468 quam
3408 3400 3464 3450 et
3479 3395 3546 3449 de
3564 3389 3767 3447 Thraciae
3784 3388 3822 3439 et

2264 3490 2522 3562 Scythiae,
2551 3490 2874 3562 lllyricique
2891 3489 3152 3562 partibus
3175 3489 3262 3545 vel
3282 3489 3443 3562 Epiri
3466 3485 3672 3552 veteris,
3694 3480 3769 3537 sed
3783 3482 3823 3532 et

2263 3585 2576 3641 secundum
2602 3601 2776 3656 quam
2815 3584 2884 3640 de
2926 3584 3103 3656 Syria:
3133 3584 3345 3639 multos
3365 3584 3490 3655 jam
3515 3582 3705 3637 constat
3738 3588 3825 3630 esse

2265 3681 2571 3751 susceptos,
2613 3678 2929 3748 gaudentes
2967 3678 3040 3734 ad
3084 3681 3240 3733 recta
3289 3677 3593 3744 conﬂuere,
3639 3674 3688 3727 et
3710 3665 3825 3725 devia

2265 3773 2591 3829 declinasse.
2617 3772 2777 3828 Unde
2797 3789 2900 3844 pro
2921 3771 3284 3844 subreptione
3312 3773 3643 3828 mandamus
3667 3770 3716 3821 ut
3735 3779 3824 3818 om-

2266 3867 2352 3922 nis
2373 3883 2508 3922 cura
2528 3869 2586 3922 et
2610 3865 2933 3922 sollicitudo
2959 3865 3147 3921 omnis
3170 3865 3456 3938 invigilet,
3477 3865 3592 3937 jam
3613 3859 3766 3918 nullus
3795 3852 3826 3906 si

2263 3961 2604 4034 ignorantia:
2626 3961 2805 4027 locus,
2833 3961 3022 4015 nullus
3043 3964 3236 4015 utatur
3253 3958 3625 4032 simplicitatis
3648 3965 3825 4010 excusa-

2263 4056 2419 4112 tione
2445 4054 2749 4127 praaterita.
2777 4053 2991 4109 Scienti
3014 4069 3246 4126 peccare
3270 4052 3590 4109 necessaria
3610 4043 3826 4105 confessio

2263 4155 2366 4206 est.
2397 4150 2628 4205 Necesse
2654 4152 2739 4204 est
2757 4152 2823 4203 ut
2847 4164 3104 4204 errorem
3131 4147 3236 4203 sibi
3265 4148 3479 4204 scribat
3496 4147 3591 4219 qui
3607 4145 3824 4200 monstra-

2262 4249 2356 4300 tur
2382 4243 2654 4298 institisse
2675 4259 2844 4314 pravo
2871 4242 3079 4298 itineri.
3114 4242 3453 4298 Bonefacius
3483 4239 3714 4296 notarius
3729 4248 3826 4288 san-

2263 4341 2368 4393 ctae
2397 4337 2654 4394 Ecclesia:
2675 4337 2947 4392 Romanae
2969 4352 3038 4392 ex
3060 4336 3270 4391 scrinio
3297 4335 3442 4392 editi
3469 4329 3772 4405 exemplaria
3785 4324 3828 4380 li-

2263 4432 2392 4488 belli
2419 4431 2765 4503 exsequitur.

3090 4550 3184 4605 dei
3213 4551 3479 4621 regulam
3509 4545 3770 4610 custodire,
3791 4544 3830 4595 et

2263 4663 2295 4700 a
2342 4645 2660 4701 constitutis
2693 4647 2926 4700 Patrum
2967 4643 3297 4699 nullatenus
3348 4644 3601 4709 deviare;
3656 4643 3703 4694 et
3736 4632 3832 4708 quia

2264 4756 2379 4795 non
2418 4742 2608 4811 potest
2649 4739 2877 4794 Domini
2921 4737 3104 4792 nostri
3128 4739 3264 4793 Jesu
3291 4737 3500 4795 Christi
3537 4725 3830 4808 praetermitti

2263 4833 2566 4900 sententia,
2601 4832 2840 4888 dicentis
2871 4849 2884 4887 :
2917 4853 2947 4882 «
2977 4833 3056 4887 Tu
3102 4848 3162 4888 es
3191 4833 3416 4900 Petrus,
3451 4835 3508 4888 et
3543 4843 3700 4902 super
3726 4824 3833 4880 hanc

2265 4933 2485 5000 petram
2505 4926 2801 4982 aediﬁcabo
2824 4925 3129 4981 Ecclesiam
3155 4942 3348 4981 meam
3377 4927 3587 4996 (Matth.
3612 4917 3830 4985 “118),”

2265 5024 2370 5077 etc.
2383 5064 2396 5090 ,
2424 5022 2545 5076 haec
2563 5037 2690 5094 qua:
2710 5020 2860 5075 dicta
2882 5024 3014 5075 sunt
3036 5035 3232 5074 rerum
3251 5019 3565 5092 probantur
3581 5010 3830 5073 eﬁ'ectibuS.

2266 5115 2400 5187 quia
2443 5115 2502 5170 in
2546 5114 2679 5169 sede
2716 5113 3027 5186 apostolica
3054 5117 3215 5169 extra
3241 5115 3529 5169 maculam
3558 5102 3831 5180 semperest

2263 5209 2542 5264 catholica
2564 5210 2787 5263 servata
2813 5207 3031 5278 religio.
3056 5209 3131 5264 De
3158 5225 3272 5279 qua
3297 5223 3422 5279 spe,
3452 5213 3510 5263 et
3527 5205 3630 5261 ﬁde
3647 5196 3832 5258 minime

2265 5301 2512 5374 separari
2549 5302 2860 5374 cupientes,
2891 5305 2948 5356 et
2976 5303 3206 5357 Patrum
3237 5304 3548 5374 sequentes
3570 5294 3832 5353 constituta.

2263 5391 2808 5448 anathematizamus
2852 5407 3049 5447 omnes
3091 5391 3354 5459 haereses,
3389 5388 3659 5462 prtecipue
3681 5381 3832 5439 Nesto-

2264 5487 2415 5542 rium
2451 5485 2810 5553 haareticum,
2848 5484 2946 5558 qui
2985 5485 3273 5558 quondam
3313 5472 3830 5550 Constantinopolita-

2267 5597 2356 5636 nze
2405 5580 2512 5635 fuit
2563 5579 2722 5634 urbis
2777 5579 3098 5651 episcopus,
3151 5578 3493 5634 damnatum
3543 5576 3597 5630 in
3643 5562 3832 5628 concilio

2265 5675 2552 5747 Ephesino
2569 5691 2602 5728 a
2616 5674 2783 5729 beato
2803 5673 3106 5729 Caelestino
3122 5689 3272 5746 papa
3285 5671 3448 5727 urbis
3465 5672 3666 5732 Romae,
3681 5666 3758 5718 ets
3771 5670 3833 5708 ve-

2265 5768 2504 5824 nerabili
2531 5768 2651 5824 viro
2677 5767 2884 5839 Cyrillo
2921 5765 3320 5823 Alexandrinae
3352 5762 3590 5820 civitatis
3622 5752 3830 5814 antistite.

2269 5861 2539 5918 Similiter
2566 5860 3111 5919 anathematizamus
3139 5859 3461 5932 Eutichem,
3492 5860 3547 5914 et.
3565 5854 3831 5913 Dioscorum
