4062 6188
271 307 400 360 1045

1495 304 1962 360 υΕΟΒΕΤΑῌΕΜ
2001 302 2388 358 COLLECTIO.

3491 303 3621 355 1046

259 412 720 469 Alexandrinum
747 413 807 466 in
837 417 1028 467 sancta
1059 414 1274 484 synodo
1305 429 1476 484 quam
1508 415 1805 485 sequimur
1835 417 1893 467 et
1912 423 1970 496 Α
1992 411 2186 482 Neque
2213 411 2368 466 enim
2393 411 2820 467 difficultatibus
2850 417 2935 467 est
2959 411 3295 466 cedendum.
3324 411 3443 465 Non
3467 409 3640 465 enim'

261 506 667 577 amplectimur
691 505 1141 562 Chalcedonensi
1173 507 1528 576 damnatum,
1553 525 1679 579 qua
1702 511 1897 563 secuta

261 606 528 655 sanctum
548 600 853 655 concilium
873 599 1164 655 Nicanum
1184 601 1358 656 fidem
1377 602 1742 672 apostolicam
1758 619 1898 672 pra-

259 694 490 749 dicavit.
521 695 884 749 Detestamur
911 699 966 749 et
996 694 1362 750 Timotheum
1393 694 1735 766 parricidam
1767 695 1894 750 Hel-

261 790 456 843 lurum
505 793 914 860 cognomento,
957 788 1298 859 discipulum
1352 805 1580 861 quoque
1620 789 1794 860 ipsius
1841 793 1899 844 et

261 899 570 955 sequacem
597 882 656 937 iu
695 882 965 937 omnibus
1012 884 1242 938 Petrum
1279 882 1720 938 Alexandrinum
1759 899 1894 937 con-

262 978 625 1031 demnemus.
658 976 843 1030 Etiam
883 977 1434 1032 anathematizamus
1460 976 1726 1032 Acacium
1749 977 1894 1032 Con-

263 1070 842 1141 stantinopolitanum
872 1071 1168 1141 quondam
1196 1071 1544 1142 episcopum,
1567 1072 1639 1126 ab
1667 1075 1894 1142 aposto-

263 1165 375 1219 lica
396 1164 530 1219 sede
551 1164 907 1231 damnatum,
923 1180 1125 1218 eorum
1143 1164 1484 1236 complicem
1504 1167 1561 1220 et
1577 1181 1895 1237 sequacem,

263 1260 354 1312 vel
385 1257 482 1329 qui
519 1258 578 1311 in
618 1273 818 1320 eorum
860 1258 1268 1312 communione
1306 1259 1744 1330 permanserint.
1793 1260 1900 1323 Qui

262 1352 520 1418 Aeacius,
550 1367 799 1422 quorum
839 1368 899 1405 se
945 1351 1334 1407 communioni
1376 1352 1606 1407 miscuit
1643 1353 1900 1424 ipsorum

261 1446 511 1500 similem
538 1445 749 1500 habere
795 1446 1006 1500 meruit
1035 1445 1092 1499 in
1121 1445 1485 1502 damnatione
1533 1447 1896 1502 sententiam.

264 1542 498 1595 Petrum
523 1538 901 1594 nihilominus
930 1539 1344 1594 Antiochenum
1385 1541 1732 1595 damnamus
1767 1557 1901 1596 cum

265 1633 603 1705 sequacibus
633 1633 768 1699 suis,
801 1636 858 1688 et
891 1633 1159 1688 omnibus
1199 1634 1615 1706 suprascriptis.
1651 1634 1900 1706 Suscipi-

265 1745 399 1782 mus
414 1732 604 1782 autem
625 1730 683 1781 et
709 1726 1020 1798 probamus
1047 1727 1314 1798 epistolas
1339 1727 1489 1782 beati
1508 1728 1712 1783 Leonis
1738 1745 1903 1801 papa

267 1823 561 1877 universas
591 1837 730 1892 quas
769 1821 838 1876 de
868 1820 1155 1891 religione
1185 1820 1507 1876 Christiana
1547 1823 1900 1894 conscripsit,
1922 1798 1980 1871 B

267 1917 414 1970 sicut
437 1915 802 1986 pradiximus
827 1919 1131 1986 sequentes
1155 1915 1214 1969 in
1246 1915 1513 1970 omnibus
1537 1917 1904 1988 apostolicam

267 2010 488 2076 sedem,
511 2012 570 2063 et
588 2008 962 2080 pradicantes
991 2008 1189 2063 omnia
1215 2010 1338 2081 ejus
1367 2011 1690 2065 constituta.
1715 2012 1782 2065 Et
1803 2027 1906 2081 per

267 2104 466 2158 omnia
493 2119 657 2174 spero
680 2108 746 2157 ut
770 2102 830 2157 in
851 2118 964 2156 una
985 2103 1388 2158 communione
1409 2104 1702 2159 vobiscum
1732 2121 1906 2176 quam

267 2199 432 2252 sedes
472 2196 784 2268 apostolica
826 2197 1115 2267 pradicat,
1148 2213 1270 2251 esse
1299 2214 1547 2267 merear,
1579 2198 1638 2253 in
1681 2215 1793 2271 qua
1821 2202 1908 2254 est

266 2293 499 2362 integra
541 2295 595 2346 et
634 2306 768 2346 vera
810 2291 1148 2346 Christiana
1196 2291 1510 2362 religionis,
1556 2297 1612 2347 et
1656 2293 1907 2364 perfecta

269 2385 549 2448 soliditas,
596 2385 936 2456 promittens
992 2387 1370 2457 sequestratos
1421 2403 1454 2440 a
1501 2387 1906 2443 communione

268 2479 534 2533 Ecclesia
578 2479 884 2546 catholica,
926 2479 984 2534 id
1023 2482 1126 2546 est,
1162 2495 1278 2534 non
1324 2481 1743 2535 consentientes
1783 2481 1904 2536 sedi

268 2573 611 2644 apostolica,
637 2589 839 2628 eorum
868 2573 1106 2627 nomina
1130 2573 1279 2628 inter
1301 2589 1455 2628 sacra
1479 2591 1596 2629 non
1619 2575 1907 2630 recitanda

269 2683 395 2722 esse
424 2666 712 2738 mysteria.
745 2667 910 2731 Quod
940 2667 987 2720 si
1016 2667 1073 2721 in
1105 2666 1302 2738 aliquo
1329 2684 1363 2721 a
1389 2683 1518 2723 mea
1556 2668 1905 2740 professione

273 2760 503 2816 deviare
561 2764 866 2828 tentavero,
915 2761 1002 2814 his
1045 2777 1186 2832 quos
1229 2761 1515 2829 damnavi,
1570 2763 1904 2834 complicem

271 2873 368 2909 me
387 2871 514 2909 mea
527 2856 807 2910 sententia
830 2872 950 2910 esse
974 2856 1266 2926 profiteor.
1292 2857 1448 2910 Hanc
1475 2861 1670 2912 autem
1691 2859 1906 2928 profes-

271 2951 495 3004 sionem
509 2965 697 3004 meam
713 2967 822 3020 ego
840 2967 1015 3004 manu
1033 2965 1162 3005 mea
1183 2949 1508 3021 subscripsi,
1525 2954 1582 3005 et
1596 2951 1906 3006 Hormisda

273 3047 473 3098 sancto
502 3060 566 3098 ac
595 3043 904 3098 venerabili
932 3060 1090 3114 papa
1123 3043 1280 3098 urbis
1305 3045 1502 3099 Roma
1533 3044 1735 3099 direxi.

275 3164 348 3216 De
398 3162 829 3216 reconciliatione
889 3164 1161 3241 Romaaa
1192 3167 1241 3216 et
1302 3163 1984 3241 Constantinopolitanac

960 3234 1225 3288 Ecclesiae.

346 3325 719 3381 Dilectissimo
745 3325 912 3380 fratri
948 3328 1244 3382 Eripiumo
1279 3328 1586 3383 HORMISDA.

348 3420 517 3474 Multo
539 3419 749 3490 gaudio
772 3436 896 3474 sum
924 3421 1170 3492 repletus
1192 3421 1346 3492 quod
1367 3421 1516 3476 circa
1535 3421 1798 3476 Ecclesia
1819 3439 1912 3493 pa-

276 3531 426 3581 cem,
458 3517 515 3568 et
550 3512 891 3568 sanctissimi
927 3513 1313 3586 imperatoris,
1343 3518 1402 3570 et
1430 3514 1748 3570 dilectionis
1777 3518 1910 3583 tua,

275 3609 390 3663 tale
405 3607 656 3663 studium
671 3607 875 3664 litteris
886 3607 1166 3677 indicasti,
1183 3609 1335 3680 quod
1348 3610 1672 3681 legatorum
1684 3626 1911 3682 quoque

276 3718 543 3756 meorum
575 3701 886 3756 assertiéne
909 3702 1145 3772 cognovi
1171 3701 1562 3757 manifestum.
1594 3702 1734 3757 Hinc
1754 3702 1909 3758 enim

273 3812 543 3866 superna
601 3795 1001 3850 misericordia
1061 3795 1477 3851 documentum
1547 3797 1908 3868 perdocetur,

275 3889 509 3962 quando
537 3895 594 3944 et
619 3889 894 3944 mundani
929 3889 1214 3962 principes
1239 3906 1438 3945 causas
1467 3889 1603 3945 fidei
1642 3907 1773 3945 cum
1799 3890 1912 3946 rei-

277 3983 522 4055 publica
577 3983 934 4038 ordinatione
987 3984 1369 4056 conjungunt,
1425 3989 1481 4040 et
1533 3985 1913 4040 Ecclesiarum

279 4077 550 4150 prasules
571 4078 723 4150 quod
750 4078 823 4132 ad
845 4077 1333 4149 dispensationem
1361 4078 1447 4133 sui
1470 4078 1719 4150 pertinet
1742 4079 1915 4134 officii

278 4188 565 4226 memores
593 4177 1006 4244 exsequuntur.
1034 4172 1259 4226 Talibus
1285 4173 1441 4226 enim
1468 4173 1767 4244 indigebat
1791 4177 1918 4244 post

279 4265 575 4320 discordia
597 4266 873 4336 procellas
893 4265 1098 4336 religio
1117 4265 1437 4322 Christiana
1457 4266 1774 4321 rectoribus
1794 4267 1913 4338 qui,

279 4359 617 4430 compressis
663 4359 902 4431 provida
953 4359 1376 4431 dispensatione
1425 4359 1770 4427 turbinibus,
1818 4360 1916 4414 diu

279 4453 708 4526 peregrinatam
725 4469 924 4524 pacem
941 4453 1181 4523 depulsa
1199 4455 1540 4524 tempestate
1562 4453 1914 4520 reducerent,

1996 505 2274 576 fatigatur
2305 507 2518 576 asperis
2559 506 2718 574 fides,
2747 522 2854 560 nec
2898 505 2971 560 ad
3007 506 3276 560 calorum
3308 503 3481 558 ardua
3521 520 3624 575 per

1997 599 2245 671 proclive
2273 599 2656 669 contenditur,
2691 615 2795 654 nec
2822 599 3345 655 remunerationem
3371 598 3512 652 citra
3540 597 3624 651 la-

1995 692 2151 748 boris
2183 692 2513 748 exercitium
2543 694 2671 764 quis
2716 696 2989 748 meretur.
3035 693 3194 748 Unde
3234 709 3309 746 ne
3355 691 3626 746 facientes

1996 787 2149 842 bona
2207 786 2556 856 deficiamus,
2613 787 2932 858 specialiter
3005 787 3401 855 admonemur,
3455 785 3627 839 etiam

1997 883 2138 936 teste
2166 879 2463 936 Psalmista
2491 898 2503 934 :
2530 900 2557 931 «
2585 881 2742 935 Beati
2774 882 2871 952 qui
2898 881 3225 936 custodiunt
3248 864 3547 951 judicium,
3571 880 3629 932 et

1996 975 2215 1030 faciunt
2235 974 2516 1046 justitiam
2548 975 2607 1029 in
2647 975 2804 1029 omni
2830 979 3089 1046 tempore
3122 975 3339 1045 (Psalm.
3370 989 3456 1042 cv,
3491 972 3562 1044 3),
3599 995 3625 1021 ››

1999 1069 2135 1140 quia
2171 1085 2284 1124 non
2315 1068 2543 1124 initium
2585 1068 2798 1123 laboris
2839 1069 3364 1124 remunerationem
3400 1065 3627 1139 pramii

1999 1162 2293 1218 consuevit
2317 1163 2598 1230 invenire,
2622 1163 2721 1218 sed
2749 1162 3052 1218 terminus.
3073 1163 3221 1235 Ergo
3247 1162 3496 1217 studium
3523 1160 3629 1214 sol-

1999 1256 2312 1311 licitudinis
2342 1256 2634 1324 assumite,
2657 1255 2864 1328 quibus
2894 1262 2980 1311 est
2998 1272 3115 1310 una
3138 1255 3196 1310 in
3224 1254 3630 1310 communione

2001 1350 2235 1405 societas
2251 1354 2308 1405 et
2321 1351 2628 1406 credulitas
2644 1350 3135 1422 quemadmodum
3157 1350 3228 1404 de
3247 1349 3465 1404 unitate
3486 1347 3632 1402 sedis

1998 1444 2344 1516 apostolica,
2374 1448 2432 1500 et
2455 1444 3101 1516 Coustantinopolitana
3133 1443 3394 1498 Ecclesia
3423 1441 3634 1513 pariter

2001 1539 2345 1592 exsultamus
2389 1538 2447 1591 in
2498 1539 2773 1607 Domino;
2803 1537 2878 1593 ita
2909 1538 2980 1592 de
3012 1537 3367 1608 reliquorum
3407 1551 3632 1607 quoque

2002 1631 2148 1686 sicut
2166 1630 2466 1686 affectione
2493 1631 2770 1686 admones
2802 1631 3248 1702 reintegratione
3278 1630 3556 1695 latemur,
3580 1633 3635 1682 et

2003 1741 2270 1779 curemus
2296 1725 2550 1796 primum
2571 1728 2633 1778 ut
2653 1725 2827 1779 ﬁdem
2853 1724 3355 1795 integritatemque
3376 1725 3633 1778 nostram

2003 1818 2429 1873 immaculatam
2457 1819 2528 1872 ab
2560 1819 2717 1873 omni
2753 1817 3096 1889 contagione
3137 1833 3454 1884 servemus;
3488 1815 3632 1870 nosti

2005 1911 2181 1980 enim,
2209 1912 2389 1967 frater
2414 1911 2766 1979 charissime,
2800 1928 2863 1966 ac
2892 1911 3258 1977 sanctissime,
3284 1910 3417 1980 quia
3445 1908 3631 1963 Eccle-

2005 2006 2228 2060 siastica
2254 2009 2482 2062 servant
2511 2006 2737 2061 vincula
2761 2004 3120 2060 concordiam
3146 2021 3270 2075 qua
3292 2021 3395 2057 nos
3416 2003 3485 2057 ab
3510 2003 3630 2057 ha-

2004 2099 2310 2155 reticorum
2330 2105 2601 2156 tueantur
2620 2100 2860 2169 insidiis,
2880 2115 2983 2170 per
3001 2115 3129 2171 qua
3149 2099 3324 2152 etiam
3342 2112 3633 2152 canonum

2005 2193 2327 2248 custoditur
2344 2193 2663 2265 integritas.
2685 2193 2852 2247 Hisin
2873 2193 3073 2247 robore
3100 2209 3202 2246 suo
3225 2191 3383 2246 omni
3401 2191 3637 2245 circum-

2005 2287 2290 2358 spectione
2311 2288 2564 2355 servatis,
2589 2287 2842 2342 remedia
2863 2286 3224 2359 sperantibus
3245 2285 3633 2340 conferuntur.

2009 2381 2186 2437 Habet
2231 2381 2384 2436 enim
2437 2381 2941 2437 ecclesiasticarum
2994 2379 3135 2436 ordo
3184 2380 3532 2452 regularum.
3583 2382 3640 2432 et

2005 2477 2184 2547 ipsius
2211 2478 2400 2532 forma
2418 2477 2656 2548 justitia
2685 2480 2749 2531 ut
2774 2477 3062 2532 medicina
3095 2474 3446 2530 rationabilis
3471 2473 3635 2528 beni-

2006 2587 2156 2642 gna,
2188 2576 2244 2648 et
2269 2570 2516 2625 fideliter
2543 2571 2898 2642 sperantibus
2921 2586 3040 2626 non
3070 2573 3332 2640 negetur,
3356 2585 3458 2624 nec
3478 2567 3635 2639 quis-

2006 2681 2180 2736 quam
2212 2666 2288 2720 ita
2317 2670 2402 2720 est
2426 2665 2496 2718 ab
2522 2664 2880 2720 humanitate
2910 2663 3204 2732 discretus,
3238 2679 3412 2734 quem
3453 2678 3570 2716 non
3604 2678 3637 2715 a

2008 2759 2195 2829 rigore
2227 2758 2586 2813 discretionis
2614 2757 2852 2812 inclinet
2881 2762 3046 2812 cauta
3071 2757 3426 2829 simplicitas.
3451 2755 3555 2812 Sed
3579 2759 3640 2810 ut

2007 2856 2172 2907 caute
2202 2853 2310 2907 hoc
2343 2857 2687 2924 caterasquc
2714 2851 2997 2923 querelas,
3028 2854 3127 2905 aut
3146 2867 3369 2906 errores
3399 2849 3639 2921 alicujus

2007 2963 2075 3002 eo
2123 2947 2309 3001 valeas
2355 2945 2644 3017 expedire,
2693 2945 3054 3000 dilectissime
3099 2945 3292 3010 frater,
3336 2959 3640 3015 personam

2007 3057 2196 3096 meam
2222 3044 2278 3095 te
2305 3040 2366 3094 in
2385 3041 2495 3094 hoc
2527 3044 2754 3112 oportet
2779 3040 3040 3109 induere,
3062 3039 3338 3094 scientem
3366 3039 3422 3092 in
3445 3038 3639 3109 hujus-

2009 3135 2166 3188 modi
2208 3133 2411 3200 causis,
2442 3134 2586 3188 sicut
2623 3133 2963 3204 pradictum
3011 3136 3115 3202 est,
3148 3133 3286 3203 quid
3325 3131 3643 3186 cavendum

2011 3227 2114 3294 sit;
2142 3227 2223 3282 ita
2251 3226 2442 3282 omnia
2473 3227 2923 3298 pravidendum,
2951 3230 3015 3280 ut
3041 3242 3157 3280 non
3188 3225 3447 3296 ambigas
3468 3229 3524 3278 te
3557 3241 3646 3278 ra-

2009 3321 2228 3376 tionem
2257 3320 2696 3392 dispensationis
2726 3320 2898 3392 hujus
2942 3321 3058 3374 Deo
3099 3335 3219 3374 esse
3263 3317 3640 3385 reddendam,

2011 3415 2088 3468 ita
2127 3418 2323 3468 tamen
2374 3418 2438 3469 ut
2485 3429 2580 3468 eos
2627 3413 2722 3484 qui
2771 3413 2928 3468 vobis
2972 3412 3185 3467 fuerint
3239 3411 3642 3466 communione

2012 3508 2226 3575 sociati,
2272 3507 2360 3562 vel
2414 3523 2517 3580 per
2564 3523 2662 3562 vos
2705 3506 2823 3561 sedi
2876 3505 3199 3577 apostolica
3251 3509 3428 3558 vestra
3476 3503 3644 3557 nobis

2011 3602 2220 3674 scripta
2245 3601 2552 3668 declarent,
2577 3600 2786 3673 quibus
2817 3599 2991 3654 etiam
3023 3603 3080 3653 et
3107 3598 3204 3669 qui
3235 3596 3642 3652 continentiam

2013 3696 2335 3751 libellorum
2372 3695 2700 3764 obtulerint,
2735 3693 3036 3748 inseratur.
3070 3692 3161 3748 Sic
3185 3692 3342 3746 enim
3373 3695 3430 3745 et
3454 3690 3644 3747 Severi

2014 3791 2096 3844 vel
2125 3789 2359 3862 Sulpicii
2375 3789 2463 3843 vel
2484 3788 2844 3859 complicum,
2865 3792 2963 3842 aut
2987 3786 3261 3841 similium
3283 3785 3643 3840 absolvemus

2013 3900 2255 3939 errores.
2286 3884 2395 3938 Nec
2421 3899 2622 3938 eorum
2653 3882 2751 3954 qui
2784 3881 2973 3936 sanari
3003 3880 3311 3952 potuerint,
3343 3877 3644 3949 dispendia

2015 3977 2321 4049 patiamur.
2365 3976 2527 4041 Quod
2575 3976 2707 4032 ideo
2731 3975 2891 4030 vobis
2931 3973 3250 4046 specialiter
3292 3971 3644 4027 credidimus

2016 4071 2427 4143 imponendum
2450 4071 2520 4125 ad
2547 4070 2899 4142 diligentiam
2919 4072 3165 4124 vestram
3189 4085 3222 4122 a
3249 4069 3440 4121 nostro
3470 4081 3646 4120 onere

2017 4165 2437 4234 transferentes,
2467 4164 2601 4235 quia
2626 4181 2744 4219 non
2775 4179 2949 4235 parva
2969 4162 3094 4234 jam
3137 4162 3478 4217 documenta
3501 4158 3642 4214 resi-

2018 4263 2230 4314 stentes
2249 4257 2529 4313 hareticis
2554 4256 2896 4325 reddidistis,
2918 4272 3020 4311 nec
3041 4255 3207 4310 debet
3231 4254 3300 4309 de
3321 4270 3388 4308 eo
3410 4252 3644 4323 ambigi,

2017 4369 2192 4424 quem
2219 4352 2366 4407 bene
2392 4350 2699 4422 contigerit
2729 4349 3032 4421 explorari.
3066 4349 3251 4404 Simul
3277 4364 3500 4402 assume
3525 4362 3644 4400 me-

2019 4446 2205 4500 delam
2235 4445 2557 4513 medicina,
2592 4444 2760 4498 simul
2789 4443 3084 4514 accingere
3111 4441 3446 4496 auctoritate
3474 4440 3644 4510 justi-
3715 4497 3718 4499 Α

281 4551 347 4601 ut
374 4547 428 4601 in
460 4547 651 4601 futura
690 4551 819 4618 post
849 4547 1056 4600 sacula
1095 4547 1165 4600 ad
1197 4546 1477 4618 propositi
1521 4546 1607 4600 sui
1653 4548 1916 4617 exempla
1935 4540 1994 4612 D
2017 4538 2128 4594 tia.
2158 4540 2223 4592 Et
2249 4538 2327 4592 sic
2353 4538 2504 4592 circa
2532 4537 2821 4608 simplices
2850 4537 3206 4591 humanitate
3234 4533 3474 4601 mollire,
3508 4532 3645 4586 utin

281 4641 606 4706 tendentes,
636 4639 742 4694 sibi
786 4640 857 4694 ad
897 4639 1265 4694 scribendum
1304 4640 1698 4694 indubitanter
1724 4645 1911 4695 osten-

279 4735 508 4802 derent,
528 4733 806 4805 quidquid
835 4734 945 4787 Deo
974 4733 1246 4804 placitum
1271 4733 1509 4804 posteris
1534 4750 1638 4804 pro
1658 4751 1760 4789 sua
1777 4733 1913 4788 imi-

273 4828 497 4884 tatione
535 4827 822 4882 fecissent.
871 4827 1286 4881 Benedicamus
1335 4827 1665 4895 Dominum,
1713 4827 1916 4883 fratres

277 4921 621 4988 charissimi,
654 4921 758 4975 hoc
785 4920 980 4975 diebus
1013 4920 1219 4975 nostris
1258 4921 1428 4976 fuisse
1471 4937 1826 4988 concessum,
1861 4925 1919 4978 et

280 5015 417 5069 totis
449 5015 799 5082 orationum,
829 5019 882 5069 et
914 5030 1180 5069 curarum
1211 5014 1425 5069 viribus
1471 5015 1821 5083 adnitamur,
1852 5019 1918 5070 ut

278 5125 413 5181 qua
448 5108 547 5162 Dei
576 5125 746 5179 opere
774 5108 920 5164 bene
947 5111 1132 5179 capta
1163 5111 1314 5176 sunt,
1345 5108 1464 5179 ipso
1484 5108 1790 5179 adjuvante
1817 5124 1918 5179 per

278 5203 478 5257 omnia
531 5203 954 5273 compleantur.
1003 5202 1362 5273 Sperandum
1404 5202 1558 5257 enim
1606 5208 1708 5270 est,
1740 5206 1799 5256 ut
1845 5203 1917 5256 ad

278 5311 619 5366 compagem
651 5296 904 5366 corporis
934 5297 1021 5350 sui
1049 5296 1266 5367 reliqua
1294 5312 1421 5368 qua
1459 5295 1646 5350 adhuc
1686 5296 1913 5365 desunt,

278 5390 562 5456 membra,
597 5388 883 5458 festinent,
916 5394 972 5444 et
1001 5406 1034 5444 a
1063 5389 1382 5460 potioribus
1422 5389 1651 5444 minora
1675 5405 1793 5443 non
1826 5389 1913 5442 di-

278 5487 565 5554 screpant.
601 5483 681 5537 Ad
712 5483 864 5554 quod
896 5499 988 5538 me
1016 5499 1143 5537 cum
1199 5482 1428 5537 dilectio
1457 5487 1555 5536 tua
1582 5481 1916 5536 Christiana

275 5577 468 5631 studio
497 5576 793 5631 charitatis
819 5576 1106 5646 hortatur,
1131 5576 1299 5631 debet
1326 5575 1477 5646 quod
1502 5575 1704 5629 invitat
1733 5574 1914 5646 sequi,

276 5674 336 5725 et
361 5670 514 5742 quod
547 5669 855 5724 amandum
887 5670 1084 5724 suadet
1127 5668 1416 5740 amplecti.
1460 5667 1716 5723 Similem
1760 5668 1917 5722 enim

271 5765 397 5833 jam
420 5763 555 5818 fidei
581 5779 777 5818 curam
810 5769 1075 5835 gerentes
1097 5779 1202 5835 per
1227 5761 1552 5833 religiosam
1583 5761 1915 5832 patientiam

280 5872 384 5928 par
401 5857 569 5912 etiam
590 5858 890 5928 pramium
917 5857 985 5913 de
1001 5857 1137 5912 boni
1162 5855 1350 5928 operis
1372 5871 1668 5926 speramus
1687 5853 1907 5910 affectu.

2019 4631 2415 4687 hareticorum
2460 4631 2798 4700 contagione
2843 4629 3236 4700 perdurantes,
3271 4632 3366 4680 aut
3408 4643 3501 4680 eos
3547 4625 3647 4697 qui

2017 4725 2400 4781 innocentiam
2427 4723 2719 4789 simulant,
2747 4728 2800 4777 et
2826 4738 2957 4775 eum
2982 4721 3190 4776 nostris
3214 4720 3333 4774 sola
3359 4736 3491 4774 voce
3512 4736 3644 4774 con-

2018 4819 2286 4884 sentiunt,
2321 4818 2390 4872 ab
2431 4817 2521 4871 his
2546 4816 2753 4888 quibus
2780 4831 2880 4887 pro
2909 4815 3164 4869 Ecclesia
3203 4814 3648 4885 reintegratione

2018 4913 2330 4968 consulitur
2379 4916 2433 4966 et
2490 4909 2835 4980 providetur,
2890 4908 3277 4963 excludantur.
3336 4909 3444 4962 Nec
3493 4907 3647 4961 enim

2019 5006 2249 5078 expedit
2260 5005 2409 5059 circa
2421 5021 2518 5059 eos
2535 5002 2975 5059 ecclesiasticam
2996 5007 3314 5074 temperare
3326 5017 3646 5056 censuram.

2018 5103 2138 5157 Non
2168 5100 2321 5155 enim
2365 5104 2533 5154 erunt
2549 5099 2672 5168 jam
2700 5097 3097 5152 miserationes
3123 5097 3287 5151 bona
3319 5113 3420 5167 pro
3449 5110 3648 5149 eorum

2017 5195 2223 5267 quibus
2254 5192 2472 5247 consuli
2499 5195 2726 5262 oportet
2769 5192 3099 5246 necessitate
3139 5190 3371 5256 collata,
3396 5191 3451 5242 et
3481 5187 3524 5240 si
3558 5188 3640 5239 in-

2018 5289 2257 5344 discrete
2283 5285 2496 5341 fuerint
2538 5285 2702 5340 bonis
2731 5285 3010 5356 malisque
3041 5297 3392 5338 communes.
3425 5280 3490 5332 Et
3516 5279 3648 5350 quia

2017 5379 2664 5452 Hierosolymitanorum
2708 5378 3024 5433 faciendam
3073 5373 3311 5429 credidit
3355 5373 3412 5426 in
3448 5371 3648 5425 litteris

2016 5482 2117 5532 tua
2145 5474 2371 5530 dilectio
2393 5473 2770 5540 mentionem,
2801 5485 3043 5542 quorum
3073 5467 3240 5522 etiam
3262 5466 3330 5520 ad
3361 5482 3463 5519 nos
3489 5480 3645 5535 qua-

2018 5571 2150 5624 dam
2178 5567 2366 5622 delata
2391 5565 2670 5638 professio
2699 5567 2802 5631 est,
2828 5560 3215 5616 necessarium
3249 5557 3497 5612 diximus
3525 5573 3643 5612 res-

2019 5663 2270 5734 pondere
2299 5677 2426 5734 qua
2459 5675 2711 5730 congrua
2741 5660 2892 5722 sunt,
2923 5654 3009 5708 his
3035 5653 3128 5724 qui
3176 5655 3507 5706 sanctorum
3538 5653 3645 5705 Pa-

2017 5762 2170 5812 trum
2197 5754 2504 5811 constituta
2525 5750 2870 5808 custodiunt.
2904 5748 2960 5802 Si
2990 5746 3083 5800 illa
3115 5745 3247 5800 ﬁdei
3273 5744 3645 5800 fundamenta

2019 5854 2376 5916 venerantur,
2399 5848 2468 5901 ab
2498 5846 2585 5900 his
2603 5859 2829 5916 quoque
2851 5842 2944 5915 qui
2973 5857 3077 5916 per
3105 5856 3200 5896 eos
3219 5838 3427 5911 Spiritu
3451 5844 3644 5896 sancto
