4062 6188
493 261 623 316 itii?

1388 269 1666 322 API’END.
1710 270 1796 324 AD
1833 273 1991 325 SJCC.
2033 272 2114 324 IX.
2149 301 2213 307 —
2255 268 2489 324 lSlDORl
2525 267 2946 324 MERCATORIS

3661 279 3766 331 1018

479 375 856 440 componente
901 369 1134 426 deﬁnita
1179 376 1330 441 sunt,
1372 390 1491 430 non
1529 379 1955 433 removeantur.
2003 380 2116 432 Aut
2137 389 2194 462 Α
2216 380 2272 431 et
2299 376 2698 448 coepiscopum
2735 377 2994 430 nostrum
3021 375 3395 430 venerabilem
3428 379 3595 434 virum
3627 383 3766 436 loan-

481 462 636 515 enim
665 462 914 532 perfecta
941 469 1092 532 sunt,
1123 469 1178 520 et
1202 467 1516 538 adjectione
1543 486 1662 525 non
1688 471 1986 543 indigent:
2016 478 2115 528 aut

479 555 627 609 bene
666 556 874 622 valida,
902 560 959 611 ct
997 558 1126 614 ideo
1171 576 1284 614 non
1317 563 1612 632 mutanda,
1645 567 1872 636 quando
1917 584 2022 638 per
2049 583 2114 621 ea

481 647 674 703 omnia
717 649 1117 706 haereticorum
1160 670 1380 710 venena
1427 673 1752 728 compressa
1795 664 1956 727 sunt;
2007 677 2114 715 nec

481 741 794 812 quidquam
820 744 1290 802 Chalcedonensis
1313 751 1564 821 synodus
1589 752 1748 823 quod
1769 753 1908 808 utile
1930 755 2110 825 quali-

481 833 579 888 bet
594 835 892 906 diligentia
903 840 1180 909 potuisset
1192 843 1505 898 exercitare
1522 845 1816 916 praeteriit,
1833 862 1960 917 quae
1974 864 2117 919 prae-

480 928 808 985 cedentium
831 948 1056 1005 quoque
1074 934 1368 1005 dogmata,
1391 939 1480 992 vel
1505 938 1711 993 clarius
1732 941 2117 997 manifestavit

481 1023 567 1075 vel
598 1025 840 1094 repetita
881 1028 1216 1084 auctoritate
1260 1029 1508 1086 ﬁrmavit
1552 1033 1792 1104 speciale
1824 1037 2114 1106 quoddam

482 1115 753 1172 adversus
794 1121 1140 1190 Nestorium,
1175 1128 1232 1178 et
1274 1126 1573 1181 Eutichem
1623 1144 1891 1198 aggressa
1936 1132 2111 1184 certa-

481 1226 634 1277 men,
659 1215 714 1265 et
748 1214 993 1269 alterum
1019 1216 1284 1273 deitatem
1310 1220 1533 1275 Domini
1561 1222 1737 1276 nostri
1759 1224 1885 1278 Jesu
1911 1224 2116 1278 Christi

481 1320 514 1357 a
541 1320 711 1359 carne
742 1314 1084 1379 separatam,
1117 1315 1174 1365 et
1198 1312 1324 1367 ideo
1355 1318 1608 1369 sanctam
1638 1316 1869 1372 Mariam
1893 1317 1994 1372 Dei
2015 1334 2114 1390 ge-

482 1397 750 1453 nitricem
798 1403 1172 1472 pronuntiare
1210 1405 1504 1475 vitantem,
1533 1409 1776 1464 alterum
1818 1411 2116 1467 veritatem

482 1491 666 1545 carnis
696 1492 752 1546 in
781 1495 1027 1551 Domino
1055 1503 1418 1555 renuentem.
1446 1501 1683 1564 Quando
1711 1504 1987 1558 Dominus
2013 1522 2112 1560 no-

484 1587 601 1638 ster
625 1585 785 1640 Jesus
810 1587 1066 1644 Christus
1094 1591 1246 1646 idem
1289 1593 1458 1647 Filius
1503 1595 1621 1664 Dei,
1654 1595 1803 1651 idem
1840 1597 1986 1653 ﬁlius
2012 1599 2112 1654 ho-

487 1677 676 1746 minis,
712 1697 824 1734 una
854 1681 916 1736 in
941 1683 1157 1739 duabus
1188 1686 1405 1741 naturis
1434 1704 1682 1758 persona
1712 1689 2041 1760 divinitatis,
2063 1697 2118 1747 et

2213 486 2366 539 nem,
2392 471 2491 524 sed
2511 474 2568 524 et
2589 469 2736 524 ﬁlios
2758 471 2978 524 nostros
3005 468 3339 535 Heraclium,
3355 471 3584 526 Probum
3601 477 3649 528 et
3663 476 3770 531 Con~

2214 565 2533 619 stantinum
2553 562 2816 617 diacones
2841 562 3210 617 ecclesiastico
3238 563 3447 619 honore
3467 564 3770 636 dignissimos

2213 658 2286 712 ad
2300 674 2522 712 causam
2544 656 2890 727 pertinentia
2907 656 3256 728 rescripsisse
3281 658 3537 727 contenti,
3553 662 3771 731 gratulati

2215 767 2413 806 sumus
2433 750 2491 805 in
2513 751 2632 804 viro
2667 749 2882 805 ordinis
2911 750 3111 816 nostri,
3137 754 3191 805 et
3221 751 3502 820 meritum,
3527 757 3577 806 et
3597 754 3772 825 religio-

2213 862 2336 899 sum
2355 862 2455 899 nos
2471 844 2747 899 invenisse
2765 844 3124 915 propositum
3146 849 3201 898 et
3219 860 3350 898 cum
3365 845 3635 916 legationis
3650 864 3772 902 man-

2216 938 2345 994 dato
2372 939 2672 1010 sapientia,
2707 942 2765 992 et
2793 937 3052 992 moribus
3081 953 3398 1008 congruens
3425 940 3590 994 votiva
3617 957 3772 996 eorum

2216 1048 2304 1086 res
2331 1037 2388 1087 et
2413 1032 2583 1104 plena
2610 1031 2800 1103 gaudii
2833 1036 2918 1086 est
2945 1036 3005 1086 ut
3035 1035 3168 1086 sunt
3191 1032 3355 1102 juxta
3401 1033 3771 1089 a‘stimationem

2215 1126 2556 1198 probabiles,
2585 1129 2642 1180 et
2667 1142 2809 1196 quos
2840 1125 3021 1180 sancti
3052 1125 3464 1181 communionis
3497 1126 3645 1181 ofﬁcii
3671 1145 3772 1182 con-

2216 1220 2412 1291 tigerit
2437 1236 2559 1275 esse
2588 1224 2896 1274 consortes.

2216 1329 2344 1382 Item
2385 1326 2684 1382 Hormisdae
2721 1327 2796 1379 ad
2831 1327 3128 1382 Salustium
3162 1326 3375 1395 Hispal.
3399 1328 3550 1396 episc.
3578 1327 3635 1380 de
3669 1344 3772 1381 com-

2277 1400 2443 1452 missa
2474 1401 2582 1451 vice
2609 1413 2706 1467 per
2735 1400 2990 1453 Baeticam
3015 1401 3064 1451 et
3091 1399 3428 1452 Lusitaniam
3448 1400 3730 1467 provincias.

2287 1499 2630 1554 Charissimo
2652 1499 2816 1554 fratri
2844 1498 3088 1554 Salustio
3127 1499 3442 1554 Hormisda.
3466 1499 3778 1570 Suscipientes

2218 1594 2385 1664 plena
2409 1591 2778 1647 fraternitatis
2807 1594 2923 1646 tuas
2948 1591 3137 1646 votiva
3164 1591 3538 1663 gratulatione
3556 1593 3778 1664 colloquia

2217 1703 2344 1758 quae
2371 1703 2476 1741 nos
2506 1686 2752 1757 geminae
2792 1685 2986 1740 salutis
3024 1689 3138 1739 tuas
3163 1685 3582 1741 laetiﬁcaverunt
3603 1686 3777 1752 indicio,

485 1771 666 1825 carnis
707 1789 812 1828 nec
852 1777 1068 1830 naturis
1117 1779 1189 1832 ad
1237 1781 1516 1835 unitatem
1564 1782 1834 1851 confusis,
1870 1800 1941 1838 ne
1972 1763 2194 1840 velutB
2218 1779 2501 1851 siquidem
2532 1780 2847 1834 retulerunt
2890 1781 2946 1832 te
2987 1779 3268 1848 corporali
3309 1795 3437 1832 cum
3466 1778 3781 1849 spiritualibus

484 1871 682 1935 quarta
713 1883 972 1938 persona
1013 1871 1209 1926 addita
1253 1873 1533 1941 Trinitati,
1573 1895 1600 1927 ι(
1642 1876 1740 1930 sed
1787 1876 1905 1947 ipse
1951 1878 2121 1933 Filius

489 1959 584 2012 Dei
615 1959 922 2017 exinanivit
961 1965 1328 2036 semetipsum
1375 1968 1616 2022 formam
1659 1970 1804 2024 servi
1837 1971 2119 2042 accipiens

485 2051 742 2124 (Philipp.
774 2072 833 2123 ιι,
867 2059 950 2124 7);
984 2079 1010 2105 ››
1042 2063 1276 2130 propter
1305 2062 1459 2131 quod
1502 2067 1558 2116 et
1591 2079 1761 2117 unam
1794 2081 1898 2118 nec
1926 2065 2118 2118 divisi-

485 2145 660 2201 bilem
689 2148 1028 2218 proﬁtemur
1057 2153 1364 2208 essentiam
1395 2155 1698 2223 Trinitatis,
1722 2161 1776 2212 et
1800 2159 2118 2228 proprieta-

483 2244 600 2294 tem
618 2245 812 2296 tamen
831 2260 992 2298 suam
1014 2245 1222 2300 scimus
1242 2247 1428 2302 inesse
1449 2249 1704 2319 personis
1728 2267 1740 2304 :
1766 2267 1945 2305 unam
1965 2253 2120 2307 enim

485 2334 664 2388 Patris
681 2337 1023 2405 proﬁtemur
1041 2355 1160 2393 esse
1180 2356 1499 2410 personam,
1518 2359 1688 2396 unam
1712 2344 1836 2398 Filii
1862 2344 1961 2399 Dei
1985 2362 2117 2400 eum

484 2433 771 2500 assumpta
813 2447 1005 2500 carne,
1035 2449 1208 2487 unam
1257 2434 1494 2505 Spiritus
1521 2437 1724 2503 sancti,
1754 2441 1810 2492 et
1853 2455 2121 2508 personas

484 2522 925 2594 proprietatibus
959 2526 1338 2598 designantes,
1362 2531 1421 2583 et
1446 2545 1550 2601 per
1574 2529 1847 2586 unitatem
1867 2533 2120 2588 essentia:

484 2614 868 2686 inseparabile
884 2619 1174 2676 Trinitatis
1191 2623 1530 2694 mysterium
1548 2624 1912 2694 conﬁtentes;
1934 2643 2118 2697 neque

488 2708 642 2762 enim
669 2711 882 2782 ambigi
902 2717 1086 2784 potest
1108 2715 1343 2770 verbum
1362 2717 1462 2770 Dei
1483 2717 1635 2772 inter
1653 2718 1889 2788 virginis
1907 2719 2119 2774 viscera

492 2818 597 2873 per
621 2820 853 2859 carnem
879 2806 1193 2862 humanam
1216 2810 1583 2880 assumpsisse
1607 2813 1897 2880 naturam,
1921 2828 2026 2867 nec
2048 2813 2118 2866 ab

486 2894 786 2950 obstetrice
799 2897 1015 2953 factum
1029 2900 1182 2954 intra
1195 2902 1421 2956 vulvam
1445 2905 1782 2957 naturarum
1802 2904 2120 2960 munitione

487 2987 749 3042 divisum.
783 2991 921 3045 Nam
951 2992 1097 3047 sicut
1137 3010 1254 3048 non
1303 3000 1386 3049 est
1421 2995 1479 3049 in
1526 3012 1593 3050 eo
1627 2996 1953 3052 humanitas
1995 2999 2118 3054 sine

487 3082 598 3135 Deo
629 3081 800 3150 edita,
828 3083 906 3138 sic
936 3085 996 3140 in
1027 3103 1255 3142 crucem
1284 3105 1398 3143 non
1429 3093 1513 3143 est
1541 3089 1904 3161 impassibilis
1925 3091 2120 3146 divini-

493 3178 575 3228 tas
599 3191 631 3228 a
661 3176 846 3231 carnis
875 3179 1133 3249 passione
1159 3180 1352 3248 divisa,
1380 3183 1531 3254 quod
1559 3183 1798 3255 virginis
1823 3189 2040 3255 partus,
2064 3191 2122 3241 et

489 3267 827 3325 intemerata
871 3271 1208 3341 fecunditas,
1240 3281 1296 3330 et
1339 3274 1647 3347 singularis
1684 3294 1717 3330 a
1760 3279 2000 3333 mortuis
2026 3295 2116 3334 re-

485 3364 782 3432 surrectio,
829 3369 887 3420 et
933 3367 1004 3421 ad
1054 3369 1223 3423 caelos
1276 3368 1526 3424 declarat
1573 3371 1848 3428 ascensio.
1903 3374 2031 3427 Haec
2073 3373 2118 3427 si

486 3458 970 3526 quemadmodum
999 3477 1031 3515 a
1070 3462 1328 3517 Patribus
1372 3464 1681 3520 constituta
1720 3469 1872 3535 sunt,
1900 3471 2120 3522 servata

488 3551 736 3619 credant,
761 3569 866 3607 nec
895 3553 1126 3609 deﬁnita
1151 3557 1558 3612 transcendant
1585 3575 1618 3613 a
1646 3575 1757 3628 quo
1776 3560 2006 3614 tramite
2023 3561 2119 3631 qui

487 3644 771 3700 declinant
796 3646 902 3717 ipsi
943 3647 1046 3702 sibi
1078 3648 1348 3704 nebulam
1377 3650 1752 3706 dubitationis
1779 3652 2114 3708 obtendunt.

488 3738 594 3792 Nos
624 3744 816 3793 autem
838 3739 980 3796 illud
1006 3743 1385 3814 apostolicum
1412 3746 1863 3816 contemplantes
1894 3751 2121 3801 conten-

489 3831 640 3886 tiosis
667 3834 1015 3905 respondere
1046 3853 1166 3890 non
1194 3853 1422 3892 necesse
1452 3841 1567 3903 est;
1597 3843 1654 3893 et
1681 3856 1782 3894 nos
1813 3839 1960 3894 hanc
1990 3857 2121 3894 con-

489 3926 848 3982 suetudinem
877 3946 990 3982 non
1020 3930 1317 3998 habemns,
1345 3935 1402 3985 et
1433 3947 1535 3986 nec
1568 3933 1811 3987 Ecclesia
1841 3933 1960 3988 Dei.
1991 3934 2119 3988 Haec

487 4020 611 4074 ideo
637 4020 884 4076 breviter
911 4023 1160 4092 deﬁnivi,
1195 4023 1329 4094 quia
1354 4040 1460 4079 nec
1491 4025 1704 4096 ambigi
1746 4026 2010 4081 convenit
2047 4027 2119 4081 de

485 4113 676 4184 rebus,
709 4115 789 4170 ita
815 4132 920 4186 per
954 4117 1128 4171 ﬁdem
1156 4117 1404 4173 deﬁnitis
1432 4119 1656 4190 sapius,
1682 4123 1739 4173 et
1763 4135 1908 4190 pene
1929 4136 2120 4190 super-

486 4223 658 4261 vacua
700 4211 783 4262 est
813 4209 1074 4280 allegatio
1127 4227 1254 4280 quae
1301 4212 1605 4266 adhibetur
1648 4212 1954 4281 instructis,
1989 4229 2121 4267 cum

487 4316 659 4370 super
687 4301 808 4354 haec
836 4302 906 4355 ad
926 4303 1432 4358 clementissimum
1462 4305 1783 4375 principem
1810 4322 1924 4360 non
1945 4323 2120 4377 parva

478 4393 604 4462 jam
632 4393 1160 4464 perstrinxerimus.
1193 4398 1262 4451 Ut
1304 4397 1437 4467 quia
1467 4397 1537 4452 de
1582 4398 2117 4470 Hierosolymitano-

2219 1873 2418 1927 ofﬁciis
2444 1873 2831 1928 incolumitate
2861 1872 3190 1940 subnixum,
3218 1889 3536 1944 congruum
3561 1888 3663 1927 esse
3685 1889 3780 1942 per-

2220 1966 2510 2038 speximus
2548 1967 2694 2020 hanc
2720 1967 2901 2037 ipsam
2942 1983 3115 2037 quam
3155 1971 3351 2021 mente
3395 1965 3622 2038 gerimus
3644 1966 3782 2020 verbis

2220 2061 2492 2131 expedire
2535 2060 2812 2115 laetitiam.
2857 2059 3096 2115 Edidisti
3140 2060 3298 2114 enim
3341 2059 3474 2114 boni
3514 2060 3784 2114 documenta

2218 2154 2499 2225 pontiﬁcis
2532 2154 2670 2208 dum
2718 2157 2774 2207 et
2811 2152 3180 2225 praedicanda
3217 2153 3380 2222 facis,
3412 2157 3466 2208 et
3501 2169 3562 2207 ea
3601 2152 3782 2206 suadere

2221 2263 2334 2302 non
2363 2247 2570 2301 differs.
2606 2247 3044 2317 Praerogativam
3073 2247 3141 2301 de
3167 2247 3350 2302 nostri
3378 2247 3686 2318 sumpsimus
3705 2246 3782 2300 ele-

2219 2341 2404 2396 ctione
2428 2340 2650 2411 judicii,
2677 2340 2908 2411 quando
2935 2339 2991 2394 id
3022 2343 3079 2393 te
3110 2345 3319 2410 sponte
3349 2339 3603 2411 amplecti
3633 2338 3781 2398 didici-

2174 2452 2188 2467 ο
2219 2450 2347 2489 mus
2367 2435 2517 2505 quod
2549 2433 2770 2488 caeteris
2799 2433 3166 2505 imperamus.
3199 2433 3441 2488 Oramus
3466 2433 3706 2504 siquidem
3729 2432 3784 2485 di-

2219 2528 2408 2582 vinam
2430 2528 2793 2583 clementiam
2815 2533 3050 2582 cunctos
3068 2543 3404 2597 agnoscere,
3423 2530 3481 2581 et
3498 2528 3608 2581 haec
3627 2526 3684 2580 ad
3699 2529 3781 2578 stu-

2220 2621 2316 2677 dia
2358 2621 2742 2676 ecclesiastica:
2788 2621 2942 2692 pacis
2984 2621 3375 2675 instrumenta
3412 2619 3784 2676 transmisimus.

2218 2718 2297 2771 Tu
2325 2720 2453 2770 vota
2490 2717 2705 2781 nostra,
2738 2720 2795 2768 et
2833 2713 2985 2768 ﬁdeli
3024 2714 3410 2784 intelligentia
3447 2712 3727 2785 percepisti,
3747 2715 3787 2764 et

2219 2810 2392 2865 ofﬁcii
2412 2809 2670 2880 protinus
2687 2807 2988 2862 devotione
3007 2807 3328 2878 complesti,
3349 2807 3558 2862 cunctis
3575 2805 3788 2860 fratribus

2221 2904 2601 2970 innotescens,
2625 2918 2752 2972 quae
2773 2917 2879 2973 per
2899 2901 3184 2956 ccelestem
3219 2902 3468 2973 gratiam
3494 2899 3682 2955 cunctis
3697 2913 3791 2970 pro-

2222 2998 2416 3052 futura
2443 3011 2808 3067 cognoveras.
2834 2994 3286 3066 Suﬁragantibus
3318 2995 3494 3066 igitur
3515 2994 3607 3048 tibi
3625 2997 3693 3048 tot
3708 3007 3791 3046 me-

2219 3090 2342 3144 ritis
2367 3089 2477 3160 pias
2505 3087 2905 3143 sollicitudinis
2935 3093 2991 3141 et
3019 3087 3250 3156 laboris,
3278 3093 3434 3142 certe
3461 3087 3577 3158 jam
3603 3085 3791 3140 delectat

2220 3184 2296 3254 inj
2308 3199 2546 3254 ungere,
2579 3198 2707 3253 quas
2736 3181 2806 3236 ad
2838 3181 3017 3235 nostri
3044 3196 3239 3234 curam
3277 3185 3500 3236 constat
3523 3180 3671 3235 ofﬁcii
3697 3193 3790 3249 per-

2220 3277 2421 3344 tinere,
2452 3281 2519 3332 ut
2561 3275 2862 3347 provinciis
2888 3278 3051 3329 tanta
3087 3274 3504 3346 longinquitate
3535 3270 3790 3344 disjunctis,

2219 3376 2274 3426 et
2317 3374 2569 3424 nostram
2615 3369 2794 3440 possis
2842 3367 3109 3422 exhibere
3161 3383 3486 3438 personam,
3524 3372 3576 3422 et
3615 3369 3790 3421 Patrum

2220 3463 2432 3534 regulis
2484 3463 2754 3518 adhibere
2800 3461 3140 3517 custodiam.
3188 3461 3352 3516 Vices
3401 3463 3581 3533 itaque
3624 3463 3792 3513 nostras

2221 3575 2321 3628 per
2345 3557 2610 3612 Baeticam
2636 3555 3098 3626 Lusitaniamque
3125 3555 3452 3627 provincias
3487 3555 3634 3609 salvis
3662 3551 3792 3624 privi-

2217 3650 2381 3722 legiis
2403 3666 2529 3722 quae
2550 3648 3004 3720 metropolitanis
3031 3647 3316 3719 episcopis
3344 3647 3582 3704 decrevit
3604 3643 3796 3715 antiqui-

2217 3743 2595 3816 tas,prsesenti
2611 3742 2942 3797 auctoritate
2959 3741 3399 3810 committimus,
3413 3745 3664 3814 augentes
3675 3744 3793 3793 tuam

2219 3838 2388 3908 hujus
2413 3835 2848 3907 participatione
2876 3835 3177 3890 ministerii
3208 3834 3570 3907 dignitatem,
3601 3833 3796 3888 relevan-

2219 3936 2306 3986 tes
2321 3933 2540 3984 nostras
2559 3929 2814 4000 ejusdem
2835 3928 3090 3984 remedio
3111 3929 3556 4000 dispensationis
3571 3924 3793 3982 excubias.

2221 4027 2286 4080 Et
2311 4024 2443 4078 licet
2473 4023 2542 4078 de
2583 4022 2824 4093 singulis
2850 4039 2967 4077 non
3003 4022 3260 4093 indigeas
3289 4023 3514 4078 edoceri
3541 4036 3692 4094 quem
3707 4018 3795 4088 jam

2219 4117 2581 4189 probavimus
2609 4117 2828 4171 cautius
2859 4116 3124 4170 universa
3150 4132 3398 4185 servare,
3422 4115 3626 4190 gratius
3647 4117 3793 4166 tamen

2219 4228 2340 4266 esse
2365 4212 2526 4278 solet,
2547 4210 2592 4264 si
2620 4211 2829 4265 iterum
2859 4214 3072 4264 trames
3100 4209 3456 4277 ostendatur,
3478 4213 3533 4264 et
3554 4203 3797 4263 laborisin-

2211 4305 2430 4375 junctio
2453 4304 2714 4375 superius
2734 4304 2979 4358 formata
3003 4307 3380 4359 monstretur.
3401 4305 3650 4358 Paternas
3664 4297 3797 4370 igitur

2219 4399 2440 4469 regulas
2472 4400 2529 4453 et
2555 4398 2779 4452 decreta
2795 4415 2826 4451 a
2843 4397 3050 4452 sanctis
3072 4397 3310 4451 deﬁnita
3329 4394 3646 4452 conciliisab
3660 4387 3798 4447 omni-

488 4504 615 4542 rum
637 4487 980 4558 professione
1003 4489 1421 4561 respondimus.
1447 4492 1558 4546 Hoc
1575 4507 1802 4563 quoque
1825 4492 2122 4547 aestimavi-
2139 4502 2198 4574 D
2219 4492 2326 4546 bus
2353 4491 2632 4546 servanda
2661 4490 3024 4544 mandamus.
3071 4491 3131 4544 In
3173 4490 3259 4544 his
3293 4490 3632 4561 vigilantiam
3661 4491 3797 4544 tuam,

487 4598 614 4636 mus
634 4582 830 4637 salutis
848 4599 1045 4638 eorum
1075 4600 1242 4638 causa
1273 4588 1667 4656 competenter
1694 4586 2040 4654 addendum,
2061 4592 2126 4642 ut

493 4675 538 4728 si
554 4676 972 4732 communionis
992 4678 1316 4749 apostolicae
1335 4695 1392 4733 se
1409 4679 1673 4734 dederint
1692 4679 1912 4749 unitati,
1929 4686 1985 4735 et
1996 4697 2126 4752 pro-

491 4768 793 4823 fessionem
816 4786 976 4824 suam
998 4770 1207 4842 scripto
1225 4770 1407 4845 261
1435 4772 1706 4839 indicent,
1729 4789 1898 4844 quam
1919 4774 2125 4844 legetis

491 4862 690 4916 vestris
717 4863 868 4933 apud
902 4865 1458 4937 Constantinopolim
1496 4866 1694 4938 positis
1735 4866 1996 4936 offerant,
2029 4872 2128 4922 aut

490 4971 591 5026 per
611 4971 744 5009 suos
772 4956 844 5010 ad
870 4973 976 5011 nos
1001 4957 1274 5029 dirigant,
1298 4964 1396 5014 aut
1421 4958 1763 5014 fraternitati
1784 4963 1984 5014 vestras
2004 4964 2123 5015 tra-

487 5049 642 5116 dant,
675 5049 875 5104 eodem
912 5053 1108 5105 tamen
1151 5051 1295 5106 sicut
1341 5053 1608 5120 diximus,
1638 5056 1837 5107 tenore
1877 5053 2123 5109 conscri-

490 5149 665 5214 ptam,
685 5160 814 5216 quae
837 5144 907 5199 ad
930 5161 1033 5199 nos
1051 5145 1237 5200 modis
1265 5146 1531 5201 omnibus
1557 5147 1661 5201 sub
1691 5149 1884 5202 nostra
1906 5148 2126 5202 ordina-

489 5238 645 5292 tione
676 5237 987 5294 deferatur.
1031 5240 1110 5294 De
1141 5239 1738 5296 Thessalonicensihus
1769 5257 2015 5312 quorum
2055 5241 2127 5296 ad

487 5347 589 5386 nos
632 5332 806 5402 legati
836 5349 938 5404 per
962 5333 1392 5388 clementissimi
1419 5338 1474 5389 et
1504 5334 1820 5389 ﬁdelissimi
1856 5335 2129 5406 principis

489 5425 592 5480 ﬁlii
619 5427 797 5480 nostri
830 5427 1246 5483 ordinationem
1275 5431 1581 5496 venerunt,
1611 5445 1682 5482 ne
1708 5428 1845 5500 quid
1871 5427 2128 5482 omisisse

487 5519 808 5590 credamur,
841 5538 1006 5577 nosse
1042 5539 1140 5577 vos
1182 5523 1442 5577 volumus
1481 5522 1793 5576 secundum
1829 5522 1937 5577 hoc
1977 5521 2128 5593 quod

492 5613 730 5669 Domino
789 5618 983 5670 nostro
1035 5617 1167 5671 Jesu
1218 5616 1440 5672 Christo
1493 5615 1804 5686 inspirante
1853 5614 2130 5686 placuerit

494 5722 727 5760 omnem
757 5724 986 5763 causam
1035 5713 1230 5764 nostra
1255 5708 1624 5780 dispositione
1659 5708 2040 5775 tractandam,
2075 5713 2133 5764 et

493 5798 636 5852 sicut
667 5805 889 5869 oportet
917 5802 1138 5874 impleri
1171 5803 1574 5872 ordinandam,
1607 5802 1727 5857 hare
1766 5819 1868 5877 per
1893 5803 2129 5858 fratrem

2222 4585 2282 4640 in
2307 4585 2395 4639 his
2437 4602 2630 4640 curam
2660 4585 2924 4639 fraternas
2960 4583 3182 4637 monitu
3228 4581 3626 4638 exhortationis
3651 4581 3800 4632 exten-

2224 4679 2430 4733 dimus.
2455 4678 2550 4732 His
2578 4695 2644 4732 ea
2667 4693 2780 4749 qua
2801 4677 3042 4747 dignum
3071 4681 3158 4731 est
3185 4677 3508 4731 reverentia
3538 4669 3799 4732 custoditis,

2221 4773 2444 4827 nullum
2461 4770 2734 4842 relinquit
2749 4771 2931 4840 culpas
2948 4769 3155 4837 locum,
3173 4787 3277 4824 nec
3292 4775 3499 4832 sanctas
3518 4761 3802 4824 observatio-

2225 4866 2312 4920 nis
2340 4865 2712 4920 obstaculum.
2729 4863 2809 4917 lbi
2827 4864 2911 4918 fas
2930 4863 3204 4936 nefasque
3233 4864 3622 4934 prmscriptum
3646 4863 3732 4921 est,
3743 4853 3800 4908 ibi

2227 4958 2581 5031 prohibitum
2594 4958 2664 5012 ad
2678 4957 2832 5029 quod
2846 4957 3035 5012 nullus
3049 4957 3256 5012 audeat
3265 4957 3531 5028 aspirare,
3545 4954 3617 5008 ibi
3628 4962 3804 5007 conces-

2225 5070 2351 5108 sum
2363 5053 2499 5124 quid
2519 5051 2724 5106 debeat
2747 5067 2906 5105 mens
2923 5052 3036 5105 Deo
3055 5051 3331 5121 placitura
3342 5044 3804 5122 praesumereﬂllo'

2227 5147 2334 5202 ties
2357 5144 2685 5200 universalis
2696 5144 2879 5216 poscit
2896 5143 3194 5215 religionis
3209 5160 3374 5198 causa
3390 5143 3463 5198 ad
3476 5139 3746 5197 concilium
3760 5136 3800 5186 te

2228 5240 2415 5295 cuncti
2441 5239 2644 5293 fratres
2669 5242 2932 5293 evocante
2963 5237 3324 5305 conveniant,
3347 5242 3403 5292 et
3421 5237 3467 5291 si
3495 5251 3626 5308 quos
3648 5239 3802 5286 eorum

2229 5333 2495 5406 spiritalis
2508 5331 2726 5404 negotii
2740 5331 2927 5403 pulsat
2941 5331 3204 5400 intentio,
3214 5331 3410 5402 jurgia
3430 5330 3572 5385 inter
3585 5342 3671 5382 eos
3679 5322 3801 5378 obor-

2229 5433 2287 5482 ta
2321 5442 2642 5498 compesce,
2681 5425 2930 5480 discussa
2966 5425 3141 5480 sacris
3173 5425 3390 5497 legibus
3421 5413 3802 5480 determinando

2229 5520 2561 5575 certamina.
2585 5518 2871 5590 Quidquid
2886 5521 3079 5573 autem
3097 5518 3178 5574 illi
3195 5535 3299 5590 pro
3311 5518 3418 5572 ﬁde
3430 5514 3692 5572 veteribus
3704 5521 3802 5563 con-

2231 5614 2438 5669 stitutis
2450 5613 2538 5668 vel
2551 5612 2791 5684 provida
2801 5612 3172 5684 dispositione
3185 5609 3583 5684 praecipies,vel
3592 5611 3802 5680 persona

2232 5707 2564 5763 auctoritate
2588 5711 2799 5762 nostrae
2825 5707 3117 5773 formabis,
3134 5711 3318 5762 totum
3337 5705 3407 5760 ad
3431 5702 3703 5759 scientiam
3728 5707 3799 5747 n0-

2233 5805 2407 5857 stram
2419 5801 2705 5856 instructae
2720 5800 3010 5856 relationis
3020 5800 3371 5857 attestatione
3387 5784 3798 5872 perveniatEoﬁl
