4062 6188
245 328 380 381 1049
1473 319 1942 381 DECRETALIUM

241 442 305 492 ut
331 441 530 493 noster
559 437 784 492 animus
808 434 977 492 ofﬁcii
1005 437 1284 492 charitate
1311 436 1450 507 dati,
1483 441 1539 492 et
1564 442 1694 492 tuus
1722 453 1874 492 secu-
1894 447 1953 520 Α

232 532 402 586 ritate
428 531 751 602 perfruatur
787 530 1019 602 accepti.
1064 533 1213 587 Deus
1235 534 1289 587 te
1314 531 1661 586 incolumem
1692 536 1874 586 custo-

238 625 384 694 diat,
412 625 594 680 frater
621 624 969 680 charissime.

276 745 613 813 Rescriptum
657 744 960 798 Hormisdae
997 758 1157 813 papae
1205 744 1280 796 ad
1319 744 1588 813 episcopos
1633 745 1840 799 Batiam

529 817 822 883 pro-vincia
847 815 912 869 de
945 815 1410 882 congratulatione
1433 818 1601 884 pacis.

313 906 600 962 Fratribus
667 906 1052 962 dilectissimis
1107 906 1383 961 universis
1435 907 1711 978 episcopis
1773 922 1876 978 per

240 1001 510 1055 Bmticam
538 1001 888 1072 provinciam
907 1001 1231 1055 constitutis
1251 1002 1532 1056 HORMISDA
1555 1001 1872 1072 episcopus.

311 1094 454 1162 Quid
481 1099 597 1148 tam
625 1094 787 1148 dulce
818 1094 1076 1162 sollicito,
1096 1111 1272 1166 quam
1292 1095 1443 1166 quod
1467 1094 1610 1148 mihi
1631 1095 1700 1149 de
1720 1093 1877 1148 vobis

236 1189 606 1243 innotescunt
633 1188 725 1242 illa
741 1205 868 1260 quae
892 1187 1097 1259 cupio?
1126 1188 1267 1252 Quid
1292 1191 1412 1242 tam
1433 1188 1713 1259 religiosis
1734 1204 1873 1242 con-

237 1282 476 1337 veniens
519 1282 790 1337 institutis
832 1299 1004 1354 quam
1051 1286 1112 1336 ut
1138 1282 1288 1337 inter
1316 1299 1374 1338 se
1404 1283 1733 1337 sacerdotes
1773 1298 1872 1353 pa-

235 1393 366 1432 cem
412 1393 584 1448 quam
611 1376 725 1430 ’ρος
770 1381 856 1431 est
897 1393 1127 1432 necesse
1154 1375 1280 1430 aliis
1309 1393 1413 1448 pro
1440 1376 1623 1431 ofﬁcio
1649 1393 1872 1430 annun-

238 1472 388 1526 tiare
433 1471 814 1525 conservent?
851 1472 1081 1526 Plenam
1111 1472 1294 1526 fateor
1324 1470 1761 1541 gratulationem
1793 1487 1880 1524 su-

233 1565 393 1636 scepi
437 1563 593 1635 quod
630 1564 816 1619 votiva
855 1563 994 1619 mihi
1024 1564 1094 1618 de
1135 1564 1413 1618 charitate
1445 1581 1573 1635 qum
1601 1564 1750 1619 inter
1779 1580 1877 1617 vos

233 1664 341 1726 est,
392 1664 448 1713 et
471 1657 851 1712 Ecclesiarum
880 1674 1019 1729 pace
1061 1657 1266 1713 litteris
1307 1658 1632 1724 indicastis;
1670 1661 1876 1728 sponte

238 1752 385 1806 mihi
430 1751 705 1823 quidquid
770 1751 984 1805 hortari
1045 1755 1350 1823 poterant,
1406 1751 1685 1823 quidquid
1756 1769 1876 1806 mo-

235 1862 378 1901 nere
422 1822 674 1900 delatum
703 1849 807 1901 est.
854 1866 881 1897 «
909 1822 1220 1902 Confirmet
1258 1846 1367 1900 hoc
1410 1822 1558 1900 Deus
1601 1845 1754 1916 quod
1793 1822 1951 1900 estB

234 1945 510 2010 operatus
561 1939 619 1994 in
671 1939 847 2008 vobis,
902 1959 929 1990 ι)
990 1945 1046 1994 et
1096 1956 1225 2011 quae
1278 1939 1550 2010 praecepit
1598 1956 1704 2011 pro
1755 1939 1874 1994 ani-

235 2051 466 2088 marum
515 2035 695 2088 salute
752 2033 1029 2100 facienda,
1087 2034 1205 2088 haec
1259 2035 1380 2104 ipse
1429 2049 1556 2105 qua
1609 2033 1878 2105 prazcepit

237 2145 345 2198 pro
399 2145 468 2183 ea
505 2144 616 2199 qua
664 2143 771 2182 nos
822 2127 1104 2195 redemit,
1165 2128 1377 2198 pietate
1427 2127 1636 2196 faciat,
1707 2131 1766 2182 et
1816 2127 1876 2181 in

235 2222 407 2275 istam
457 2221 591 2276 boni
645 2221 839 2276 nuntii
895 2238 1000 2276 nos
1059 2237 1290 2294 quoque
1342 2221 1739 2292 religiosorum
1791 2221 1871 2275 vi-

233 2331 368 2370 cem
414 2315 772 2370 reddidimus
796 2315 1152 2370 nuntiorum.
1203 2314 1492 2386 Quidquid
1523 2331 1653 2368 cum
1685 2314 1872 2369 orien-

235 2409 451 2463 talibus
522 2425 666 2480 quos
732 2409 803 2464 ad
871 2409 1135 2464 Ecclesiae
1205 2425 1408 2479 corpus
1472 2408 1876 2479 unitatemque

235 2508 526 2558 revocatos
549 2501 647 2556 Dei
675 2502 855 2557 nostri
880 2519 986 2573 ope
1007 2502 1209 2557 litteris
1231 2501 1674 2572 signiﬁcavimus
1700 2501 1872 2556 desti-

233 2597 425 2665 natis,
477 2596 667 2651 denuo
720 2612 852 2650 cum
902 2601 1102 2667 aptum
1155 2595 1329 2650 fuerit
1389 2595 1644 2666 repetitis
1689 2596 1874 2650 vobis-

235 2708 374 2746 cum
413 2689 876 2762 participabimus
920 2689 1161 2744 indiciis.
1215 2691 1337 2744 Mox
1386 2691 1514 2761 post
1552 2692 1877 2744 nostrorum

233 2785 490 2840 reditum
533 2785 602 2838 ab
646 2783 1024 2839 orientalibus
1065 2783 1240 2837 missa
1287 2783 1500 2854 legatio
1555 2788 1670 2849 est;
1719 2786 1877 2838 certa

235 2879 511 2950 speravit,
559 2883 716 2932 certa
762 2877 1064 2944 consuluit,
1111 2877 1229 2932 sed'
1248 2876 1485 2931 facimus
1525 2876 1595 2930 de
1627 2876 1717 2931 his
1747 2893 1875 2948 qua:

233 2973 470 3027 fuerant
511 2971 750 3026 dicenda
795 2970 1218 3043 compendium,
1273 2970 1391 3041 ipsa
1440 2970 1628 3040 potius
1669 2970 1742 3025 ad
1782 2971 1872 3024 in-

234 3066 577 3121 struendam
634 3065 893 3119 notitiam
959 3070 1206 3119 vestram
1261 3080 1388 3135 quae
1446 3081 1478 3118 a
1530 3064 1693 3119 nobis
1745 3069 1878 3119 sunt

235 3176 518 3231 responsa
562 3159 896 3230 dirigentes,
943 3176 1015 3214 ne
1053 3158 1191 3230 quid
1235 3157 1341 3212 sibi
1382 3158 1485 3212 sub
1526 3158 1708 3229 spatio
1737 3175 1872 3229 pro-
1897 3194 1952 3268 Ο

234 3254 442 3308 lixiore
493 3259 800 3322 terrarum,
852 3257 949 3307 aut
1001 3253 1192 3324 opinio
1243 3251 1510 3321 vindicet,
1558 3257 1659 3306 aut
1714 3268 1877 3306 error

234 3353 515 3416 assumat,
589 3364 720 3401 cum
790 3347 863 3401 ad
925 3362 1120 3401 rerum
1188 3345 1362 3400 ﬁdem
1435 3345 1619 3416 ipsam
1699 3345 1878 3400 teneri

235 3442 456 3496 sufﬁcit
501 3440 819 3496 veritatem.
878 3441 1036 3506 Quod
1088 3445 1278 3494 autem
1334 3439 1404 3494 ad
1458 3439 1874 3493 continentiam

234 3542 561 3590 vestrarum
617 3535 860 3606 pertinet
916 3534 1265 3601 litterarum,
1329 3533 1578 3604 oportuit
1643 3533 1877 3604 quidem

236 3630 527 3685 desideria
567 3629 795 3701 plenius
845 3628 1127 3700 expedire,
1167 3633 1233 3683 ut
1271 3627 1569 3682 aestimatis
1609 3628 1878 3682 omnibus

231 3741 580 3795 responsum
655 3723 865 3777 rationi
937 3739 1257 3793 congruum
1336 3721 1687 3776 redderetur.
1763 3722 1878 3776 Sed

235 3819 383 3891 quia
409 3817 840 3889 privilegiorum
888 3821 1170 3885 veterum,
1212 3821 1268 3870 et
1310 3819 1652 3870 statutorum
1699 3819 1880 3887 pater-

237 3928 459 3966 norum
523 3910 806 3966 indidistis
867 3910 1068 3965 iisdem
1137 3910 1338 3964 litteris
1403 3910 1754 3965 mentionem
1809 3910 1879 3965 ad

236 4005 550 4062 Salustium
596 4005 862 4070 fratrem,
914 4006 970 4058 et
1010 4003 1410 4074 coepiscopum
1458 4006 1719 4057 nostrum
1775 4003 1878 4057 sub

239 4100 351 4154 hac
379 4100 539 4170 parte
577 4097 991 4169 rescripsimus,
1031 4097 1184 4151 vobis
1219 4113 1446 4169 quoque
1483 4097 1720 4151 strictim
1750 4113 1880 4168 qua;

237 4193 402 4248 dicta
445 4196 580 4246 sunt
613 4192 722 4246 illis
767 4191 935 4246 latius
975 4191 1310 4258 indicantes,
1354 4208 1424 4244 ne
1453 4191 1749 4261 privilegia
1779 4208 1881 4245 nos

236 4285 470 4342 indulta
515 4286 923 4353 convellerent,
966 4290 1023 4340 et
1063 4285 1206 4339 nihil
1232 4287 1352 4338 tam
1385 4285 1725 4339 conveniens
1751 4284 1880 4340 ﬁdei

229 4381 525 4453 judicare,
555 4396 727 4451 quam
758 4385 821 4433 ut
846 4380 904 4434 in
932 4379 1152 4434 honore
1178 4395 1281 4433 suo
1310 4395 1343 4432 a
1368 4379 1628 4433 Patribus
1655 4379 1882 4433 decreta

233 4479 570 4529 serventur.
603 4474 746 4528 Deus
770 4478 964 4528 autem
990 4488 1087 4528 vos
1110 4472 1428 4529 incolumes
1448 4472 1748 4542 custodiat,
1773 4473 1882 4526 fra-

231 4573 360 4624 tres
391 4567 726 4622 charissimi.

521 4663 768 4717 Justinus
793 4664 1089 4732 imperator
1115 4661 1416 4718 Hormisdae
1435 4676 1618 4732 papae.

317 4757 444 4820 Quo
507 4755 722 4810 fuimus
775 4772 960 4827 nuper
1016 4761 1072 4811 et
1129 4772 1241 4828 quo
1296 4771 1491 4810 sumus
1545 4755 1730 4809 studio
1780 4771 1884 4826 pro

239 4849 624 4906 conciliandis
661 4850 954 4905 sententiis
994 4850 1336 4904 catholicam
1371 4850 1546 4904 ﬁdem
1575 4849 1884 4904 colentium

237 4951 312 5000 ut
361 4944 565 4998 eodem
614 4943 805 4999 animo
843 4944 1034 4999 cuncti
1080 4948 1426 4999 venerentur
1472 4959 1687 4998 numen
1733 4943 1883 4997 indi-

238 5039 490 5093 viduum
531 5037 816 5092 Trinitatis
845 5038 1036 5109 palam
1069 5037 1265 5093 fecisse
1299 5037 1689 5108 dignoscitur;
1736 5053 1887 5091 nunc

235 5135 504 5204 legatum
557 5131 626 5186 ad
691 5136 935 5186 vestram
986 5131 1397 5187 beatitudinem
1453 5132 1599 5185 ultro
1651 5130 1724 5185 ob
1779 5130 1888 5185 hoc

236 5228 444 5297 ipsum
493 5223 805 5296 dirigentes
854 5226 1085 5279 Gratum
1129 5225 1316 5279 virum
1365 5225 1707 5296 magistrum
1748 5225 1883 5279 scri-

240 5319 358 5389 nii,
413 5335 525 5389 quo
575 5318 900 5374 remedium
943 5319 1178 5374 tandem
1229 5319 1553 5390 reperiatur
1595 5318 1889 5373 discordiis

236 5413 411 5469 varia
475 5413 819 5468 certantium
880 5429 1032 5467 nunc
1094 5429 1278 5485 prono
1347 5414 1660 5485 libentique
1723 5412 1890 5467 susci-

239 5508 481 5581 pientes
528 5506 736 5561 aﬁ‘ectu
785 5507 933 5562 viros
981 5507 1461 5579 religiosissimos,
1515 5524 1656 5578 quos
1709 5507 1886 5560 inter-

237 5606 524 5656 ventores
567 5601 802 5656 unitatis
844 5606 1028 5657 vestra
1078 5602 1241 5657 sedes
1297 5601 1604 5673 apostolica
1653 5599 1893 5654 credidit

236 5695 643 5753 destinandos.
689 5696 941 5752 Profecto
987 5696 1202 5752 etenim
1246 5700 1520 5768 tanquam
1568 5695 1754 5767 ipsam
1789 5711 1888 5765 pa-

237 5808 420 5856 cem,
474 5794 531 5844 et
569 5790 836 5862 jocundis
890 5807 988 5846 eos
1045 5791 1219 5846 oculis
1270 5789 1626 5861 aspeximus,
1684 5794 1740 5843 et
1792 5804 1888 5843 ex-

241 5886 433 5942 tensis
460 5885 724 5939 manibus
756 5885 1018 5940 duximus
1055 5883 1500 5957 amplectendos,
1541 5884 1681 5956 quin
1718 5883 1891 5940 etiam

1978 321 2362 380 COLLECTIO.
3472 335 3603 388 1050

1973 436 2132 489 omni
2175 434 2496 492 intentione
2539 433 2948 507 ordinavimus,
2997 440 3064 492 ut
3105 439 3442 496 venerabilis
3498 444 3601 498 Ec-

1973 528 2142 583 clesia
2171 529 2818 600 Constantinopolitana,
2867 547 3089 587 necnon
3133 535 3453 606 complures
3479 537 3603 593 alia

1973 626 2102 678 vota
2144 624 2457 696 suscipiant
2499 629 2703 693 vestra,
2757 642 2871 679 non
2913 627 3098 681 solum
3140 628 3200 682 in
3235 630 3476 699 caeteris,
3506 633 3602 687 sed

1974 717 2033 771 in
2065 717 2392 772 auferendis
2422 717 2591 773 etiam
2639 720 2968 775 nominibus
3013 737 3076 776 ex
3123 723 3294 777 sacris
3338 724 3604 796 diptichis

1976 827 2104 882 quae
2137 811 2479 866 removenda
2523 812 2774 869 maxime
2815 815 3162 885 postulastis,
3211 833 3413 873 verum
3457 836 3598 874 non-

1975 905 2148 960 nulla;
2219 906 2453 960 fuerunt
2521 906 2730 974 urbes,
2799 913 2854 962 et
2921 909 3184 964 Ecclesiae
3254 914 3369 967 tam
3441 915 3603 970 Ponti

1975 1015 2146 1070 quam
2188 999 2354 1069 Asiae,
2403 1016 2466 1054 ac
2511 1000 2804 1072 praecipue
2848 1003 3170 1071 orientales,
3218 1021 3462 1076 quarum
3490 1010 3600 1063 cle-

1975 1093 2076 1147 rici
2129 1094 2216 1148 vel
2266 1093 2462 1165 populi
2517 1093 2782 1148 omnibus
2841 1097 3150 1167 pertentati
3207 1099 3375 1154 minis
3433 1104 3603 1173 atque

1974 1187 2437 1258 persuasionibus
2461 1229 2474 1253 ,
2517 1191 2711 1242 tamen
2748 1204 3116 1261 nequaquam
3154 1191 3282 1246 ﬂexi
3331 1197 3493 1262 sunt,
3544 1201 3605 1252 ut

1977 1281 2182 1335 tollant
2231 1280 2570 1348 antistitum,
2629 1286 2686 1335 et
2740 1284 3018 1354 repellant
3065 1285 3305 1340 nomina
3355 1304 3604 1358 quorum

1974 1374 2129 1446 apud
2177 1391 2274 1429 eos
2321 1374 2512 1446 opinio
2556 1374 2768 1442 ﬂoruit,
2821 1377 2920 1432 sed
2973 1382 3159 1434 morte
3203 1379 3379 1435 vitam
3410 1383 3602 1438 durio-

1975 1484 2099 1522 rem
2146 1468 2452 1535 mstimant,
2508 1469 2556 1522 si
2603 1474 2856 1524 mortuos
2897 1471 3423 1542 condemnaverint,
3467 1493 3605 1547 quo-

1976 1577 2106 1615 rum
2149 1561 2540 1631 gloriabantur
2581 1563 2711 1633 jura
2769 1566 3160 1635 superstitum.
3226 1568 3372 1632 Quid
3430 1569 3607 1640 igitur

1975 1654 2248 1709 faciamus
2296 1656 2623 1726 hujusmodi
2675 1657 3020 1728 pertinaciae,
3080 1677 3210 1730 qua;
3261 1679 3366 1716 nec
3424 1664 3605 1719 Deum

1976 1749 2212 1803 audiens
2265 1749 2472 1817 existit,
2531 1755 2589 1805 et
2635 1753 2924 1806 tormenta
2965 1752 3025 1806 in
3070 1757 3291 1809 tantum
3347 1755 3602 1828 despicit,

1975 1847 2039 1897 ut
2086 1842 2345 1914 amplum
2401 1842 2506 1897 sibi
2555 1860 2619 1898 ac
2672 1845 2940 1900 festivum
2982 1846 3222 1918 judicet,
3268 1849 3314 1903 si
3364 1867 3602 1922 corpore

1974 1935 2314 2007 priusquam
2365 1936 2634 2007 religioso
2677 1937 2915 1992 desistat
2959 1940 3239 1996 consilio?
3291 1943 3460 1998 Nobis
3485 1944 3605 2016 qui-
3655 1992 3664 1995 -

1977 2028 2344 2084 demvidetur
2356 2046 2499 2100 opus
2524 2045 2650 2086 esse
2668 2031 2897 2086 mollius
2917 2033 3148 2104 agendi,
3166 2037 3221 2089 et
3241 2035 3601 2092 clementius.

1977 2122 2117 2186 Qua:
2149 2123 2196 2176 si
2224 2139 2338 2178 non
2364 2123 2425 2178 in
2453 2127 2548 2178 tua
2577 2125 2959 2180 sanctitudine
2984 2127 3109 2198 jam
3152 2145 3256 2184 nec
3281 2129 3338 2184 in
3371 2131 3482 2185 alio
3509 2149 3606 2203 po~

1975 2220 2170 2272 terunt
2211 2215 2478 2272 inveniri.
2527 2218 2666 2272 Nam
2714 2236 2900 2291 neque
2945 2222 3263 2292 sanguinis,
3307 2228 3364 2280 et
3391 2228 3602 2298 suppli-

1976 2310 2198 2365 ciorum
2237 2311 2449 2382 cupidi,
2484 2312 2636 2383 quod
2683 2313 2896 2368 dictum
2944 2315 3120 2370 etiam
3167 2333 3337 2387 grave
3387 2325 3489 2389 est,
3535 2322 3603 2376 li-

1976 2403 2210 2473 bellum,
2267 2405 2634 2476 suscepimus,
2695 2423 2880 2477 neque
2945 2414 3005 2463 ut
3059 2427 3230 2481 parvo
3279 2413 3605 2471 discrimine

1977 2503 2316 2553 remaneant
2353 2499 2690 2578 imperfecta
2721 2502 3041 2557 concordiae
3074 2504 3373 2574 desideria,
3409 2509 3506 2563 sed
3535 2511 3604 2564 ad

1975 2592 2403 2664 propagandam
2433 2610 2547 2664 quo
2578 2611 2882 2666 possumus
2913 2596 3114 2651 ordine
3143 2600 3606 2671 conjunctionem

1976 2685 2374 2740 membrorum
2423 2687 2702 2742 Ecclesiae.
2757 2689 2959 2744 Utrum
3010 2690 3200 2763 itaque
3242 2697 3606 2764 praestantius

1978 2778 2087 2834 erit
2130 2779 2421 2833 minorum
2474 2781 2652 2851 gratia
2702 2782 2761 2836 in
2818 2785 3004 2837 totum
3050 2800 3172 2840 esse
3228 2788 3392 2842 nobis
3444 2807 3603 2844 acce-

1977 2875 2101 2943 ptas
2149 2876 2338 2928 tantas
2376 2874 2790 2944 multitudines,
2843 2893 2916 2931 an
2956 2879 3237 2933 concessis
3285 2882 3499 2953 exiguis
3553 2887 3609 2939 et

1976 2966 2230 3022 remissis
2278 2968 2520 3039 majora,
2564 2971 2622 3023 et
2663 2969 2821 3024 omni
2864 2970 3080 3026 ratione
3131 2976 3442 3044 quairenda
3492 2995 3609 3032 cor.

1976 3060 2107 3132 rigi,
2156 3066 2218 3116 ut
2260 3078 2389 3132 quae
2427 3079 2542 3117 non
2580 3062 2741 3118 licuit
2780 3080 2886 3134 per
2929 3066 3119 3120 omnia
3163 3069 3360 3124 saltem
3407 3088 3471 3126 ex
3513 3090 3608 3127 ne-

1977 3154 2229 3208 cessariis
2276 3155 2534 3225 partibus
2587 3157 2925 3228 allegentur,
2983 3160 3208 3214 veniam
3260 3163 3454 3235 itaque
3502 3182 3602 3221 no-

1979 3247 2205 3302 minum
2261 3249 2644 3319 postulamus,
2698 3267 2813 3305 non
2861 3253 3083 3322 Acacii,
3146 3271 3259 3309 non
3313 3258 3608 3332 utriusque

1979 3341 2157 3408 Petri,
2212 3358 2328 3396 non
2379 3343 2630 3398 Dioscori
2678 3344 2764 3398 vel
2826 3344 3139 3416 Timothei,
3209 3365 3450 3420 quorum
3509 3370 3604 3408 vo-

1980 3435 2184 3490 cabula
2229 3436 2303 3489 ad
2351 3453 2457 3492 nos
2501 3437 2652 3492 datae
2697 3438 3004 3494 sanctitatis
3041 3445 3152 3495 tuae
3191 3442 3440 3512 epistola:
3468 3462 3603 3501 cou-

1977 3529 2258 3600 tinebant,
2312 3531 2411 3585 sed
2462 3547 2602 3602 quos
2645 3531 2703 3584 in
2754 3530 2878 3586 aliis
2931 3533 3232 3589 celebravit
3285 3537 3606 3595 civitatibus

1979 3623 2381 3696 episcoporum
2426 3625 2768 3693 reverentia,
2819 3630 2876 3680 et
2923 3627 3032 3682 hoc
3089 3631 3337 3701 exceptis
3373 3632 3606 3689 urbibus

1978 3717 2076 3771 ubi
2138 3723 2335 3773 vestrae
2395 3718 2760 3774 beatitudinis
2824 3719 3026 3810 libellis
3073 3723 3198 3794 jam
3250 3723 3307 3778 in
3371 3727 3606 3798 plenum

1981 3811 2260 3866 admissus
2304 3817 2406 3879 est,
2453 3811 2562 3866 nisi
2611 3812 2758 3867 hanc
2802 3829 3033 3886 quoque
3092 3823 3312 3887 partem
3368 3819 3610 3878 benevo-

1980 3906 2154 3960 lentia
2200 3907 2462 3960 statuerit
2493 3910 2679 3962 vestra
2714 3907 2912 3962 mitius
2948 3909 3363 3982 corrigendam.
3398 3917 3608 3971 Verum

1979 4015 2082 4054 nec
2125 3999 2346 4070 judicio
2393 4004 2548 4055 caret
2596 4017 2687 4055 res
2736 4001 2885 4056 sedis
2945 4005 3299 4074 apostolicae,
3368 4014 3430 4062 ut
3494 4027 3605 4064 non

1979 4094 2162 4165 magis
2221 4094 2385 4148 venia
2443 4094 2686 4149 dicenda
2739 4095 2829 4165 sit,
2899 4112 3074 4168 quam
3132 4098 3440 4156 deliberata
3486 4105 3606 4174 jam

1980 4205 2044 4243 ac
2101 4193 2393 4259 perspecta
2445 4187 2723 4244 deﬁnitio.
2775 4191 3104 4246 Anastasius
3149 4193 3431 4265 siquidem
3473 4198 3608 4252 reli-

1983 4281 2319 4353 giosissima:
2365 4281 2659 4337 memoriae
2700 4288 2898 4338 vestrae
2943 4285 3168 4340 culmen
3223 4289 3480 4345 Ecclesiae
3511 4308 3608 4362 pa-

1983 4376 2098 4430 lam
2154 4379 2464 4448 aperteque
2528 4376 2852 4444 constituit,
2916 4395 3046 4434 cum
3112 4380 3218 4435 hoc
3273 4383 3428 4438 idem
3482 4387 3613 4440 scri-

1983 4469 2166 4537 beret,
2224 4471 2521 4541 negotium
2576 4471 2862 4526 decessori
2903 4478 3097 4528 nostro
3149 4475 3282 4530 satis
3334 4494 3455 4531 esse
3507 4495 3609 4550 pa-

1900 4570 2108 4642 Dcem
2157 4563 2579 4631 affectantibus,
2643 4565 2690 4618 si
2754 4581 2966 4620 nomen
3031 4571 3257 4622 tantum
3309 4571 3615 4627 reticeatur

1983 4656 2186 4712 Acacii.
2244 4658 2394 4728 Ergo
2450 4657 2639 4727 priora
2698 4662 2897 4713 vestra:
2949 4659 3097 4714 sedis
3152 4663 3460 4719 constituta
3520 4684 3609 4721 sc-

1985 4751 2198 4823 quitur,
2246 4752 2344 4822 qui
2381 4767 2498 4806 non
2539 4768 2740 4806 omnes
2775 4753 3083 4808 memorias
3119 4760 3480 4814 mortuorum
3517 4763 3614 4833 ju~

1986 4845 2137 4900 dicat
2194 4846 2673 4912 contemnendas,
2735 4851 2799 4901 ut
2859 4846 3159 4920 indignum
3212 4851 3488 4910 habeatur
3558 4863 3616 4912 et

1986 4940 2391 5010 incongruum,
2445 4940 2488 4993 si
2542 4956 2658 4994 non
2719 4940 2994 5010 placidior
3044 4944 3306 5000 omnibus
3355 4965 3471 5003 non
3522 4967 3613 5006 θυι

1987 5034 2108 5088 lum
2153 5033 2454 5101 defunctis,
2500 5033 2601 5087 sed
2644 5033 2818 5088 etiam
2864 5036 3260 5107 superstitibus
3301 5047 3486 5097 vestra
3529 5045 3614 5098 di~

1985 5128 2252 5199 vulgetur
2296 5128 2354 5181 in
2409 5126 2563 5182 omni
2613 5126 2726 5183 ﬁne
2779 5133 3061 5185 terrarum
3118 5131 3344 5189 lenitas.
3398 5137 3462 5190 Et
3509 5137 3617 5191 hoc

1987 5221 2221 5292 quidem
2272 5237 2388 5276 non
2445 5221 2914 5290 dubitaverimus,
2966 5224 3045 5278 ita
3095 5227 3404 5296 gratiosum
3460 5229 3618 5284 vobis

1988 5316 2246 5370 futurum
2296 5319 2358 5370 ut
2405 5315 2638 5387 paciﬁco
2692 5316 2883 5371 statim
2923 5333 3192 5389 responso
3235 5319 3418 5374 laetior
3452 5338 3619 5377 mun-

1989 5410 2094 5466 dus
2165 5409 2477 5480 reddatur;
2544 5409 2785 5465 retineat
2842 5416 3036 5466 autem
3108 5414 3294 5466 vestra
3357 5417 3620 5471 sanctitas

1991 5503 2144 5576 quod
2185 5504 2400 5559 dudum
2446 5504 2774 5576 scripsimus
2821 5521 2885 5560 ex
2928 5505 3156 5559 Oriente
3182 5506 3618 5577 supplicationes

1993 5599 2153 5654 nobis
2196 5615 2318 5654 esse
2363 5598 2694 5668 destinatas,
2746 5599 3099 5653 voluntatem
3145 5599 3401 5669 ipsorum
3449 5606 3622 5660 conti-

1990 5697 2211 5759 nentes,
2243 5697 2301 5747 et
2331 5692 2630 5746 arbitrium
2659 5693 2717 5746 in
2749 5706 2863 5762 quo
2891 5707 2950 5744 se
2981 5689 3282 5747 duraturos
3311 5697 3623 5754 ostendunt

1993 5785 2255 5853 ﬁrmiter,
2309 5792 2364 5840 et
2413 5802 2526 5857 quo
2578 5785 2732 5840 nulla
2785 5784 3000 5838 ratione
3048 5783 3434 5843 desistendum
3470 5793 3620 5848 insti-

1994 5886 2172 5934 mant.
2231 5881 2380 5934 Hanc
2433 5879 2625 5949 itaque
2682 5878 2998 5932 chartulam
3055 5880 3370 5938 secundum
3429 5891 3621 5946 nostra
