4062 6188
546 295 667 347 1051

1427 293 1710 348 ΑΡΡΕΝΙ).
1751 289 1839 349 ΑΒ
1876 295 2035 351 ΞΕΟ.
2079 291 2165 349 ΙΧ.
2194 324 2262 334 ——
2301 292 2549 350 lSIDORl
2586 290 3011 351 MERCATORIS

3695 305 3794 359 1052

536 401 840 470 promissa,
903 416 1006 470 per
1052 401 1323 455 Joannem
1379 401 1566 455 virum
1627 403 2166 458 reverendissimum
2185 402 3794 490 Atam.lntelligimusquoqueetsuscipimuscontidentes,et

536 494 868 564 episcopum
920 492 1277 565 dirigendam
1330 494 1489 548 vobis
1541 496 1600 550 in
1641 497 1912 567 praesenti
1952 497 2160 552 merito

535 586 898 656 credidimus,
944 591 1007 641 ut
1047 603 1080 641 a
1117 590 1306 642 vestra
1335 588 1470 642 sede
1506 589 1678 644 etiam
1712 594 1878 645 tenor
1914 591 2037 660 ejus
2060 590 2162 644 ad-

535 681 740 735 missus
781 680 855 734 ad
898 680 1245 751 colligendas
1290 681 1570 753 proﬁciat,
1603 685 1660 738 et
1683 683 2023 738 adunandas
2051 683 2166 738 ubi-

534 791 646 846 que
703 775 1054 830 venerabiles
1109 775 1412 842 Ecclesias,
1480 781 1536 831 et
1595 777 2164 848 Hierosolymitanam

537 868 844 940 praecipue,
897 868 986 922 cui
1026 871 1248 923 tantum
1302 885 1500 925 omnes
1542 869 1793 924 favorem
1819 871 2167 943 impendunt

535 963 696 1034 quasi
746 963 916 1017 matri
972 962 1277 1018 Christiani
1324 963 1595 1031 nominis,
1651 967 1709 1018 ut
1768 981 1936 1019 nemo
1961 965 2166 1020 audeat

531 1058 601 1111 ab
642 1073 708 1112 ea
737 1073 856 1112 sese
889 1056 1231 1111 discernere.
1266 1059 1617 1113 Consensum
1647 1058 1837 1130 itaque
1869 1058 2163 1130 proprium

534 1151 694 1204 tuam
739 1149 1098 1204 sanctitatem
1134 1149 1427 1221 epistolari
1459 1167 1685 1222 quoque
1716 1151 1923 1223 pagina
1955 1168 2160 1206 conve-

536 1244 623 1298 nit
651 1244 955 1311 declarare,
1004 1247 1064 1297 ut
1097 1244 1324 1314 cognito
1371 1245 1636 1300 omnibus
1677 1251 1849 1316 atque
1882 1246 2164 1317 patefacto

539 1340 793 1392 tenorem
821 1335 1083 1406 ejusdem
1107 1337 1382 1392 chartulae
1403 1355 1437 1392 a
1455 1339 1610 1393 vobis
1641 1338 1813 1393 etiam
1845 1339 2085 1409 laudari,
2108 1343 2166 1394 et

535 1431 807 1486 tenaciter
854 1430 1147 1501 custodiri,
1191 1431 1370 1486 laetior
1413 1432 1664 1487 mundus
1705 1432 1922 1489 existat.
1973 1434 2110 1487 Data
2131 1449 2163 1486 v

533 1525 659 1580 Idus
699 1524 1044 1596 Septembris
1080 1525 1457 1596 Chalcedone,
1507 1527 1735 1582 Rustico
1787 1526 2039 1595 consule,
2070 1543 2161 1582 ac-

535 1623 700 1690 cepta
724 1617 913 1690 pridie
941 1618 1225 1674 Kalendas
1252 1619 1517 1675 Decemb.
1545 1637 1702 1675 cons.
1733 1638 1779 1674 s.

1069 1715 1364 1784 Exemplar
1388 1730 1624 1784 precum.

2264 497 2599 552 conﬁtentes
2611 498 2744 568 quia
2755 513 2928 552 unam
2939 496 3304 552 substantiam
3315 497 3400 552 vel
3411 515 3673 569 personam
3681 505 3793 572 quod

2264 591 2420 645 idem
2454 591 2580 661 ipsa
2609 595 2801 646 sancta
2842 590 3090 662 synodus
3118 591 3176 644 in
3203 591 3415 646 duabus
3444 595 3647 663 naturis,
3670 596 3715 649 id
3737 604 3794 650 est

2265 684 2495 754 deitate,
2519 688 2577 738 et
2595 685 2953 740 humanitate
2971 683 3209 740 indivise
3235 690 3290 740 et
3310 685 3576 740 inconfuse
3592 689 3795 758 pradica-

2264 777 2360 847 vit,
2390 779 2570 832 Deum
2591 777 2858 847 verbum;
2881 782 2939 834 et
2957 778 3226 832 Dominus
3246 783 3431 834 noster
3446 781 3470 834 J
3475 796 3589 834 esus
3604 781 3796 835 Christus

2267 888 2410 925 unus
2461 878 2546 926 est
2591 889 2662 926 ex
2706 877 2917 940 sancta,
2955 872 3124 926 unius
3169 873 3417 928 essentiaa
3453 873 3698 928 Trinitate.
3735 875 3794 930 Sic

2264 964 2420 1020 enim
2440 965 2748 1020 Dominum
2763 966 2823 1020 in
2834 965 3014 1020 tribus
3031 965 3372 1035 substantiis,
3387 967 3519 1020 sicut
3533 966 3708 1021 dictum
3722 972 3795 1035 est,

2264 1059 2613 1130 accepimus;
2644 1062 2815 1114 Pater
2836 1062 3028 1114 autem
3046 1076 3160 1114 non
3182 1065 3266 1114 est
3282 1059 3597 1129 incarnatus,
3618 1077 3698 1114 nec
3710 1061 3795 1132 Spi-

2262 1152 2403 1206 ritus
2415 1158 2642 1208 sanctus
2657 1171 2670 1221 ;
2695 1153 3094 1209 DeusVerbum
3105 1153 3502 1220 incarnatus,et
3511 1154 3658 1208 homo
3670 1154 3798 1208 factus

2263 1251 2346 1301 est
2365 1262 2514 1301 unus
2533 1263 2603 1302 ex
2623 1252 2838 1314 sancta,
2855 1252 2911 1302 et
2929 1248 3101 1302 unius
3120 1247 3377 1302 essentia:
3386 1245 3646 1314 Trinitate,
3661 1263 3798 1301 secun~

2263 1339 2402 1395 dum
2434 1340 2724 1396 ﬁliationis
2756 1342 3187 1413 proprietatem.
3225 1341 3315 1396 Sic
3349 1341 3526 1412 itaque
3562 1341 3798 1396 secundum

2263 1434 2556 1504 pre-edictas
2584 1439 2800 1490 sanctas
2833 1438 3080 1506 quatuor
3109 1435 3351 1507 synodos
3370 1434 3654 1503 credentes,
3678 1437 3720 1488 et
3737 1450 3797 1488 se-

2263 1528 2506 1582 cundam
2523 1528 2788 1584 DeiVerbi
2801 1528 3178 1596 nativitatem,
3192 1529 3500 1584 secundum
3512 1543 3705 1583 carnem
3713 1544 3800 1581 con-

2262 1621 2411 1676 ﬁteri
2432 1638 2549 1677 non
2566 1623 2882 1678 renuimus.
2900 1622 3061 1678 Unde
3076 1622 3306 1694 proprie
3325 1623 3420 1676 Dei
3436 1621 3653 1692 genitrix
3663 1625 3801 1675 sancta

2263 1712 2432 1782 Virgo
2453 1727 2570 1766 esse
2593 1712 2861 1779 creditur,
2885 1717 3160 1784 tanquam
3189 1728 3320 1783 qua:
3338 1716 3548 1780 natura,
3568 1716 3615 1766 et
3626 1711 3800 1764 veritate

606 1808 717 1862 Deo
778 1805 1008 1862 amabili
1070 1823 1134 1861 ac
1194 1807 1448 1878 piissimo
1511 1807 1845 1881 imperatori
1909 1824 1979 1864 ex
2045 1810 2161 1866 Deo
2183 1794 2239 1867 Β
2265 1805 2431 1860 unius
2458 1806 2715 1860 essentia
2737 1805 2914 1861 Patris
2941 1805 3144 1861 Filium
3179 1805 3485 1877 Dominum
3509 1804 3714 1858 Verbum
3733 1818 3803 1873 per

533 1906 808 1974 Augusto,
861 1904 918 1955 et
963 1899 1207 1972 principi
1259 1901 1480 1957 Justino
1525 1901 2026 1971 Christianissimo,
2071 1903 2166 1959 de~

532 1995 818 2067 precatio,
874 1997 932 2048 et
981 1993 1320 2065 supplicatio
1372 1995 1442 2048 ab
1487 1995 2014 2067 Hierosolymitanis
2037 2038 2051 2066 ,
2107 2001 2165 2052 et

534 2088 932 2156 Antiocheanis,
988 2093 1045 2142 et
1099 2088 1363 2143 secunda;
1419 2088 1596 2160 Syriae
1661 2088 1902 2157 clericis,
1957 2094 2014 2145 et
2064 2089 2162 2144 ab-

533 2183 758 2238 batibus
808 2187 864 2236 et
905 2181 1323 2254 possessoribus
1370 2181 1676 2254 provinciae
1715 2182 1933 2254 Syriis:
1968 2205 1995 2232 «
2023 2185 2165 2238 Hau-

533 2278 640 2332 rite
695 2291 906 2347 aquam
955 2292 1083 2329 cum
1135 2275 1332 2330 laetitia
1375 2292 1445 2331 ex
1490 2276 1742 2332 fontibus
1791 2276 1988 2332 salutis
2032 2277 2160 2349 (Isa.

536 2389 642 2440 x11,
698 2370 782 2441 3),
835 2390 862 2417 ››
925 2368 1258 2424 vociferator
1309 2369 1476 2424 Isaias
1525 2370 1810 2442 propheta
1857 2372 2161 2440 exclamat,

536 2467 716 2521 fontes
766 2463 962 2519 salutis
1017 2463 1378 2534 evangelicaa,
1429 2463 1682 2520 veritatis
1731 2465 2164 2536 przedicationes

534 2559 835 2616 manifeste
893 2558 1218 2626 ostendens,
1285 2575 1353 2612 ex
1414 2557 1618 2629 quibus
1679 2559 1833 2615 beati
1888 2559 2161 2630 Apostoli,

533 2659 591 2710 et
641 2669 840 2710 eorum
886 2652 984 2723 qui
1027 2668 1134 2724 per
1167 2652 1426 2708 ordinem
1482 2653 1713 2708 fuerunt
1765 2652 2045 2723 discipuli,
2109 2658 2165 2707 et

535 2748 813 2819 sapientes
864 2745 1126 2799 Ecclesiae
1182 2744 1442 2800 doctores
1491 2745 1792 2800 salutarem
1839 2762 2050 2816 aquam
2093 2747 2159 2799 ﬁ-

534 2842 624 2896 dei
680 2838 1039 2907 haurientes,
1100 2854 1337 2892 omnem
1393 2841 1647 2893 sanctam
1697 2839 1797 2894 Dei
1851 2839 2163 2895 Ecclesiam

529 2934 946 3004 irrigaverunt,
1001 2948 1127 3002 quas
1182 2931 1238 2984 in
1290 2935 1448 3001 petra
1499 2931 1712 2986 summi
1769 2932 2160 3002 apostolorum

532 3027 788 3096 subnixa,
837 3031 1057 3079 rectam
1100 3031 1156 3079 et
1203 3024 1578 3079 inflexibilem
1615 3025 2030 3081 confessionem
2061 3043 2160 3081 cu-

535 3121 807 3187 stodiens,
856 3117 1198 3173 ﬁducialiter
1251 3135 1381 3173 cum
1432 3135 1501 3174 eo
1551 3119 1626 3174 ad
1667 3119 2030 3190 unigenitum
2071 3121 2156 3174 Fi-

531 3217 672 3272 lium
728 3215 829 3269 Dei
882 3212 1041 3268 omni
1087 3215 1352 3284 tempore
1393 3213 1696 3282 exclamat,
1732 3213 1926 3269 dicens
1965 3233 1978 3268 :
2028 3215 2160 3269 «Tu

533 3329 592 3367 es
655 3309 909 3365 Christus
976 3305 1150 3360 Filius
1215 3306 1310 3361 Dei
1378 3306 1486 3361 vivi
1556 3306 1732 3379 (Joan.
1800 3324 1873 3374 χι,
1951 3309 2061 3379 27).
2132 3328 2157 3356 ››

533 3407 685 3460 Hanc
741 3402 1046 3457 salutarem
1105 3398 1523 3455 confessionem
1571 3418 1604 3455 a
1661 3401 1866 3456 sanctis
1915 3405 2161 3473 quatuor

529 3497 759 3570 synodis
801 3512 929 3568 quas
965 3493 1308 3566 evangelicis
1345 3495 1647 3567 praeceptis
1687 3500 1820 3550 sunt
1865 3496 2159 3552 honoratae

529 3591 918 3664 suscipientes,
975 3604 1275 3661 nunquam
1326 3605 1431 3659 per
1457 3589 1666 3645 Christi
1703 3588 1950 3660 gratiam
1985 3607 2018 3645 a
2042 3595 2157 3646 tra-

532 3687 664 3742 ditis
715 3685 879 3740 nobis
931 3683 1097 3738 rectis
1161 3682 1527 3754 dogmatibus
1583 3682 1955 3751 deviavimus,
2018 3683 2162 3739 sicut

529 3798 725 3838 rerum
783 3781 1026 3836 testatur
1063 3770 1347 3848 pro'batio,
1401 3780 1458 3832 et
1507 3780 1763 3848 tempore
1815 3777 2161 3833 necessitatis

528 3876 665 3932 ﬁdei
717 3871 1038 3929 constantia
1090 3870 1464 3926 demonstrat.
1533 3871 1588 3927 Si
1651 3869 1830 3942 igitur
1877 3874 1939 3925 ut
1993 3871 2155 3928 Chri-

528 3971 696 4026 stiani
740 3965 986 4023 rationis'
1011 3963 1147 4019 ﬁdei
1176 3980 1372 4019 sumus
1401 3961 1723 4036 participes,
1757 3964 1992 4020 domine
2020 3964 2155 4036 piis-

529 4067 700 4132 sime,
778 4067 835 4118 et
881 4060 952 4116 ad
1003 4074 1368 4114 communem
1417 4074 1637 4128 pacem,
1673 4062 1730 4112 et
1763 4058 1837 4112 ad
1878 4058 2159 4113 unitatem

529 4159 883 4226 festinamus,
933 4157 1192 4210 nostram
1249 4153 1423 4207 ﬁdem
1477 4168 1649 4224 quam
1695 4151 1766 4206 ab
1824 4151 1985 4206 initio
2034 4170 2155 4207 sus-

529 4252 807 4324 cepimus,
874 4265 978 4320 per
1032 4247 1179 4300 hanc
1234 4245 1676 4301 satisfactionem
1726 4248 1980 4300 nostram
2033 4263 2154 4301 ma-

529 4348 801 4404 nifestam
857 4344 1056 4397 vestrae
1109 4338 1349 4394 facimus
1403 4338 1601 4410 pietati
1625 4381 1639 4407 ,
1690 4343 1757 4394 ut
1811 4341 2012 4394 notum
2063 4340 2154 4408 sit,

531 4441 667 4514 quia
681 4443 738 4494 et
749 4436 874 4510 paci
889 4431 1305 4499 concurrimus,
1321 4435 1378 4488 et
1390 4448 1423 4485 a
1434 4434 1591 4488 recta
1603 4448 1733 4487 cum
1748 4431 1849 4487 Dei
1860 4432 2157 4504 juvamine

2181 3166 2235 3241 C

2263 1902 2524 1954 naturam
2576 1899 3001 1954 immutabilem
3040 1915 3106 1954 ex
3148 1900 3272 1970 ipsa
3327 1900 3532 1954 factum
3581 1897 3802 1952 hominem

2265 1991 2432 2047 enixa
2460 1995 2546 2046 est
2565 2010 2582 2062 ;
2610 1996 2666 2047 et
2685 1993 2824 2048 duas
2849 1995 3084 2048 naturas
3105 1992 3165 2046 in
3188 1993 3435 2062 Christo,
3457 2007 3553 2064 per
3571 1989 3802 2046 essentiam

2264 2086 2352 2139 vel
2377 2085 2768 2157 zsubstantiam
2810 2086 2999 2141 unitas
3032 2086 3391 2153 conﬁtentes,
3436 2086 3569 2140 sicut
3608 2085 3657 2138 in
3691 2081 3805 2136 unius

2264 2196 2506 2251 persona
2532 2179 2622 2234 vel
2656 2179 2991 2235 substantia.
3021 2181 3213 2252 Neque
3244 2181 3452 2236 harum
3486 2177 3803 2238 diversitatem,

2263 2274 2349 2327 vel
2377 2272 2790 2344 proprietatem
2829 2279 2957 2344 post
2985 2273 3305 2328 unitionem
3335 2273 3641 2340 auferimus,
3674 2274 3716 2323 et
3736 2282 3805 2322 nec

2265 2382 2360 2420 eas
2399 2365 2652 2431 dividere
2694 2367 2755 2421 in
2795 2367 3013 2421 duabus
3060 2367 3322 2438 personis
3351 2370 3408 2423 et
3435 2363 3805 2432 substantiisper

2264 2459 2589 2515 unitionem
2622 2476 2822 2515 sumus
2849 2461 3071 2529 edocti;
3117 2461 3502 2532 eumdemque
3525 2459 3698 2514 scimus
3716 2455 3804 2511 uni-

2266 2554 2526 2625 genitum
2567 2555 2770 2608 Filium
2799 2554 2918 2622 Dei,
2952 2557 3011 2610 et
3033 2558 3164 2610 ante
3194 2555 3626 2610 incarnationem
3649 2551 3756 2621 ejus,
3769 2553 3807 2602 et

2265 2652 2393 2719 post
2420 2648 2601 2702 Deum
2634 2648 2895 2704 similiter
2931 2651 2988 2704 et
3013 2649 3321 2704 hominem
3351 2648 3652 2720 passibileni
3675 2658 3809 2705 carne,

2264 2741 2665 2811 impassibilem
2701 2741 2926 2812 deitate,
2958 2741 3451 2814 circumscriptum
3488 2755 3704 2812 corpore,
3730 2752 3809 2790 non

2263 2834 2646 2905 conscriptum
2679 2835 2901 2906 spiritu,
2934 2836 2994 2890 id
3033 2841 3137 2903 est,
3166 2840 3465 2892 terrenum
3497 2841 3550 2890 et
3577 2834 3812 2891 ccelestem,

2265 2944 2437 2999 quem
2465 2928 2720 2984 mundus
2750 2932 2816 2984 ut
2835 2930 3131 2986 hominem
3162 2931 3334 3001 cepit,
3361 2933 3420 2985 et
3438 2929 3702 2985 Dominum
3725 2937 3814 2977 con-

2264 3022 2442 3077 tinere
2464 3038 2581 3077 non
2609 3023 2817 3094 potuit,
2849 3026 2908 3078 et
2933 3026 3256 3092 mortalem,
3282 3031 3343 3080 et
3362 3022 3709 3079 immortalem
3724 3032 3814 3071 nus-

2261 3132 2436 3188 quam
2462 3120 2800 3172 naturarum
2820 3117 3147 3174 diversitate
3171 3119 3414 3189 sublata,
3437 3132 3606 3189 neque
3621 3111 3812 3168 dividen-

2261 3215 2346 3264 tes
2367 3227 2469 3282 per
2487 3211 2792 3266 essentiam
2811 3212 3143 3267 unitionem.
3161 3213 3273 3268 Hoc
3292 3213 3454 3268 enim
3465 3227 3588 3267 vere
3603 3219 3814 3277 magnum

2259 3304 2491 3374 pietatis
2535 3305 2890 3377 mysterium,
2927 3307 3064 3378 quia
3105 3323 3254 3361 unus
3303 3324 3371 3362 ex
3403 3310 3600 3372 sancta,
3627 3306 3676 3356 et
3695 3299 3815 3354 unius

2261 3401 2508 3456 essentia
2548 3401 2833 3457 Trinitatis
2874 3403 3226 3471 incarnatus,
3251 3407 3312 3458 et
3341 3404 3512 3459 homo
3538 3403 3694 3456 factus
3712 3398 3817 3451 Deus

2259 3495 2508 3550 Verbum
2536 3495 2592 3549 in
2622 3499 2869 3568 utraque
2895 3500 3097 3552 natura
3127 3497 3381 3568 deitatis,
3415 3499 3473 3553 et
3498 3488 3814 3551 humanitatis.

2262 3593 2319 3643 et
2344 3588 2583 3643 indivise
2634 3594 2692 3645 et
2733 3590 3024 3646 inconfuse
3069 3593 3452 3662 cognoscitur,
3495 3597 3548 3646 et
3591 3588 3815 3648 adoretur,

2260 3698 2377 3738 non
2423 3683 2849 3739 conversionem
2893 3686 2981 3740 vel
3019 3685 3405 3743 mutationem
3450 3684 3718 3747 sustinens,
3749 3673 3817 3730 sed

2260 3776 2664 3848 proprietatem
2704 3778 3003 3851 utriusque
3045 3785 3262 3835 natura:
3309 3780 3370 3836 in
3415 3797 3526 3836 una
3566 3771 3818 3850 personam

2261 3870 2566 3941 semetipso
2606 3888 2964 3928 conservans.
3017 3873 3100 3928 Ob
3148 3874 3301 3929 hanc
3340 3874 3516 3946 igitur
3539 3871 3691 3926 ﬁdem
3710 3879 3815 3939 pm-

2257 3963 2433 4018 dictas
2473 3969 2696 4020 sanctas
2733 3967 2978 4038 synodos
3001 3967 3376 4039 suscipientes
3402 3972 3459 4023 et
3483 3963 3816 4022 custodientes,

2258 4057 2802 4114 anathematizamus
2827 4077 3024 4117 omnes
3054 4062 3153 4132 qui
3178 4061 3454 4117 adversus
3489 4077 3599 4127 eas,
3622 4066 3816 4130 quocun-

2258 4167 2368 4222 que
2392 4156 2648 4224 tempore
2679 4155 2762 4209 vel
2787 4154 2962 4210 modo
2987 4155 3200 4227 aliquid
3227 4155 3688 4228 conscripserunt,
3711 4161 3817 4220 pra!-

2257 4246 2424 4318 cipue
2473 4248 2752 4302 Joannem
2791 4250 3050 4319 Egotam,
3095 4249 3194 4321 qui
3219 4251 3495 4306 adversus
3517 4245 3818 4304 memoratam

2256 4344 2512 4396 sanctam
2532 4341 3056 4398 Chalcedonensem
3076 4343 3362 4415 synodum
3391 4345 3595 4400 multas
3608 4345 3665 4396 ut
3680 4338 3820 4394 Nesto-

2256 4433 2451 4488 rianus
2475 4434 2862 4506 blasphemiae
2893 4437 3179 4506 evomuit;
3213 4437 3481 4494 similiter
3508 4435 3821 4492 condemnan-

530 4553 645 4592 non
681 4530 1018 4589 divertimus
1048 4527 1182 4594 ﬁde,
1225 4526 1324 4582 sed
1350 4543 1580 4582 omnem
1610 4543 1677 4582 ex
1701 4543 1865 4600 sequo
1886 4527 2156 4583 heresim
2175 4540 2235 4613 D
2259 4531 2340 4582 tes
2393 4529 2759 4584 Timotheum
2825 4531 3114 4586 Hellurum
3182 4532 3644 4604 cognominatum
3664 4571 3676 4595 ,
3721 4524 3822 4579 sic“l

530 4643 892 4687 exsecramur
916 4641 1032 4680 non
1059 4623 1240 4678 solum
1267 4626 1324 4676 et
1343 4621 1798 4692 Eutichianistas,
1827 4625 1883 4676 et
1900 4623 2156 4694 Acepha-

526 4724 751 4794 los,fsed
772 4727 829 4777 et
846 4718 1227 4784 Nestorianos,
1247 4719 1304 4772 et
1323 4716 1621 4771 hominem
1641 4717 1892 4771 colentes
1905 4718 2026 4771 toto
2041 4717 2160 4772 ani-

529 4837 625 4876 mo
658 4814 852 4891 262
884 4813 1144 4869 odientes
1173 4809 1759 4880 anathematizamus;
1801 4827 1905 4865 nos
1943 4814 2156 4879 autem,

529 4909 1006 4970 Christianissime
1047 4906 1386 4978 imperator,
1441 4904 1585 4960 sicut
1635 4905 1894 4976 superius
1943 4905 2158 4960 dictum

530 5014 633 5074 est,
687 5007 744 5060 in
781 5006 1026 5070 Patrem,
1081 4993 1142 5055 et
1185 4999 1414 5067 Filium,
1462 5001 1520 5053 et
1569 4998 1844 5071 Spiritum
1897 5003 2156 5055 sanctum

527 5104 597 5160 ab
645 5099 805 5156 initio
860 5095 1129 5167 baptizati
1178 5109 1410 5166 quoque
1466 5097 1522 5149 et
1575 5093 1870 5149 credentes
1895 5136 1908 5162 ,
1981 5111 2156 5149 unam

527 5194 828 5255 essentiam
890 5190 992 5245 Dei
1037 5190 1095 5244 in
1158 5188 1336 5242 tribus
1394 5187 1773 5243 subsistentiis
1828 5188 2153 5260 adoramus,

525 5299 581 5349 et
643 5287 959 5346 secundum
1018 5285 1350 5339 sanctorum
1411 5283 1648 5337 Patrum
1710 5282 2027 5350 mathema,
2099 5286 2157 5338 et

526 5384 850 5461 symbolum
906 5379 1236 5444 credentes,
1305 5377 1367 5431 in
1433 5393 1613 5431 unum
1680 5376 1997 5431 Dominum
2049 5378 2153 5431 Pa-

527 5489 673 5538 trem
748 5476 1239 5547 omnipotentem,
1319 5473 1378 5524 et
1447 5470 1505 5525 in
1581 5486 1765 5525 unum
1849 5470 2153 5525 Dominum

528 5580 787 5631 nostrum
863 5573 1053 5627 Jesum
1127 5565 1415 5624 Christum
1494 5562 1862 5634 unigenitum
1947 5564 2152 5618 Domi-

526 5685 668 5725 num
723 5666 969 5722 Verbum
1018 5660 1312 5727 similiter,
1368 5662 1424 5712 et
1470 5672 1656 5712 unum
1705 5656 1978 5728 Spiritum
2024 5675 2152 5713 san-

529 5768 705 5829 ctum,
747 5766 805 5814 et
847 5756 1161 5812 secundum
1206 5753 1310 5807 hoc
1353 5750 1609 5806 divinum
1639 5751 1927 5807 mathema
1959 5751 2156 5807 deﬁni-

529 5855 740 5911 tionem
787 5868 818 5906 a
857 5854 1053 5903 sancta
1090 5845 1526 5901 Chalcedonensi
1567 5845 1781 5916 synodo
1829 5847 2153 5918 promulga-

2259 4623 2742 4694 Eutichianistam,
2768 4624 3035 4681 adversus
3057 4641 3182 4681 eam
3198 4643 3331 4682 cum
3346 4627 3465 4682 suis
3485 4627 3754 4681 latrantem
3768 4632 3823 4671 se-

2257 4716 2546 4787 quacibus.
2577 4719 2657 4773 Ita
2682 4735 2821 4791 ergo
2849 4736 2980 4774 cum
3006 4720 3105 4776 Dei
3128 4721 3432 4792 juvamine
3459 4735 3668 4791 semper
3690 4711 3820 4770 sensi-

2258 4827 2404 4880 mus,
2433 4813 2490 4866 et
2507 4811 2632 4883 jam
2658 4829 2810 4868 nunc
2833 4813 3108 4869 sentimus
3133 4831 3456 4887 exponere;
3497 4815 3623 4888 quia
3644 4807 3821 4883 quidam

2257 4905 2510 4961 haeretici
2528 4906 2667 4961 dum
2685 4923 2846 4962 suam
2870 4909 3077 4963 malam
3100 4909 3275 4964 ﬁdem
3294 4912 3580 4966 occultare
3595 4903 3820 4962 festinant.

2257 5005 2509 5057 nostram
2532 5000 2592 5054 in
2618 5000 2838 5056 Christo
2864 5001 3215 5072 libertatem,
3257 5009 3314 5059 et
3343 5009 3560 5060 rectam
3584 4999 3733 5057 ﬁdem
3753 4993 3818 5049 de-

2258 5099 2498 5152 trectare
2530 5098 2828 5151 conantur.
2857 5095 3247 5168 Supplicamus
3276 5098 3458 5170 igitur
3491 5101 3714 5152 vestram
3742 5087 3818 5142 cle-

2258 5190 2537 5245 mentiam
2561 5189 3117 5262 sollicitudinemque
3141 5191 3213 5246 de
3235 5192 3490 5264 perfecta
3508 5186 3823 5246 Ecclesiarunl

2255 5284 2510 5338 unitione
2548 5286 2868 5339 sanctarum
2913 5284 3127 5340 habere
3159 5285 3393 5355 debere,
3455 5290 3516 5340 ut
3549 5283 3711 5339 unitas
3730 5288 3820 5346 qua?

2255 5395 2384 5433 cum
2411 5378 2509 5434 Dei
2535 5378 2685 5434 facta
2707 5378 2880 5434 fuerit
2889 5378 3201 5451 juvamine,
3226 5397 3327 5436 nec
3354 5381 3473 5436 ullo
3499 5378 3736 5446 deinceps
3757 5383 3819 5425 η’

2254 5472 2535 5541 tionabili,
2565 5478 2662 5528 aut
2685 5473 3060 5529 irrationabili
3091 5474 3402 5530 occasionis
3425 5474 3619 5530 fomite
3654 5463 3818 5538 inquie'

2254 5567 2363 5621 tari
2389 5583 2497 5638 pax
2523 5567 2726 5638 possit;
2757 5568 2908 5623 Deus
2935 5573 3132 5624 autem
3157 5568 3421 5625 omnium
3449 5571 3683 5626 vestrum
3703 5559 3822 5632 pium

2253 5661 2557 5732 adimpleat
2598 5661 2946 5718 desiderium
2987 5663 3050 5718 in
3094 5663 3328 5734 gloriam
3361 5665 3450 5718 sui
3477 5673 3533 5718 et
3557 5654 3820 5731 reipublicai

2254 5754 2629 5827 disciplinam.
