4062 6188
249 310 269 362 1
282 311 384 363 053

1467 305 1940 364 DECRETALIUM
1979 305 2364 363 COLLECTIO.

3473 307 3608 360 1054

825 624 1401 718 INCIPIUNT
1493 626 2015 718 DECRETA
2105 623 2584 717 JOANNIS
2673 621 3037 715 PAPIE.

315 979 556 1034 lamnas
589 979 742 1035 urbis
773 981 972 1036 Roma:
1017 981 1315 1054 episcopus
1357 983 1644 1040 ZACHARUE
1685 983 1877 1038 archi-
1897 993 1959 1069 Α
1978 998 2096 1036 non
2136 986 2304 1036 exeat
2327 981 2670 1052 impunitus,
2699 980 2797 1036 sed
2825 997 2958 1036 cum
2985 981 3454 1053 multiplicatione
3481 997 3605 1037 om-

246 1071 514 1143 episcopo
546 1073 803 1128 salutem.

319 1165 507 1236 Exigit
549 1167 770 1222 dilectio
797 1173 913 1236 tua,
941 1169 1119 1224 frater
1143 1170 1496 1242 charissime,
1530 1174 1878 1243 prazceptum

244 1258 569 1331 apostolica:
586 1261 756 1329 sedis,
775 1261 831 1316 in
857 1278 970 1334 quo
989 1264 1224 1318 Patrum
1244 1263 1474 1320 decreta
1493 1265 1876 1333 consentiunt,

244 1353 396 1425 quod
437 1370 544 1408 nec
573 1355 697 1422 tibi,
728 1372 832 1411 nec
863 1357 960 1410 ulli
993 1361 1146 1412 recte
1190 1357 1518 1428 viventium,
1552 1363 1610 1414 et
1638 1359 1876 1415 creden-

247 1447 390 1502 tium
416 1448 771 1503 sacerdotum
815 1466 1032 1522 negare
1060 1451 1143 1504 fas
1169 1466 1290 1506 esse
1325 1452 1627 1508 credimus.
1658 1454 1726 1507 Et
1749 1453 1879 1508 licet

243 1540 348 1596 tibi
375 1558 481 1613 pro
508 1542 711 1598 merito
745 1546 804 1597 et
830 1543 1050 1599 honore
1095 1545 1395 1601 sacerdotii
1427 1563 1538 1617 quo
1565 1546 1879 1618 plurimum

242 1636 428 1708 polles
452 1634 697 1705 vivendi,
725 1641 783 1692 et
809 1637 1049 1693 docendi
1075 1639 1473 1695 ecclesiasticae
1500 1640 1713 1712 regulae
1740 1644 1879 1696 nota

244 1728 361 1783 sint
385 1729 597 1799 omnia,
629 1734 820 1787 tamen
851 1732 990 1803 quia
1015 1732 1288 1788 Romanae
1318 1733 1577 1790 Ecclesiae
1607 1750 1875 1790 normam

242 1828 416 1896 atque
463 1825 856 1881 auctoritatem
911 1842 1265 1899 magnopere
1317 1829 1613 1899 postulasti
1658 1829 1880 1901 scriptis

246 1917 357 1972 tuis
373 1917 620 1974 breviter
637 1920 986 1991 respondere
1007 1921 1350 1977 curavimus.
1373 1922 1451 1977 De
1470 1923 1704 1979 occultis
1723 1922 1877 1978 enim

245 2011 436 2066 cordis
471 2012 642 2067 alieni
677 2016 890 2070 temere
925 2015 1188 2086 judicare
1213 2015 1474 2087 iniquum
1499 2021 1582 2073 est
1613 2035 1626 2072 :
1667 2018 1877 2073 etenim

244 2105 408 2176 cujus
435 2121 549 2160 non
576 2106 842 2163 videntur
865 2124 1038 2180 opera
1065 2108 1176 2164 nisi
1209 2109 1362 2164 bona
1397 2115 1765 2182 peccatorum
1795 2115 1882 2166 est

246 2216 314 2255 ex
340 2199 662 2272 suspicione
689 2202 1138 2274 reprehendere.
1171 2203 1313 2260 Oves
1339 2220 1476 2277 ergo
1507 2221 1635 2276 qua:
1664 2206 1880 2276 pastori

245 2310 351 2348 suo
377 2294 694 2349 commissae
718 2295 972 2364 fuerunt,
1002 2313 1138 2351 eum
1175 2314 1282 2352 nec
1320 2299 1742 2370 reprehendere
1769 2298 1880 2354 nisi

244 2404 280 2441 a
304 2393 456 2444 recta
484 2389 597 2444 fide
628 2388 1049 2459 exorbitaverit,
1079 2390 1312 2460 debent,
1341 2368 1402 2448 et
1431 2393 1757 2448 nullatenus
1783 2409 1875 2447 ac-
1897 2368 1956 2442 B

245 2499 444 2538 cusare
473 2486 735 2555 possunt;
766 2485 899 2556 quia
935 2483 1084 2539 facta
1109 2488 1401 2556 pastorum
1427 2485 1538 2540 oris
1571 2487 1761 2558 gladio
1793 2488 1876 2541 fe-

247 2577 448 2630 rienda
490 2594 602 2632 non
649 2583 800 2645 sunt,
839 2594 1171 2651 quanquam
1213 2583 1370 2634 recte
1410 2580 1878 2651 reprehendenda

245 2670 570 2725 videantur.
604 2671 732 2726 Ideo
754 2671 860 2727 ista
883 2672 1153 2742 dicimus,
1178 2672 1312 2745 quia
1339 2673 1396 2728 in
1428 2674 1651 2746 scriptis
1681 2674 1881 2729 vestris

249 2764 571 2834 reperimus
613 2765 891 2836 quosdam
929 2767 1220 2839 episcopos
1243 2767 1443 2823 vestris
1479 2767 1538 2821 in
1565 2768 1822 2840 partibus
1848 2785 1882 2823 a

250 2857 494 2928 propriis
521 2858 715 2913 ovibus
737 2864 1048 2930 accusatos,
1075 2860 1294 2932 aliquos
1324 2861 1583 2917 videlicet
1611 2879 1680 2917 ex
1708 2862 1882 2933 suspi-

249 2951 439 3018 cione,
469 2954 527 3005 et
555 2952 775 3023 aliquos
801 2969 865 3007 ex
893 2957 1046 3008 certa
1083 2954 1303 3009 ratione
1337 2971 1349 3008 :
1385 2959 1440 3009 et
1465 2954 1676 3010 idcirco
1705 2972 1878 3027 quos-

251 3045 382 3099 dam
425 3045 540 3099 suis
581 3061 700 3100 esse
745 3046 914 3101 rebus
961 3047 1324 3118 exspoliatos,
1357 3048 1631 3119 quosdam
1673 3065 1805 3104 vero
1849 3065 1882 3102 a

253 3139 487 3209 propria
539 3139 674 3194 sede
709 3140 918 3210 pulsos.
964 3140 1117 3204 Quos
1159 3141 1297 3196 scias
1342 3158 1448 3196 nec
1485 3143 1557 3196 ad
1599 3142 1881 3213 synodum

251 3232 806 3304 comprovincialem,
823 3250 924 3288 nec
942 3235 1010 3289 ad
1031 3235 1359 3306 generalem
1369 3253 1534 3308 posse
1546 3253 1879 3304 convocare,

250 3343 357 3381 nec
380 3326 595 3398 aliquid
613 3327 876 3398 judicare
894 3332 1208 3400 antequam
1235 3335 1437 3386 cuncta
1456 3346 1584 3402 qua:
1601 3331 1683 3386 eis
1700 3330 1883 3386 ablata

252 3426 388 3475 sunt
424 3421 646 3492 legibus
685 3422 949 3493 potestati
989 3439 1191 3478 eorum
1235 3424 1678 3496 reintegrentur.
1728 3424 1884 3479 Prius

253 3531 394 3585 ergo
420 3519 645 3587 Oportet
672 3516 869 3570 omnia
888 3516 984 3570 illa
1009 3517 1230 3589 legibus
1255 3517 1615 3590 reintegrari,
1639 3520 1696 3573 et
1715 3518 1885 3573 eccle-

251 3609 363 3663 sias
387 3625 514 3680 quae
545 3609 650 3664 sibi
679 3609 913 3665 sublata:
938 3615 1090 3679 sunt,
1119 3628 1250 3666 cum
1277 3612 1437 3668 omni
1464 3612 1762 3684 privilegio
1784 3629 1884 3668 suo

251 3703 505 3772 restitui;
549 3707 606 3757 et
647 3705 1010 3775 postmodum
1041 3722 1160 3760 non
1205 3706 1310 3761 sub
1342 3706 1569 3777 angusti
1605 3707 1886 3778 temporis
1906 3743 1960 3818 Ο

251 3797 456 3867 spatio,
479 3797 575 3852 sed
596 3801 819 3853 tantum
841 3800 1115 3870 temporis
1144 3799 1394 3872 spatium
1424 3801 1502 3855 eis
1524 3799 1888 3871 indulgeatur

251 3894 536 3962 quantum
563 3892 862 3964 exspoliati
892 3894 978 3948 vel
1007 3893 1222 3966 expulsi
1257 3910 1380 3949 esse
1409 3893 1694 3962 videntur,
1722 3900 1883 3951 ante-

250 4001 429 4056 quam
456 3985 528 4040 ad
555 3987 837 4058 synodum
862 3993 1264 4058 convocentur,
1285 3993 1341 4043 et
1359 3988 1429 4042 ab
1456 3988 1720 4043 omnibus
1739 3989 1887 4060 quis-

253 4095 372 4150 que
395 4096 510 4134 suae
538 4079 844 4152 provinciae
864 4081 1139 4154 episcopis
1162 4081 1447 4138 audiatur.
1469 4083 1611 4137 Nam
1631 4099 1737 4138 nec
1757 4099 1887 4138 con-

249 4173 444 4228 vocari
469 4173 541 4227 ad
568 4190 817 4244 causam,
846 4191 951 4230 nec
982 4175 1279 4247 dijudicari
1319 4180 1504 4248 potest
1539 4176 1889 4248 exspoliatus

252 4269 340 4322 vel
363 4268 648 4338 expulsus,
668 4269 802 4341 quia
826 4285 940 4325 non
955 4274 1046 4324 est
1062 4270 1422 4342 privilegium
1448 4287 1563 4342 quo
1585 4271 1887 4342 exspoliari

253 4360 434 4432 possit
451 4362 732 4432 nudatus;
760 4363 916 4418 unde
937 4367 996 4418 et
1014 4364 1330 4436 antiquitus
1358 4365 1646 4420 decretum
1667 4369 1750 4420 est
1771 4381 1889 4419 om-

251 4471 362 4510 nes
383 4455 782 4526 possessiones,
805 4460 862 4512 et
887 4457 1080 4513 omnia
1104 4457 1212 4513 sibi
1243 4457 1460 4514 sublata
1480 4461 1651 4531 atque
1671 4459 1891 4515 fructus

255 4551 494 4603 cunctos
525 4554 655 4606 ante
686 4551 840 4606 litem
879 4555 1272 4620 contestatam,
1302 4555 1621 4623 prazceptor
1647 4553 1732 4608 vel
1770 4553 1887 4624 pri-

252 4659 385 4696 mas
410 4645 715 4714 possessori
749 4645 1027 4701 restituat.
1051 4647 1120 4700 Et
1143 4646 1276 4701 alibi
1306 4646 1579 4718 scriptum
1609 4646 1887 4702 habetur:

269 4736 370 4792 llle
385 4737 482 4808 qui
503 4737 830 4793 violentiam
853 4725 1090 4811 pertulit
1108 4739 1368 4795 universa
1387 4740 1446 4795 in
1471 4743 1621 4795 statu
1641 4758 1756 4813 quo
1775 4741 1894 4796 fue-

259 4834 413 4899 rant,
441 4832 697 4903 recipiat,
733 4838 790 4888 et
827 4849 955 4905 quae
1003 4833 1257 4905 possedit
1299 4851 1528 4890 securus
1565 4838 1774 4891 teneat.
1827 4837 1894 4891 Et

258 4925 399 4979 alibi
427 4925 485 4980 in
510 4926 873 4998 synodalibus
899 4929 1129 4982 Patrum
1161 4929 1422 4996 decretis,
1453 4934 1508 4984 et
1537 4946 1742 5000 regum
1771 4929 1891 4984 edi-

257 5019 371 5073 ctis
383 5019 593 5091 legitur
603 5023 878 5076 statutum
896 5037 909 5076 :
925 5021 1349 5094 Reintegranda
1359 5025 1492 5078 sunt
1505 5022 1695 5077 omnia
1706 5039 1896 5095 exspo-

1977 1073 2072 1129 nia
2100 1075 2392 1144 restituat;
2425 1075 2580 1130 unde
2615 1080 2672 1130 et
2711 1074 2768 1129 in
2820 1074 3128 1146 Evangelio
3171 1075 3444 1146 scriptum
3481 1078 3606 1130 est:

1979 1188 2010 1220 ((
2043 1168 2207 1234 Quod
2254 1168 2300 1222 si
2346 1168 2556 1240 aliquid
2603 1168 2954 1238 defraudavi,
3001 1167 3177 1223 reddo
3221 1169 3609 1240 quadruplum

1978 1262 2125 1334 (Luc.
2175 1279 2291 1330 xxx,
2335 1263 2408 1334 8).
2445 1283 2472 1312 »
2516 1265 2582 1318 Et
2625 1263 2684 1317 in
2732 1262 2956 1334 legibus
3003 1261 3194 1316 smculi
3239 1266 3470 1316 cautum
3514 1263 3612 1317 ha-

1977 1355 2144 1412 betur
2173 1373 2186 1411 :
2218 1356 2324 1421 Qui
2351 1373 2475 1411 rem
2503 1356 2750 1427 subripit
2794 1356 3068 1423 alienam,
3100 1355 3182 1409 illi
3211 1355 3372 1426 cujus
3411 1372 3502 1410 res
3533 1355 3612 1410 di-

1977 1455 2141 1521 repta
2163 1456 2266 1520 est,
2284 1451 2345 1505 in
2359 1450 2749 1522 undecuplum
2769 1466 2898 1522 qua)
2920 1449 3142 1504 sublata
3163 1453 3314 1516 sunt,
3328 1450 3609 1516 restituat,

1979 1545 2044 1598 Et
2069 1544 2127 1598 in
2156 1545 2283 1616 lege
2323 1544 2516 1600 divina
2556 1544 2772 1616 legitur
2804 1561 2817 1598 :
2855 1567 2880 1593 ‹‹
2914 1543 3239 1598 Maledictus
3285 1543 3474 1598 omnis
3513 1543 3611 1615 qui

1977 1638 2251 1693 transfert
2294 1638 2574 1694 terminos
2612 1637 2860 1708 proximi
2902 1638 3010 1692 sui.
3041 1638 3108 1692 Et
3146 1636 3296 1692 dicet
3343 1638 3610 1709 populus,

1977 1735 2156 1787 Amen
2182 1732 2358 1805 (Deut.
2387 1748 2554 1800 xxvn,
2582 1733 2686 1804 l7).
2713 1753 2739 1780 »
2764 1730 2920 1786 Talia
2951 1747 3090 1802 ergo
3116 1747 3231 1786 non
3261 1747 3614 1802 praesuman-

1976 1831 2073 1882 tur
2124 1825 2338 1898 absque
2393 1826 2627 1895 ultione,
2673 1842 2776 1881 nec
2823 1827 3205 1881 exerceantur
3246 1824 3460 1896 absque
3509 1841 3613 1880 sua

1978 1920 2366 1975 damnatione.
2406 1921 2486 1975 Tu
2535 1937 2690 1990 vero,
2719 1920 2896 1975 frater
2939 1918 3289 1988 charissime,
3323 1918 3442 1973 haec
3484 1917 3610 1973 vide

1977 2029 2050 2069 ne
2094 2013 2553 2086 transgrediaris,
2599 2018 2654 2069 et
2697 2013 2944 2086 reliquos
2988 2013 3280 2084 episcopos
3331 2015 3447 2067 tam
3495 2017 3612 2067 tuae

1979 2124 2132 2163 curae
2170 2108 2521 2178 commissos,
2569 2111 2627 2163 et
2668 2108 2809 2163 alios
2855 2107 3100 2162 firmiter
3144 2111 3341 2161 tenere
3389 2105 3610 2172 doceto,

1980 2202 2115 2275 quia
2167 2203 2494 2274 transgredi
2555 2201 2864 2274 apostolica
2923 2204 3130 2256 statuta
3170 2201 3380 2271 absque
3431 2204 3609 2254 trans-

1981 2296 2256 2368 gressoris
2281 2296 2491 2368 gradus
2515 2297 2772 2368 periculo
2796 2296 3117 2351 nullatenus
3142 2297 3401 2366 possunt.
3424 2294 3614 2349 Inimi-

1979 2391 2057 2445 cis
2099 2407 2235 2446 vero
2284 2390 2722 2461 accusatoribus,
2756 2390 2845 2445 vel
2888 2390 2959 2445 de
3004 2389 3225 2444 inimici
3264 2389 3436 2444 domo
3476 2405 3611 2459 pro-

1979 2484 2306 2552 deuntibus,
2339 2501 2435 2540 seu
2466 2485 2566 2556 qui
2594 2501 2727 2539 cum
2751 2483 2999 2538 inimicis
3026 2487 3325 2538 morantur
3351 2498 3468 2537 non
3492 2498 3610 2536 cre-

1980 2578 2167 2648 datur,
2211 2595 2284 2633 ne
2325 2578 2452 2633 irati
2497 2595 2705 2634 nocere
2751 2578 3004 2650 cupiant,
3055 2593 3128 2632 ne
3173 2576 3289 2631 laesi
3335 2592 3392 2631 se
3439 2576 3614 2630 velint

1983 2672 2176 2727 ulcisci
2204 2673 2263 2726 hi
2289 2688 2517 2744 quoque
2557 2671 2852 2743 rejiciendi
2883 2676 3034 2737 sunt,
3070 2687 3188 2726 non
3233 2669 3610 2742 approbandi.

1982 2767 2132 2836 Hinc,
2164 2766 2518 2834 charissime,
2563 2770 2715 2835 tene,
2750 2771 2807 2820 et
2853 2765 3142 2837 prohibita
3185 2780 3415 2835 semper
3461 2781 3610 2818 cavo.

1981 2860 2127 2915 Illud
2155 2860 2470 2932 adimplere
2500 2860 2682 2926 stude,
2712 2859 2862 2932 quod
2900 2860 3048 2914 bene
3090 2859 3160 2913 ad
3197 2859 3387 2913 Iesum
3432 2857 3612 2912 ﬁlium

1983 2955 2194 3025 Syrach
2224 2954 2441 3009 dictum
2470 2959 2555 3009 est
2587 2971 2600 3008 :
2634 2955 2822 3026 Usque
2851 2954 2921 3008 ad
2947 2957 3194 3008 mortem
3225 2955 3373 3007 certa
3392 2969 3496 3024 pro
3518 2969 3614 3004 vc-

1983 3048 2172 3115 ritate,
2205 3053 2261 3104 et
2296 3065 2522 3120 semper
2547 3048 2824 3103 Dominus
2852 3049 2999 3102 Deus
3039 3051 3170 3101 tuus
3195 3045 3473 3118 pugnabit
3511 3062 3616 3117 pro

1982 3148 2060 3197 te.
2093 3143 2268 3214 Hujus
2300 3159 2438 3213 ergo
2467 3142 2547 3196 rei
2579 3143 2758 3214 gratia
2785 3141 2944 3196 vobis
2971 3144 3026 3195 et
3056 3141 3216 3196 nobis
3242 3144 3438 3195 sancta
3462 3157 3613 3195 com-

1983 3236 2156 3291 missa
2215 3239 2302 3290 est
2344 3236 2607 3303 Ecclesia,
2654 3240 2718 3290 ut
2764 3252 2868 3306 pro
2916 3235 3178 3289 omnibus
3224 3235 3516 3289 laboribus
3563 3240 3619 3290 et

1984 3329 2201 3385 cunctis
2235 3346 2401 3402 opem
2430 3330 2582 3384 ferre
2610 3346 2728 3384 non
2759 3329 3152 3401 negligamus;
3183 3329 3454 3400 quoniam
3481 3329 3618 3383 dum

1982 3424 2145 3478 fortis
2176 3427 2426 3478 armatus
2451 3423 2698 3478 custodit
2739 3423 2950 3478 atrium
2995 3438 3188 3491 suum,
3217 3421 3276 3475 in
3304 3439 3442 3492 pace
3485 3430 3619 3476 sunt

1986 3518 2176 3572 omnia
2206 3533 2333 3589 qua:
2365 3516 2634 3589 possidet.
2667 3516 2917 3588 Ideoque
2961 3519 3122 3571 tanta
3145 3519 3390 3587 urgente
3416 3532 3615 3571 neces-

1984 3611 2149 3666 sitate
2175 3627 2537 3682 summopere
2564 3615 2751 3666 vestra
2789 3609 3218 3682 apostolicaque
3262 3609 3615 3676 auctoritate,

1985 3709 2042 3761 et
2085 3705 2334 3777 reliquos
2377 3705 2674 3776 episcopos
2727 3707 2956 3776 oportet
3003 3703 3314 3775 reprimere
3365 3704 3616 3770 infestos,

1987 3800 2236 3854 relevare
2274 3815 2592 3871 Oppressos,
2622 3804 2687 3854 ut
2722 3798 2936 3870 absque
2983 3798 3142 3869 gravi
3176 3797 3416 3853 Domino
3455 3799 3615 3853 auxi-

1986 3893 2161 3948 liante
2178 3893 2535 3962 difficultate,
2555 3893 2663 3965 ipsi
2685 3896 2979 3964 gratanter
2999 3891 3158 3947 omni
3177 3896 3434 3963 tempore
3456 3892 3620 3947 sacri-

1986 3987 2157 4042 ﬁcare
2199 4003 2529 4041 mereamur
2558 3986 2736 4041 illaesi.
2768 3986 2851 4040 Ad
2898 4003 2994 4041 vos
3031 4001 3254 4058 quoque
3290 4001 3383 4040 me
3415 3987 3621 4041 reverti

1987 4081 2141 4153 cogit
2165 4079 2439 4153 propositi
2461 4079 2650 4151 operis
2668 4080 2852 4134 amica
2873 4079 3150 4147 conditio,
3175 4079 3275 4151 qui
3295 4079 3620 4135 melioribus

1988 4176 2265 4231 hactenus
2285 4190 2460 4246 opera
2479 4174 2630 4229 volui
2659 4190 2869 4230 novare
2897 4173 3274 4241 sermonibus,
3290 4174 3429 4229 dum
3449 4175 3618 4229 talem

1989 4270 2274 4325 rationem
2294 4269 2474 4341 exigit
2499 4268 2745 4324 toxicata
2764 4269 3088 4338 necessitas,
3107 4268 3363 4323 mandati
3387 4269 3623 4324 caelestis

1989 4363 2268 4419 habitatio
2294 4379 2397 4418 nos
2439 4368 2538 4418 aut
2567 4364 2786 4434 miscet,
2821 4368 2922 4419 aut
2966 4365 3224 4435 separat;
3251 4379 3359 4418 nec
3389 4363 3623 4418 interest

1989 4474 2119 4530 qum
2162 4457 2458 4513 intervalla
2502 4475 2604 4512 nos
2654 4462 2978 4530 segregent,
3012 4457 3061 4513 si
3106 4473 3219 4511 una
3260 4457 3320 4511 in
3361 4472 3623 4528 superna:

1993 4551 2303 4606 mansionis
2343 4552 2498 4606 clave
2527 4551 2880 4616 retinentur;
2912 4567 3018 4605 nec
3048 4549 3209 4605 vobis
3248 4551 3388 4606 tales
3418 4567 3624 4606 nocere

1992 4645 2318 4715 maluerint,
2341 4645 2389 4699 si
2416 4643 2662 4699 invicem
2684 4645 3032 4716 adjutorium
3053 4644 3241 4699 facere
3265 4661 3379 4699 non
3399 4644 3625 4700 distule-

1991 4740 2112 4795 ritis
2148 4757 2161 4795 :
2201 4738 2529 4794 inauditum
2586 4738 2740 4793 enim
2796 4754 2976 4810 genus
3031 4737 3308 4810 sacrilegii
3349 4743 3435 4794 est
3471 4742 3624 4813 quod

1993 4834 2250 4890 mentitae
2269 4833 2562 4904 religionis
2581 4833 2859 4888 honorem
2885 4831 3108 4905 praeﬁxi
3130 4834 3325 4889 aemuli
3345 4835 3624 4892 colorant.

1994 4929 2339 4983 Dehonestat
2388 4927 2546 4982 enim
2590 4927 2900 4982 venerandi
2945 4927 3328 4984 reverentiam
3377 4931 3626 4986 nominis

1994 5022 2089 5095 qui
2119 5022 2441 5093 adjutorem
2471 5037 2531 5075 se
2562 5021 2622 5076 in
2659 5021 2748 5076 his
2777 5037 2905 5093 quae
2943 5021 3002 5076 in
3030 5022 3208 5078 Deum
3236 5023 3434 5095 jactat,
3465 5043 3623 5081 com-

257 5113 414 5167 liatis
440 5114 527 5168 vel
554 5114 747 5185 ejectis
767 5114 1066 5187 episcopis,
1089 5117 1521 5187 praesentialiter
1542 5117 1897 5172 ordinatione
1916 5119 1976 5192 D
1999 5116 2170 5172 missa
2195 5115 2512 5188 pollicetur.
2543 5115 2917 5171 Contumelia:
2943 5132 3124 5188 genus
3149 5121 3234 5173 est
3258 5119 3423 5190 quasi
3447 5119 3506 5172 in
3535 5135 3624 5174 so-

259 5207 626 5278 pontificum,
656 5214 712 5264 et
737 5209 796 5264 in
825 5225 1026 5264 eorum
1053 5211 1207 5265 unde
1235 5211 1628 5266 abscesserunt
1650 5215 1893 5284 potesta-

261 5305 390 5355 tem
409 5301 666 5357 funditus
692 5304 1032 5372 revocanda,
1055 5321 1392 5378 quacunque
1414 5305 1739 5361 conditione
1760 5309 1898 5361 tem-

258 5393 438 5467 poris,
460 5399 558 5450 aut
582 5396 732 5466 dolo,
755 5401 853 5452 aut
877 5398 1223 5469 captivitate,
1244 5402 1343 5454 aut
1368 5399 1573 5455 virtute
1594 5399 1896 5471 majorum,

260 5495 369 5544 aut
408 5505 512 5560 per
556 5507 924 5562 quascunque
974 5491 1212 5563 injustas
1258 5509 1472 5561 causas,
1509 5509 1597 5548 res
1639 5493 1898 5549 Ecclesia!

260 5583 354 5638 vel
378 5583 658 5656 proprias,
679 5589 776 5640 aut
797 5585 1146 5641 substantias
1171 5603 1299 5641 suas
1323 5586 1640 5658 perdidisse
1663 5603 1902 5642 noscun-

262 5681 384 5747 tur,
405 5681 538 5733 ante
565 5679 1002 5750 accusationem,
1030 5685 1129 5735 aut
1158 5681 1485 5751 regularem
1514 5681 1586 5735 ad
1615 5680 1899 5752 synodum

261 5772 625 5828 vocationem
656 5789 876 5844 eorum,
900 5778 957 5830 et
979 5774 1217 5847 reliqua.
1248 5776 1342 5831 Est
1366 5774 1540 5830 etiam
1563 5774 1622 5830 in
1653 5775 1902 5848 antiquis

263 5866 530 5924 Ecclesiae
585 5868 805 5922 statutis
849 5869 1160 5936 decretum,
1191 5871 1252 5922 ut
1291 5868 1388 5942 qui
1432 5869 1618 5925 aliena
1661 5870 1898 5938 invadit,

1995 5210 2131 5266 latio
2157 5227 2279 5266 esse
2305 5209 2536 5264 sublimi
2557 5210 2725 5282 juxta
2747 5211 3082 5281 Apostolum
3105 5228 3117 5266 :
3151 5233 3180 5261 «
3205 5211 3284 5265 Tu
3309 5211 3407 5282 qui
3435 5227 3493 5266 es
3527 5213 3625 5284 qui

1991 5305 2213 5377 judicas
2253 5304 2507 5359 alienum
2550 5305 2869 5360 servum?»
2899 5304 3044 5369 Quid
3086 5304 3319 5359 auribus
3347 5303 3629 5375 imperitis

1996 5399 2244 5455 illudunt
2273 5401 2331 5453 et
2360 5398 2680 5470 graviorem
2707 5398 2973 5454 vindicta:
3004 5399 3250 5469 speciem
3271 5398 3485 5453 faciunt
3509 5416 3629 5456 esse

1998 5509 2170 5565 quam
2184 5493 2365 5565 culpae
2376 5493 2404 5547 Τ
2418 5492 2476 5548 Si
2489 5492 2688 5547 odium
2710 5493 2946 5560 habent,
2961 5491 3282 5546 excessibus
3296 5493 3628 5550 emendent.

1997 5588 2110 5642 Cur
2141 5603 2277 5659 ergo
2305 5587 2541 5642 liberius
2566 5587 2957 5642 condemnant
2982 5583 3193 5640 scelera
3214 5601 3389 5657 quam
3414 5587 3632 5643 vitent?

1999 5681 2094 5736 Sui
2123 5682 2378 5752 profecto
2404 5680 2778 5752 impugnator
2800 5682 2884 5733 est
2911 5677 3099 5732 omnis
3123 5678 3220 5750 qui
3257 5680 3450 5736 Patres
3479 5681 3628 5738 inse-

2000 5776 2216 5848 quitur,
2248 5779 2350 5831 aut
2372 5775 2673 5831 detrahere
2701 5789 2815 5827 non
2855 5771 3150 5828 formidat.
3184 5773 3331 5829 Nihil
3364 5779 3449 5831 est
3477 5777 3629 5833 enim

2004 5869 2360 5925 inimicorum
2392 5869 2449 5924 in
2490 5885 2603 5940 quo
2647 5867 2758 5922 tela
2798 5867 3039 5922 Domino
3065 5883 3233 5938 opem
3265 5869 3481 5928 ferente
3512 5889 3627 5927 non
