4062 6188
539 322 673 373 1055

1427 316 1712 372 APPEND.
1756 311 1842 372 AD
1879 315 2039 373 SEC.
2082 315 2169 371 IX.
2200 345 2268 357 -—
2307 315 2552 373 ISIDORI
2590 311 3014 373 MERCATORIS

3703 323 3800 374 1056

527 441 792 498 superare
850 423 1096 494 valeatis,
1141 424 1187 479 si
1236 425 1400 496 juxta
1448 425 1697 480 veritatis
1745 441 1943 480 vocem
1995 425 2168 480 talem
2192 437 2249 511 Α
2270 443 2374 498 per
2401 426 2612 481 multas
2641 424 2954 496 gratiarum
2983 422 3250 492 actiones,
3276 421 3512 477 abundet
3548 423 3599 478 in
3621 425 3805 495 gloriam

529 520 754 590 qualem
802 520 1078 574 Dominus
1121 520 1414 591 praecepit,
1445 519 1758 574 habueritis
1805 520 2166 574 dilectionem

529 613 599 666 ad
637 613 904 666 invicem.
938 615 1076 667 Data
1121 630 1188 666 xv
1219 613 1500 668 Kalendas
1546 612 1899 678 Novembris,
1932 613 2166 667 Maximo

528 710 582 760 et
608 706 820 760 Olibrio
855 708 919 760 IV
947 707 1290 761 consulibus.

741 800 830 855 Ad
855 803 1128 871 episcopos
1165 801 1342 856 Italiae
1369 801 1434 854 de
1467 801 1785 855 Theoderico
1811 816 1952 869 rege.

597 894 846 947 Joannes
878 893 1172 965 episcopus
1211 893 1474 948 omnibus
1505 910 1610 964 per
1636 892 1950 964 provincias
2004 892 2169 947 Italia:

529 987 852 1042 constitutis
885 987 1167 1059 episcopis
1197 987 1256 1041 in
1287 987 1530 1041 Domino
1562 987 1820 1042 salutem.

603 1080 926 1152 Saepissime
950 1083 1128 1136 multo
1147 1081 1272 1151 jam
1303 1080 1702 1152 experimento
1724 1079 1892 1134 didici
1915 1083 2170 1134 sanctum

526 1175 750 1246 pietatis
771 1179 972 1229 vestrae
987 1175 1242 1229 studium
1260 1175 1409 1229 circa
1430 1173 1768 1244 religionem
1791 1172 2172 1230 Christianam

530 1268 787 1339 gloriosis
845 1285 1118 1334 crescere,
1164 1273 1220 1322 et
1267 1266 1492 1322 dilatari
1535 1267 1888 1337 augmentis;
1939 1270 1995 1322 et
2036 1266 2172 1320 ﬁdes

531 1368 683 1416 recta
711 1378 839 1432 quae
876 1378 990 1414 non
1018 1363 1200 1416 solum
1230 1378 1348 1428 me,
1383 1361 1481 1416 sed
1508 1377 1706 1415 omnes
1735 1360 1957 1414 Domini
1986 1376 2170 1413 sacer-

528 1455 688 1509 dotes
717 1455 1042 1509 consolatur
1077 1461 1132 1510 et
1171 1455 1418 1522 roborat,
1459 1454 1660 1510 vestris
1698 1455 1760 1508 in
1793 1454 2077 1508 mentibus
2118 1456 2175 1507 et

530 1549 796 1618 operibus
824 1565 926 1620 per
957 1549 1317 1603 sacerdotale
1346 1549 1675 1619 agnoscitur
1707 1565 1870 1619 opus,
1902 1552 1959 1602 et
1983 1547 2174 1601 dilata-

533 1646 641 1695 tur.
671 1643 1048 1712 Quapropter,
1075 1642 1306 1710 fratres,
1338 1642 1538 1696 hortor
1558 1658 1678 1712 vos,
1710 1645 1766 1696 et
1796 1657 2002 1695 moneo
2033 1657 2171 1695 con-

2272 519 2464 594 263
2495 521 2613 575 Dei.
2646 523 2880 591 Propter
2905 517 3058 589 quod
3089 533 3205 572 non
3232 515 3525 586 deficimus,
3544 517 3629 572 sed
3651 519 3751 573 licet
3771 521 3805 574 is

2269 616 2366 688 qui
2393 615 2533 669 foris
2563 619 2666 680 est,
2696 619 2888 668 noster
2914 612 3087 666 homo
3119 615 3451 682 corrumpat,
3472 615 3636 666 tamen
3660 613 3711 679 is,
3735 615 3804 683 qui

2270 711 2423 763 intus
2453 713 2556 778 est,
2583 712 2890 762 renovatur
2917 706 2986 761 de
3015 705 3184 769 diein
3205 705 3374 774 diem,
3391 705 3445 758 id
3471 705 3606 759 enim
3622 707 3741 777 quod
3764 708 3804 761 in

2269 803 2537 875 praesenti
2565 806 2647 856 est
2676 805 3142 856 momentaneum
3175 800 3363 852 etleve
3390 798 3719 853 tribulationis
3739 818 3807 855 no-

2271 903 2400 952 strae
2428 913 2599 968 supra
2632 895 2874 950 modum
2906 895 2965 948 in
2995 893 3342 948 sublimitate
3385 897 3637 946 aeternum
3664 895 3806 964 gloria

2272 991 2494 1062 pondus
2519 995 2792 1061 operatur
2813 989 2871 1042 in
2888 988 3069 1055 nobis,
3093 1003 3210 1042 non
3229 987 3700 1058 contemplantibus
3716 1004 3806 1058 qua

2271 1086 2552 1154 videntur,
2606 1084 2706 1138 sed
2764 1099 2890 1154 quas
2946 1098 3063 1136 non
3112 1081 3389 1134 videntur.
3441 1081 3563 1144 Quae
3607 1082 3807 1136 videntur

2273 1180 2452 1246 enim,
2483 1176 2823 1249 temporalia
2851 1179 3017 1230 sunt:
3053 1191 3182 1246 quas
3212 1178 3402 1229 autem
3449 1191 3551 1227 non
3591 1175 3805 1240 videntur,

2272 1279 2483 1329 mterna
2527 1278 2659 1326 sunt
2701 1272 2774 1340 (II
2815 1270 2935 1324 Cor.
2975 1286 3050 1338 1v,
3100 1269 3272 1336 1-18).
3315 1290 3342 1316 ››
3391 1290 3418 1316 ‹‹
3466 1269 3658 1323 Scimus
3697 1269 3806 1322 enim

2274 1369 2544 1440 quoniam
2574 1367 2620 1419 si
2645 1365 2924 1421 terrestris
2952 1364 3155 1418 domus
3183 1365 3374 1417 nostra
3399 1363 3559 1433 hujus
3580 1363 3810 1416 habitatio-

2276 1462 2361 1516 nis
2389 1462 2743 1528 dissolvatur,
2777 1458 2924 1530 quod
2969 1474 3038 1512 ex
3083 1459 3197 1511 Deo
3247 1456 3648 1511 aediﬁcationem
3685 1456 3808 1510 habe-

2277 1573 2425 1623 mus,
2438 1556 2670 1610 domum
2687 1571 2804 1609 non
2821 1553 3206 1608 manufactam
3218 1555 3479 1606 aeternam
3493 1552 3544 1605 in
3558 1551 3807 1605 censbam

2274 1655 2329 1706 et
2353 1652 2412 1705 in
2440 1651 2546 1704 hoc
2572 1648 2995 1720 ingemiscimus
3025 1647 3435 1702 habitationem
3460 1651 3697 1712 nostram,
3722 1661 3810 1716 qua

531 1742 617 1790 ηδ
662 1735 934 1790 “mnam
983 1736 1287 1806 Perﬁdiam
1328 1752 1456 1807 (ΒΙδὲ
1502 1736 1640 1790 Olim
1690 1751 1804 1789 Ποη
1851 1734 2233 1814 30m81,59d_
2275 1746 2345 1800 de
2380 1745 2519 1800 coelo
2553 1749 2652 1812 est,
2687 1742 3022 1814 superindui
3063 1742 3357 1812 cupientes
3383 1758 3396 1795 :
3427 1741 3468 1794 si
3494 1745 3662 1794 tamen
3682 1738 3810 1792 vestiti

530 1845 679 1899 saepe
713 1828 986 1883 damnata
1018 1833 1121 1898 est,
1157 1834 1213 1884 et
1244 1830 1413 1884 modo
1441 1829 1499 1883 in
1525 1828 1871 1900 quibusdam
1894 1827 2175 1882 reviviscit
2194 1812 2250 1884 Β
2277 1844 2332 1894 ει
2357 1856 2473 1895 non
2510 1838 2647 1894 nudi
2673 1837 3050 1892 inveniamur,
3085 1837 3225 1890 Nam
3259 1841 3317 1890 et
3345 1836 3439 1907 qui
3475 1850 3647 1889 sumus
3672 1833 3716 1886 in
3741 1833 3810 1885 hoc

528 1923 736 1977 armari
767 1923 959 1993 gladio
997 1923 1242 1993 Spiritus
1272 1923 1470 1992 sancti,
1500 1929 1562 1976 ut
1583 1939 1708 1976 eam
1738 1922 2173 1977 adminiculante

529 2017 720 2071 divina
752 2017 962 2088 gratia,
997 2016 1322 2088 opprimere
1356 2020 1413 2071 et
1437 2016 1752 2086 exstirpare
1782 2016 2086 2084 valeamus,
2113 2018 2173 2070 ut

533 2127 638 2164 nec
681 2111 838 2164 radix
890 2111 1012 2181 ejus
1061 2110 1116 2163 in
1171 2114 1458 2181 posterum
1507 2111 1851 2167 inveniatur.
1900 2109 2172 2163 Ecclesias

530 2221 662 2259 vero
711 2204 1056 2260 Arianorum
1108 2204 1437 2275 ubicunque
1492 2203 1818 2258 inveneritis
1869 2203 2172 2257 catholicas

534 2315 629 2353 eas
660 2298 866 2352 divinis
899 2297 1158 2368 precibus
1200 2303 1256 2352 et
1300 2297 1567 2369 operibus
1607 2297 1820 2368 absque
1868 2297 1982 2351 ulla
2013 2313 2173 2350 mora

535 2397 882 2459 consecrate,
912 2391 1044 2463 quia
1090 2397 1146 2446 et
1175 2407 1278 2445 nos
1322 2392 1549 2462 quando
1597 2391 1814 2446 fuimus
1849 2390 2169 2448 Constanti-

534 2486 726 2558 nopoli
753 2491 870 2542 tam
903 2485 1185 2557 religione
1210 2485 1490 2540 catholica
1518 2502 1692 2557 quam
1727 2490 1783 2540 et
1809 2485 1960 2556 regis
1987 2485 2169 2539 Theo-

533 2580 709 2634 derici
755 2597 921 2635 causa
970 2581 1247 2635 suadente
1291 2583 1460 2651 atque
1504 2580 1776 2634 hortante
1825 2579 2172 2649 Arianosque

541 2675 892 2745 exstirpante
941 2674 1198 2745 piissimo
1240 2677 1413 2744 atque
1450 2671 1931 2728 Christianissimo
1976 2672 2170 2741 justis-

533 2769 677 2824 simo
702 2768 926 2823 Justino
955 2767 1272 2821 orthodoxe
1305 2767 1684 2836 imperatore,
1719 2781 2083 2836 quascunque
2115 2765 2172 2819 in

533 2863 789 2932 partibus
821 2861 1094 2914 Ecclesias
1125 2860 1376 2930 reperire
1404 2859 1700 2930 potuimus
1727 2858 2047 2927 catholicas,
2079 2875 2173 2912 eas

539 2955 781 3010 Domino
813 2969 982 3024 opem
1008 2953 1230 3006 ferente
1257 2952 1728 3007 consecravimus.
1752 2953 1818 3006 Et
1842 2967 2172 3023 quanquam

538 3047 845 3120 prmdictus
875 3045 1260 3100 Theodoricus
1303 3060 1400 3098 rex
1432 3061 1637 3099 eorum
1681 3049 1840 3115 peste
1867 3046 2052 3099 tactus
2083 3045 2172 3098 in-

538 3142 817 3197 trinsecus
858 3143 916 3194 et
945 3138 1262 3208 obvolutus,
1296 3138 1648 3194 extrinsecus
1692 3154 1795 3192 nos
1838 3142 1895 3192 et
1941 3155 2173 3192 onmem

535 3236 837 3307 regionem
864 3237 1120 3289 nostram
1150 3233 1395 3304 perdere
1430 3238 1487 3287 et
1514 3232 1704 3303 gladio
1726 3237 1782 3288 et
1807 3232 1940 3304 igne
1972 3249 2175 3287 consu-

539 3347 694 3385 mere
726 3329 994 3384 minetur.
1027 3328 1209 3382 Nolite
1239 3331 1435 3382 tamen
1464 3331 1768 3398 propterea
1794 3327 2054 3395 deficere,
2075 3327 2175 3381 sed

535 3423 776 3479 viriliter
828 3423 887 3476 in
941 3437 1079 3494 agro
1133 3420 1425 3476 Dominico
1472 3420 1760 3476 elaborare
1805 3420 2046 3489 studete,
2097 3425 2171 3487 et,

528 3518 693 3590 juxta
719 3515 983 3572 Veritatis
1012 3531 1230 3581 vocem,
1268 3536 1294 3561 ‹‹
1328 3515 1500 3569 nolite
1529 3515 1728 3569 timere
1760 3530 1854 3568 eos
1893 3513 1991 3585 qui
2027 3514 2173 3568 occi-

539 3612 684 3666 dunt
712 3627 934 3682 corpus,
967 3611 1226 3665 animam
1256 3613 1447 3664 autem
1476 3624 1594 3662 non
1627 3613 1866 3678 possunt
1893 3607 2172 3674 occidere,

540 3707 636 3761 sed
661 3704 850 3776 potius
878 3721 1011 3759 eum
1035 3704 1230 3759 timete
1266 3703 1364 3774 qui
1393 3705 1585 3774 potest
1611 3683 1862 3757 animam
1892 3705 1948 3756 et
1975 3717 2177 3773 corpus

541 3798 765 3854 mittere
780 3799 838 3852 in
857 3799 1183 3870 gehennam
1200 3796 1416 3866 (Matth.
1435 3813 1487 3863 x,
1504 3795 1617 3866 28),
1637 3815 1664 3847 »
1686 3798 1744 3849 et
1761 3795 2026 3866 egregius
2042 3811 2177 3866 gen-

543 3894 690 3948 tium
716 3893 1020 3963 Apostolus
1045 3889 1232 3963 inquit
1262 3907 1274 3944 :
1305 3892 1428 3946 Non
1455 3889 1610 3945 enim
1639 3889 2015 3960 nosmetipsos
2036 3905 2178 3960 prae-

544 3987 818 4054 dicamus,
849 3985 946 4039 sed
971 3987 1164 4040 .lesum
1194 3983 1483 4039 Christum
1522 3983 1828 4038 Dominum
1866 3987 2124 4037 nostrum
2158 4000 2172 4037 :

543 4098 648 4136 nos
671 4083 863 4135 autem
895 4095 1087 4134 servos
1113 4083 1327 4134 vestros
1355 4095 1460 4149 per
1486 4079 1701 4147 Jesum,
1734 4077 2012 4148 quoniam
2032 4078 2178 4130 Deus

542 4175 641 4246 qui
678 4175 819 4229 dixit
845 4175 915 4228 de
947 4172 1200 4229 tenebris
1232 4172 1432 4226 lumen
1462 4171 1880 4241 splendescere,
1901 4170 2088 4224 illuxit
2116 4170 2177 4224 in

544 4268 808 4322 cordibus
851 4266 1060 4322 nostris
1099 4266 1170 4320 ad
1208 4265 1694 4320 illuminationem
1732 4264 1979 4319 scientias
2009 4265 2177 4319 clari-

548 4362 674 4417 tatis
722 4361 821 4416 Dei
864 4361 922 4415 in
974 4359 1174 4414 faciem
1214 4358 1418 4415 Christi
1463 4360 1613 4414 Iesu.
1657 4358 1938 4412 Habemus
1986 4363 2179 4414 autem

544 4456 883 4512 thesaurum
928 4453 1123 4524 istum,
1156 4453 1215 4506 in
1255 4452 1401 4506 vasis
1445 4451 1712 4506 ﬁctilibus
1755 4456 1820 4506 ut
1861 4452 2180 4507 sublimitas

2193 3187 2248 3260 C

2272 1935 2662 1999 tabernaculo,
2677 1931 3104 2003 ingemiscimus
3126 1930 3364 2002 gravati,
3381 1946 3445 1984 eo
3460 1928 3599 2000 quod
3613 1927 3813 1981 nolumus

2274 2028 2520 2100 spoliari,
2547 2028 2647 2083 sed
2675 2025 3054 2099 supervestiri,
3091 2027 3151 2079 ut
3176 2025 3540 2080 absorbeatur
3559 2021 3685 2094 quod
3707 2036 3811 2074 mor-

2272 2124 2384 2178 tale
2410 2126 2513 2189 est,
2544 2140 2576 2176 a
2603 2122 2737 2176 vita.
2783 2121 2886 2185 Qui
2931 2123 3124 2175 autem
3152 2119 3329 2174 efficit
3359 2135 3460 2172 nos
3489 2118 3542 2171 in
3566 2117 3658 2171 hoc
3681 2114 3812 2184 ipsum

2273 2218 2438 2286 Deus,
2467 2216 2564 2288 qui
2592 2215 2749 2271 dedit
2779 2215 2941 2269 nobis
2968 2213 3179 2286 pignus
3214 2213 3466 2284 spiritus.
3489 2211 3733 2266 Audentes
3747 2206 3816 2277 igi-

2272 2316 2366 2366 tur
2392 2325 2617 2381 semper
2646 2311 2703 2363 et
2729 2307 2991 2374 scientes,
3020 2307 3298 2379 quoniam
3326 2307 3461 2360 dum
3491 2320 3661 2360 sumus
3681 2304 3724 2356 in
3745 2302 3814 2354 hoc

2273 2420 2508 2476 corpore
2545 2401 2982 2475 peregrinamur
3016 2417 3049 2454 a
3088 2400 3352 2455 Domino.
3397 2402 3499 2455 Per
3526 2398 3676 2453 ﬁdem
3711 2395 3816 2450 enim

2275 2498 2652 2566 ambulamus,
2677 2500 2734 2552 et
2757 2513 2874 2550 non
2904 2511 3006 2568 per
3032 2496 3304 2566 speciem.
3328 2494 3602 2549 Audemus
3619 2497 3765 2546 autem
3780 2492 3817 2541 et

2272 2593 2484 2647 bonam
2527 2592 2881 2646 voluntatem
2930 2589 3206 2644 habemus
3251 2588 3438 2660 magis
3475 2584 3768 2659 peregrinari
3799 2597 3819 2633 a

2273 2702 2532 2757 corpore,
2566 2689 2623 2740 et
2648 2687 2958 2755 praesentes
3003 2699 3124 2738 esse
3157 2682 3230 2737 ad
3261 2683 3475 2750 Deum;
3503 2687 3554 2736 et
3586 2679 3694 2734 ideo
3724 2693 3819 2730 con-

2272 2778 2583 2846 tendimus,
2617 2779 2730 2833 sive
2768 2778 3050 2847 absentes,
3081 2777 3195 2831 sive
3226 2780 3536 2848 praesentes
3573 2773 3752 2845 placere
3770 2767 3820 2822 ei.

2275 2874 2485 2928 Omnes
2511 2873 2665 2928 enim
2700 2889 2806 2926 nos
2839 2870 3197 2926 manifestari
3229 2873 3459 2941 oportet
3493 2871 3613 2922 ante
3639 2862 3822 2920 tribunal

2275 2967 2500 3036 Christi,
2555 2970 2621 3020 ut
2669 2965 2880 3021 referat
2932 2965 3328 3035 unusquisque
3379 2962 3594 3035 propria
3638 2954 3825 3028 corporis

2274 3063 2444 3132 prout
2472 3060 2661 3130 gessit,
2683 3059 2794 3114 sive
2824 3059 3059 3127 bonum,
3091 3058 3206 3111 sive
3233 3057 3480 3111 malum.
3502 3054 3713 3111 Scientes
3728 3064 3824 3118 ergo

2275 3153 2544 3208 timorem
2584 3152 2807 3207 Domini
2835 3151 3169 3206 hominibus
3209 3150 3539 3218 suademus,
3569 3149 3666 3203 Deo
3689 3146 3826 3201 autem

2275 3246 2562 3302 manifesti
2590 3263 2808 3301 sumus.
2838 3246 3012 3316 Spero
3043 3248 3238 3299 autem
3265 3249 3328 3299 et
3357 3244 3415 3298 in
3445 3237 3751 3298 conscientiis
3769 3251 3827 3288 vc-

2275 3341 2405 3396 stris
2429 3340 2759 3395 manifestos
2779 3355 2883 3393 nos
2914 3355 3058 3394 esse.
3085 3338 3208 3393 Non
3237 3337 3452 3394 iterum
3484 3353 3579 3392 nos
3604 3344 3828 3390 commen-

2277 3436 2480 3490 damus
2499 3434 2676 3500 vobis,
2701 3433 2800 3488 sed
2827 3432 3186 3487 occasionem
3210 3432 3425 3487 damus
3447 3431 3596 3486 vobis
3620 3422 3828 3499 gloriandi

2276 3545 2378 3600 pro
2403 3528 2586 3596 nobis,
2613 3533 2676 3582 ut
2705 3527 2957 3584 habeatis
2981 3527 3051 3581 ad
3076 3542 3171 3581 eos
3196 3527 3296 3596 qui
3327 3527 3387 3581 in
3407 3526 3540 3581 facie
3563 3522 3829 3596 gloriantur,

2276 3626 2332 3676 et
2357 3639 2474 3677 non
2501 3622 2559 3676 in
2601 3622 2803 3690 corde;
2834 3622 2948 3676 sive
2979 3620 3132 3674 enim
3165 3625 3366 3675 mente
3398 3618 3711 3682 excedimus,
3734 3613 3829 3670 Deo,

2276 3716 2390 3770 sive
2428 3714 2602 3770 sobrii
2642 3732 2858 3784 sumus,
2886 3714 3064 3770 vobis.
3096 3713 3361 3770 Charitas
3396 3713 3545 3768 enim
3571 3706 3740 3767 Christi
3764 3720 3829 3757 ur-

2279 3813 2374 3882 get
2397 3827 2520 3879 nos,
2551 3809 2904 3864 aestimantes
2933 3810 3062 3873 hoc,
3091 3807 3370 3879 quoniam
3399 3809 3446 3863 si
3479 3822 3613 3860 unus
3635 3819 3719 3875 pro
3743 3814 3830 3853 0m-

2276 3903 2441 3957 nibus
2469 3909 2731 3957 mortuus
2759 3906 2862 3970 est,
2893 3918 3030 3974 ergo
3067 3918 3268 3958 omnes
3318 3901 3530 3957 mortui
3571 3901 3700 3963 sunt,
3729 3896 3776 3948 ut
3796 3893 3832 3944 et

2279 3997 2375 4068 qui
2403 3997 2618 4066 vivunt,
2641 3997 2764 4067 jam
2789 4013 2907 4052 non
2934 3997 3038 4050 sibi
3069 3997 3283 4064 vivant,
3315 3997 3413 4052 sed
3445 3995 3494 4050 ei
3527 3993 3614 4065 qui
3637 4005 3720 4062 pro
3739 3982 3832 4056 ipsis

2279 4094 2536 4146 mortuus
2563 4094 2666 4158 est,
2691 4095 2748 4144 et
2781 4091 3110 4145 resurrexit.
3142 4072 3349 4161 Itaque.
3369 4107 3474 4145 nos
3502 4104 3562 4144 ex
3586 4086 3676 4140 hoc
3701 4075 3830 4136 nemi-

2278 4202 2411 4240 nem
2435 4186 2558 4257 jam
2587 4185 2850 4240 novimus
2881 4185 3194 4239 secundum
3231 4199 3485 4249 carnem,
3513 4185 3566 4236 et
3589 4180 3628 4234 si
3659 4170 3833 4247 agnovi-

2279 4296 2405 4335 mus
2431 4279 2742 4335 secundum
2769 4295 2998 4333 carnem
3028 4276 3336 4344 Christum,
3363 4277 3460 4332 sed
3491 4290 3629 4330 nunc
3640 4272 3742 4342 jam
3757 4279 3836 4320 non

2279 4374 2559 4428 novimus.
2589 4373 2641 4428 Si
2673 4389 2786 4443 qua
2813 4388 2948 4443 ergo
2991 4371 3049 4426 in
3078 4372 3299 4429 Christo
3331 4388 3478 4426 nova
3507 4371 3748 4428 creatura,
3770 4373 3835 4410 VE-

2279 4473 2404 4522 tera
2432 4467 2800 4536 transierunt,
2826 4482 2953 4521 ecce
2980 4466 3132 4521 facta
3151 4468 3284 4520 sunt
3312 4464 3510 4521 omnia
3535 4477 3671 4518 vera.
3691 4450 3840 4512 Omnia

545 4551 617 4606 sit
639 4548 862 4604 virtutis
888 4548 1006 4616 Dei,
1041 4550 1100 4602 et
1124 4563 1238 4602 non
1286 4563 1355 4601 ex
1384 4545 1570 4601 nobis.
1607 4547 1666 4600 ln
1701 4545 1966 4600 omnibus
1994 4545 2177 4600 tribu-
2199 4565 2258 4638 D
2282 4563 2476 4616 autem
2526 4577 2589 4616 ex
2629 4561 2745 4615 Deo
2787 4559 2882 4631 qui
2929 4559 3314 4616 reconciliavit
3356 4576 3462 4615 nos
3492 4556 3592 4612 Sibi
3617 4569 3704 4626 per
3723 4544 3838 4604 Chri-

543 4645 820 4700 lationem
848 4643 1121 4714 patimur,
1153 4641 1251 4696 sed
1277 4657 1391 4695 non
1425 4640 1842 4711 angustiamur,
1865 4638 2178 4709 adorimur,

548 4743 605 4792 et
630 4755 747 4793 non
775 4736 1158 4792 destituimur.
1190 4734 1650 4789 Persecutionem
1680 4735 1950 4806 patimur,
1983 4739 2038 4788 et
2064 4751 2181 4788 non

554 4831 1026 4902 derelinquimur.
1054 4829 1382 4900 Dejicimur,
1417 4834 1474 4882 et
1505 4845 1620 4882 non
1646 4827 1916 4899 perimus.
1947 4828 2183 4899 Semper

549 4925 1048 4980 mortificationem
1091 4925 1220 4978 Jesu
1263 4923 1322 4976 in
1365 4938 1602 4994 corpore
1641 4925 1834 4976 nostro
1880 4921 2178 4976 circumfe-

550 5021 739 5074 rentes
779 5023 843 5074 ut
876 5022 934 5072 et
959 5018 1072 5072 vita
1103 5019 1235 5072 Jesu
1268 5016 1326 5071 in
1370 5015 1703 5087 corporibus
1747 5015 1958 5070 nostris
1996 5016 2180 5070 mani-

550 5114 806 5168 festatur.
841 5113 1077 5183 Semper
1103 5111 1256 5166 enim
1297 5127 1400 5166 nos
1441 5110 1541 5182 qui
1564 5109 1806 5164 vivimus
1840 5110 1899 5163 in
1939 5115 2183 5165 mortem

550 5207 833 5262 tradimur
859 5208 1096 5278 propter
1124 5206 1339 5272 Jesum,
1373 5207 1434 5258 ut
1462 5207 1518 5259 et
1547 5203 1660 5258 vita
1687 5205 1817 5258 Jesu
1855 5203 2183 5258 manifeste-

548 5310 643 5358 tur
687 5303 744 5356 in
787 5316 956 5357 carne
1003 5304 1196 5355 nostra
1241 5299 1491 5354 mortali.
1541 5300 1689 5370 Ergo
1733 5313 1886 5353 mors
1929 5298 1988 5352 in
2022 5297 2184 5352 nobis

552 5399 842 5469 operatur,
862 5395 979 5450 vita
1005 5397 1195 5449 autem
1225 5393 1285 5447 in
1312 5392 1492 5461 vobis,
1517 5392 1786 5448 habentes
1807 5395 1998 5448 autem
2018 5407 2182 5445 eum-

551 5492 682 5547 dem
731 5490 991 5563 spiritum
1041 5487 1196 5557 ﬁdei,
1228 5487 1373 5542 sicut
1417 5486 1691 5558 scriptum
1736 5489 1865 5541 est:
1903 5484 2184 5542 «Credidi

549 5590 784 5659 propter
798 5583 956 5657 quod
981 5585 1201 5638 locutus
1221 5597 1369 5651 sum,
1393 5602 1422 5631 »
1445 5586 1502 5636 et
1520 5597 1622 5635 nos
1642 5579 1930 5634 credimus
1951 5583 2187 5651 propter

550 5679 706 5751 quod
729 5684 788 5734 et
813 5677 1122 5751 loquimur,
1153 5676 1416 5743 scientes,
1442 5673 1722 5746 quoniam
1760 5673 1858 5744 qui
1900 5672 2187 5728 suscitavit

552 5774 747 5827 Jesum
767 5775 824 5827 et
849 5789 954 5826 nos
972 5788 1104 5826 cum
1125 5772 1150 5826 J
1158 5787 1256 5825 esu
1288 5768 1581 5824 suscitabit
1603 5770 1661 5822 et
1679 5767 1986 5823 constituet
2003 5769 2185 5824 vobis-

555 5879 705 5920 cum.
736 5864 941 5918 Omnia
971 5863 1121 5918 enim
1168 5865 1398 5933 propter
1426 5879 1518 5915 vos
1563 5865 1622 5916 ut
1669 5862 1853 5933 gratia
1887 5861 2186 5919 abundans

2284 4659 2454 4722 stum,
2502 4659 2559 4709 et
2599 4653 2759 4708 dedit
2800 4653 2964 4709 nobis
3010 4653 3401 4709 ministerium
3444 4637 3841 4708 reconciliationi.‘

2284 4747 2554 4820 quoniam
2585 4748 2818 4819 quidem
2845 4749 2994 4804 Deus
3020 4753 3137 4803 erat
3169 4748 3227 4802 in
3260 4748 3483 4805 Christo
3518 4742 3758 4800 mundum
3777 4749 3838 4788 re-

2283 4841 2586 4896 concilians
2620 4841 2745 4910 sibi,
2784 4859 2896 4898 non
2927 4847 3198 4914 reputans
3235 4841 3348 4896 illis
3392 4840 3592 4896 delicta
3629 4836 3839 4906 ipsorum,

2285 4939 2338 4989 et
2397 4935 2583 5006 posuit
2631 4934 2686 4990 in
2757 4936 2924 4991 nobis
2973 4936 3212 4991 verbum
3265 4927 3725 4991 reconciliationis.
3768 4922 3840 4976 Ρΐῦ

2284 5029 2507 5085 Christo
2539 5045 2676 5100 ergo
2706 5029 2995 5101 legatione
3026 5031 3346 5102 fungimur,
3380 5035 3643 5100 tanquam
3666 5022 3758 5076 Deo
3780 5028 3840 5067 ex-

2285 5123 2551 5177 hortante
2577 5139 2678 5193 per
2704 5140 2829 5178 nos.
2861 5123 3232 5179 Obsecramus
3269 5140 3375 5195 pro
3407 5121 3620 5179 Christo
3645 5105 3838 5170 reconci-

2284 5215 2507 5270 liamini
2551 5218 2680 5271 Deo.
2728 5219 2868 5272 Eum
2903 5218 3002 5288 qui
3035 5235 3149 5273 non
3194 5221 3426 5273 noverat
3469 5214 3734 5288 peccatum
3770 5212 3841 5296 pl?

2284 5309 2450 5364 nobis
2475 5315 2771 5381 peccatum
2793 5311 2946 5381 fecit,
2965 5316 3032 5366 ut
3060 5329 3163 5368 nos
3192 5313 3552 5368 efﬁceremur
3568 5300 3758 5379 just-itii!
3772 5294 3839 5347 Dei

2285 5403 2344 5457 in
2376 5403 2500 5474 ipso
2534 5405 2608 5475 (II
2635 5405 2754 5461 Cor.
2788 5421 2840 5474 v,
2882 5405 3051 5477 1-21).
3081 5425 3110 5458 »
3142 5429 3169 5454 ‹‹
3202 5405 3545 5477 Adjuvantes
3582 5403 3744 5454 autem
3775 5401 3840 5441 EI-

2285 5497 2580 5552 hortamur
2602 5515 2674 5553 ne
2699 5499 2757 5554 in
2783 5515 3028 5554 vacuum
3057 5499 3303 5571 gratiam
3345 5499 3448 5553 Dei
3488 5487 3756 5563 recipiatis.
3779 5478 3840 5578 Ait

2287 5590 2440 5646 enim
2467 5608 2478 5646 :
2500 5593 2777 5663 Tempore
2803 5598 3030 5664 accepto
3057 5593 3316 5648 exaudivi
3345 5595 3424 5656 te,
3450 5596 3503 5645 et
3520 5589 3574 5643 in
3601 5585 3679 5639 die
3697 5575 3841 5632 salutis

2286 5685 2478 5756 adjuvi
2507 5689 2580 5740 te.
2608 5687 2746 5741 Ecce
2774 5703 2928 5742 nunc
2958 5692 3184 5760 tempus
3211 5683 3566 5756 acceptabile,
3598 5692 3708 5733 ecce
3732 5677 3838 5723 mmC

2287 5778 2404 5834 dies
2433 5780 2646 5835 salutis.
2693 5781 2918 5836 Nemini
2967 5781 3165 5837 dantes
3209 5781 3382 5835 ullam
3428 5760 3840 5856 offensionuth

2287 5890 2402 5928 non
2429 5873 2778 5945 vituperetur
2807 5874 3187 5931 ministerium
3219 5879 3500 5939 nostrum,
3519 5867 3608 5924 sed
3635 5866 3684 5919 in
3705 5866 3840 5913 omm'
