4062 6188
154 314 285 366 1057

1353 306 1825 365 DECRETALIUM
1861 306 2245 362 COLLECTIO.

3380 312 3513 363 1038

148 420 253 472 bus
280 417 655 472 exhibeamus
682 417 1060 488 nosmetipsos
1093 417 1238 472 sicut
1268 417 1366 471 Dei
1404 416 1696 471 ministros
1726 416 1784 470 in
1808 426 1867 500 Α
1886 415 2092 483 vimus,
2120 421 2181 469 ut
2207 415 2483 486 castigati,
2513 419 2568 470 et
2599 432 2716 469 non
2744 413 3087 482 mortilicati,
3118 415 3282 486 quasi
3312 417 3518 485 tristes,

149 512 329 566 multa
371 510 664 583 patientia,
691 510 753 565 in
799 509 1281 579 tribulationibus,
1324 509 1385 565 in
1432 509 1781 566 necessitati-

147 605 272 675 bus,
307 605 367 660 in
395 603 693 676 angustiis,
721 604 782 660 in
826 604 1031 677 plagis,
1060 605 1119 660 in
1169 604 1513 672 carceribus,
1540 604 1601 658 in
1634 602 1784 659 sedi-

148 699 419 767 tionibus,
452 698 511 753 in
541 697 859 769 laboribus,
887 698 947 753 in
972 698 1202 771 vigiliis,
1235 698 1296 753 in
1315 698 1571 771 jejuniis,
1601 697 1662 753 in
1692 714 1785 753 ca—

150 793 357 860 stitate,
381 792 440 848 in
469 793 725 862 scientia,
748 792 808 848 in
837 792 1290 866 longanimitate,
1317 792 1378 847 in
1410 792 1705 860 suavitate,
1728 792 1788 846 in

151 888 362 960 Spiritu
421 892 638 955 sancto,
696 887 756 942 in
808 887 1079 943 charitate
1135 904 1254 942 non
1305 887 1455 955 ﬁcta,
1511 886 1571 941 in
1617 886 1789 942 verbo

150 982 428 1050 veritatis,
460 982 519 1036 in
542 982 752 1037 virtute
784 981 921 1051 Dei;
952 998 1057 1053 per
1081 998 1243 1037 arma
1266 981 1505 1052 justitia
1521 997 1556 1035 a
1576 980 1790 1036 dextris

153 1083 207 1132 et
233 1095 266 1131 a
297 1077 559 1143 sinistris,
593 1092 697 1147 per
722 1076 965 1148 gratiam
1006 1081 1061 1132 et
1104 1075 1541 1147 ignobilitatem,
1570 1090 1674 1147 per
1701 1074 1788 1129 iu-

151 1171 391 1226 famiam
420 1174 476 1226 et
503 1171 715 1225 bonam
744 1171 980 1237 famam,
1010 1174 1073 1225 ut
1103 1170 1430 1226 seductores
1459 1176 1516 1226 et
1542 1185 1789 1238 veraces,

155 1266 299 1320 sicut
325 1265 507 1337 ignoti
535 1268 592 1320 et
626 1265 859 1337 cogniti,
897 1264 1061 1336 quasi
1101 1264 1434 1332 morientes,
1466 1268 1524 1319 et
1558 1279 1685 1319 ecce
1712 1264 1791 1317 vi-

1883 525 2115 581 semper
2144 513 2339 564 autem
2368 509 2709 579 gaudentes,
2737 509 2879 564 sicut
2910 512 3162 579 egentes,
3190 511 3398 565 multos
3420 527 3520 564 au-

1883 609 2003 660 tem
2018 604 2455 675 locupletantes,
2473 607 2746 675 tanquam
2766 602 2907 658 nihil
2928 602 3229 672 habentes,
3253 606 3309 657 et
3329 604 3526 659 omnia

1884 697 2243 770 possidentes
2276 699 2347 766 (II
2389 699 2507 755 Cor.
2546 714 2622 764 v1,
2664 697 2835 767 1-10).
2870 718 2897 745 η
2938 718 2964 746 ‹‹
3006 698 3083 752 De
3127 700 3357 767 catero,
3402 699 3519 753 fra-

1888 797 2026 861 tres,
2060 792 2325 862 gaudete,
2357 791 2598 862 perfecti
2646 796 2845 859 estote,
2878 791 3283 862 exhortamini,
3324 808 3523 864 pacem

1888 887 2115 953 habete,
2146 888 2211 941 ut
2253 885 2398 940 Deus
2438 885 2587 957 pacis
2618 890 2674 940 et
2719 885 3038 940 dilectionis
3065 886 3138 941 sit
3174 903 3404 958 semper
3428 904 3522 941 vo-

1888 981 2110 1036 biscum
2162 980 2230 1049 (11
2282 980 2402 1036 Cor.
2448 996 2567 1049 xm,
2619 980 2726 1050 11).
2777 1001 2804 1029 ››
2858 983 3059 1035 Amen.
3106 981 3245 1035 Data
3292 998 3350 1037 ιιι
3396 981 3525 1036 ldus

1886 1074 2061 1143 Junii,
2101 1074 2346 1129 Maximo
2395 1079 2452 1129 et
2500 1072 2713 1127 Olibrio
2760 1072 2891 1127 viris
2937 1073 3267 1129 clarissimis
3321 1092 3522 1131 consu-

1891 1169 2062 1223 libus.

791 1592 1365 1763 INCIPIDNT
1432 1669 1957 1762 DECRETA
2025 1668 2466 1760 FELICIS
2536 1671 2896 1763 PAP/E.

233 2008 279 2057 1.
311 2002 477 2067 Quod
508 2003 813 2059 missarum
858 2004 1181 2072 celebratio,
1216 2005 1350 2060 alibi
1392 2020 1563 2077 quam
1596 2005 1654 2059 in
1683 2007 1794 2061 Deo
1813 2019 1871 2092 B
1896 2021 2070 2079 parvo
2103 2005 2300 2077 lapidi,
2321 2006 2420 2079 qui
2451 2006 2729 2062 abscissus
2760 2010 2846 2061 est
2873 2007 2943 2061 de
2971 2009 3169 2060 monte
3199 2005 3318 2058 sine
3348 2003 3531 2058 mani-

158 2097 357 2151 dicatis
375 2096 533 2166 locis,
555 2114 670 2152 non
699 2097 911 2153 debeat
935 2098 1079 2167 ﬁeri,
1102 2097 1209 2153 nisi
1229 2115 1441 2171 magna
1462 2100 1797 2171 compulerit

157 2191 486 2246 necessitas.

225 2290 278 2339 2.
313 2286 390 2340 De
419 2284 787 2341 ecclesiarum
814 2285 1196 2341 sacrationum
1227 2286 1599 2344 dubitatione.
1649 2288 1795 2353 Quid

156 2381 226 2434 sit
251 2380 568 2451 agendum.

227 2472 615 2528 Dilectissimis
653 2474 943 2539 fratribus,
971 2475 1234 2530 omnibus
1281 2475 1557 2548 episcopis
1581 2494 1688 2549 per
1710 2478 1795 2532 di-

155 2584 348 2622 versas
396 2567 713 2639 provincias
762 2569 1079 2625 constitutis
1129 2570 1295 2625 Feux
1358 2570 1678 2642 episcopus,
1736 2572 1795 2625 in

158 2662 396 2717 Domino
427 2663 689 2717 salutem.

224 2757 433 2827 Magno
462 2772 705 2810 munere
747 2756 1150 2813 misericordia
1194 2759 1293 2814 Dei
1334 2759 1506 2815 totius
1535 2759 1795 2814 Ecclesia

157 2850 448 2905 catholica
496 2850 877 2921 multiplicata
917 2855 1048 2906 sunt
1094 2852 1322 2922 gaudia,
1356 2870 1487 2908 cum
1524 2853 1796 2909 Ecclesia-

158 2961 284 2999 rum
324 2948 503 2999 status
533 2961 602 2999 eo
631 2944 789 3015 viget
834 2945 1056 3014 ordine,
1086 2962 1201 3018 quo
1243 2947 1632 3019 apostolorum
1672 2964 1794 3002 suc-

158 3055 416 3093 cessores
465 3038 629 3092 illum
675 3042 1019 3094 statuerunt.
1066 3040 1151 3110 Et,
1181 3057 1310 3095 cum
1354 3041 1576 3113 antiqui
1622 3042 1798 3096 hostis

159 3132 375 3187 astutia
418 3148 550 3187 eum
582 3132 800 3187 turbari
847 3134 1229 3204 agnoscimus,
1258 3151 1374 3189 non
1407 3135 1631 3190 modice
1660 3152 1794 3191 con-

160 3227 460 3281 tristamur
504 3242 769 3281 marore.
813 3229 991 3291 Quam
1023 3228 1093 3282 ob
1122 3244 1374 3296 causam,
1408 3228 1629 3296 fratres,
1662 3230 1794 3284 hor-

161 3324 356 3375 tamur
409 3336 527 3386 vos,
587 3336 913 3390 monemus,
972 3326 1029 3376 et
1077 3321 1423 3393 ﬂagitamus,
1475 3327 1537 3377 ut
1593 3339 1624 3375 a
1681 3328 1795 3377 tra-

1894 2100 2022 2167 bus,
2041 2104 2098 2155 et
2114 2100 2414 2173 occupavit
2432 2101 2757 2157 universam
2774 2101 2979 2155 faciem
2998 2098 3151 2154 orbis
3172 2102 3339 2153 terra
3364 2100 3525 2167 (Dan.

1894 2210 1952 2262 ιι,
1982 2194 2070 2262 34,
2101 2194 2222 2266 35);
2254 2194 2350 2265 qui
2376 2195 2446 2249 ad
2472 2195 2595 2250 hac
2622 2212 2681 2250 se
2711 2210 3121 2266 usquequaque
3148 2192 3440 2262 distendit,
3465 2197 3530 2247 ut

1896 2288 2054 2343 omni
2082 2289 2337 2343 humano
2372 2305 2584 2361 genere
2612 2290 2671 2344 in
2700 2289 2915 2344 unitate
2942 2288 3189 2355 redacto,
3206 2288 3381 2342 totius
3400 2304 3526 2341 cor-

1895 2398 2001 2452 pus
2018 2380 2321 2453 perﬁceret
2348 2382 2629 2453 Ecclesia,
2653 2388 2825 2454 atque
2852 2382 2933 2437 ita
2951 2381 3024 2436 ad
3045 2381 3217 2436 totius
3242 2381 3531 2452 compagis

1894 2475 2214 2547 pertineret
2244 2477 2606 2532 commodum
2633 2477 3031 2531 membrorum
3063 2474 3407 2546 participalis
3428 2474 3531 2529 ista

1896 2569 2203 2625 distinctio.
2222 2570 2380 2625 Unde
2403 2588 2508 2625 nos
2525 2588 2753 2643 quoque
2770 2570 2969 2625 avobis
2987 2587 3101 2624 non
3123 2570 3291 2639 longe
3312 2585 3526 2637 sumus,

1896 2664 2030 2734 quia
2045 2663 2104 2718 in
2122 2664 2219 2717 illo
2234 2663 2330 2735 qui
2346 2664 2561 2736 ubique
2576 2668 2680 2735 est,
2693 2681 2877 2719 unum
2892 2680 3109 2719 sumus.
3127 2667 3373 2735 Agamus
3389 2680 3528 2733 ergo

1897 2756 1948 2811 ei
1971 2756 2199 2828 gratias,
2230 2757 2327 2828 qui
2356 2758 2554 2812 solutis
2580 2758 2895 2812 inimicitiis
2920 2758 2980 2812 in
3000 2773 3169 2811 carne
3191 2773 3294 2810 sua
3317 2757 3527 2827 (Ephes.

1898 2868 1956 2918 ιι,
1995 2851 2079 2922 14)
2107 2851 2259 2918 fecit,
2294 2855 2354 2905 ut
2394 2851 2452 2906 in
2489 2852 2647 2907 omni
2696 2852 2835 2906 orbe
2879 2855 3162 2905 terrarum
3192 2867 3341 2905 unus
3386 2855 3534 2903 esset

1898 2961 2057 3017 grex,
2086 2951 2142 3001 et
2169 2961 2350 3000 unum
2369 2946 2515 3000 ovile
2543 2945 2647 3000 sub
2669 2962 2728 3000 se
2753 2962 2868 3000 uno
2888 2950 3139 3016 pastore,
3161 2961 3391 3016 semper
3407 2961 3529 2999 me-

1896 3056 2087 3095 mores
2104 3041 2260 3112 quod
2280 3039 2552 3112 egregius
2578 3040 2920 3095 Pradicator
2949 3039 3277 3107 admoneat,
3300 3038 3529 3094 dicens:

1901 3153 1929 3185 α
1961 3134 2195 3190 Solliciti
2223 3138 2444 3188 servate
2474 3134 2750 3189 unitatem
2777 3133 3024 3205 Spiritus
3048 3133 3108 3187 in
3131 3132 3355 3201 vinculo
3382 3133 3535 3204 pacis

1900 3229 2111 3298 (Ephes.
2155 3244 2227 3294 1v,
2260 3228 2332 3297 3).
2362 3249 2389 3276 »
2425 3227 2747 3283 Sanctitatis
2784 3230 2985 3282 vestra
3030 3225 3260 3297 scripta,
3293 3244 3422 3298 qua
3460 3226 3532 3281 ad

1897 3322 2091 3377 sedem
2114 3321 2486 3392 apostolicam
2507 3320 2738 3376 misistis
2753 3337 2925 3393 super
2942 3320 3289 3392 quibusdam
3312 3321 3533 3375 consul-

160 3414 296 3468 mite
332 3413 664 3484 apostolica
695 3414 1062 3469 institutionis
1092 3432 1458 3488 nequaquam
1484 3416 1794 3486 recedatis;
1818 3392 1873 3467 C
1898 3415 1989 3483 tis,
2005 3415 2169 3487 quasi
2188 3414 2262 3469 ad
2275 3417 2443 3486 caput
2465 3417 2527 3469 ut
2552 3414 2687 3469 inde
2707 3392 3043 3486 acciperetis
3067 3430 3360 3484 responsa,
3379 3415 3531 3469 unde

157 3525 260 3561 nec
316 3524 353 3561 a
402 3508 595 3578 Capite
654 3507 955 3575 dissidatis,
1008 3509 1106 3563 sed
1166 3509 1338 3564 ﬁdem
1396 3516 1453 3565 et
1510 3511 1793 3577 ordinem,

155 3618 335 3672 quem
377 3601 611 3672 apostoli
655 3604 712 3656 et
753 3602 1048 3673 apostolici
1084 3603 1186 3657 viri
1225 3606 1547 3659 statuerunt
1584 3604 1797 3677 absque

156 3696 280 3750 ulla
310 3695 671 3750 hasitatione
702 3695 965 3751 teneatis.
995 3697 1137 3751 Nam
1170 3698 1213 3751 si
1253 3699 1531 3753 columna
1560 3699 1799 3771 alicujus

155 3805 393 3861 magna
420 3788 624 3843 domus
654 3790 897 3857 ruerint,
930 3790 1049 3862 ipsa
1087 3795 1282 3862 postea
1324 3792 1533 3847 domus
1564 3792 1799 3847 minime

153 3884 367 3951 stabit;
401 3883 479 3937 sic
512 3886 568 3937 et
594 3899 694 3938 vos
738 3885 1021 3939 columna
1069 3885 1333 3941 Ecclesia
1363 3886 1516 3954 estis,
1547 3886 1594 3941 si
1637 3886 1796 3941 labe-

154 3977 357 4032 factari
386 3977 693 4048 caperitis,
722 3982 922 4033 sancta
950 3979 1221 4045 Ecclesia,
1252 3996 1381 4051 qua
1410 3996 1512 4052 per
1535 3997 1633 4035 vos
1658 3982 1799 4052 regi-

155 4079 266 4141 tur,
302 4071 545 4127 tabescit
570 4075 625 4126 et
652 4071 882 4129 labitur.
908 4073 1059 4142 Hac,
1091 4072 1312 4140 fratres,
1334 4090 1463 4145 qua
1490 4074 1615 4129 dico
1638 4075 1797 4130 valde

155 4166 422 4223 timenda
468 4172 620 4234 sunt,
667 4172 725 4222 et
776 4183 1003 4222 summo
1049 4168 1439 4223 moderamine
1485 4169 1796 4240 pensanda,

153 4266 329 4333 atque
373 4277 446 4314 ne
490 4260 631 4315 fiant
673 4261 944 4316 cavenda.
988 4262 1111 4331 Ipsa
1154 4261 1310 4316 enim
1356 4278 1458 4332 per
1490 4279 1546 4316 se
1587 4263 1799 4317 Veritas

157 4355 237 4409 ait
262 4372 277 4411 :
316 4375 347 4405 α
385 4355 494 4409 Vos
518 4354 652 4409 estis
677 4355 756 4409 sal
782 4360 985 4425 terra;
1020 4355 1179 4427 quod
1208 4356 1254 4409 si
1292 4357 1375 4410 sal
1398 4356 1710 4425 evanuerit,
1740 4358 1798 4412 in

154 4466 271 4521 quo
299 4448 576 4503 satietur?
611 4450 823 4517 (Matth.
855 4466 908 4515 v,
936 4448 1043 4521 13.)
1065 4471 1092 4498 ››
1118 4451 1258 4505 Ecce
1290 4453 1462 4520 terra,
1497 4450 1645 4520 ideo,
1670 4451 1800 4506 cha-

156 4543 397 4609 rissimi,
420 4559 519 4597 vos
540 4560 773 4613 moneo,
795 4542 931 4615 quia
956 4543 1180 4599 debitor
1205 4561 1333 4600 sum
1358 4544 1535 4615 vobis,
1560 4548 1619 4600 et
1636 4546 1799 4601 valde

152 4655 248 4692 vos
276 4636 488 4708 diligo,
512 4641 569 4691 et
600 4636 829 4707 quando
849 4636 1005 4691 bona
1022 4637 1194 4692 audio
1216 4638 1286 4693 de
1308 4638 1466 4694 vobis
1485 4639 1656 4694 nimis
1675 4656 1799 4694 sum

152 4732 422 4803 gavisus;
450 4734 507 4786 et
527 4748 557 4785 e
579 4736 798 4797 contra,
827 4731 1062 4803 quando
1090 4731 1264 4799 mala,
1290 4733 1465 4787 nimis
1491 4734 1795 4789 conturba-

150 4832 262 4881 tus.
302 4827 428 4896 Ego
456 4841 585 4880 vero
622 4825 882 4896 quamvis
908 4842 941 4880 a
971 4825 1127 4880 vobis
1170 4842 1277 4897 per
1304 4826 1475 4897 longa
1516 4831 1798 4883 terrarum

149 4926 331 4993 atque
366 4919 544 4974 maris
584 4918 881 4974 intervalla
925 4919 1242 4991 disjunctus
1288 4920 1418 4987 sim,
1449 4938 1578 4976 sum
1608 4927 1798 4978 tamen

148 5015 402 5070 omnino
419 5012 576 5068 vobis
593 5013 767 5068 corde
789 5014 916 5085 conj
926 5017 1150 5082 unctus,
1169 5013 1342 5086 idque
1363 5014 1433 5070 de
1451 5014 1799 5072 beatitudine

148 5112 345 5162 vestra
381 5122 521 5177 erga
566 5123 660 5161 me
690 5107 876 5162 modis
912 5107 1179 5162 omnibus
1221 5107 1459 5178 conﬁdo,
1489 5108 1642 5181 quia,
1668 5126 1799 5164 cum

146 5219 243 5257 me
269 5199 527 5255 vicissim
550 5200 807 5273 diligitis,
829 5217 863 5254 a
880 5217 973 5256 me
994 5217 1109 5256 non
1128 5202 1260 5255 estis
1284 5201 1478 5274 longe.
1501 5203 1658 5257 Unde
1676 5219 1802 5273 gra-

148 5298 257 5351 tias
276 5294 589 5351 referimus
606 5293 685 5349 illi
704 5310 885 5367 grano
899 5295 1135 5368 sinapis,
1150 5295 1304 5367 quod
1322 5312 1387 5350 ex
1401 5295 1615 5352 modici
1624 5297 1803 5368 despi-

142 5390 475 5460 cabilisque
505 5388 738 5443 seminis
769 5389 979 5459 specie,
1001 5390 1082 5445 ita
1100 5389 1275 5444 ramis
1296 5406 1365 5445 ex
1387 5390 1589 5446 eadem
1613 5391 1800 5446 radice

143 5482 535 5556 surgentibus
577 5486 747 5555 atque
791 5500 850 5537 se
898 5483 1371 5552 distendentibus,
1398 5501 1804 5557 usquequaque

145 5578 388 5634 ditfusis
419 5576 678 5648 (diffusus
704 5577 818 5647 sit),
849 5581 915 5631 ut
944 5577 1004 5631 in
1044 5577 1198 5647 [illis]
1226 5578 1472 5633 volatilia
1506 5580 1629 5634 cali
1659 5596 1798 5634 cun-

144 5677 241 5728 cta
270 5670 581 5727 nidiﬁcent
608 5671 823 5741 (Matth.
857 5687 974 5738 xm,
1007 5673 1096 5738 31,
1131 5672 1240 5741 32),
1273 5672 1570 5743 gratiaque
1600 5674 1673 5728 sit
1695 5673 1803 5729 fer-

142 5770 360 5823 mento
391 5763 472 5820 illi
504 5765 657 5837 quod
685 5764 869 5820 tribus
897 5764 1096 5820 farina
1125 5765 1262 5821 satis
1290 5766 1473 5835 (Ibid.,
1499 5768 1607 5839 33),
1628 5768 1802 5823 totius

145 5860 406 5919 humani
424 5858 656 5932 generis
677 5875 925 5915 massam
950 5859 1009 5915 in
1029 5859 1248 5916 unitate
1272 5861 1605 5932 conspersit,
1630 5865 1801 5935 atque

577 5958 851 6025 PATROL.
902 5957 1127 6023 CXXX.

1896 3509 2083 3565 omnis
2118 3508 2365 3564 Ecclesia
2398 3508 2572 3563 totius
2598 3508 2895 3580 religionis
2939 3508 3184 3579 sumpsit
3217 3508 3530 3576 exordium,

1899 3606 2193 3675 gratanter
2208 3602 2433 3675 suscepi
2448 3606 2505 3659 et
2519 3602 2772 3657 breviter
2786 3602 2944 3658 vobis
2962 3601 3306 3673 respondere
3321 3603 3530 3658 curavi.

1967 3699 2094 3755 CAP.
2151 3699 2189 3752 1.
2242 3698 2321 3751 De
2372 3696 2743 3752 ecclesiarum
2784 3696 2936 3752 enim
2987 3696 3430 3765 consecratione,
3479 3702 3535 3752 et

1898 3792 1967 3847 de
1997 3792 2298 3847 missarum
2345 3790 2841 3858 celebrationibus,
2874 3806 2989 3845 non
3028 3790 3233 3845 alicubi
3275 3807 3447 3862 quam
3474 3792 3531 3845 in

1900 3886 2131 3941 sacratis
2152 3886 2399 3941 Domino
2420 3885 2557 3943 locis
2578 3885 2793 3957 absque
2818 3901 3033 3957 magna
3056 3885 3392 3940 necessitate
3410 3885 3537 3940 ﬁeri

1900 3980 2109 4035 debere
2128 3980 2309 4052 liquet
2328 3980 2599 4035 omnibus
2620 3979 2829 4050 quibus
2852 3982 2985 4034 sunt
3005 3982 3145 4034 nota
3172 3978 3308 4033 Novi
3334 3996 3398 4033 ac
3422 3980 3530 4033 Ve-

1900 4074 2035 4128 teris
2103 4074 2451 4129 Testamenti
2514 4078 2814 4145 praecepta.
2880 4072 3332 4127 Tabernaculum
3400 4089 3532 4127 vero

1897 4169 2144 4240 Moysen,
2186 4168 2423 4224 Domino
2477 4167 2868 4240 pracipiente,
2906 4166 3127 4236 fecisse,
3172 4170 3228 4221 et
3286 4183 3534 4222 sacrasse

1900 4279 2031 4318 cum
2074 4280 2277 4318 mensa
2308 4267 2364 4318 et
2386 4262 2547 4317 altari
2578 4262 2721 4333 ejus,
2754 4267 2811 4317 et
2849 4261 3065 4316 cateris
3094 4261 3237 4316 vasis
3276 4262 3533 4317 utensili-

1899 4357 2005 4412 bus
2029 4358 2100 4412 ad
2130 4358 2382 4413 divinum
2408 4357 2628 4412 cultum
2656 4356 3002 4428 explendum
3029 4355 3273 4428 legimus
3303 4374 3314 4410 :
3342 4360 3397 4410 et
3420 4374 3533 4412 non

1899 4452 2083 4507 solum
2109 4451 2315 4507 divinis
2339 4451 2607 4524 precibus
2632 4468 2700 4505 ea
2723 4467 2995 4517 sacrasse,
3018 4450 3114 4505 sed
3143 4450 3314 4504 etiam
3354 4452 3535 4505 sancti

1900 4546 2016 4601 olei
2041 4546 2337 4614 unctione,
2366 4546 2603 4599 Domino
2632 4545 2890 4615 jubente,
2923 4543 3217 4614 perlinisse
3249 4544 3530 4599 novimus.

1898 4640 2148 4705 Qualiter
2170 4643 2365 4695 autem
2396 4637 2517 4693 Hac
2550 4638 2699 4692 facta
2726 4637 2857 4703 sint,
2882 4642 2939 4691 et
2962 4652 3080 4690 non
3104 4636 3197 4689 alii
3226 4636 3345 4706 ipsa
3374 4654 3533 4692 sacra

1899 4750 2072 4806 quam
2098 4734 2417 4790 sacerdotes
2456 4748 2611 4787 sacra
2652 4731 2928 4785 unctione
2975 4728 3236 4797 delibuti,
3266 4730 3532 4786 Domino-

1901 4846 2011 4900 que
2039 4845 2170 4885 cum
2207 4828 2452 4883 vestibus
2493 4825 2704 4881 sanctis
2739 4824 2966 4893 sacrati,
3000 4827 3057 4878 et
3093 4823 3279 4879 levita
3324 4828 3532 4882 tracta-

1898 4924 2058 4991 bant,
2103 4923 2381 4987 t‘erebant,
2425 4920 2741 4993 erigebant,
2783 4922 2839 4972 et
2880 4917 3264 4990 deponebant,
3301 4919 3355 4973 in
3399 4920 3534 4991 ipsis

1898 5016 2351 5072 institutionibus
2398 5030 2547 5087 qua,
2585 5012 2827 5067 Domino
2862 5011 3123 5083 jubente,
3156 5029 3262 5083 per
3304 5013 3533 5084 Moysen

1899 5112 2236 5183 conscripta
2262 5113 2415 5180 sunt,
2439 5107 2745 5179 reperitur.
2776 5106 3037 5171 Qualiter
3062 5122 3201 5177 ergo
3226 5107 3422 5175 David,
3448 5124 3534 5161 re-

1902 5222 2041 5277 gum
2073 5204 2378 5275 piissimus,
2412 5201 2843 5273 ampliﬁcaverit
2883 5200 3100 5255 cultum
3142 5201 3256 5268 Dei,
3289 5204 3348 5254 et
3383 5206 3530 5255 tem-

1902 5300 2060 5371 plum
2087 5298 2315 5353 Domini
2344 5296 2623 5352 adiﬁcare
2658 5294 2852 5362 voluit,
2884 5294 2985 5349 sed
3022 5299 3255 5366 propter
3284 5294 3529 5349 multum

1902 5392 2239 5465 sanguinem
2290 5407 2466 5464 quem
2508 5389 2790 5445 etl'uderat
2839 5388 3158 5461 prohibitus
3189 5390 3292 5455 est,
3323 5390 3381 5441 et
3412 5388 3533 5459 ipse

1901 5488 2209 5563 collegerat
2236 5501 2534 5557 expensas;
2565 5484 2950 5553 Salomonque
2970 5481 3118 5535 ﬁlius
3144 5481 3264 5552 ejus
3283 5480 3536 5552 idipsum

1902 5582 2055 5653 quod
2100 5581 2220 5652 ipse
2268 5580 2457 5635 facere
2492 5579 2803 5649 optaverat,
2830 5575 3073 5646 jubente
3122 5579 3179 5630 et
3221 5574 3534 5632 auxiliante

1902 5676 2037 5745 Deo,
2069 5674 2325 5746 perfecit,
2353 5676 2412 5728 et
2438 5673 2723 5743 templum
2749 5685 2881 5724 cum
2914 5668 3102 5737 altari,
3130 5673 3187 5723 et
3206 5669 3430 5741 reliqua
3459 5672 3533 5726 ad

1901 5768 2157 5824 divinum
2202 5767 2421 5823 cultum
2460 5764 2859 5838 peragendum
2903 5763 3253 5818 consecravit
3292 5762 3354 5817 in
3390 5764 3535 5820 libro

1902 5862 2071 5919 tertio
2097 5864 2317 5933 Regum
2346 5862 2494 5916 inter
2519 5863 2726 5915 catera
2745 5858 2957 5931 legitur
2978 5857 3053 5911 ita
3076 5874 3089 5911 :
3111 5879 3139 5906 ‹‹
3163 5857 3483 5928 Ᾱζᾶίῧοειηε,
3508 5882 3537 5911 ››

3062 5961 3138 6019 34
