4062 6188
518 273 649 327 1059

1402 269 1681 323 APPEND.
1723 270 1809 325 AD
1847 270 2007 327 SZEC.
2050 271 2136 325 IX.
2167 300 2235 311 -—
2274 272 2520 328 ISIDORI
2561 271 2983 329 MERCATORIS

3744 268 3890 319 I060

515 379 722 450 inquit,
750 377 1040 443 Salomon,
1080 394 1107 426 α
1155 374 1394 430 Domino
1439 376 1709 431 aediﬁcavi
1758 377 2144 433 habitaculum
2163 392 2222 464 Α
2242 382 2454 451 nerint,
2477 387 2534 437 et
2557 380 2861 448 oraverint,
2894 382 2954 434 et
2975 378 3265 450 deprecati
3292 382 3347 433 te
3375 375 3593 431 fuerint
3620 375 3682 429 in
3708 374 3893 429 domo

514 478 678 527 tuum
718 468 1115 537 fortissimum,
1158 469 1362 524 solium
1414 474 1577 525 tuum
1624 472 2066 543 sempiternum,
2110 492 2139 523 ››

512 565 904 635 convertitque
930 579 1026 618 rex
1054 562 1258 617 faciem
1291 580 1453 619 suam
1480 568 1537 619 et
1556 564 1848 620 benedixit
1869 566 2027 621 omni
2049 567 2144 620 Ec-

511 659 696 715 clesiae,
735 658 920 713 Israel.
954 656 1150 712 Omnis
1176 658 1332 713 enim
1367 658 1611 713 Ecclesia
1650 659 1819 714 Israel
1848 658 2050 714 stabat.
2076 660 2146 714 Et

513 754 592 809 ait
621 769 635 807 :
672 774 699 802 ‹‹
733 750 1071 806 Benedictus
1108 751 1380 806 Dominus
1404 753 1551 806 Deus
1579 753 1769 822 Israel,
1796 752 1895 824 qui
1925 753 2144 808 locutus

512 852 597 902 est
623 863 719 902 ore
755 862 856 900 suo
884 843 955 898 ad
982 844 1153 899 David
1196 849 1420 916 patrem
1456 860 1673 915 meum,
1704 848 1764 901 et
1791 846 1851 900 in
1882 845 2144 901 manibus

511 941 654 996 meis
703 938 943 1013 perfecit
987 937 1227 994 dicens:
1261 942 1305 993 Α
1347 937 1459 1006 die,
1497 955 1611 1010 qua
1657 939 1826 994 eduxi
1868 940 2140 1011 populum

512 1051 706 1091 meum
730 1033 900 1088 Israel
927 1032 998 1088 de
1024 1033 1284 1103 Egypto,
1307 1048 1421 1086 non
1450 1032 1595 1103 elegi
1618 1032 1901 1089 civitatem
1931 1033 2001 1089 de
2022 1034 2144 1089 uni—

512 1128 687 1183 versis
714 1128 976 1182 tribubus
1000 1126 1204 1192 Israel;
1237 1131 1301 1180 ut
1324 1125 1699 1181 aedificaretur
1730 1126 1951 1198 domus,
1982 1131 2040 1182 et
2066 1144 2146 1181 es-

513 1228 599 1278 set
622 1237 835 1278 nomen
865 1237 1060 1275 meum
1088 1219 1186 1289 ibi,
1220 1218 1321 1274 sed
1348 1219 1495 1290 elegi
1525 1220 1695 1275 David
1721 1226 1782 1276 ut
1811 1226 1955 1276 esset
1978 1236 2149 1292 super

512 1317 788 1389 populum
814 1331 1010 1369 meum
1052 1315 1243 1381 Israel,
1276 1313 1571 1385 voluitque
1601 1314 1775 1370 David
1801 1319 1961 1386 pater
1983 1331 2147 1369 meus

514 1410 791 1465 aediﬁcare
834 1409 1073 1463 domum
1113 1408 1335 1463 nomini
1378 1408 1602 1464 Domini
1640 1409 1737 1464 Dei
1769 1409 1956 1477 Israel,
1985 1414 2042 1465 et
2069 1409 2150 1464 ait

514 1505 791 1559 Dominus
818 1503 888 1557 ad
908 1501 1083 1558 David
1104 1506 1327 1574 patrem
1358 1519 1554 1557 meum
1580 1520 1593 1557 :
1616 1502 1780 1567 Quod
1808 1502 2066 1573 cogitasti
2087 1502 2147 1556 in

515 1597 687 1654 corde
711 1600 806 1651 tuo
827 1596 1104 1652 aediﬁcare
1125 1596 1360 1651 domum
1383 1596 1603 1651 nomini
1619 1613 1771 1665 meo,
1794 1596 2145 1663 benefecisti,

515 1693 620 1746 hoc
676 1691 864 1762 ipsum
913 1694 1109 1745 mente
1164 1694 1438 1745 tractans.
1486 1691 1889 1745 Verumtamen
1933 1692 1993 1744 tu
2033 1706 2149 1744 non

2245 476 2366 543 hac,
2400 475 2603 531 exaudi
2635 475 2694 529 in
2720 474 2861 529 coelo
2896 477 2955 528 et
2980 471 3207 527 dimitte
3240 475 3539 543 peccatum
3565 468 3779 541 populi
3805 468 3895 522 εἰιί

2246 570 2434 640 Israel,
2453 574 2510 625 et
2537 568 2775 624 reduces
2800 583 2895 623 eos
2919 566 2980 622 in
3004 569 3239 633 terram,
3267 580 3439 637 quam
3463 562 3676 619 dedisti
3703 562 3895 633 patri-

2241 663 2346 719 bus
2374 680 2597 719 eorum.
2631 661 2687 720 Si
2714 662 2970 717 clausum
2999 660 3174 715 fuerit
3201 659 3408 715 coelum
3434 662 3494 713 et
3522 673 3644 712 non
3675 655 3899 727 pluerit

2244 763 2481 830 propter
2519 761 2816 829 peccatum
2848 771 3069 822 eorum,
3102 759 3161 809 et
3203 758 3429 808 orantes
3470 752 3534 806 in
3578 751 3709 805 loco
3760 750 3895 813 isto,

2243 851 2644 924 pcenitentiam
2673 849 2897 922 egerint
2933 846 3159 904 nomini
3194 851 3312 915 tuo,
3340 851 3397 903 et
3427 862 3461 900 a
3488 843 3745 917 peccatis
3776 843 3897 897 suis

2243 946 2494 1002 conversi
2523 944 2742 1000 fuerint
2766 946 3000 1016 propter
3018 940 3385 997 afﬂictionem
3412 955 3596 1007 suam,
3620 937 3895 993 exaudies

2245 1058 2338 1095 eos
2369 1040 2427 1095 in
2460 1040 2627 1107 coelo;
2654 1042 2711 1094 et
2737 1037 2959 1093 dimitte
2988 1040 3221 1109 peccata
3254 1050 3545 1091 servorum
3572 1036 3814 1088 tuorum
3835 1033 3893 1084 et

2246 1134 2440 1207 pOpuIi
2478 1133 2561 1189 tui
2609 1132 2796 1203 Israel,
2831 1134 2890 1187 et
2916 1130 3155 1187 ostende
3199 1130 3282 1185 eis
3321 1129 3475 1184 viam
3514 1127 3756 1194 bonam,
3788 1140 3896 1197 per

2245 1245 2418 1301 quam
2448 1226 2764 1293 ambulent,
2792 1228 2852 1280 et
2876 1224 2948 1280 da
2974 1224 3226 1296 pluviam
3253 1237 3426 1295 super
3452 1210 3693 1285 terram,
3711 1234 3893 1291 quam

2247 1321 2455 1378 dedisti
2474 1321 2684 1393 populo
2711 1324 2811 1375 tuo
2838 1319 2897 1373 in
2926 1318 3365 1391 possessionem.
3393 1316 3599 1371 Fames
3614 1313 3663 1368 si
3683 1312 3891 1369 oborta

2248 1416 2421 1472 fuerit
2440 1416 2499 1471 in
2525 1420 2698 1483 terra,
2719 1419 2818 1469 aut
2835 1412 3177 1485 pestilentia,
3200 1415 3300 1466 aut
3324 1411 3631 1479 corruptus
3651 1423 3777 1474 aer,
3793 1408 3893 1460 aut

2247 1526 2465 1583 aerugo,
2498 1510 2734 1578 locusta,
2760 1507 2967 1580 rubigo
3001 1523 3014 1560 :
3045 1510 3102 1561 et
3143 1503 3411 1560 afﬂixerit
3446 1518 3585 1557 eum
3620 1499 3893 1556 inimicus

2247 1604 2389 1675 ejus,
2416 1607 2606 1675 portas
2634 1601 2922 1670 obsidens,
2953 1600 3142 1656 omnis
3182 1598 3375 1671 plaga,
3406 1596 3681 1651 universa
3723 1592 3889 1649 inﬁr-

2249 1698 2436 1764 mitas,
2458 1698 2777 1768 cunctaque
2801 1694 3094 1749 devoratio
3126 1697 3183 1749 et
3205 1689 3561 1763 imprecatio,
3587 1704 3724 1760 quae
3753 1688 3894 1742 acci-

515 1784 813 1841 aadiﬁcabis
841 1783 1098 1853 domum,
1132 1784 1228 1839 sed
1261 1784 1409 1838 ﬁlius
1435 1789 1563 1838 tuus
1597 1783 1695 1855 qui
1726 1783 2053 1855 egredietur
2080 1782 2149 1838 de
2170 1766 2224 1838 Β
2249 1790 2401 1847 derit
2414 1788 2607 1863 264
2622 1766 2777 1845 omni
2794 1787 3018 1844 homini
3035 1787 3106 1842 de
3124 1785 3338 1859 populo
3353 1790 3450 1841 tuo
3471 1783 3643 1840 Israel
3663 1800 3676 1848 ;
3699 1782 3891 1853 siquis

516 1878 771 1933 renibus'
797 1877 905 1932 tuis
946 1877 1065 1949 ipse
1113 1877 1412 1932 aedificabit
1455 1876 1689 1931 domum
1738 1876 1958 1931 nomini
1997 1893 2143 1931 meo.

513 1971 881 2029 Contirmavit
917 1969 1194 2025 Dominus
1239 1986 1569 2026 sermonem
1600 1986 1769 2025 suum
1797 1986 1971 2042 quem
1994 1971 2147 2026 locu-

518 2074 605 2121 tus
632 2069 734 2134 est,
767 2065 1008 2136 stetique
1039 2080 1143 2136 pro
1165 2063 1337 2119 David
1368 2068 1529 2134 patre
1560 2080 1713 2133 meo,
1745 2069 1801 2118 et
1828 2064 1950 2118 sedi
1982 2080 2152 2135 super

515 2161 790 2215 thronum
816 2158 985 2213 Israel
1012 2158 1159 2212 sicut
1181 2157 1404 2212 locutus
1433 2160 1520 2211 est
1545 2157 1836 2213 Dominus.
1869 2160 1936 2215 Et
1966 2156 2147 2212 aediﬁ-

515 2254 637 2309 cavi
663 2253 901 2308 domum
935 2251 1153 2306 nomini
1184 2250 1408 2305 Domini
1440 2250 1541 2305 Dei
1575 2252 1764 2320 Israel,
1799 2257 1856 2307 et
1880 2250 2150 2307 constitui

517 2347 593 2402 ibi
620 2348 807 2400 locum
831 2362 996 2412 arcae,
1024 2344 1084 2399 in
1111 2360 1224 2416 qua
1251 2344 1434 2399 foedus
1464 2344 1685 2399 Domini
1715 2350 1800 2399 est
1829 2346 1985 2417 quod
2018 2362 2147 2416 per-

513 2440 684 2496 cussit
712 2456 845 2494 cum
873 2439 1130 2511 patribus
1159 2438 1385 2506 nostris,
1420 2438 1647 2510 quando
1680 2440 1890 2509 egressi
1918 2444 2051 2494 sunt
2079 2440 2149 2494 de

518 2539 667 2590 terra
693 2533 942 2605 z’Egypti.
970 2533 1133 2588 Stetit
1160 2536 1353 2588 autem
1382 2532 1648 2588 Salomon
1681 2538 1813 2588 ante
1844 2533 2025 2589 altare
2051 2534 2152 2587 Do-

516 2630 661 2685 mini
692 2629 750 2683 in
777 2632 1083 2698 conspectu
1128 2626 1389 2682 Ecclesiae
1431 2627 1596 2682 Israel
1626 2629 1684 2681 et
1724 2627 1997 2698 expandit
2024 2644 2148 2681 ma-

516 2741 623 2779 nus
648 2740 777 2778 suas
804 2722 861 2777 in
892 2722 1115 2788 coelum,
1138 2724 1195 2776 et
1221 2720 1300 2775 ait
1334 2738 1347 2775 :
1379 2720 1615 2776 Domine
1646 2721 1794 2776 Deus
1826 2721 2016 2788 Israel,
2036 2738 2152 2776 non

515 2822 601 2872 est
618 2816 817 2871 similis
841 2815 922 2869 lui
945 2815 1001 2868 in
1025 2815 1165 2867 coelo
1193 2814 1455 2885 desuper,
1481 2820 1538 2869 et
1563 2830 1735 2885 super
1758 2818 1968 2870 terram
1991 2815 2153 2871 deor-

516 2927 665 2980 sum,
680 2909 777 2981 qui
791 2908 1039 2963 custodis
1055 2909 1284 2978 pactum
1299 2911 1357 2961 et
1369 2907 1821 2963 misericordiam
1834 2909 2006 2963 servis
2016 2910 2149 2978 tuis,

518 3001 922 3075 quiambulant
938 3016 1130 3055 coram
1148 3005 1203 3055 te
1227 3000 1283 3055 in
1296 3003 1413 3055 toto
1428 3000 1599 3057 corde
1615 3017 1739 3072 suo,
1753 3000 1847 3073 qui
1866 3003 2155 3059 custodisti

518 3096 695 3152 David
724 3094 871 3167 patri
905 3111 1032 3149 meo
1062 3109 1188 3165 quae
1213 3094 1434 3149 locutus
1465 3112 1524 3149 es
1561 3094 1668 3161 eis;
1698 3111 1796 3150 ore
1824 3096 2043 3152 locutus
2072 3113 2150 3164 es,

517 3196 577 3246 et
602 3190 867 3245 manibus
892 3188 1205 3262 perfecisti,
1230 3193 1291 3244 ut
1319 3188 1443 3243 haec
1472 3188 1591 3245 dies
1619 3189 1841 3260 probat.
1870 3190 2026 3245 Nunc
2053 3191 2153 3261 igi-

515 3290 630 3357 tur,
660 3282 898 3339 Domine
929 3284 1080 3338 Deus
1109 3281 1305 3350 Israel,
1340 3286 1399 3337 et
1442 3298 1707 3339 conserva
1736 3283 1906 3339 David
1944 3284 2154 3340 famulo

513 3386 611 3435 tuo
639 3378 790 3451 patri
816 3392 942 3433 meo
971 3393 1099 3449 quae
1130 3376 1353 3432 locutus
1380 3392 1439 3431 es
1464 3376 1537 3443 ei,
1570 3377 1765 3432 dicens
1794 3394 1807 3432 :
1842 3379 1963 3433 Non
1991 3379 2152 3434 aufe-

517 3479 676 3529 retur
696 3472 767 3527 de
796 3476 854 3527 te
880 3471 965 3526 vir
990 3487 1182 3525 coram
1205 3486 1321 3539 me,
1345 3470 1443 3542 qui
1472 3470 1663 3526 sedeat
1688 3488 1860 3543 super
1886 3472 2156 3528 thronum

515 3567 711 3631 Israel,
745 3566 821 3620 ita
848 3569 1041 3620 tamen
1071 3564 1117 3618 si
1148 3563 1522 3618 custodierint
1546 3564 1645 3619 filii
1678 3565 1760 3619 tui
1788 3565 1937 3620 viam
1966 3582 2155 3635 suam,

516 3664 582 3716 ut
606 3659 911 3714 ambulent
930 3674 1123 3713 coram
1152 3674 1246 3712 me
1278 3657 1423 3712 sicut
1448 3657 1745 3714 ambulasti
1768 3658 1825 3713 in
1854 3664 2157 3732 conspectu

515 3770 665 3811 meo.
697 3755 764 3808 Et
789 3769 963 3823 nunc,
996 3751 1235 3807 Domine
1269 3752 1414 3807 Deus
1441 3753 1627 3818 Israel,
1652 3752 1958 3809 ﬁrmentur
1985 3755 2159 3810 verba

520 3852 617 3904 tua
661 3863 792 3919 quae
835 3846 1058 3931 locutus
1107 3863 1170 3899 es
1213 3844 1394 3900 David
1444 3862 1604 3901 servo
1662 3850 1758 3901 tuo
1808 3848 1957 3919 patri
2008 3865 2154 3905 meo.

520 3944 744 4014 Ergone
775 3939 1094 4013 putandum
1132 3944 1217 3995 est
1243 3940 1396 4011 quod
1422 3955 1552 3995 vere
1580 3940 1724 3996 Deus
1750 3941 1965 3998 habitet
1988 3959 2161 4015 super

522 4036 791 4092 terram?
810 4033 864 4091 Si
904 4033 1057 4090 enim
1089 4032 1292 4089 coelum
1320 4038 1377 4089 et
1402 4033 1528 4089 coeli
1563 4035 1831 4091 caelorum
1861 4041 1916 4092 te
1957 4053 2160 4109 capere

523 4146 635 4183 non
667 4133 923 4199 possunt,
958 4132 1172 4199 quanto
1200 4126 1385 4198 magis
1418 4126 1622 4182 domus
1656 4128 1780 4183 haec
1818 4145 1994 4201 quam
2021 4130 2158 4187 aedi-

525 4221 717 4276 Iicavi!
766 4221 875 4277 Sed
930 4220 1146 4290 respice
1184 4220 1254 4275 ad
1300 4220 1614 4276 orationem
1661 4222 1809 4277 servi
1846 4223 1950 4294 tui,
1990 4227 2048 4280 et
2088 4225 2160 4280 ad

527 4331 723 4387 preces
768 4314 912 4385 ejus,
964 4313 1203 4368 Domine
1253 4313 1398 4368 Deus
1449 4330 1631 4370 meus.
1680 4316 1849 4387 Audi,
1895 4318 2158 4389 Domine,

526 4411 805 4482 hymnum
828 4411 885 4463 et
911 4406 1237 4463 orationem
1259 4422 1431 4479 quam
1453 4424 1648 4463 servus
1672 4413 1805 4466 tuus
1824 4416 1949 4467 orat
1969 4428 2158 4469 coram

2173 3138 2228 3213 C

2248 1884 2541 1957 agnoverit
2581 1883 2809 1955 plagam
2849 1880 3037 1937 cordis
3070 1880 3158 1935 sui
3200 1882 3257 1934 et
3292 1876 3634 1949 expanderit
3684 1891 3891 1930 manus

2249 1995 2377 2034 suas
2408 1977 2467 2032 in
2496 1977 2668 2032 domo
2698 1976 2822 2041 hac,
2847 1980 2913 2031 tu
2940 1974 3204 2031 exaudies
3234 1973 3291 2027 in
3320 1971 3458 2027 ccelo
3483 1970 3544 2026 in
3569 1970 3705 2025 loco
3734 1969 3890 2024 habi-

2250 2071 2482 2127 tationis
2520 2072 2636 2125 tuae
2663 2072 2722 2125 et
2744 2067 3212 2141 repropitiaberis
3237 2071 3293 2122 et
3317 2065 3492 2121 facies
3515 2067 3581 2119 ut
3626 2062 3735 2118 des
3763 2062 3886 2117 uni-

2250 2166 2452 2238 cuique
2494 2164 2811 2220 secundum
2845 2163 2965 2217 vias
3006 2178 3154 2229 suas,
3183 2160 3329 2216 sicut
3369 2158 3581 2214 videris
3624 2174 3731 2212 cor
3770 2157 3890 2227 ejus

2251 2260 2402 2333 (quia
2428 2262 2490 2314 tu
2514 2257 2661 2313 nosti
2687 2258 2838 2312 solus
2857 2272 2958 2311 cor
2977 2255 3239 2311 omnium
3265 2252 3515 2309 ﬁliorum
3534 2251 3889 2317 hominum),

2252 2357 2314 2409 ut
2338 2353 2576 2409 timeant
2600 2356 2656 2407 te
2687 2350 2903 2406 cunctis
2928 2349 3128 2405 diebus
3152 2348 3359 2420 quibus
3384 2345 3583 2402 vivunt
3617 2361 3796 2417 super
3818 2344 3893 2399 fa-

2250 2448 2399 2503 ciem
2434 2451 2601 2502 terrae
2632 2461 2811 2517 quam
2844 2443 3048 2499 dedisti
3083 2442 3339 2515 patribus
3389 2439 3617 2495 nostris.
3656 2440 3889 2510 Insuper

2252 2548 2309 2597 et
2331 2540 2673 2612 alienigena,
2702 2538 2803 2612 qui
2829 2554 2945 2593 non
2975 2540 3061 2593 est
3083 2537 3152 2592 de
3179 2535 3388 2607 populo
3417 2538 3517 2589 tuo
3540 2533 3732 2603 Israel,
3754 2549 3886 2587 cum

2253 2634 2470 2691 venerit
2518 2634 2588 2689 de
2630 2636 2786 2688 terra
2827 2630 3144 2703 longinqua
3185 2630 3418 2701 propter
3458 2642 3674 2682 nomen
3724 2632 3887 2680 tuum

2253 2728 2535 2799 (audietur
2554 2726 2709 2783 enim
2734 2741 2949 2782 nomen
2971 2729 3134 2779 tuum
3159 2738 3459 2795 magnum,
3481 2725 3539 2777 et
3559 2736 3774 2775 manus
3797 2723 3891 2774 tua

2252 2822 2431 2891 fortis,
2468 2827 2525 2877 et
2565 2820 2864 2875 brachium
2906 2824 3071 2874 tuum
3117 2821 3412 2873 extensum
3461 2814 3719 2886 ubique),
3755 2829 3888 2868 cum

2252 2915 2471 2972 venerit
2496 2930 2635 2986 ergo
2665 2917 2724 2969 et
2748 2912 2994 2969 oraverit
3027 2912 3236 2967 inloco
3261 2910 3393 2980 hoc,
3424 2913 3489 2963 tu
3530 2907 3805 2962 exaudies
3832 2908 3889 2961 in

2252 3010 2410 3079 coelo,
2441 3009 2502 3065 in
2532 3009 2901 3064 firmamento
2932 3004 3241 3061 habitaculi
3265 3003 3368 3071 tui,
3399 3005 3458 3057 et
3486 3001 3659 3057 facies
3690 3001 3887 3056 omnia

2254 3121 2357 3176 pro
2386 3103 2594 3176 quibus
2617 3101 2967 3157 invocaverit
2987 3104 3044 3155 te
3071 3098 3413 3170 alienigena,
3438 3099 3503 3151 ut
3526 3095 3758 3151 discant
3774 3095 3893 3150 uni-

2254 3198 2401 3254 versi
2447 3196 2642 3269 populi
2686 3199 2967 3252 terrarum
3012 3208 3223 3249 nomen
3270 3194 3429 3246 tuum
3474 3190 3704 3257 timere,
3750 3190 3891 3243 sicut

2255 3292 2497 3364 populus
2522 3282 2883 3357 tuus'lsrael,
2918 3292 2976 3343 et
3004 3286 3271 3358 probent,
3299 3284 3435 3357 quia
3469 3299 3687 3339 nomen
3726 3286 3888 3337 tuum

2256 3387 2580 3440 invocatum
2600 3388 2685 3439 est
2703 3398 2875 3454 super
2893 3382 3132 3437 domum
3151 3380 3302 3435 hanc
3323 3393 3496 3451 quam
3519 3376 3818 3433 aadificavi.
3838 3375 3891 3431 Si

2256 3494 2514 3551 egressus
2538 3476 2711 3533 fuerit
2730 3476 2976 3549 populus
2994 3479 3125 3530 tuus
3148 3474 3220 3530 ad
3240 3473 3455 3529 bellum
3482 3474 3687 3527 contra
3706 3470 3892 3527 inimi-

2257 3590 2350 3629 cos
2375 3589 2505 3629 suos
2528 3587 2632 3644 per
2644 3571 2795 3626 viam
2820 3585 3165 3642 quocunque
3188 3566 3411 3623 miseris
3439 3582 3561 3636 eos,
3578 3565 3891 3621 orabuntte

2256 3672 2452 3723 contra
2464 3666 2618 3722 viam
2637 3665 2876 3721 civitatis
2901 3679 3077 3737 quam
3095 3660 3340 3733 elegisti,
3359 3665 3418 3717 et
3429 3662 3640 3716 contra
3658 3659 3890 3715 domum

2257 3779 2427 3836 quam
2456 3760 2724 3817 aediﬁcavi
2748 3758 2973 3816 nomini
2996 3760 3118 3826 tuo,
3141 3759 3203 3811 et
3225 3754 3492 3812 exaudies
3517 3754 3577 3809 in
3605 3753 3748 3809 oculo
3776 3769 3891 3808 ora-

2259 3858 2477 3913 tionem
2502 3872 2722 3924 eorum,
2751 3857 2809 3911 et
2833 3868 3031 3927 preces
3056 3867 3281 3921 eorum,
3313 3854 3372 3906 et
3405 3849 3574 3905 facies
3609 3847 3891 3920 judicium

2261 3967 2479 4007 eorum.
2496 3950 2657 4016 Quod
2684 3950 2731 4005 si
2755 3947 3111 4022 peccaverint
3130 3944 3236 4001 tibi
3265 3946 3404 4017 (non
3431 3948 3517 4000 est
3541 3944 3701 3999 enim
3725 3942 3892 3997 homo

2261 4046 2360 4117 qui
2380 4061 2497 4100 non
2525 4046 2760 4116 peccet),
2784 4046 2841 4099 et
2863 4042 3044 4098 iratus
3069 4038 3371 4101 tradideris
3395 4054 3489 4095 eos
3512 4035 3766 4092 inimicis
3783 4034 3894 4090 suis

2261 4143 2317 4195 et
2343 4138 2549 4212 captivi
2578 4138 2733 4194 ducti
2760 4137 2975 4193 fuerint
2999 4136 3062 4190 in
3085 4139 3297 4191 terram
3324 4132 3697 4189 inimicorum
3728 4130 3892 4202 longe

2261 4234 2347 4289 vel
2386 4249 2582 4306 prope,
2609 4235 2666 4288 et
2708 4231 2932 4304 egerint
2965 4228 3363 4303 paenitentiam
3396 4226 3456 4282 in
3487 4225 3667 4281 corde
3688 4241 3811 4291 suo,
3838 4224 3891 4277 in

2261 4328 2385 4383 loco
2409 4324 2765 4398 captivitatis,
2799 4328 2856 4381 et
2895 4322 3153 4379 conversi
3188 4320 3476 4394 deprecati
3505 4318 3730 4374 fuerint
3754 4322 3815 4374 te
3840 4317 3893 4371 in

2261 4421 2588 4494 captivitate
2628 4436 2728 4475 sua
2767 4419 3016 4475 dicentes
3048 4434 3063 4473 :
3103 4415 3484 4484 Peccavimus,
3526 4413 3730 4485 inique
3775 4410 3889 4483 egi-

527 4511 582 4561 te
609 4503 806 4571 hodie,
827 4506 894 4557 ut
922 4502 1068 4557 sicut
1092 4500 1239 4557 oculi
1259 4500 1343 4556 tui
1364 4502 1545 4573 aperti
1572 4506 1706 4559 sunt
1729 4521 1903 4577 super
1924 4506 2241 4594 domumD
2263 4531 2410 4584 mus,
2443 4514 2620 4587 impie
2666 4513 2976 4586 gessimus;
3014 4516 3072 4568 et
3111 4510 3324 4567 reversi
3368 4507 3588 4564 fuerint
3630 4506 3705 4562 ad
3744 4510 3802 4560 te
3842 4505 3895 4559 in

529 4601 676 4655 hanc
718 4600 886 4653 nocte
927 4600 982 4650 et
1025 4595 1139 4664 die,
1174 4611 1347 4667 super
1385 4595 1644 4666 domum,
1675 4597 1746 4653 de
1785 4615 1903 4671 qua
1930 4600 2159 4657 dixisti:

528 4693 647 4749 Erit
670 4708 885 4747 nomen
916 4707 1113 4746 meum
1148 4690 1247 4759 ibi,
1277 4693 1342 4745 ut
1385 4691 1657 4746 exaudias
1699 4693 2161 4765 deprecationem

531 4786 676 4841 servi
708 4786 813 4854 tui,
847 4790 903 4840 et
944 4784 1142 4856 populi
1169 4783 1257 4840 tui
1285 4784 1476 4853 Israel,
1506 4785 1887 4858 quodcunque
1922 4790 2165 4846 oraverit

533 4882 589 4936 in
626 4882 750 4935 loco
798 4879 929 4949 isto,
959 4881 1016 4934 et
1058 4878 1326 4934 exaudias
1362 4878 1418 4933 in
1466 4879 1587 4934 loco
1635 4880 1942 4937 habitaculi
1986 4884 2072 4939 tui
2107 4883 2164 4940 in

532 4975 691 5042 coelo,
721 4978 932 5029 etcum
965 4972 1305 5041 exaudieris,
1340 4973 1623 5045 propitius
1657 4974 1787 5032 eris.
1816 4975 1875 5033 Si
1898 4994 2163 5049 peccave-

535 5068 608 5125 rit
651 5068 826 5123 homo
854 5066 912 5121 in
942 5066 1271 5139 proximum
1317 5083 1507 5136 suum,
1542 5072 1600 5123 et
1643 5068 1907 5125 habuerit
1934 5071 2164 5144 aliquod

527 5164 925 5237 juramentum
959 5175 1073 5231 quo
1102 5162 1372 5216 teneatur
1399 5160 1681 5232 astrictus,
1710 5166 1767 5219 et
1791 5166 2010 5220 venerit
2034 5183 2162 5238 pro-

535 5265 664 5333 pter
681 5257 1076 5328 juramentum
1106 5269 1299 5310 coram
1327 5255 1493 5310 altari
1521 5259 1618 5312 tuo
1638 5256 1696 5312 in
1729 5258 1964 5316 domum
1982 5266 2164 5329 tuam,

537 5358 596 5408 tu
638 5349 906 5407 exaudies
949 5347 1009 5402 in
1054 5347 1215 5418 ccelo,
1247 5353 1304 5404 et
1339 5348 1532 5420 facies,
1561 5353 1619 5405 et
1656 5350 1934 5422 judicabis
1978 5372 2169 5412 servos

536 5456 659 5504 tuos
688 5443 1082 5501 condemnans
1131 5440 1396 5513 impium,
1430 5447 1489 5498 et
1530 5443 1774 5501 reddens
1812 5446 1960 5503 viam
2003 5465 2165 5505 suam

537 5556 707 5612 super
726 5539 897 5609 caput
923 5535 1068 5607 ejus,
1083 5535 1513 5608 justificansque
1532 5536 1754 5607 justum
1774 5543 1831 5595 et
1848 5541 2169 5600 retribuens

540 5635 588 5690 ei
611 5630 924 5687 secundum
943 5628 1226 5701 justitiam
1253 5645 1439 5684 suam.
1462 5629 1517 5686 Si
1541 5631 1752 5703 fugerit
1776 5636 2019 5706 populus
2041 5640 2170 5694 tuus

538 5742 710 5797 super
746 5723 1007 5779 inimicos
1051 5739 1202 5790 suos,
1235 5721 1392 5793 (quia
1436 5729 1769 5795 peccaturus
1812 5733 1897 5783 est
1936 5731 2082 5802 tibi),
2114 5739 2171 5790 et

542 5820 777 5893 agentes
808 5814 1225 5888 paenitentiam,
1256 5818 1313 5870 et
1342 5816 1678 5884 confitentes
1707 5823 1920 5878 nomini
1951 5828 2052 5881 tuo
2081 5844 2169 5883 ve-

2262 4607 2530 4665 universo
2559 4607 2728 4663 corde
2754 4624 2877 4676 suo,
2905 4611 2963 4663 et
2989 4610 3104 4662 tota
3133 4604 3325 4660 anima
3351 4618 3471 4669 sua,
3499 4602 3562 4656 in
3600 4603 3760 4656 terra
3792 4598 3895 4654 ini-

2266 4702 2547 4758 micorum
2578 4718 2815 4758 suorum
2838 4701 2911 4757 ad
2936 4717 3112 4773 quam
3137 4696 3343 4771 captivi
3367 4694 3524 4752 ducti
3558 4695 3820 4762 fuerant,
3848 4697 3899 4746 et

2264 4796 2555 4853 oraverint
2582 4802 2639 4853 te
2683 4799 2882 4852 contra
2909 4794 3063 4850 viam
3099 4797 3270 4849 terra:
3310 4807 3446 4859 sum,
3479 4806 3667 4862 quam
3705 4786 3899 4844 dedisti

2265 4891 2522 4964 patribus
2547 4907 2770 4961 eorum,
2801 4894 2862 4946 et
2884 4889 3126 4945 civitatis
3150 4903 3326 4960 quam
3351 4884 3601 4957 elegisti,
3624 4888 3687 4939 et
3705 4880 3900 4954 templi

2267 4985 2423 5057 quod
2449 4985 2722 5041 aediﬁcavi
2747 4983 2965 5039 nomini
2998 4988 3116 5051 tuo,
3143 4980 3405 5038 exaudies
3429 4979 3490 5034 in
3525 4978 3695 5045 coelo,
3725 4978 3789 5033 in
3813 4976 3894 5031 ﬁr

2268 5085 2563 5136 memento
2592 5079 2720 5135 solii
2762 5078 2866 5147 tui,
2895 5078 3216 5133 orationem
3264 5080 3321 5131 et
3357 5089 3558 5147 preces
3599 5088 3826 5140 eorum,
3850 5073 3899 5124 et

2266 5174 2435 5231 facies
2469 5174 2751 5247 judicium
2781 5189 3004 5239 eorum,
3032 5176 3092 5227 et
3120 5168 3531 5244 propitiaberis
3568 5167 3786 5239 populo
3812 5168 3900 5218 tuo

2266 5269 2367 5342 qui
2382 5268 2635 5341 peccavit
2650 5268 2772 5337 tibi,
2787 5272 2844 5324 et
2863 5267 3135 5323 omnibus
3155 5261 3552 5338 iniquitatibus
3567 5278 3775 5317 eorum
3792 5257 3899 5331 qui-

2266 5363 2373 5419 bus
2415 5362 2770 5435 prtevaricati
2811 5366 2944 5418 sunt
2972 5361 3034 5416 in
3060 5365 3139 5429 te,
3169 5364 3227 5414 et
3251 5356 3416 5413 dabis
3448 5354 3898 5411 misericordiam

2267 5474 2454 5512 coram
2475 5458 2555 5513 eis
2578 5457 2676 5529 qui
2702 5472 2800 5512 eos
2825 5457 3072 5528 captivos
3093 5451 3420 5520 habuerint,
3445 5455 3510 5505 ut
3525 5449 3900 5505 misereantur

2267 5552 2369 5608 eis.
2398 5551 2647 5623 Populus
2673 5551 2829 5607 enim
2868 5556 2997 5606 tuus
3040 5554 3124 5604 est
3167 5552 3225 5603 et
3267 5544 3575 5601 hereditas
3616 5547 3742 5612 tua,
3767 5553 3899 5613 quos

2270 5646 2510 5701 eduxisti
2540 5645 2613 5700 de
2641 5652 2792 5701 terra
2816 5644 3062 5716 Egypti,
3092 5643 3163 5699 de
3189 5640 3378 5697 medio
3400 5636 3657 5694 fornacis
3687 5638 3899 5697 ferret,

2268 5744 2334 5794 ut
2357 5738 2472 5794 sint
2493 5738 2641 5795 oculi
2666 5739 2752 5794 tui
2780 5738 2963 5811 aperti
2988 5737 3060 5792 ad
3086 5733 3554 5808 deprecationem
3578 5731 3727 5785 servi
3750 5726 3830 5782 tui
3849 5728 3899 5778 et

2270 5833 2461 5906 populi
2491 5834 2571 5890 tui
2606 5833 2793 5901 Israel,
2824 5837 2881 5888 et
2910 5831 3180 5887 exaudies
3223 5846 3323 5886 eos
3372 5828 3432 5883 in
3475 5824 3765 5882 universis
3806 5834 3904 5895 pro
