4062 6188
138 296 257 348 1061

1324 286 1794 346 DECRETALIUM
1833 286 2224 343 COLLECTIO.

3364 292 3495 346 ΙΟϋὲ

130 399 331 472 quibus
356 396 702 452 invocabant
724 402 803 451 te.
844 398 922 450 Tu
960 396 1115 450 enim
1140 397 1411 468 separasti
1438 412 1535 452 eos
1564 396 1663 451 tibi
1696 397 1755 450 in
1779 408 1838 481 Α
1858 395 2062 450 divinis
2092 394 2354 466 precibus
2398 412 2431 449 a
2466 396 2831 467 pontiﬁcibus
2862 396 3060 452 dicatis
3101 401 3159 452 et
3184 398 3245 452 in
3281 401 3495 455 mensis

128 491 519 549 hereditatem
547 490 620 545 de
648 489 923 545 universis
945 489 1172 562 populis
1201 494 1390 558 terrae,
1422 490 1569 545 sicut
1595 490 1755 545 locu-

131 593 214 644 tus
244 600 306 641 es
328 601 435 657 per
460 585 708 655 Moysen,
745 599 972 639 servum
1012 586 1198 652 tuum,
1243 583 1473 655 quando
1516 582 1761 639 eduxisti

131 684 318 752 patres
363 684 589 733 nostros
637 676 708 732 de
748 682 902 733 terra
922 676 1170 749 Egypti,
1199 677 1434 733 Domine
1455 677 1622 733 Deus.
1654 676 1759 731 Fa-

127 778 283 829 ctum
324 777 408 828 est
451 776 665 839 autem,
713 787 846 826 cum
890 772 1229 842 complesset
1266 771 1555 838 Salomon,
1589 785 1762 825 orans

126 867 426 923 Dominum
464 865 781 921 orationem
820 869 879 920 et
914 864 1375 936 deprecationem
1419 866 1596 933 hanc,
1636 880 1757 918 sur-

126 962 271 1017 rexit
305 960 376 1015 de
414 961 721 1029 conspectu
757 958 950 1014 altaris
976 958 1222 1013 Domini.
1256 960 1572 1031 Utrumque
1607 957 1761 1013 enim

128 1072 277 1127 genu
304 1055 365 1109 in
390 1058 548 1109 terra
574 1052 803 1122 ﬁxerat,
835 1058 894 1107 et
924 1068 1131 1107 manus
1163 1052 1517 1124 expanderat
1544 1052 1614 1107 ad
1646 1068 1758 1107 coe-

126 1151 263 1203 lum.
312 1149 479 1205 Stetit
521 1163 660 1219 ergo
700 1152 757 1202 et
793 1145 1083 1202 benedixit
1123 1146 1283 1201 omni
1310 1147 1566 1201 Ecclesiae
1592 1146 1760 1201 Israel

128 1259 262 1298 voce
286 1258 500 1313 magna
530 1241 724 1296 dicens
750 1258 765 1295 :
797 1239 1133 1295 Benedictus
1160 1240 1452 1308 Dominus,
1476 1239 1577 1313 qui
1602 1239 1762 1295 dedit

128 1336 379 1409 requiem
402 1335 617 1408 populo
644 1351 749 1390 suo
775 1335 969 1403 Israel,
985 1334 1149 1405 juxta
1170 1334 1366 1389 omnia
1387 1350 1518 1406 quas
1540 1334 1761 1390 locutus

127 1436 233 1498 est;
268 1446 383 1485 non
411 1428 615 1485 cecidit
641 1444 713 1483 ne
738 1445 888 1484 unus
916 1427 1149 1500 quidem
1174 1444 1362 1483 sermo
1389 1427 1449 1483 in
1493 1428 1761 1483 omnibus

129 1540 258 1596 quae
285 1524 506 1578 locutus
541 1525 628 1577 est
664 1538 767 1594 per
799 1523 1026 1594 Moysen
1058 1538 1285 1577 servum
1316 1539 1504 1577 suum.
1542 1523 1623 1577 Sit
1648 1523 1756 1577 Do-

129 1618 475 1688 mmuleeus
486 1617 807 1683 nobiscum,
825 1616 974 1672 sicut
985 1616 1095 1671 fuit
1107 1632 1237 1671 cum
1253 1616 1507 1688 patribus
1526 1615 1758 1682 nostris,

133 1729 244 1767 non
272 1711 675 1783 derelinquens
699 1727 805 1765 nos
832 1726 1019 1782 neque
1050 1710 1374 1782 projiciens,
1403 1710 1502 1765 sed
1527 1709 1760 1765 inclinet

1861 488 2102 544 Domino
2127 489 2379 558 sacratis,
2408 494 2464 545 et
2487 505 2648 545 sacra
2670 491 2937 545 unctione
2958 507 2991 545 a
3018 492 3377 563 pontiﬁcibus
3396 494 3490 547 de-

1860 582 2053 637 libutis
2076 598 2182 654 pro
2209 598 2432 638 summa
2469 583 2552 651 (ut
2584 584 2882 654 praeﬁxum
2930 586 3032 655 est)
3056 586 3408 653 necessitate,
3438 591 3495 641 et

1860 691 1976 730 non
2000 692 2107 747 pro
2124 668 2298 731 libito
2325 675 2659 748 cujusquam
2684 683 2741 732 et
2766 676 2999 748 pigritia
3043 683 3267 749 agatur.
3311 679 3496 735 Satius

1861 785 1999 841 ergo
2025 774 2111 824 est
2136 769 2375 824 missam
2399 785 2515 824 non
2538 772 2788 838 cantare,
2817 774 2919 825 aut
2935 787 3055 826 non
3076 772 3294 841 audire,
3318 790 3491 844 quam

1861 863 1922 918 in
1941 862 2053 919 illis
2072 862 2210 918 locis
2231 863 2328 917 ubi
2349 862 2475 917 ﬁeri
2494 880 2611 919 non
2625 869 2867 935 Oportet,
2884 864 2991 919 nisi
3014 867 3095 935 (ut
3110 882 3259 937 saepe
3278 867 3493 922 dictum

1862 961 1963 1029 est)
1984 973 2091 1029 pro
2120 973 2342 1012 summa
2367 958 2667 1030 contingat
2698 959 3053 1027 necessitate,
3092 960 3365 1031 quoniam
3390 978 3491 1015 ne-

1861 1050 2089 1106 cessitas
2110 1067 2227 1107 non
2248 1050 2427 1106 habet
2442 1052 2655 1124 legem.
2681 1052 2838 1107 Unde
2858 1053 3134 1124 scriptum
3157 1058 3240 1109 est
3262 1071 3275 1109 :
3307 1077 3335 1104 «
3360 1056 3493 1110 Vide

1863 1160 1934 1201 ne
1959 1144 2161 1200 offeras
2188 1145 2513 1201 holocausta
2530 1150 2631 1200 tua
2649 1146 2710 1201 in
2735 1145 2895 1201 omni
2918 1146 3042 1201 loco
3070 1163 3243 1218 quem
3262 1148 3490 1215 videris,

1861 1239 1960 1294 sed
1985 1238 2044 1295 in
2069 1239 2191 1294 loco
2217 1256 2391 1311 quem
2424 1240 2663 1311 elegerit
2688 1239 2958 1295 Dominus
2987 1242 3135 1296 Deus
3163 1246 3294 1296 tuus
3318 1243 3490 1311 (Deut.

1861 1350 1958 1400 xu,
1992 1333 2096 1404 l3).
2130 1355 2156 1383 ››
2199 1334 2268 1387 Et
2298 1333 2357 1388 in
2394 1334 2581 1389 Exodo
2608 1334 2858 1405 legitur:
2899 1355 2927 1385 «
2958 1335 3064 1389 Vos
3094 1335 3329 1404 vidistis,
3358 1337 3494 1407 quia

1862 1426 1932 1481 de
1958 1427 2096 1482 ccelo
2125 1428 2347 1482 locutus
2372 1443 2499 1481 sum
2534 1427 2708 1481 vobis.
2731 1428 2851 1481 Non
2880 1427 3097 1483 facietis
3123 1428 3262 1484 deos
3287 1446 3491 1501 argen-

1862 1523 1999 1589 teos,
2028 1537 2132 1575 nec
2170 1521 2306 1575 deos
2350 1536 2556 1575 aureos
2582 1520 2797 1576 facietis
2823 1521 2998 1577 vobis.
3029 1522 3216 1577 Altare
3245 1523 3316 1578 de
3343 1529 3494 1579 terra

1861 1613 2077 1669 facietis
2113 1614 2279 1681 mihi,
2318 1618 2375 1668 et
2414 1614 2663 1670 offeratis
2700 1632 2871 1685 super
2907 1615 3043 1669 illud
3074 1616 3405 1673 holocausta
3436 1622 3493 1673 et

1860 1706 2093 1778 paciﬁca
2130 1711 2334 1762 vestra.
2382 1707 2528 1762 Oves
2556 1711 2771 1763 vestras
2799 1713 2855 1763 et
2882 1708 3050 1764 boves
3075 1708 3135 1763 in
3162 1712 3320 1765 omni
3346 1712 3489 1779 loco,

134 1804 306 1859 corda
345 1808 538 1858 nostra
577 1804 651 1859 ad
677 1820 756 1871 se,
788 1807 850 1858 ut
874 1803 1233 1858 ambulemus
1265 1803 1325 1858 in
1354 1802 1629 1858 universis
1655 1786 1834 1858 viisB
1858 1800 1918 1854 in
1967 1818 2080 1873 quo
2135 1800 2412 1856 memoria
2464 1801 2637 1857 fuerit
2683 1802 2934 1857 nominis
2986 1803 3098 1857 mei
3153 1804 3345 1874 (Erod.
3396 1824 3486 1875 xx,

127 1898 274 1968 ejus,
302 1901 359 1952 et
378 1897 766 1953 custodiamus
783 1894 1053 1951 mandata
1073 1896 1195 1966 ejus
1228 1900 1286 1950 et
1308 1896 1680 1952 caeremonias
1704 1900 1759 1952 et

117 1991 332 2062 judicia
353 2006 710 2063 quascunque
730 1988 1022 2045 mandavit
1043 1988 1303 2060 patribus
1321 1990 1551 2058 nostris,
1570 1994 1629 2045 et
1645 1990 1760 2045 sint

122 2102 413 2141 sermones
441 2084 559 2139 mei
584 2085 677 2140 isti
701 2083 906 2156 quibus
932 2082 1263 2154 deprecatus
1284 2099 1411 2139 sum
1431 2100 1624 2139 coram
1652 2084 1759 2139 Do-

123 2180 279 2234 mino
318 2179 843 2251 appropinquantes
881 2178 1122 2233 Domino
1169 2178 1283 2234 Deo
1330 2181 1523 2233 nostro
1563 2178 1655 2234 die
1692 2195 1756 2234 ac

121 2278 303 2341 nocte,
347 2278 407 2328 ut
451 2273 623 2328 faciat
661 2272 945 2343 judicium
987 2288 1148 2327 servo
1192 2288 1294 2328 suo
1327 2275 1385 2327 et
1413 2272 1627 2344 populo
1652 2288 1754 2328 suo

124 2368 289 2422 Israel
307 2382 411 2438 per
428 2366 682 2438 singulos
703 2365 845 2433 dies,
859 2368 925 2421 ut
934 2365 1116 2421 sciant
1134 2381 1336 2421 omnes
1351 2365 1547 2437 populi
1566 2369 1753 2433 terrae,

120 2460 256 2532 quia
282 2460 549 2515 Dominus
572 2460 696 2531 ipse
722 2462 808 2515 est
830 2461 997 2527 Deus,
1026 2462 1083 2513 et
1109 2476 1225 2514 non
1257 2463 1343 2514 est
1373 2458 1515 2514 alius
1544 2459 1756 2531 absque

122 2571 205 2608 eo.
235 2553 326 2609 Sit
349 2570 579 2626 quoque
604 2570 702 2609 cor
718 2559 981 2609 nostrum
1008 2554 1328 2625 perfectum
1350 2569 1482 2608 cum
1513 2553 1756 2608 Domino

120 2649 233 2703 Deo
260 2653 475 2717 nostro,
509 2654 571 2704 ut
592 2648 955 2704 ambulemus
981 2647 1041 2702 in
1064 2647 1310 2703 decretis
1333 2648 1476 2718 ejus,
1500 2650 1559 2703 et
1573 2652 1756 2703 custo-

117 2742 346 2797 diamus
386 2742 662 2798 mandata
704 2743 830 2813 ejus
873 2742 1018 2797 sicut
1059 2747 1118 2797 et
1148 2742 1336 2797 hodie.
1371 2742 1556 2813 Igitur
1580 2758 1676 2797 rex
1701 2747 1758 2797 et

117 2837 309 2891 omnis
335 2837 502 2892 Israel
519 2852 650 2891 cum
671 2852 739 2892 eo
760 2836 1134 2891 immolabant
1148 2836 1403 2891 victimas
1430 2852 1627 2891 coram
1647 2837 1753 2891 Do-

118 2930 300 2985 mino.
330 2930 698 3000 Mactavitque
725 2930 941 2985 hostias
970 2929 1229 3001 paciﬁcas
1264 2946 1406 3001 quas
1444 2930 1759 2985 immolavit

117 3024 383 3091 Domino,
411 3024 589 3079 boum
611 3023 811 3095 viginti
829 3024 942 3078 duo
971 3024 1170 3093 millia,
1202 3025 1395 3079 ovium
1419 3028 1649 3079 centum
1675 3024 1756 3078 vi-

1858 1895 2060 1967 22-24).
2096 1914 2125 1947 ››
2159 1896 2227 1949 Et
2251 1895 2397 1950 sicut
2425 1911 2540 1950 non
2571 1895 2664 1950 alii
2695 1912 2871 1968 quam
2898 1896 3101 1951 sacrati
3129 1898 3371 1953 Domino
3398 1917 3488 1954 sa-

1859 1988 2118 2044 cerdotes
2138 1988 2348 2044 debent
2363 1988 2563 2044 missas
2578 1992 2829 2057 cantare,
2853 2007 2957 2045 nec
2973 1990 3245 2046 sacrificia
3261 1993 3486 2061 offerre,

1858 2082 1936 2137 sic
1980 2098 2084 2138 nec
2134 2083 2195 2137 in
2239 2082 2366 2137 aliis
2403 2100 2577 2155 quam
2621 2083 2679 2138 in
2710 2084 2957 2155 praefatis
2984 2085 3228 2141 Domino
3256 2089 3490 2143 sacratis

1857 2175 1991 2231 locis
2017 2176 2217 2232 missas
2242 2181 2497 2246 cantare,
2525 2180 2624 2232 aut
2649 2178 2920 2233 sacrificia
2958 2178 3163 2234 offerre
3192 2180 3402 2237 licebit.
3434 2183 3487 2238 Si

1856 2275 2049 2326 autem
2094 2274 2157 2325 ut
2192 2271 2405 2342 legitur
2450 2271 2509 2325 in
2558 2271 2794 2327 concilio
2821 2273 3166 2344 Laodicensi,
3214 2291 3339 2347 cap.
3395 2280 3485 2343 26,

1858 2364 2015 2435 quod
2051 2364 2130 2433 hi,
2178 2365 2278 2436 qui
2330 2382 2446 2421 non
2492 2372 2628 2420 sunt
2673 2367 2743 2421 ab
2781 2367 3057 2438 episcopis
3087 2368 3337 2424 ordinati
3368 2374 3487 2425 tam

1856 2458 1916 2512 in
1962 2459 2228 2527 ecclesiis,
2275 2476 2447 2531 quam
2486 2459 2544 2514 in
2572 2459 2836 2515 domibus
2862 2462 3182 2517 exorcizare
3216 2480 3331 2518 non
3358 2481 3484 2535 pos-

1857 2556 2018 2620 sunt;
2052 2554 2230 2608 multo
2270 2554 2454 2624 magis
2494 2554 2724 2623 majoris
2766 2556 2974 2626 gradus
3007 2557 3343 2625 ministeria,
3379 2560 3488 2613 nisi

1856 2647 1926 2700 ab
1954 2646 2253 2718 episcopis,
2284 2647 2380 2718 qui
2412 2648 2485 2703 ad
2516 2665 2615 2703 eos
2636 2650 2844 2720 gradus
2868 2654 3001 2705 sunt
3027 2652 3248 2718 sacrati,
3281 2653 3487 2724 quibus

1854 2740 2020 2811 fungi
2058 2740 2270 2797 debent
2299 2740 2486 2796 ofﬁcia
2509 2742 2625 2814 agi,
2663 2745 2750 2798 vel
2789 2744 3061 2799 sacrificia
3102 2744 3293 2800 offerri
3334 2747 3481 2803 licet.

1854 2834 2011 2899 Quod
2036 2840 2229 2890 autem
2250 2836 2336 2906 (ut
2356 2837 2529 2907 paulo
2554 2837 2812 2909 superius
2832 2839 3191 2909 praelibatum
3207 2843 3308 2910 est)
3331 2841 3490 2897 obla-

1854 2929 2036 2983 tiones
2066 2928 2124 2983 in
2155 2929 2421 2984 domibus
2449 2930 2639 2986 offerri
2659 2947 2774 2985 non
2801 2931 3030 3000 debent,
3052 2933 3112 2987 in
3129 2934 3331 2989 eodem
3347 2952 3486 2991 con-

1856 3023 1983 3077 cilio
2010 3039 2133 3093 cap.
2168 3026 2254 3093 59,
2284 3023 2637 3094 prohibitum
2671 3025 2843 3081 habet
2871 3025 2951 3081 ita
2984 3045 2997 3081 :
3030 3027 3152 3081 Non
3180 3033 3403 3099 oportet
3428 3032 3490 3086 in

80 3156 87 3162 .
116 3117 270 3187 ginti
293 3117 491 3187 millia,
515 3123 575 3173 et
591 3117 996 3173 dedicaverunt
1021 3119 1302 3189 templum
1322 3117 1562 3173 Domino
1580 3134 1681 3173 rex
1701 3121 1758 3173 et
1777 3159 1832 3235 Ο
1858 3116 2123 3171 domibus
2147 3117 2463 3173 oblationes
2488 3119 2757 3174 celebrari
2786 3119 2858 3174 ab
2884 3120 3163 3192 episcopis
3181 3127 3237 3177 et
3262 3124 3490 3195 presby-

114 3211 211 3235 AIII:
245 3213 355 3235 1-...-
369 3212 412 3235 -1
467 3213 524 3235 1⁵.-
564 3210 648 3235 J1-
686 3211 775 3235 211..
814 3211 1183 3235 ..---ιΣΩ---.ἒι
1210 3228 1310 3235 --Α-
1342 3210 1594 3235 ......J:--_
1629 3210 1751 3235 ..ι-ΣΞ
1860 3211 1989 3235 ι-..;-
2010 3228 2022 3235 .
2046 3210 2427 3235 -..ἱΑ-υ..-ζι-ι..-
2449 3229 2575 3235 ---μ-
2605 3212 3021 3235 Δ-Δζ--ι2-.---.--
3056 3216 3160 3235 ---¹Ι
3178 3215 3271 3235 --9-
3475 3225 3485 3235 .

114 3211 215 3266 tilii
245 3212 437 3267 Israel.
466 3213 529 3266 In
559 3210 651 3267 die
684 3211 783 3267 illa
813 3211 1186 3267 sanctiﬁcavit
1210 3228 1314 3267 rex
1341 3210 1600 3266 medium
1625 3210 1753 3267 atrii

112 3304 279 3377 quod
326 3309 449 3361 erat
490 3311 625 3362 ante
673 3306 911 3361 domum
961 3306 1209 3361 Domini.
1266 3306 1417 3361 Fecit
1459 3309 1653 3361 autem
1677 3305 1752 3361 ibi

110 3400 516 3455 holocaustum
547 3404 605 3456 et
631 3399 974 3456 sacriﬁcium
1006 3405 1064 3455 et
1092 3400 1326 3472 adipem
1364 3399 1751 3472 paciﬁcorum,

111 3494 259 3566 quia
292 3495 471 3551 altare
499 3510 725 3551 aeneum
756 3495 908 3566 quod
932 3498 1055 3551 erat
1083 3511 1274 3550 coram
1302 3496 1538 3551 Domino
1565 3496 1755 3550 minus

108 3593 266 3658 erat,
299 3594 359 3644 et
393 3605 601 3662 capere
645 3606 762 3645 non
793 3595 1016 3661 poterat
1040 3590 1435 3645 holocaustum
1460 3595 1517 3645 et
1541 3588 1753 3645 sacriﬁ-

107 3684 271 3739 cium
304 3688 363 3740 et
386 3684 618 3756 adipem
650 3684 1040 3756 paciﬁcorum.
1070 3685 1223 3741 Fecit
1250 3689 1446 3740 autem
1477 3684 1753 3740 Salomon

108 3779 168 3833 in
200 3784 464 3851 tempore
485 3779 580 3834 illo
607 3779 973 3835 festivitatem
993 3778 1290 3847 celebrem,
1314 3786 1371 3834 et
1386 3779 1576 3833 omnis
1590 3779 1756 3834 Israel

106 3889 250 3927 cum
279 3889 349 3928 eo
382 3873 688 3928 multitudo
714 3888 948 3944 magna,
978 3876 1036 3927 et
1059 3873 1301 3928 introitu
1331 3874 1539 3928 Emath
1574 3889 1755 3944 usque

103 3967 179 4021 ad
204 3966 401 4021 rivum
421 3966 667 4038 Egypti,
697 3982 892 4021 coram
911 3966 1153 4022 Domino
1182 3967 1298 4022 Deo
1323 3972 1518 4022 nostro
1536 3972 1754 4039 septem

107 4060 321 4116 diebus
346 4064 405 4114 et
428 4064 647 4132 septem
671 4060 888 4129 diebus,
916 4060 975 4116 id
992 4062 1080 4116 est
1096 4061 1532 4133 quatuordecim
1554 4060 1755 4117 diebus

104 4158 165 4208 et
217 4156 285 4209 in
336 4154 427 4209 die
477 4159 670 4209 octava
723 4154 941 4210 dimisit
989 4156 1229 4227 populos
1286 4156 1387 4223 (ΙΙΙ
1446 4158 1574 4226 Reg.
1635 4172 1753 4225 VIII,

106 4250 320 4319 13-66).
363 4270 389 4297 »
426 4248 607 4304 Judaei
648 4265 786 4320 ergo
830 4250 973 4317 loca,
1004 4251 1062 4305 in
1086 4249 1292 4322 quibus
1322 4249 1565 4305 Domino
1592 4250 1756 4305 sacri-

98 4342 386 4411 ﬁcabant,
437 4342 641 4397 divinis
683 4342 971 4399 habebant
1002 4343 1510 4415 supplicationibus
1564 4359 1755 4398 conse-

1860 3211 2023 3265 teris:
2045 3210 2431 3267 solemnitates
2449 3229 2580 3267 vero
2600 3212 3027 3269 dedicationum
3049 3215 3413 3273 ecclesiarum
3436 3225 3493 3274 et

1857 3304 2217 3360 sacerdotum
2255 3321 2358 3376 per
2398 3306 2659 3377 singulos
2712 3323 2891 3362 annos
2942 3313 3077 3363 sunt
3114 3310 3485 3380 celebrandae,

1854 3398 1975 3469 ipso
2004 3398 2246 3454 Domino
2270 3401 2533 3471 exempla
2573 3402 2766 3470 dante,
2807 3402 2905 3473 qui
2929 3403 3001 3456 ad
3031 3403 3243 3459 festum
3268 3405 3489 3461 dedica-

1856 3491 2027 3547 tionis
2051 3492 2249 3564 templi
2275 3493 2542 3547 omnibus
2581 3494 2639 3549 id
2680 3493 3005 3550 faciendum
3043 3498 3184 3551 dans
3219 3497 3487 3569 formam,

1855 3602 1987 3641 cum
2007 3585 2242 3657 reliquis
2261 3588 2488 3659 populis
2508 3588 2767 3644 eamdem
2787 3588 3151 3645 festivitatem
3171 3592 3491 3649 celebratu-

1855 3696 1952 3734 rus
1978 3679 2150 3747 venit,
2172 3680 2318 3735 sicut
2337 3682 2612 3753 scriptum
2632 3685 2717 3737 est
2737 3699 2749 3737 :
2772 3706 2799 3733 ι(
2819 3684 2984 3738 Facta
3004 3688 3139 3739 sunt
3158 3687 3412 3741 encaenia
3432 3688 3489 3741 in

1857 3773 2257 3845 Hierosolymis
2290 3780 2347 3830 et
2374 3775 2561 3830 hiems
2589 3781 2729 3831 erat.
2773 3779 2842 3831 Et
2874 3778 3209 3835 ambulabat
3241 3781 3401 3836 Iesus
3431 3783 3491 3836 in

1856 3868 2088 3939 templo,
2136 3868 2194 3922 in
2236 3869 2462 3939 porticu
2493 3869 2812 3925 Salomonis
2843 3872 3019 3942 (Joan.
3048 3889 3099 3939 x,
3126 3873 3237 3944 28).
3268 3895 3295 3921 »
3325 3874 3489 3939 Quod

1855 3965 2048 4017 autem
2080 3967 2206 4018 octo
2230 3963 2455 4018 dierum
2477 3964 2591 4019 sint
2608 3965 2857 4020 encasnia
2879 3967 3244 4035 celebranda,
3266 3969 3325 4023 in
3347 3969 3491 4024 libro

1856 4058 2080 4128 Regum
2111 4062 2338 4128 peracta
2363 4057 2720 4114 dedicatione
2750 4060 2951 4132 templi
2981 4062 3249 4133 reperies.

1928 4153 1994 4206 ll.
2038 4154 2114 4207 De
2156 4152 2524 4207 ecclesiarum
2564 4155 2987 4210 consecratione
3016 4156 3243 4228 quoties
3273 4159 3491 4215 dubita-

1857 4249 1970 4315 tur,
2002 4250 2187 4301 etnec
2212 4249 2370 4302 certa
2397 4246 2697 4318 scriptura,
2724 4264 2829 4304 nec
2856 4250 2998 4304 certi
3028 4253 3199 4306 testes
3219 4253 3487 4309 existunt.

1857 4356 1891 4395 a
1936 4340 2144 4412 quibus
2186 4341 2529 4396 consecratio
2570 4342 2798 4409 sciatur,
2848 4343 3059 4416 absque
3099 4345 3215 4401 ulla
3262 4348 3483 4403 dubita-

97 4440 297 4503 crata,
328 4452 432 4491 nec
455 4436 515 4491 in
543 4437 667 4492 aliis
694 4454 867 4509 quam
900 4437 960 4491 in
986 4439 1098 4493 Deo
1129 4438 1329 4493 dicatis
1359 4437 1493 4493 locis
1516 4453 1757 4495 munera
1856 4433 2012 4488 tione
2044 4434 2240 4489 scitote
2273 4450 2369 4489 eas
2399 4451 2522 4489 esse
2551 4437 2984 4505 consecrandas,
3032 4455 3135 4494 nec
3164 4440 3290 4494 talis
3321 4443 3490 4512 trepi-

94 4529 363 4585 Domino
401 4529 732 4586 offerebant.
764 4531 817 4586 Si
850 4530 1005 4586 enim
1028 4531 1209 4587 Judaei
1239 4532 1340 4603 qui
1371 4532 1588 4587 umbrae
1613 4532 1833 4610 legisD
1857 4527 2011 4582 datio
2051 4527 2223 4582 faciat
2266 4528 2786 4595 deteriorationem,
2835 4532 3108 4601 quoniam
3158 4550 3275 4588 non
3320 4550 3484 4589 mon-

93 4622 528 4693 deserviebant,
580 4625 703 4679 haec
744 4625 1049 4692 faciebant,
1096 4625 1278 4680 multo
1318 4626 1503 4696 magis
1547 4626 1754 4698 quibus

96 4718 328 4773 veritas
362 4719 643 4789 patefacta
673 4722 776 4787 est,
809 4723 867 4773 et
894 4720 1081 4790 gratia
1112 4723 1169 4775 et
1196 4720 1403 4775 veritas
1438 4737 1541 4792 per
1564 4723 1754 4776 Jesum

90 4811 407 4867 Christum
461 4812 595 4867 data
645 4816 747 4879 est,
791 4816 1003 4886 templa
1056 4814 1299 4869 Domino
1351 4815 1648 4883 aediﬁcare,
1676 4820 1751 4879 et,

94 4908 292 4977 prout
322 4904 526 4960 melius
546 4923 868 4977 possumus,
895 4923 1117 4974 ornare,
1139 4923 1323 4979 eaque
1342 4908 1546 4962 divinis
1567 4908 1717 4979 preci
1731 4938 1750 4947 -

86 5002 213 5055 bus
273 5004 333 5054 et
386 5001 594 5056 sanctis
648 5001 1014 5057 unctionibus
1054 5001 1169 5056 suis
1214 5018 1345 5056 cum
1378 5002 1670 5071 altaribus,
1697 5008 1753 5057 et

85 5094 280 5160 vasis,
307 5093 556 5149 vestibus
581 5110 812 5166 quoque
833 5098 892 5149 et
911 5095 1142 5167 reliquis
1161 5095 1232 5151 ad
1253 5095 1512 5150 divinum
1532 5095 1750 5150 cultum

81 5186 470 5261 explendum
492 5188 829 5244 utensilibus
847 5190 1048 5246 devote
1075 5193 1135 5244 et
1159 5190 1487 5245 solemniter
1506 5205 1746 5257 sacrare,

77 5288 147 5340 et
173 5298 311 5339 non
346 5280 406 5335 in
429 5281 553 5336 aliis
575 5299 749 5354 quam
768 5283 828 5337 in
846 5284 1085 5338 Domino
1106 5285 1334 5339 sacratis
1361 5283 1433 5338 ab
1449 5284 1747 5355 episcopis,

78 5383 145 5434 et
179 5392 320 5431 non
355 5391 390 5429 a
422 5376 813 5449 corepiscopis,
845 5377 944 5448 qui
979 5394 1125 5449 saepe
1158 5377 1426 5449 prohibiti
1458 5382 1614 5447 sunt,
1640 5378 1749 5432 nisi

74 5476 177 5544 (ut
209 5468 565 5543 praedictum
590 5475 688 5541 est)
718 5488 942 5528 summa
969 5472 1232 5544 exigente
1261 5472 1590 5528 necessitate
1610 5471 1746 5526 mis-

72 5583 184 5622 sas
211 5563 533 5634 celebrare,
551 5580 657 5619 nec
675 5565 946 5621 sacriﬁcia
966 5565 1205 5622 Domino
1220 5566 1428 5622 offerre
1447 5566 1744 5621 debemus.

70 5663 155 5717 Et
202 5660 328 5714 hoc
363 5658 408 5712 si
448 5674 675 5714 summa
702 5660 1005 5715 necessitas
1044 5677 1214 5732 agere
1238 5660 1597 5732 compulerit,
1629 5677 1746 5716 non

67 5758 141 5811 in
177 5752 491 5822 domibus,
526 5753 664 5825 quia
705 5753 766 5809 in
813 5754 982 5809 sacris
1021 5754 1332 5809 canonibus
1380 5752 1655 5809 sacrificia
1686 5754 1743 5809 in

64 5846 381 5908 domibus
408 5845 595 5902 offerri
623 5848 909 5919 prohibita
947 5853 1097 5919 sunt,
1141 5848 1237 5904 sed
1276 5849 1335 5903 in
1365 5847 1747 5903 tabernaculis

1854 4624 2067 4676 stratnr
2110 4637 2230 4676 esse
2268 4620 2562 4691 iteratum,
2603 4623 2755 4693 quod
2804 4624 3052 4679 nescitur
3084 4627 3320 4681 factum.
3370 4630 3483 4696 His,

1854 4716 2074 4783 fratres,
2097 4714 2439 4770 testimoniis
2481 4715 2899 4787 Scripturarum
2942 4720 3244 4788 apostolica
3298 4727 3488 4779 aucto—

1853 4810 2017 4865 ritate
2048 4809 2317 4864 consultis
2342 4809 2538 4864 vestris
2562 4809 2811 4866 breviter
2840 4813 3195 4883 respondisse
3220 4818 3480 4874 sufﬁciat.

1854 4904 2017 4959 Vobis
2044 4907 2235 4958 tamen
2254 4903 2685 4976 praevidendum
2709 4909 2793 4960 est
2817 4910 2873 4960 et
2892 4907 3154 4963 omnibus
3175 4911 3486 4981 praedican-

1853 4998 1990 5053 dum
2017 5002 2080 5052 ut
2104 4997 2298 5051 illicita
2344 5013 2463 5051 non
2509 5002 2776 5069 agantur,
2822 5003 2879 5054 et
2926 5001 3150 5057 Domini
3194 5011 3482 5078 praecepta

1851 5095 2253 5147 conserventur
2296 5093 2354 5145 et
2393 5090 2634 5146 ﬁdeliter
2659 5096 3033 5164 peraguntur.
3060 5097 3351 5169 Rogamus
3376 5117 3478 5154 au-

1850 5190 1969 5242 tem
2023 5202 2140 5253 vos,
2197 5184 2417 5254 fratres,
2474 5187 2540 5240 ut
2590 5185 2738 5241 dicta
2784 5189 3037 5259 Apostoli
3090 5194 3471 5263 replicemus:

1855 5302 1881 5330 ‹‹
1904 5279 2183 5351 Corripite
2209 5278 2512 5349 inquietos,
2537 5281 2917 5337 consolamini
2938 5284 3338 5354 pusillanimes,
3361 5304 3476 5343 sus-

1849 5375 2016 5446 cipite
2058 5374 2335 5440 inﬁrmos,
2388 5374 2665 5444 patientes
2709 5380 2888 5431 estote
2930 5378 2999 5432 ad
3026 5394 3245 5435 omnes.
3280 5381 3470 5437 Videte

1848 5487 1921 5525 ne
1964 5468 2092 5541 quis
2120 5468 2338 5524 malum
2370 5483 2473 5539 pro
2498 5469 2648 5523 malo
2677 5470 2846 5524 alicui
2876 5470 3090 5538 reddat,
3123 5472 3220 5527 sed
3246 5490 3474 5547 semper

1850 5564 2000 5636 quod
2036 5562 2255 5618 bonum
2300 5565 2386 5617 est
2423 5562 2718 5618 sectamini
2766 5563 2825 5616 in
2870 5562 3133 5632 invicem,
3171 5570 3226 5621 et
3252 5568 3311 5622 in
3342 5586 3470 5626 om-

1846 5674 1967 5714 nes.
1995 5657 2229 5728 Semper
2256 5656 2519 5728 gaudete,
2564 5656 2684 5711 sine
2729 5655 3144 5713 intermissione
3188 5668 3366 5733 orate,
3414 5667 3471 5722 in

1846 5751 2110 5807 omnibus
2146 5751 2357 5821 gratias
2396 5749 2569 5821 agite.
2619 5750 2746 5804 Hinc
2789 5754 2870 5804 est
2909 5751 3063 5806 enim
3088 5754 3349 5812 voluntas
3374 5760 3471 5817 Dei

1847 5847 1904 5901 in
1934 5844 2154 5900 Christo
2197 5845 2321 5899 Jesu
2361 5843 2418 5897 in
2465 5842 2726 5897 omnibus
2763 5842 2938 5899 vobis.
2987 5845 3257 5918 Spiritum
3294 5855 3469 5913 nolite
