4062 6188
553 306 688 360 1063

1453 300 1732 355 AI’I‘END.
1778 301 1862 354 Al)
1901 301 2058 354 SACC.
2105 298 2188 352 IX.
2225 327 2290 336 —-
2331 295 2572 352 lSlDORl
2613 294 3035 351 MERCATORIS

3795 295 3924 346 tum

546 411 934 479 exstinguere;
968 409 1299 480 prophetias
1327 408 1500 462 nolite
1521 423 1811 479 spernere.
1840 407 2047 461 Omnia
2074 423 2172 460 au-
2199 405 2434 490 Aenim
2477 403 2626 458 illius
2675 403 2940 474 longaevi.
2981 404 3041 456 In
3083 401 3360 455 thesauris
3407 400 3714 471 sapientiae
3763 399 3929 454 intel-

548 510 661 558 tem
692 504 944 574 probate,
967 504 1115 574 quod
1141 503 1357 557 bonum
1384 507 1469 558 est
1493 506 1705 557 tenete.
1740 501 1820 555 Ab
1851 501 2006 554 omni
2047 517 2173 571 spe-

546 598 626 651 cie
673 598 824 650 mala
863 597 1142 650 abstinete
1175 613 1288 650 vos.
1327 598 1447 667 [pse
1474 600 1664 650 autem
1696 595 1839 648 Deus
1869 594 2024 665 pacis
2049 611 2201 648 san-.

519 690 753 745 ‘ctilicet
782 707 877 742 vos
905 706 1006 761 per
1033 690 1252 759 omnia,
1283 695 1348 744 ut
1375 690 1599 760 integer
1623 689 1856 759 spiritus
1887 692 2088 754 vester,
2125 692 2180 742 et

544 783 742 838 anima
767 789 822 838 et
846 801 1048 855 corpus
1077 785 1199 838 sine
1228 785 1462 855 querela
1483 783 1540 837 in
1565 783 1808 837 adventu
1833 782 2059 836 Domini
2081 798 2179 835 no-

541 879 638 932 stri
682 880 814 931 .lesu
857 877 1064 933 Christi
1109 880 1362 932 servetur
1409 877 1455 945 (1
1501 877 1680 931 Thess.
1733 893 1784 944 v,
1832 877 1937 945 14).
1974 895 2000 926 ››
2035 876 2177 929 Data

545 972 826 1025 Kalendas
861 971 1062 1038 Martii,
1091 970 1400 1041 Lampadio
1427 974 1484 1024 et
1513 970 1707 1024 Oreste
1735 971 1796 1024 IV
1830 969 2173 1024 consulibus.

711 1066 950 1135 Epistola
975 1066 1217 1133 ejusdem
1245 1065 1610 1119 erhortatoria
1636 1063 1710 1118 ad
1735 1064 2020 1120 Sabinam.

614 1159 912 1229 Singulare
941 1158 1268 1212 membrum
1297 1158 1556 1212 Ecclesiae
1587 1161 1698 1211 tute
1728 1157 2022 1228 religionis
2056 1173 2175 1211 am-

544 1252 882 1322 plitudinem
903 1252 1164 1316 existere,
1219 1256 1274 1306 et
1316 1268 1349 1305 a
1376 1251 1538 1306 nobis
1566 1251 2040 1307 reverendissime
2068 1250 2179 1304 coli

541 1347 675 1399 satis
702 1349 786 1401 est
813 1346 1080 1400 omnibus
1109 1345 1477 1400 manifestum
1503 1362 1515 1410 ;
1569 1345 1626 1398 in
1663 1346 1785 1416 ipso
1829 1345 1987 1398 enim
2017 1344 2176 1415 apice

545 1439 852 1494 nobilitatis
905 1439 1086 1493 multo
1135 1439 1474 1493 nobiliorem
1523 1439 1784 1495 Ecclesiaa
1823 1439 2179 1494 devotionem

546 1533 854 1604 impendis,
887 1536 943 1588 et
971 1533 1154 1604 magis
1175 1533 1307 1587 laeta
1331 1532 1535 1587 Christi
1560 1532 1853 1603 agnitione
1882 1533 2180 1604 praeceptis

550 1627 673 1697 ejus
725 1627 1103 1698 obtemperas,
1163 1630 1219 1679 et
1262 1627 1319 1680 in
1370 1626 1482 1680 ﬁde
1522 1626 1711 1698 potius
1740 1627 1981 1680 exsultas
2009 1642 2179 1698 quam

547 1720 691 1775 tanti
722 1720 950 1790 generis
975 1721 1112 1774 flore
1134 1719 1386 1790 jactaris.
1418 1720 1654 1775 Summa
1669 1721 1846 1774 virtus
1874 1724 1959 1776 est
1983 1720 2179 1776 vicisse

2279 499 2454 553 lectus
2499 500 2554 552 et
2607 496 2858 551 scientia:
2923 495 3300 566 religiositas,
3355 494 3677 549 exsecratio
3734 497 3931 547 autem

2279 592 2666 662 peccatoribus
2703 590 2999 662 sapientia.
3040 589 3232 644 Timor
3260 588 3485 643 Domini
3515 587 3764 659 expellit
3810 604 3933 658 pec-

2277 691 2466 741 catum
2493 703 2507 750 ;
2566 701 2703 740 nam
2733 684 2826 756 qui
2857 684 2977 738 sine
3006 683 3210 737 timore
3239 687 3343 751 est,
3373 699 3484 736 non
3517 681 3739 753 poterit
3763 681 3926 751 justi-

2276 780 2429 834 ﬁcari
2469 797 2480 833 :
2522 779 2816 834 iracundia
2842 779 2996 832 enim
3022 777 3397 832 animositatis
3423 775 3594 842 illius,
3629 775 3929 828 subversio

2277 875 2426 928 illius
2481 877 2585 928 est.
2641 874 2826 944 Usque
2875 873 2935 926 in
2980 875 3207 942 tempus
3256 869 3558 924 sustinebit
3587 869 3847 940 patiens,
3879 873 3928 923 et

2277 971 2470 1039 postea
2505 966 2750 1023 redditio
2767 965 3161 1037 jucunditatis.
3193 966 3380 1019 Bonus
3410 980 3616 1018 sensus
3642 979 3836 1034 usque
3865 964 3925 1016 ad

2280 1065 2504 1133 tempus
2542 1061 2848 1116 abscondet
2892 1059 3065 1114 verba
3113 1059 3285 1125 illius,
3338 1063 3394 1112 et
3422 1057 3572 1111 labia
3603 1057 3923 1111 multorum

2279 1157 2631 1211 enarrabunt
2671 1170 2901 1210 sensum
2950 1153 3119 1208 illius.
3176 1155 3239 1207 In
3289 1151 3569 1207 thesauris
3623 1151 3926 1222 sapientiae

2281 1249 2624 1321 signiﬁcatio
2671 1248 3017 1319 disciplinaz;
3071 1246 3382 1302 exsecratio
3415 1251 3614 1300 autem
3648 1247 3930 1316 peccatori

2279 1344 2498 1399 cultura
2541 1344 2662 1398 Dei.
2719 1342 2852 1410 Fili,
2899 1341 3302 1412 concupiscens
3344 1339 3717 1412 sapientiam,
3777 1355 3926 1393 serva

2273 1437 2572 1508 justitiam,
2591 1441 2646 1491 et
2665 1437 2814 1490 Deus
2829 1435 3104 1506 praebebit
3123 1434 3282 1489 illam
3304 1433 3428 1488 tibi.
3453 1433 3756 1504 Sapientia
3778 1432 3925 1486 enim

2279 1531 2645 1602 etdisciplina
2660 1530 2831 1585 timor
2849 1529 3102 1598 Domini,
3120 1533 3176 1584 et
3195 1529 3300 1583 hoc
3318 1527 3468 1599 quod
3483 1526 3925 1598 beneplacitum

2279 1629 2365 1681 est
2377 1625 2459 1680 illi
2474 1625 2610 1680 ﬁdes
2621 1629 2675 1680 et
2691 1623 3088 1693 mansuetudo,
3105 1627 3166 1677 et
3187 1621 3524 1693 adimplebit
3536 1621 3854 1676 thesauros
3871 1621 3926 1674 il-

2280 1721 2406 1774 lius.
2428 1720 2745 1775 Contumax
2772 1734 2889 1773 non
2913 1717 2987 1772 sis
3008 1720 3063 1772 et
3084 1715 3434 1772 incredibilis
3455 1715 3654 1769 timori
3677 1714 3927 1777 Domini,

549 1814 790 1884 gloriam
818 1814 1025 1880 carnis,
1070 1819 1128 1868 et
1169 1830 1383 1884 magna
1413 1821 1499 1868 est
1529 1814 1737 1870 Christi
1768 1814 1949 1885 gratia
1978 1814 2180 1869 nobili-
2203 1797 2258 1870 Β
2284 1819 2341 1869 et
2383 1830 2455 1868 ne
2491 1813 2790 1868 accesseris
2826 1812 2898 1866 ad
2943 1811 3108 1866 illum
3157 1809 3367 1880 duplici
3417 1809 3618 1864 corde.
3649 1809 3732 1863 Ne
3758 1808 3927 1863 fueris

545 1912 720 1962 tatem
759 1908 1015 1962 moribus
1057 1924 1371 1979 superasse,
1415 1909 1648 1963 domina
1672 1909 1787 1962 ﬁlia
1818 1909 2024 1964 merito
2053 1908 2177 1963 illu-

545 2001 692 2055 stris.
745 2002 911 2056 Certa
955 2002 1131 2072 igitur
1174 2001 1440 2068 existens,
1493 2002 1878 2071 dilectissima,
1929 2002 2054 2057 vitae
2084 2003 2183 2056 hu-

538 2095 632 2164 jus
673 2111 1030 2166 quaecunque
1075 2098 1208 2149 sunt
1247 2096 1431 2165 spatia
1476 2095 1708 2150 aeternis
1753 2095 2071 2167 divinisque
2096 2095 2177 2149 of-

545 2188 685 2242 ﬁciis
760 2189 1043 2244 illustrare
1117 2189 1417 2257 contende,
1500 2195 1565 2244 ut
1632 2190 1731 2262 qui
1786 2189 2072 2261 insignem
2125 2192 2180 2244 te

547 2282 831 2353 praestitit,
878 2283 1080 2337 reddat
1122 2282 1227 2337 sibi
1271 2299 1375 2352 per
1419 2285 1628 2337 saecula
1673 2283 1989 2337 clariorem.
2036 2284 2182 2348 Qua-

550 2380 785 2447 propter
849 2380 1006 2430 tuam
1070 2377 1373 2432 hortamur
1439 2377 1803 2432 dilectionem
1851 2382 1916 2431 ut
1966 2378 2179 2432 bonum

551 2469 704 2539 quod
739 2470 953 2541 coepisti
980 2487 1210 2542 semper
1240 2470 1464 2542 impleri
1496 2488 1611 2526 non
1642 2471 1885 2541 differas,
1913 2472 2049 2543 quia
2064 2488 2181 2526 non

547 2563 813 2618 laudatur
869 2564 1096 2618 initium
1150 2564 1247 2619 sed
1304 2565 1452 2620 ﬁnis.
1511 2565 1855 2636 Sapientiam
1915 2565 2069 2620 enim
2126 2569 2182 2619 te

551 2657 848 2712 hortamur
893 2657 1135 2728 diligere
1180 2663 1235 2712 et
1285 2658 1542 2725 scrutari,
1585 2661 1649 2714 ut
1678 2658 2091 2714 rationabiliter
2128 2663 2185 2714 et

548 2752 837 2822 sapienter
879 2752 1148 2822 disponas
1175 2756 1231 2806 et
1253 2751 1478 2822 judices
1503 2768 1568 2807 ea
1593 2769 1722 2824 quae
1749 2752 1846 2807 tibi
1885 2753 2184 2807 commissa

548 2849 700 2911 sunt,
731 2845 952 2900 dicente
981 2845 1219 2900 Domino
1259 2862 1364 2916 per
1391 2847 1730 2916 Prophetam
1762 2863 1774 2899 :
1811 2869 1836 2895 «
1864 2846 2184 2901 Erudimini

547 2939 643 3009 qui
686 2937 948 3008 judicatis
1001 2941 1210 2991 terram
1263 2938 1429 3006 (Psal.
1491 2955 1548 3005 n,
1609 2940 1713 3009 10).
1761 2963 1785 2988 ››
1832 2939 1990 2994 Time
2042 2957 2179 3010 ergo

545 3030 864 3100 Dominum,
893 3035 947 3086 et
967 3031 1242 3086 mandata
1265 3032 1387 3102 ejus
1407 3048 1584 3100 serva,
1610 3037 1666 3086 et
1695 3033 1867 3104 dilige
1897 3051 2026 3088 eum
2052 3034 2181 3088 totis

548 3124 891 3191 visceribus,
976 3128 1032 3179 et
1099 3125 1423 3196 proximum
1493 3133 1656 3181 tuum
1713 3127 1856 3182 sicut
1912 3127 2176 3199 teipsum.

560 3175 891 3191 .-η---πη
983 3175 1028 3179 --
1099 3175 1423 3196 ,_-_______-_-
1498 3175 1656 3181 -__--_
1713 3175 1855 3182 ---ν
1916 3175 2176 3199 "Tum"

553 3242 579 3268 ς(
635 3221 778 3274 Deus
835 3219 1142 3273 altissimus
1196 3220 1403 3274 creavit
1457 3221 1799 3291 sapientiam
1854 3222 1912 3275 in
1965 3175 2256 3293 Spirituc

548 3317 762 3379 sancto,
802 3316 857 3368 et
883 3312 1022 3368 vidit
1052 3317 1108 3368 et
1138 3313 1518 3369 dinumeravit
1549 3331 1695 3380 eam,
1726 3321 1781 3370 et
1809 3331 2040 3371 mensus
2075 3321 2179 3383 est,

551 3412 608 3462 et
647 3407 846 3462 effudit
888 3407 1045 3461 illam
1089 3423 1262 3478 super
1312 3408 1504 3462 omnia
1546 3425 1724 3479 opera
1766 3427 1884 3476 sua,
1931 3411 1986 3464 et
2011 3426 2184 3481 super

549 3517 780 3556 omnem
813 3517 1044 3556 carnem
1072 3501 1386 3556 secundum
1414 3502 1610 3556 datum
1641 3512 1830 3570 sunm,
1866 3506 1924 3557 et
1941 3503 2184 3575 praebuit

543 3596 703 3650 illam
729 3594 1094 3666 diligentibus
1120 3611 1200 3650 se.
1242 3595 1434 3651 Timor
1473 3596 1700 3652 Domini
1730 3596 1911 3668 gloria
1958 3599 2016 3650 et
2059 3596 2180 3667 glo-

547 3689 736 3757 riatio,
796 3693 852 3742 et
904 3688 1119 3756 laetitia,
1171 3691 1229 3742 et
1278 3705 1489 3745 corona
1534 3690 1944 3745 exsultationis.
1990 3691 2184 3745 Timor

551 3781 774 3838 Domini
821 3782 1126 3837 delectabit
1177 3799 1294 3852 cor,
1355 3789 1411 3838 et
1459 3783 1614 3839 dabit
1650 3784 1909 3839 laetitiam
1955 3790 2010 3839 et
2051 3801 2184 3856 gau—

547 3876 706 3932 dium
734 3876 792 3930 in
833 3876 1254 3948 longitudinem
1291 3876 1535 3932 dierum.
1584 3877 1827 3933 Timenti
1880 3878 2184 3934 Dominum

548 3971 696 4026 bene
729 3971 836 4024 erit
881 3971 938 4024 in
985 3971 1272 4038 extremis,
1320 3976 1377 4026 et
1419 3971 1478 4026 in
1523 3972 1611 4028 die
1659 3973 2036 4028 defunctionis
2068 3989 2183 4028 suae

544 4065 937 4120 benedicetur.
1000 4064 1228 4120 Dilectio
1299 4066 1401 4119 Dei
1449 4066 1796 4121 honorabilis
1850 4067 2177 4138 sapientia:

549 4158 756 4229 quibus
795 4161 985 4212 autem
1033 4158 1368 4229 apparuerit
1414 4158 1470 4214 in
1519 4159 1664 4228 visu,
1697 4159 1946 4231 diligunt
1971 4176 2099 4214 eam
2126 4161 2184 4215 in

548 4251 760 4305 visione
793 4257 847 4304 et
877 4251 934 4304 in
968 4251 1262 4321 agnitione
1287 4252 1643 4323 magnalium
1665 4269 1922 4309 suorum.
1951 4254 2183 4309 Initium

551 4343 847 4416 sapientiae
893 4344 1064 4398 timor
1105 4345 1344 4411 Domini,
1376 4350 1585 4400 etcum
1622 4345 1888 4401 ﬁdelibus
1921 4347 1981 4400 in
2020 4349 2185 4402 vulva

551 4442 882 4493 concreatus
921 4443 1023 4507 est,
1069 4445 1125 4494 et
1167 4455 1295 4493 cum
1339 4439 1529 4494 electis
1571 4440 1795 4496 feminis
1823 4441 2099 4513 graditur,
2129 4446 2185 4497 et

2279 1908 2581 1979 hypocrita
2604 1908 2665 1962 in
2691 1911 2994 1977 conspectu
3018 1905 3339 1970 hominum,
3361 1906 3419 1958 et
3437 1919 3555 1958 non
3580 1902 3928 1957 scandalize-

2280 2002 2356 2056 ris
2378 2001 2568 2075 265
2593 2001 2650 2056 in
2669 2001 2833 2056 labiis
2854 2000 2983 2054 tuis.
3003 1998 3248 2054 Attende
3275 1998 3335 2051 in
3355 1997 3465 2051 illis
3482 2013 3557 2051 ne
3583 1997 3743 2052 forte
3765 1997 3923 2051 cadas

2281 2101 2338 2151 et
2359 2112 2538 2167 ponas
2563 2094 2895 2149 scandalum
2924 2093 3134 2148 animae
3161 2095 3292 2156 tuae,
3320 2095 3375 2146 et
3393 2089 3652 2145 adducas
3679 2090 3926 2144 inhono-

2284 2189 2573 2244 rationem
2619 2188 2742 2255 tibi,
2784 2191 2841 2243 et
2882 2187 3094 2242 revelet
3139 2188 3284 2241 Deus
3309 2185 3583 2240 absconsa
3613 2189 3718 2239 tua
3749 2186 3925 2252 (Eccli.

2286 2299 2321 2350 ι,
2370 2284 2534 2349 9-40).
2591 2283 2697 2335 Pro
2752 2282 2860 2336 ﬁde
2901 2285 2957 2335 et
2991 2279 3215 2351 justitia
3253 2295 3318 2333 ac
3364 2296 3467 2349 pro
3500 2279 3690 2332 salute
3719 2279 3927 2332 animae

2283 2379 2438 2431 certa
2466 2391 2698 2447 semper
2723 2378 2780 2429 et
2805 2391 2911 2447 pro
2939 2373 3220 2444 adjutorio
3249 2374 3494 2427 fratrum
3521 2372 3778 2426 viriliter
3803 2389 3926 2441 age.

2285 2475 2346 2525 ut
2384 2487 2415 2524 a
2460 2470 2700 2525 Domino
2742 2469 2982 2540 recipias
3030 2466 3579 2522 remunerationem.
3639 2466 3930 2537 Scriptum

2283 2569 2368 2619 est
2390 2564 2545 2618 enim
2582 2581 2594 2618 :
2631 2585 2657 2613 «
2692 2563 2813 2630 Fili,
2842 2578 3108 2617 conserva
3136 2565 3362 2633 tempus
3396 2565 3451 2614 et
3473 2560 3664 2616 devita
3691 2577 3726 2613 a
3757 2561 3926 2613 malo.

2283 2661 2388 2713 Pro
2415 2658 2607 2713 anima
2639 2661 2735 2712 tua
2772 2674 2888 2712 non
2930 2654 3301 2711 eonfundaris
3336 2654 3526 2710 dicere
3562 2670 3799 2708 verum.
3842 2655 3935 2708 Est

2285 2752 2440 2808 enim
2485 2751 2740 2806 confusio
2773 2751 3065 2806 adducens
3112 2752 3428 2821 peccatum,
3463 2754 3520 2803 et
3548 2753 3636 2802 est
3664 2748 3935 2802 confusio

2282 2845 2570 2901 adducens
2593 2844 2838 2917 gratiam
2865 2848 2922 2899 et
2942 2843 3210 2915 gloriam.
3233 2844 3312 2897 Ne
3331 2841 3577 2914 accipias
3598 2841 3816 2896 faciem
3838 2841 3935 2895 ad-

2281 2956 2472 2994 versus
2516 2939 2721 2994 faciem
2768 2943 2945 3004 tuam,
2995 2953 3101 2991 nec
3150 2936 3418 2991 adversus
3471 2935 3734 2989 animam
3769 2940 3934 2989 tuam

2283 3033 2670 3089 mendacium.
2696 3034 2814 3087 Non
2845 3031 3154 3088 reverearis
3175 3030 3502 3101 proximum
3518 3035 3685 3084 tuum
3709 3029 3773 3084 in
3796 3046 3934 3082 casu

2282 3132 2402 3197 tuo,
2445 3144 2548 3183 nec
2599 3127 2842 3182 retineas
2887 3125 3125 3180 verbum
3175 3124 3232 3178 in
3261 3129 3521 3196 tempore
3546 3123 3777 3178 salutis.
3809 3125 3931 3177 Non

2281 3221 2588 3276 abscondas
2621 3220 2961 3292 sapientiam
3008 3223 3169 3274 tuam
3197 3218 3252 3272 in
3300 3218 3507 3273 decore
3534 3218 3681 3288 ejus.
3725 3219 3790 3272 In
3823 3218 3933 3271 lin-

2285 3332 2399 3387 gua
2433 3315 2590 3370 enim
2628 3314 2956 3385 agnoscitur
2986 3312 3288 3386 sapientia,
3318 3315 3376 3366 et
3405 3328 3627 3378 sensus,
3660 3315 3721 3365 et
3751 3312 3933 3366 scien-

2284 3410 2378 3475 tia,
2413 3412 2471 3463 et
2500 3407 2757 3463 doctrina
2787 3407 2846 3462 in
2875 3407 3062 3462 verbis
3090 3406 3366 3473 veritatis,
3401 3411 3456 3461 et
3487 3407 3936 3462 ﬁrmamentum

2284 3503 2341 3556 in
2387 3502 2652 3574 operibus
2689 3501 2945 3573 justitice.
2993 3502 3115 3557 Non
3162 3499 3524 3556 contradicas
3553 3500 3794 3556 veritati
3823 3502 3938 3555 ullo

2284 3597 2470 3666 modo,
2501 3601 2558 3651 et
2586 3597 2654 3651 de
2676 3596 2974 3651 mendacio
2994 3594 3395 3650 ineruditionis
3415 3599 3527 3649 tua:
3549 3594 3936 3650 confundere.

2285 3691 2403 3745 Non
2431 3690 2796 3746 confundaris
2831 3690 3092 3746 conﬁteri
3125 3692 3357 3760 peccata
3393 3694 3511 3756 tua,
3539 3695 3599 3743 et
3628 3704 3704 3742 ne
3752 3689 3932 3759 subji-

2285 3785 2400 3840 cias
2442 3790 2499 3841 te
2548 3784 2766 3840 homini
2813 3801 2916 3856 pro
2976 3787 3224 3856 peccato.
3268 3783 3394 3838 Noli
3437 3781 3704 3838 resistere
3737 3787 3936 3837 contra

2285 3879 2491 3934 faciem
2534 3878 2803 3950 potentis,
2830 3895 2935 3934 nec
2959 3877 3177 3932 coneris
3208 3881 3404 3932 contra
3430 3877 3612 3931 ictum
3650 3877 3934 3930 ﬂuminis.

2285 3975 2390 4027 Pro
2427 3972 2647 4044 justitia
2687 3972 2988 4044 agonizare
3035 3988 3139 4043 pro
3189 3970 3385 4026 anima
3413 3975 3529 4036 tua,
3561 3974 3621 4024 et
3648 3987 3836 4042 usque.
3867 3971 3936 4023 ad

2284 4070 2526 4122 mortem
2553 4071 2706 4121 certa
2730 4082 2834 4137 pro
2852 4064 3092 4137 justitia,
3135 4068 3194 4118 et
3234 4065 3382 4134 Deus
3421 4063 3792 4135 expugnabit
3833 4081 3934 4135 pro

2284 4165 2339 4215 te
2379 4160 2642 4215 inimicos
2680 4162 2827 4214 tuos.
2875 4159 2996 4214 Noli
3027 4158 3229 4213 citatus
3256 4174 3377 4213 esse
3405 4157 3464 4212 in
3491 4157 3697 4228 lingua
3727 4163 3848 4225 tua,
3879 4165 3932 4212 et

2284 4254 2500 4310 inutilis
2526 4258 2584 4309 et
2607 4253 2881 4308 remissus
2913 4253 2974 4308 in
3003 4252 3268 4324 operibus
3300 4252 3434 4306 tuis.
3477 4251 3603 4306 Noli
3635 4268 3762 4306 esse
3794 4253 3937 4306 sicut

2284 4350 2372 4404 leo
2401 4349 2458 4403 in
2489 4348 2661 4403 domo
2687 4352 2805 4416 tua,
2836 4351 3098 4402 evertens
3127 4346 3462 4401 domesticos
3484 4350 3636 4416 tuos,
3661 4350 3722 4400 et
3741 4347 3935 4418 oppri-

2283 4459 2445 4498 mens
2471 4442 2752 4513 subjectos
2783 4441 2906 4496 tibi.
2936 4442 3059 4496 Non
3091 4440 3160 4495 sit
3194 4457 3394 4494 manus
3422 4445 3522 4494 tua
3569 4443 3840 4510 porrecta
3864 4439 3933 4492 ad

553 4550 681 4588 cum
717 4533 889 4605 justis
942 4539 996 4587 et
1044 4533 1306 4590 ﬁdelibus
1357 4535 1704 4607 agnoscitur.
1737 4537 1927 4591 Timor
1956 4537 2262 4621 DominiD
2284 4536 2676 4607 accipiendum
2691 4538 2748 4590 et
2763 4536 2834 4590 ad
2852 4535 3106 4590 dandum
3122 4534 3562 4602 collecta(Echi.
3587 4535 3926 4603 iv,23-56}.a

553 4629 802 4684 scientiae
833 4628 1190 4699 religiositas.
1235 4629 1591 4702 Religiositas
1622 4631 1906 4686 custodiet
1940 4635 1992 4685 et
2022 4631 2188 4702 justi-

551 4722 743 4777 ﬁcabit
790 4739 914 4791 cor,
963 4723 1384 4794 jucunditatem
1441 4727 1610 4796 atque
1682 4725 1955 4796 gaudium
2011 4726 2183 4783 dabit.

554 4817 794 4871 Timenti
832 4817 1139 4872 Dominum
1182 4817 1328 4874 bene
1369 4818 1495 4886 erit,
1529 4823 1584 4873 et
1609 4818 1667 4872 in
1695 4818 1894 4874 diebus
1919 4836 2186 4875 consum-

554 4910 817 4964 mationis
873 4910 1025 4966 illius
1077 4911 1470 4967 benedicetur.
1531 4912 1832 4967 Plenitudo
1896 4914 2188 4985 sapientiae

557 5009 644 5058 est
671 5004 875 5058 timere
905 5005 1235 5072 Dominum,
1261 5011 1318 5061 et
1342 5005 1636 5077 plenitudo
1663 5022 1697 5060 a
1720 5007 1997 5062 fructibus
2019 5008 2184 5064 illius.

554 5099 798 5152 Omnem
822 5098 1058 5152 domum
1089 5098 1240 5152 illius
1269 5099 1530 5171 implebit
1554 5117 1586 5154 a
1615 5101 2104 5173 generationibus,
2133 5107 2190 5158 et

555 5193 911 5264 receptacula
936 5208 969 5246 a
996 5192 1280 5248 thesauris
1323 5194 1496 5249 illius.
1542 5196 1760 5250 Corona
1797 5197 2092 5268 sapientim
2125 5198 2189 5252 ti-

553 5304 683 5342 mor
726 5285 974 5356 Domini,
1018 5288 1248 5358 replens
1277 5305 1473 5360 pacem
1516 5294 1573 5343 et
1601 5289 1794 5344 salutis
1817 5290 2085 5346 fructum.
2122 5294 2187 5346 Et

552 5381 709 5450 vidit,
756 5385 813 5435 et
868 5380 1251 5437 dinumeravit
1305 5399 1454 5437 eam.
1518 5384 1765 5455 Utraque
1813 5390 2006 5454 autem
2055 5379 2230 5441 sunt'

553 5476 704 5530 dona
749 5474 869 5530 Dei.
918 5475 1223 5531 Scientiam
1268 5482 1325 5531 et
1364 5477 1717 5532 intellectum
1749 5479 2064 5549 prudentiae
2092 5479 2184 5535 Sa-

551 5569 762 5640 pientia
816 5574 1130 5640 comparat,
1173 5572 1228 5623 et
1278 5569 1521 5640 gloriam
1565 5571 1895 5627 timentium
1948 5589 2006 5628 se
2037 5575 2185 5628 exal-

555 5665 651 5722 tat.
708 5662 890 5718 Radix
941 5663 1232 5734 sapientia:
1290 5666 1373 5717 est
1423 5664 1622 5719 timere
1658 5666 1987 5723 Dominum.
2017 5668 2181 5722 Rami

2286 4631 2381 4684 His
2438 4630 2576 4685 fulta
2628 4630 3046 4701 Scripturarum
3092 4627 3520 4684 auctoritatibus
3569 4644 3811 4699 semper
3848 4633 3932 4679 sta

2287 4729 2458 4792 recta,
2486 4728 2542 4780 et
2569 4741 2602 4778 a
2631 4724 2720 4779 via
2746 4723 3002 4778 veritatis
3033 4740 3104 4778 ne
3142 4721 3433 4791 avertaris,
3459 4726 3527 4776 ut
3552 4724 3807 4793 gratiam
3833 4720 3926 4775 Dei

2287 4819 2547 4891 acquiras
2599 4822 2657 4874 et
2702 4819 3001 4886 honorem,
3053 4817 3354 4872 hominum
3399 4815 3660 4871 amicitia
3703 4815 3922 4876 fruaris,

2285 4917 2555 4985 tantoque
2580 4915 2678 4968 tua
2706 4913 2966 4968 voluntas
2990 4911 3212 4966 facilius
3232 4911 3305 4964 ab
3325 4925 3520 4965 amore
3547 4910 3729 4981 hujus
3746 4907 3922 4964 muli

2287 5013 2470 5076 exeat,
2504 5012 2720 5078 quanto
2757 5011 2814 5061 et
2855 5006 3177 5077 impellitur
3205 5005 3342 5060 dum
3369 5007 3627 5060 vocatur.
3656 5006 3800 5060 Nam
3828 5017 3924 5055 nos

2289 5107 2345 5156 et
2373 5104 2682 5172 praesentes
2726 5117 2824 5155 vos
2861 5100 3054 5155 videre
3084 5099 3346 5171 cupimus
3375 5103 3432 5154 et
3465 5097 3802 5152 absentibus
3825 5110 3922 5166 per

2289 5195 2586 5266 epistolam
2641 5193 2845 5250 saltem
2896 5193 3142 5265 colloqui
3193 5192 3606 5248 desideramus.
3670 5191 3821 5248 Unde
3867 5192 3926 5241 et

2288 5294 2549 5361 optamus
2575 5291 2642 5344 ut
2662 5306 2760 5344 vos
2787 5289 2983 5344 beatus
3009 5290 3205 5343 Petrus
3241 5285 3640 5359 apostolorum
3669 5285 3922 5358 princeps

2284 5384 2354 5438 ad
2381 5401 2482 5439 sua
2505 5383 2706 5439 limina
2731 5383 2976 5439 feliciter
2997 5383 3288 5454 perducat,
3318 5383 3609 5452 quatenus
3642 5381 3704 5435 in
3730 5376 3918 5434 Omni-

2284 5480 2532 5551 potentis
2564 5479 2746 5551 gratia
2772 5478 2989 5551 perfrui
3015 5480 3201 5533 vestra
3236 5475 3546 5547 praesentia
3577 5486 3921 5530 mereamur.

2283 5575 2422 5628 Data
2448 5590 2519 5629 xu
2545 5573 2779 5630 Kalend.
2805 5574 3035 5629 Novem.
3067 5570 3371 5643 Lampadio
3398 5575 3453 5624 et
3481 5570 3686 5625 Oreste
3705 5569 3768 5624 lV’
3790 5580 3922 5618 con-

2285 5668 2519 5724 suhbus.
