4062 6188
140 319 254 371 1063

1372 313 1846 369 DECRETALIUM
1884 313 2266 369 COLLECTIO.

3352 321 3482 373 1066

154 483 3479 506 ’m—W

640 655 1213 750 INCIPIUNT
1301 657 1826 750 DECRETA
1916 654 2483 749 BONIFACII
2572 657 2930 750 PAPfE.

131 997 356 1066 Epistola
407 997 644 1082 ejusdem
691 999 1086 1082 adnEulaliuln
1131 999 1573 1082 f{tiarandr'inu‘m
1598 1001 1742 1082 ‘epi-
1767 1009 2129 1082 Acessorum
2155 1000 2479 1054 nostrorum
2514 999 2786 1055 Bonifacii
2812 1005 2979 1073 atque
3024 1003 3310 1060 Coalestini
3343 1023 3475 1062 con-

188 1084 416 1137 scopum.
449 1069 516 1123 de
549 1070 988 1124 reconciliatione
1017 1071 1460 1141 Carthagincnsis
1486 1071 1668 1126 Eccle-

741 1143 853 1202 siw,
883 1142 1111 1196 directa.

194 1259 504 1311 Bomracws
569 1255 864 1329 episcopus
932 1258 1173 1314 EULALIO
1220 1257 1546 1330 coepiscopo
1597 1261 1742 1313 salu-

133 1356 252 1405 tem.

191 1466 329 1521 Olim
356 1472 413 1522 et
438 1467 508 1521 ab
538 1465 701 1523 initio
727 1470 946 1523 tantam
993 1469 1351 1541 percepimus
1376 1487 1410 1524 a
1445 1470 1609 1526 beato
1638 1475 1741 1528 Pe-

128 1567 200 1614 tro
239 1561 629 1632 apostolorum
676 1561 935 1634 principe
980 1563 1272 1633 fiduciam,
1322 1568 1387 1619 ut
1429 1565 1743 1622 habeamus

130 1654 510 1709 auctoritatem
564 1654 868 1710 universali
931 1656 1215 1725 Ecclesiae,
1271 1657 1576 1714 auxiliante
1634 1661 1741 1716 Do-

126 1749 266 1802 mino
295 1748 619 1816 subvenire,
655 1753 712 1804 et
739 1749 1017 1822 quidquid
1060 1750 1325 1806 nocivum
1367 1755 1453 1806 est
1493 1755 1740 1809 auctori-

127 1845 227 1897 tate
251 1841 556 1912 apostolica
585 1842 873 1914 corrigere
901 1847 958 1898 et
984 1845 1307 1900 emendare.
1334 1845 1416 1902 Ad
1453 1846 1557 1901 hoc
1589 1848 1742 1903 enim

125 1936 313 1990 divinae
362 1936 744 2008 dispositionis
782 1937 1028 2008 provisio
1077 1938 1286 2010 gradus
1328 1938 1573 1996 diversos
1611 1958 1744 1997 con-

125 2030 292 2084 stituit
320 2046 442 2085 esse
470 2030 784 2099 distinctos,
815 2037 876 2087 ut
903 2031 1043 2086 dum
1084 2033 1459 2089 reverentiam
1492 2034 1743 2092 minores

121 2123 423 2193 potioribus
463 2123 814 2193 exhiberent,
847 2131 904 2181 et
945 2127 1198 2198 potiores
1244 2127 1558 2184 minoribus
1597 2130 1738 2186 dile-

122 2216 354 2272 ctionem
384 2217 807 2290 impenderent,
836 2235 950 2274 una
995 2220 1311 2276 concordiae
1354 2221 1520 2277 ﬁeret
1556 2239 1625 2279 ex
1653 2223 1741 2278 di-

120 2311 372 2366 versitate
409 2312 690 2379 contexio,
719 2316 776 2368 et
801 2316 954 2368 recte
1005 2313 1325 2370 ofﬁciorum
1372 2322 1744 2387 generaretur

1846 1097 1933 1148 tra
1961 1094 2275 1147 Romanam
2302 1094 2610 1148 Ecclesiam
2639 1094 2837 1166 erepit;
2871 1096 2970 1150 sed
2999 1097 3194 1154 videns
3224 1117 3284 1155 se
3311 1103 3480 1156 modo

1845 1187 2089 1258 peccatis
2135 1187 2342 1243 Aurelii
2391 1187 2636 1243 Eulalius
2665 1206 2696 1243 a
2731 1191 3001 1245 Romanae
3033 1192 3291 1249 Ecclesiae
3323 1212 3477 1250 com—

1846 1280 2120 1335 munione
2147 1285 2535 1352 segregatum,
2566 1282 2874 1337 humilians
2901 1287 3236 1356 recognovit
3266 1305 3343 1358 se,
3380 1305 3478 1360 pa-

1846 1390 1971 1428 cem
2019 1377 2076 1430 et
2120 1375 2585 1430 communionem
2648 1377 2922 1432 Romanae
2970 1379 3232 1436 Ecclesiae
3283 1387 3483 1454 petens

1845 1467 2246 1524 subscribendo
2285 1485 2398 1523 una
2429 1485 2556 1524 cum
2606 1470 2837 1540 collegis
2870 1471 2984 1527 suis
3021 1473 3312 1531 damnavit
3345 1494 3481 1548 apo-

1845 1561 2041 1616 stolica
2077 1563 2410 1618 auctoritate
2456 1579 2656 1617 omnes
2707 1565 3017 1636 scripturas
3048 1585 3174 1640 quae
3219 1571 3485 1626 adversus

1846 1656 2120 1710 Romana:
2158 1655 2417 1711 Ecclesiae
2468 1656 2766 1728 privilegia
2793 1658 2954 1714 facta:
2985 1677 3218 1733 quoquo
3249 1663 3482 1735 ingenio

1845 1749 2078 1803 fuerint.

1844 1845 2140 1913 Exemplar
2172 1859 2393 1914 precum
2431 1846 2548 1914 ejus
2574 1851 2625 1901 et
2662 1848 2868 1902 Justini
2907 1849 3160 1918 praedicti
3191 1854 3479 1923 principis.

1919 1958 1946 1984 ‹‹
1975 1937 2161 1992 Prima
2192 1938 2341 1992 salus
2367 1942 2469 2006 est,
2505 1943 2674 1994 rectae
2711 1940 2846 1995 ﬁdei
2887 1942 3144 2012 regulam
3178 1946 3479 2013 custodire,

1843 2034 1900 2086 et
1925 2047 1959 2085 a
2000 2031 2317 2087 constitutis
2354 2034 2583 2088 Patrum
2630 2034 2953 2090 nullatenus
2984 2035 3232 2107 deviare,
3264 2044 3320 2094 et
3351 2041 3483 2112 quia

1842 2141 1958 2179 non
2000 2129 2188 2196 potest
2220 2126 2451 2181 Domini
2483 2127 2663 2182 nostri
2707 2130 2834 2183 Jesu
2873 2129 3078 2184 Christi
3123 2134 3482 2202 praetermitti

1843 2219 2127 2274 sententia
2173 2219 2412 2275 dicentis
2447 2238 2460 2275 :
2497 2222 2634 2276 «Tu
2663 2238 2723 2276 es
2771 2225 2972 2277 Petrus
3020 2229 3077 2278 et
3122 2241 3294 2296 super
3338 2228 3483 2282 hanc

1841 2317 2065 2384 petram
2085 2313 2372 2369 aadiﬁcabo
2401 2315 2711 2370 Ecclesiam
2740 2333 2932 2371 meam
2949 2317 3166 2388 (Matth.
3189 2336 3298 2387 xv1,
3322 2322 3426 2391 18).
3452 2345 3479 2371 »

120 2404 522 2461 administratio
541 2407 921 2478 singulorum,
944 2425 1133 2480 neque
1158 2385 1498 2465 universitas
1515 2411 1625 2466 alia
1644 2428 1743 2483 po-
1761 2385 1818 2458 B
1844 2408 1910 2462 Et
1934 2408 2056 2462 haec
2076 2424 2202 2479 quas
2233 2407 2384 2464 dicta
2411 2415 2564 2477 sunt,
2598 2427 2789 2465 rerum
2821 2385 3140 2482 probantur
3167 2385 3480 2484 effectibus,

121 2499 238 2553 terit
266 2500 488 2555 ratione
517 2500 841 2569 subsistere,
865 2501 975 2556 nisi
1001 2502 1332 2573 hujusmodi
1352 2520 1594 2576 magnus
1613 2521 1742 2561 eam

119 2592 442 2648 diﬁ‘erentize
485 2594 624 2649 ordo
675 2599 941 2650 servaret.
989 2597 1133 2661 Quia
1187 2614 1319 2653 vero
1368 2602 1628 2654 creatura
1682 2601 1740 2655 in

116 2702 220 2741 una
242 2688 564 2760 eademque
593 2689 918 2761 aequalitate
947 2689 1250 2762 gubernari
1279 2692 1366 2746 vel
1406 2693 1595 2747 vivere
1625 2710 1740 2749 non

114 2785 305 2850 potest,
326 2782 638 2838 caelestium
661 2783 996 2839 militiarum
1018 2785 1283 2856 exempla
1299 2802 1403 2840 nos
1424 2787 1737 2857 instruunt,

112 2875 234 2944 quia
261 2876 402 2931 dum
435 2877 549 2931 sint
591 2878 805 2948 angeli,
843 2878 955 2932 sint
1002 2879 1352 2951 archangeli,
1385 2880 1564 2952 liquet
1603 2883 1740 2953 quia

112 2984 214 3023 non
281 2969 531 3041 aequales
593 2974 746 3038 sunt,
806 2972 904 3026 sed
956 2972 1015 3026 in
1083 2976 1360 3044 potestate
1411 2977 1468 3029 et
1519 2975 1735 3046 ordine,

111 3062 243 3118 sicut
292 3064 491 3132 nostis,
522 3064 712 3120 differt
754 3066 899 3120 alter
941 3065 1010 3120 ab
1055 3067 1248 3122 altero.
1295 3067 1353 3122 Si
1401 3051 1540 3139 ergo
1588 3069 1739 3124 inter

112 3155 204 3210 hos
225 3157 321 3229 qui
347 3157 466 3213 sine
488 3161 719 3230 peccato
751 3163 882 3214 sunt
902 3163 1122 3214 constat
1150 3161 1255 3216 ista
1283 3177 1403 3216 esse
1425 3161 1734 3232 distinctio,

109 3251 227 3319 quis
251 3251 555 3306 hominum
589 3253 806 3309 abnuat
848 3271 905 3309 se
938 3254 1183 3309 libenter
1209 3255 1567 3327 dispositioni
1603 3257 1734 3311 sub-

109 3343 331 3400 mittere
351 3345 377 3399 ?
409 3345 549 3400 Hinc
578 3347 733 3402 enim
776 3364 883 3418 pax
916 3352 970 3402 et
1014 3349 1256 3403 Charitas
1306 3353 1503 3404 mutua
1532 3366 1592 3404 se
1619 3350 1735 3406 vice

105 3440 579 3510 complectuntur,
609 3445 666 3495 et
692 3445 887 3497 manet
912 3441 1077 3496 ﬁrma
1103 3443 1407 3498 concordia
1431 3444 1489 3498 in
1517 3445 1736 3500 alterna

105 3537 152 3583 et
194 3533 308 3588 Deo
352 3533 555 3604 placita
607 3535 924 3590 dilectionis
978 3535 1318 3591 sinceritate.
1372 3537 1511 3601 Quia
1559 3538 1737 3609 igitur

103 3627 554 3700 unumquodque
596 3629 901 3684 salubriter
929 3633 1064 3684 tunc
1111 3631 1428 3702 completur
1463 3631 1733 3699 ofﬁcium,

101 3736 225 3775 cum
250 3721 430 3776 fuerit
455 3738 600 3777 unus
625 3723 698 3776 ad
735 3739 906 3795 quem
933 3723 1112 3796 possit
1139 3725 1351 3779 recurri
1376 3726 1731 3797 praapositus,
1755 3759 1810 3835 Ο

100 3817 222 3868 vota
280 3817 475 3870 nostra
523 3816 853 3872 charitatem
902 3822 1056 3873 tuam
1102 3819 1280 3874 latere
1327 3819 1615 3888 nolumus,
1661 3836 1735 3874 ne

101 3909 193 3977 qui
219 3909 508 3981 particeps
548 3910 659 3965 fuit
699 3911 1110 3981 sollicitudinis,
1146 3913 1487 3984 gaudiorum
1520 3914 1737 3970 fructus

97 4003 373 4058 reddatur
410 4005 672 4060 extorris.
700 4006 770 4059 Et
814 4005 943 4062 ideo
988 4007 1500 4078 Carthaginensem
1543 4009 1732 4063 Eccle-

99 4097 235 4152 siam
280 4099 355 4153 ad
403 4099 868 4154 communionem
913 4105 1165 4155 nostram
1212 4101 1448 4156 rediisse
1499 4102 1737 4157 Domino

94 4192 442 4262 propitiante
488 4192 847 4248 tradentibus
898 4194 1287 4265 significamus
1344 4196 1626 4267 alloquiis,
1679 4200 1735 4251 et

95 4285 502 4342 mandatorum
549 4303 680 4358 quae
722 4288 926 4358 legatis
971 4288 1181 4343 nostris
1224 4289 1483 4344 dedimus
1524 4289 1732 4344 seriem

92 4381 146 4431 in
177 4380 456 4435 omnibus
485 4381 658 4437 fuisse
686 4383 1050 4452 completam.
1084 4384 1164 4437 De
1197 4399 1308 4455 qua
1346 4387 1530 4454 parte,
1564 4388 1624 4438 ut
1659 4384 1733 4438 ad

90 4473 468 4530 dilectionem
494 4480 650 4530 tuam
679 4476 906 4548 plenius
946 4477 1200 4548 perfecte
1233 4477 1504 4548 gaudium
1534 4493 1732 4548 perve-

91 4567 262 4635 niret,
287 4568 550 4624 libellum
578 4569 777 4624 Eulalii
798 4569 991 4624 fratris
1017 4574 1075 4624 et
1096 4570 1514 4625 consacerdotis
1534 4572 1731 4638 nostri,

85 4662 558 4734 Carthaginensis
609 4663 880 4735 episcopi,
938 4668 994 4719 et
1042 4664 1248 4720 Justini
1313 4665 1736 4721 clementissimi

83 4757 374 4828 principis
401 4756 647 4811 Orientis
687 4773 972 4813 sacrarum
1017 4759 1339 4815 litterarum
1383 4760 1736 4832 exemplaria

85 4850 311 4918 pariter
338 4851 682 4906 credidimus
719 4852 1078 4923 destinanda,
1099 4854 1417 4924 judicantes
1447 4854 1733 4909 nihilomi-

85 4961 194 4998 nus
223 4961 342 5017 per
374 4944 620 5000 Orientis
659 4949 849 5016 partes
890 4947 1174 5019 plurimos
1216 4948 1507 5019 episcopos
1544 4947 1621 5002 sic
1654 4948 1736 5003 fe-

82 5039 257 5093 cisse.
311 5038 583 5108 Superest
624 5041 743 5092 uta
768 5041 934 5095 nobis
971 5041 1430 5113 competentibus
1477 5041 1738 5114 precibus

1842 2501 1976 2572 quia
2004 2501 2062 2555 in
2105 2501 2240 2556 sede
2276 2503 2582 2572 apostolica
2624 2511 2784 2560 extra
2824 2507 3104 2561 maculam
3136 2524 3366 2580 semper
3396 2515 3481 2565 est

1842 2595 2120 2650 catholica
2147 2598 2363 2651 servata
2390 2597 2617 2668 religio.
2654 2599 2731 2652 De
2758 2614 2872 2669 qua
2898 2616 2996 2671 spe
3022 2603 3079 2654 et
3104 2601 3213 2656 ﬁde
3244 2602 3479 2658 minime

1839 2689 2086 2760 separari
2115 2689 2425 2761 cupientes,
2461 2695 2517 2745 et
2548 2692 2783 2746 Patrum
2824 2697 3124 2765 sequentes
3149 2695 3475 2763 constituta,

1840 2783 2390 2838 anathematizamus
2436 2801 2635 2839 omnes
2676 2786 2775 2857 qui
2816 2791 3016 2841 contra
3059 2795 3315 2844 sanctam
3361 2791 3473 2845 Bo-

1839 2893 2067 2931 manam
2107 2882 2163 2932 et
2190 2877 2558 2948 apostolicam
2589 2868 2895 2934 Ecclesiam
2937 2881 3315 2952 superbiendo
3349 2900 3478 2938 suas

1839 2971 2070 3040 erigunt
2097 2971 2362 3041 cervices,
2394 2977 2698 3043 sequentes
2725 2973 2780 3026 in
2815 2973 3081 3029 omnibus
3112 2978 3474 3046 apostolicam

1839 3065 2034 3119 sedem
2064 3069 2120 3120 et
2154 3065 2532 3135 praedicantes
2559 3066 2682 3137 ejus
2711 3067 2905 3121 omnia
2935 3069 3265 3135 constituta;
3294 3076 3349 3126 et
3378 3088 3480 3143 per

1840 3158 2034 3212 omnia
2087 3174 2249 3229 spero
2291 3163 2358 3213 ut
2409 3160 2469 3214 in
2515 3176 2627 3214 una
2696 3162 3102 3217 communione
3166 3164 3474 3232 vobiscum,

1836 3268 2007 3323 quam
2054 3253 2214 3306 sedes
2259 3253 2574 3323 apostolica
2617 3254 2914 3325 praedicat,
2964 3272 3083 3311 esse
3127 3273 3374 3324 merear,
3417 3260 3475 3314 in

1835 3363 1949 3416 quo
1981 3349 2066 3400 est
2089 3346 2312 3416 integra
2338 3351 2394 3401 et
2419 3363 2553 3401 vera
2581 3347 2911 3402 Christiana)
2941 3348 3235 3420 religionis
3263 3357 3319 3404 et
3349 3369 3472 3422 per-

1837 3440 1984 3494 fecta
2027 3439 2298 3507 soliditas,
2326 3440 2666 3511 promittens
2705 3446 3083 3512 sequestratos
3127 3460 3160 3497 a
3203 3460 3470 3499 commu-

1835 3533 2008 3588 nione
2039 3533 2298 3589 Ecclesiae
2336 3533 2653 3600 catholicae,
2682 3533 2738 3589 id
2785 3540 2870 3590 est
2899 3551 3016 3590 non
3054 3537 3474 3592 consentientes

1836 3627 1954 3682 sedi
1985 3627 2333 3698 apostolicae,
2363 3643 2562 3682 eorum
2595 3627 2833 3683 nomina
2861 3646 3020 3684 sacra
3050 3629 3201 3686 inter
3241 3649 3358 3687 non
3385 3649 3472 3687 re-

1837 3721 2064 3776 citanda
2089 3738 2210 3776 esse
2249 3722 2540 3794 mysteria.
2572 3721 2738 3786 Quod
2770 3722 2814 3776 si
2853 3723 2911 3777 in
2954 3723 3144 3796 aliquo
3174 3742 3206 3778 a
3250 3727 3470 3797 profes-

1834 3816 1992 3870 sione
2044 3831 2176 3870 mea
2229 3815 2458 3870 deviare
2511 3819 2825 3883 tentavero,
2873 3817 2962 3872 his
3013 3835 3155 3890 quos
3207 3819 3470 3874 damnavi

1835 3909 2176 3981 complicem
2221 3925 2352 3965 mea
2389 3909 2675 3965 sententia
2718 3925 2810 3964 me
2854 3926 2974 3965 esse
3004 3911 3292 3982 proﬁteor,
3326 3913 3474 3968 hanc

1833 4009 2025 4058 autem
2063 4003 2476 4074 professionem
2517 4019 2706 4058 meam
2749 4020 2927 4058 manu
2970 4022 3100 4059 mea
3144 4006 3471 4077 subscripsi,

1834 4102 1892 4153 et
1916 4097 2206 4152 Bonifacio
2234 4099 2428 4152 sancto
2459 4099 2516 4152 et
2538 4097 2853 4153 venerabili
2884 4115 3047 4170 papae
3085 4100 3242 4154 urbis
3273 4101 3470 4155 Romae

1835 4192 2034 4261 direxi,
2099 4192 2380 4246 damnans
2445 4196 2502 4246 et
2564 4194 2952 4248 antecessores
3007 4199 3064 4248 et
3124 4211 3476 4250 successores

1833 4301 2009 4353 meos,
2039 4291 2096 4340 et
2124 4302 2322 4341 omnes
2365 4285 2463 4357 qui
2503 4291 2714 4341 sanctas
2757 4287 3030 4342 Romana:
3070 4294 3126 4343 et
3151 4289 3473 4359 apostolicae

1835 4380 2091 4435 Ecclesiae
2123 4379 2420 4450 privilegia
2446 4397 2665 4435 cessare
2697 4380 2980 4436 nituntur.
3025 4402 3050 4432 »
3151 4392 3168 4396 “

1906 4473 2044 4527 Hinc
2056 4474 2210 4528 enim
2228 4491 2493 4544 supernae
2509 4474 2915 4530 misericordiae
2929 4475 3336 4530 documentum
3352 4494 3474 4547 pcr-

1836 4568 2072 4622 docetur
2101 4566 2369 4638 quoniam
2395 4570 2452 4620 et
2479 4568 2756 4622 mundani
2794 4567 3079 4638 principes
3103 4585 3298 4622 causas
3340 4569 3473 4624 ﬁdei

1835 4678 1963 4716 cum
1993 4659 2321 4732 reipublicae
2352 4659 2704 4715 ordinatione
2729 4661 3105 4731 conjungunt,
3129 4665 3185 4716 et
3210 4663 3470 4717 ecclesia-

1835 4773 1962 4811 rum
1986 4755 2256 4827 przesules
2273 4753 2424 4827 quod
2445 4753 2517 4807 ad
2544 4753 3024 4824 dispensationem
3045 4771 3203 4809 suam
3224 4756 3476 4827 pertinet

1836 4849 2004 4904 officii
2035 4865 2321 4904 memores
2359 4851 2767 4918 exsequuntur.
2801 4847 3032 4902 Talibus
3062 4849 3218 4903 enim
3247 4850 3472 4920 indige-

1837 4945 1932 4998 bat
1956 4949 2082 5015 post
2109 4942 2409 4998 discordia;
2439 4941 2710 5013 procellas
2738 4941 2940 5012 religio
2961 4941 3279 4998 Christiana
3297 4949 3476 5000 recto-

1836 5038 2015 5104 ribus,
2047 5037 2165 5108 qui,
2199 5036 2535 5107 compressis
2562 5034 2799 5106 provida
2825 5035 3252 5107 dispensatione
3293 5037 3474 5092 turbi-

78 5131 378 5186 Divinitas
427 5136 656 5187 exorata
703 5135 1000 5204 concedat,
1045 5139 1330 5206 quatenus
1376 5136 1446 5191 de
1493 5136 1736 5190 aliarum
1757 5138 1817 5210 Ι)
1839 5131 2026 5198 nibus,
2057 5131 2154 5185 diu
2181 5129 2607 5201 peregrinatam
2638 5146 2834 5200 pacem
2873 5129 3107 5201 depulsa
3136 5134 3477 5202 tempestate

77 5241 331 5297 quoque
381 5226 759 5281 Ecclesiamm
819 5228 1300 5300 redintegratione
1357 5229 1734 5298 gratulemur.

75 5321 153 5375 Ea
183 5335 339 5374 vero
365 5335 491 5390 quae
514 5320 835 5392 significare
863 5322 1204 5390 curavimus,
1235 5323 1291 5377 in
1323 5339 1523 5378 eorum
1553 5339 1737 5378 sacer-

73 5414 298 5468 dotum
331 5413 430 5484 qui
455 5413 798 5470 fraternitati
827 5419 939 5470 tua:
964 5416 1133 5471 vicini
1175 5421 1326 5485 sunt,
1357 5416 1580 5472 curabis
1606 5432 1738 5487 pro-

70 5509 236 5562 ferre
275 5507 563 5575 notitiam,
598 5513 659 5563 ut
695 5512 753 5562 et
778 5508 886 5580 ipsi
923 5509 992 5564 de
1032 5509 1237 5565 effectu
1279 5515 1455 5565 tantae
1495 5509 1578 5565 rei
1611 5526 1739 5580 gra-

72 5602 186 5655 tias
239 5600 547 5656 nobiscum
591 5602 834 5657 caelestis
864 5602 1271 5658 misericordiae
1315 5603 1606 5658 beneficiis
1651 5619 1740 5657 re-

69 5697 237 5752 ferre
270 5711 397 5750 non
425 5699 662 5751 cessent.
688 5696 951 5752 Aurelius
978 5697 1136 5751 enim
1174 5696 1422 5768 perfecte
1449 5697 1740 5767 Carthagi-

71 5789 294 5844 ncnsis
325 5788 585 5844 Ecclesiae
631 5789 766 5845 olim
812 5791 1129 5862 episcopus,
1163 5808 1290 5845 cum
1329 5790 1564 5862 collegis
1610 5791 1743 5857 suis,

72 5885 418 5954 instigante
465 5883 714 5951 diabolo,
764 5884 1059 5956 superbire
1113 5885 1473 5959 temporibus
1525 5884 1744 5957 praede-

1838 5225 2204 5293 reducerent,
2231 5226 2292 5277 ut
2318 5223 2376 5278 in
2403 5223 2596 5278 futura
2615 5228 2744 5294 post
2770 5223 2976 5278 saecula
3001 5223 3072 5279 ad
3092 5225 3369 5296 propositi
3391 5225 3476 5277 sui

1839 5319 2104 5390 exempla
2149 5317 2446 5372 tendentes
2490 5317 2594 5372 sibi
2643 5317 3044 5372 ascribendum
3090 5317 3479 5372 indubitanter

1838 5413 2206 5468 ostenderent
2236 5410 2512 5482 quidquid
2540 5410 2786 5466 Domino
2817 5411 3085 5482 placitum
3113 5410 3354 5482 posteris
3378 5426 3479 5480 pro

1840 5523 1944 5561 sua
1987 5505 2310 5561 imitatione
2356 5504 2642 5558 fecissent.
2691 5503 3100 5559 Benedicamus
3144 5503 3477 5570 Dominum,

1841 5602 2046 5656 fratres
2073 5598 2414 5666 charissimi,
2445 5597 2654 5653 nostris
2685 5598 2794 5653 hoc
2823 5597 3020 5652 diebus
3045 5597 3216 5652 fuisse
3244 5613 3476 5652 conces-

1843 5712 1995 5764 sum,
2025 5698 2084 5748 et
2112 5694 2242 5749 totis
2279 5693 2602 5748 orationum
2637 5695 2694 5747 et
2723 5708 2986 5747 curarum
3019 5691 3232 5745 viribus
3257 5691 3477 5746 annite-

1845 5806 1975 5844 mur
2003 5794 2086 5858 ut,
2119 5805 2248 5860 quae
2277 5788 2374 5843 Dei
2403 5804 2574 5860 opere
2600 5787 2744 5843 bene
2773 5789 2953 5858 coepta
2979 5790 3130 5854 sunt,
3161 5786 3285 5857 ipso
3318 5785 3477 5856 adju-

1845 5886 2009 5939 vante
2038 5900 2140 5956 per
2164 5882 2360 5938 omnia
2389 5883 2798 5954 compleantur.
2831 5880 3194 5954 Sperandum
3222 5878 3377 5936 enim
3399 5883 3483 5937 est
