4062 6188
536 293 551 344 1
566 293 666 345 067

1429 291 1708 344 AI’I’END.
1751 291 1836 344 Al)
1875 291 2035 345 Sx‘EC.
2079 290 2164 343 ΙΧ.
2193 316 2261 326 —-
2302 287 2542 341 lSlDORl
2580 286 3001 343 MERCATORIS

3770 286 3898 339 1068

537 405 595 454 ut
622 399 691 453 ad
719 416 1047 469 compagem
1076 400 1327 470 corporis
1354 401 1441 454 sui
1470 401 1686 472 reliqua
1714 417 1842 471 quae
1868 401 2053 455 adhuc
2080 400 2160 453 di-
2182 410 2240 482 Α
2262 396 2578 467 integritas.
2608 397 2704 450 His
2728 397 2787 450 in
2820 395 3023 451 robore
3058 412 3161 450 suo
3190 395 3341 450 omni
3380 395 3899 466 circumspectione

532 493 650 546 visa
678 498 810 547 sunt
837 494 1101 547 membra
1126 494 1414 563 festinent,
1448 499 1503 549 et
1530 511 1563 548 a
1596 494 1913 565 potioribus
1939 494 2161 549 minora

533 603 650 641 non
680 586 1020 658 discrepent.
1048 588 1127 642 Ad
1152 588 1307 659 quod
1338 604 1470 642 cum
1501 604 1599 642 me
1625 588 1852 643 dilectio
1883 591 1979 643 tua
2007 588 2161 643 Chri-

534 681 729 735 stianae
757 682 947 736 studio
983 681 1272 737 charitatis
1314 683 1592 749 hortatur,
1626 682 1796 738 debet
1837 682 1986 754 quod
2012 682 2157 737 invi-

532 779 617 830 tat
640 775 821 847 sequi,
850 779 906 831 et
931 777 1082 847 quod
1107 776 1417 830 amandum
1446 776 1646 831 suadet
1670 776 1960 848 amplecti.
1989 775 2157 831 Simi-

532 871 647 925 lem
673 870 824 925 enim
849 870 971 941 jam
997 869 1128 925 ﬁdei
1161 886 1357 925 curam
1404 874 1664 941 gerentes
1698 886 1801 942 per
1831 871 2159 942 religiosam

532 963 882 1035 patientiam,
910 981 1015 1035 per
1040 963 1214 1018 etiam
1238 964 1541 1035 praemium
1572 965 1643 1019 de
1669 965 1807 1020 boni
1834 966 2020 1036 operis
2039 981 2161 1036 spe-

533 1074 725 1112 ramus
767 1058 988 1112 etfectu.
1031 1058 1220 1127 Neque
1266 1057 1425 1111 enim
1474 1057 1896 1113 difﬁcultatibus
1940 1064 2025 1113 est
2067 1075 2157 1112 ce-

535 1151 807 1207 dendum.
849 1151 970 1205 Non
1012 1150 1167 1204 enim
1198 1150 1471 1221 fatigatur
1510 1151 1724 1222 asperis
1768 1150 1927 1222 ﬁdes,
1955 1168 2057 1207 nec
2090 1152 2161 1206 ad

534 1246 805 1300 caelorum
836 1244 1013 1299 ardua
1048 1260 1153 1315 per
1178 1244 1424 1315 proclive
1450 1244 1732 1309 tenditur;
1763 1261 1867 1299 nec
1896 1261 2160 1301 remune-

533 1339 815 1394 rationem
862 1337 1002 1392 citra
1056 1338 1265 1392 laboris
1313 1337 1647 1393 exercitium
1707 1338 1834 1410 quis
1885 1343 2158 1393 meretur.

534 1433 690 1488 Unde
714 1448 787 1488 ne
809 1432 1083 1488 facientes
1102 1432 1249 1486 bona
1270 1432 1598 1486 deﬁciamus
1628 1431 1950 1503 specialiter
1969 1433 2165 1487 admo-

531 1546 759 1599 nemur,
789 1530 959 1583 etiam
1007 1532 1148 1583 teste
1192 1528 1492 1583 Psalmista
1522 1544 1534 1582 :
1569 1552 1594 1576 ‹‹
1640 1529 1795 1583 Beati
1835 1528 1931 1600 qui
1974 1534 2160 1584 custo-

533 1623 700 1678 diunt
711 1622 1012 1694 judicium,
1033 1627 1089 1677 et
1108 1621 1327 1676 faciunt
1337 1622 1621 1692 justitiam
1641 1622 1701 1676 in
1728 1622 2165 1693 omnitempore

533 1718 699 1788 (Psal.
730 1733 846 1783 VIII,
882 1718 991 1787 32),
1030 1737 1057 1767 »
1087 1716 1223 1787 quia
1248 1732 1363 1770 non
1388 1715 1615 1769 initium
1645 1715 1853 1770 laboris
1890 1732 2161 1771 remune-

530 1812 809 1866 rationem
836 1810 1061 1882 przemii
1087 1809 1383 1864 consuevit
1408 1808 1688 1879 invenire,
1722 1809 1821 1864 sed
1858 1810 2161 1867 terminus.
2183 1785 2240 1857 B

534 1907 681 1977 Ergo
719 1904 971 1960 studium
1015 1902 1404 1959 sollicitudinis
1437 1906 1812 1972 assumentes,
1839 1904 2045 1975 quibus
2081 1910 2166 1961 est

531 2017 648 2055 una
674 2000 730 2054 in
757 1998 1161 2054 communione
1191 1997 1434 2053 societas
1455 2000 1513 2052 et
1538 1996 1860 2067 credulitas,
1888 1999 2162 2069 quemad-

534 2094 771 2148 modum
802 2093 874 2147 de
901 2090 1119 2146 unitate
1150 2091 1296 2146 sedis
1323 2090 1648 2161 apostolicre
1680 2094 1738 2145 et
1759 2091 2162 2147 Constantino-

532 2187 799 2258 politanae
828 2185 1087 2240 Ecclesiae
1112 2185 1323 2256 pariter
1348 2184 1697 2240 exsultamus
1719 2184 1781 2238 in
1811 2185 2068 2255 Domino,
2088 2185 2165 2240 ita

534 2283 601 2336 de
635 2280 985 2351 reliquorum
1014 2294 1244 2349 quoque
1270 2278 1415 2332 sicut
1442 2277 1738 2333 affectione
1764 2277 2060 2346 admones,
2084 2296 2166 2334 re-

532 2373 949 2445 dintegratione
994 2374 1275 2439 laetemur,
1327 2376 1383 2427 et
1425 2387 1690 2426 curemus
1737 2371 2062 2443 praemium,
2106 2377 2167 2428 ut

533 2469 704 2523 ﬁdem
752 2467 1254 2538 integritatemque
1313 2468 1563 2520 nostram
1617 2466 2041 2521 immaculatam
2095 2466 2165 2521 ab

533 2563 691 2618 omni
718 2561 1065 2632 contagione
1092 2576 1405 2616 servemus.
1443 2559 1599 2614 Nosti
1623 2559 1798 2627 enim,
1830 2560 2005 2615 frater
2029 2561 2164 2615 cha-

532 2657 753 2712 rissime
803 2672 866 2710 ac
917 2654 1290 2721 sanctissime,
1336 2653 1470 2725 quia
1517 2653 1899 2708 ecclesiastica
1942 2657 2167 2709 servant

532 2752 757 2806 vincula
786 2749 1145 2805 concordiam
1175 2765 1301 2818 qua:
1332 2764 1433 2802 nos
1460 2747 1531 2803 ab
1573 2746 1977 2803 hmreticorum
2002 2753 2163 2803 tuea-

534 2851 629 2899 tur
661 2843 903 2914 insidiis,
936 2859 1040 2913 per
1080 2858 1254 2914 quam
1302 2842 1474 2897 etiam
1526 2857 1811 2896 canonum
1855 2841 2168 2897 custoditur

1120 3236 1691 3330 INCIPIUNT
1776 3237 2299 3330 DECRETA
2385 3238 2852 3331 JOANNIS

2260 490 2493 545 servatis
2541 489 2797 545 remedia
2840 489 3200 561 sperantibus
3241 492 3674 544 conservantur.
3730 488 3903 544 Habet

2260 584 2416 639 enim
2465 583 2975 639 ecclesiasticarum
3023 583 3162 637 ordo
3216 583 3575 655 regularum,
3621 585 3681 636 et
3733 581 3902 652 ipsius

2261 678 2446 732 forma
2471 675 2729 749 justitia,
2758 681 2821 731 ut
2846 676 3131 732 medicina
3164 676 3519 732 rationabilis
3554 676 3827 746 benigne
3855 682 3901 729 et

2260 771 2506 826 ﬁdeliter
2552 771 2917 843 sperantibus
2963 787 3083 825 non
3131 776 3397 842 negetur,
3438 786 3545 825 nec
3595 770 3901 841 quisquam

2261 868 2346 920 est
2370 865 2449 919 ita
2475 864 2545 919 ab
2576 864 2932 920 humanitate
2967 864 3265 932 discretus,
3294 881 3467 936 quem
3500 880 3626 919 non
3652 882 3689 918 a
3714 864 3898 935 rigore

2262 958 2627 1013 districtionis
2660 958 2893 1015 inclinet
2920 961 3087 1013 cauta
3114 958 3468 1030 simplicitas.
3502 958 3615 1015 Sed
3648 962 3717 1013 ut
3746 961 3900 1012 caute

2264 1054 2368 1107 hoc
2405 1056 2754 1123 caeterasque
2793 1053 3053 1124 querelas
3098 1057 3197 1108 aut
3244 1068 3468 1108 errores
3512 1052 3769 1122 alicujus
3808 1053 3900 1105 aevi

2263 1147 2449 1201 valeas
2471 1146 2756 1217 expedire,
2780 1146 3144 1202 dilectissime
3172 1147 3365 1214 frater,
3388 1163 3699 1217 personam
3721 1162 3902 1200 meam

2263 1249 2320 1298 te
2350 1244 2410 1298 in
2445 1244 2551 1298 hoc
2595 1247 2817 1316 oportet
2862 1244 3123 1311 induere,
3155 1245 3430 1300 scientem
3468 1245 3527 1298 in
3571 1244 3901 1315 hujusmodi

2263 1339 2462 1407 causis,
2495 1338 2636 1393 sicut
2673 1338 3009 1409 praedictum
3055 1344 3158 1406 est,
3190 1339 3328 1410 quid
3366 1339 3699 1393 cavendum
3728 1338 3822 1406 sit,
3853 1343 3901 1391 et

2263 1431 2344 1486 ita
2363 1431 2556 1486 omnia
2574 1432 3012 1503 providendum,
3032 1437 3094 1487 ut
3111 1436 3166 1487 te
3189 1449 3307 1487 non
3331 1432 3597 1504 ambigas
3619 1432 3899 1486 rationem

2266 1525 2697 1596 dispensationis
2738 1526 2911 1596 hujus
2950 1527 3062 1581 Deo
3112 1542 3231 1582 esse
3276 1526 3629 1582 reddendam
3667 1544 3683 1581 ;
3714 1525 3797 1580 ita
3824 1530 3901 1580 ta-

2264 1635 2395 1674 men
2424 1624 2486 1674 ut
2511 1635 2610 1674 eos
2637 1619 2733 1690 qui
2760 1620 2916 1675 vobis
2957 1620 3191 1676 fuerunt
3231 1620 3648 1676 communione
3689 1620 3901 1686 sociati,

2265 1714 2352 1767 vel
2382 1729 2485 1784 per
2509 1729 2604 1767 vos
2630 1712 2752 1768 sedi
2776 1714 3101 1785 apostolicus
3128 1718 3318 1770 vestra
3357 1714 3523 1769 nobis
3550 1715 3774 1786 scripta
3812 1714 3901 1767 de-

2264 1808 2499 1874 clarent,
2526 1806 2734 1878 quibus
2761 1808 2937 1863 etiam
2968 1811 3027 1862 et
3054 1824 3229 1880 quam
3253 1808 3678 1864 continentiam
3703 1808 3905 1863 libello-

2264 1918 2396 1956 rum
2425 1900 2739 1956 obtulerint
2777 1901 3079 1957 inseratur.
3112 1902 3205 1958 Sic
3246 1919 3478 1974 quoque
3513 1902 3900 1957 humilitatem

2265 1996 2542 2051 debemus
2586 2000 2782 2051 tenere
2830 1996 2890 2050 in
2937 2000 3154 2065 mente,
3186 2000 3248 2052 ut
3280 1997 3413 2052 inde
3458 1997 3691 2051 ordinis
3735 1997 3899 2051 nostri

2264 2090 2600 2161 dignitatem
2629 2106 2916 2146 servemus
2939 2090 3000 2145 in
3036 2091 3274 2160 honore,
3304 2093 3594 2162 quatenus
3629 2092 3694 2145 in
3727 2091 3901 2154 nobis,

2263 2200 2368 2239 nec
2395 2183 2686 2239 humilitas
2714 2184 2983 2253 timenda,
3009 2202 3114 2240 nec
3135 2185 3281 2240 ratio
3312 2186 3383 2239 sit
3409 2185 3687 2256 superba.
3721 2185 3905 2239 Omni-

2269 2281 2474 2349 potens
2516 2279 2680 2348 Deus,
2709 2278 3051 2347 charissime,
3081 2295 3181 2335 sua
3220 2284 3275 2334 te
3320 2280 3681 2351 protectione
3725 2284 3905 2333 custo-

2269 2372 2405 2442 diat,
2432 2376 2602 2445 atque
2621 2374 2691 2428 ad
2710 2373 2948 2428 caelestis
2973 2374 3504 2429 remunerationem
3528 2374 3747 2446 patriae
3774 2375 3907 2428 mul-

2268 2466 2447 2538 tiplici
2483 2466 2809 2521 animarum
2852 2468 3038 2523 fructu
3067 2468 3358 2539 perducat.
3392 2469 3539 2522 Deus
3580 2470 3639 2521 te
3680 2468 3903 2522 incolu-

2268 2576 2401 2615 men
2445 2560 2743 2628 custodiat,
2774 2560 3241 2616 reverendissime
3283 2561 3482 2616 frater.
3513 2563 3730 2615 Amen.
3768 2562 3909 2615 Data

2269 2656 2464 2709 octavo
2509 2653 2745 2710 Kalend.
2780 2654 3054 2721 Octobris,
3089 2655 3486 2711 Valentiniano
3519 2656 3573 2709 ll'
3602 2660 3661 2709 et
3706 2655 3909 2709 Oreste

2266 2749 2333 2802 IV
2361 2748 2701 2803 consulibus.

2948 3240 3277 3331 PAPAE

604 3588 1090 3646 Reverendissimo
1156 3590 1319 3645 fratri
1373 3590 1611 3646 VALERIO
1671 3591 1930 3662 episcopo
1992 3592 2161 3646 JOAN-
2185 3603 2240 3677 ρ
2265 3607 2398 3646 nem
2429 3607 2562 3647 cum
2598 3593 2816 3650 actibus
2845 3593 2979 3665 suis,
3013 3596 3071 3650 et
3103 3593 3405 3650 induentes
3429 3610 3642 3649 novum
3672 3612 3811 3650 cum
3838 3613 3914 3650 eo

536 3702 653 3740 NES.

602 3779 821 3850 Scripta
872 3784 983 3833 tua:
1028 3778 1343 3833 sanctitatis
1385 3778 1697 3849 suscipiens
1736 3780 1900 3848 plena
1935 3795 2000 3833 ea
2034 3778 2167 3835 ﬁdei

534 3876 733 3945 regula
763 3890 876 3945 qua
905 3872 1157 3944 primum
1185 3873 1364 3944 polles
1389 3872 1599 3942 inveni,
1626 3878 1684 3928 et
1702 3873 1815 3928 Deo
1845 3873 2057 3944 gratias
2083 3889 2166 3928 re-

532 3969 635 4023 tuli
661 3968 812 4040 quod
850 3966 1041 4021 anima
1085 3972 1142 4021 et
1184 3982 1420 4038 corpore
1458 3970 1514 4021 te
1544 3966 1691 4022 bene
1728 3966 1920 4038 vigere
1966 3966 2162 4023 didici.

531 4065 671 4118 Sane
700 4078 766 4116 ea
793 4077 919 4133 qum
952 4060 1281 4131 signiﬁcasti
1321 4060 1594 4132 quosdam
1640 4059 1829 4115 dicere
1867 4060 2017 4130 quod
2046 4076 2165 4115 non

528 4157 598 4209 sit
611 4156 782 4210 Filius
799 4154 1031 4225 aequalis
1046 4154 1218 4223 Patri,
1237 4158 1292 4209 et
1311 4154 1465 4225 quod
1481 4154 1539 4208 in
1558 4152 1867 4223 Evangelio
1888 4153 2163 4225 scriptum

529 4250 600 4303 sit
633 4266 645 4303 :
682 4272 707 4300 «
736 4239 902 4303 Pater
940 4247 1127 4318 major
1155 4263 1247 4301 me
1274 4253 1377 4313 est,
1416 4267 1442 4299 »
1473 4247 1614 4301 scias
1654 4263 1769 4301 non
1804 4251 1958 4302 recte
1997 4247 2160 4302 intel-

528 4344 705 4414 ligere
741 4341 881 4396 tales
920 4340 1050 4395 ﬁdei
1087 4341 1337 4410 regulas,
1379 4356 1480 4397 nec
1510 4344 1721 4395 rectam
1765 4340 1941 4396 ﬁdem
1990 4358 2165 4412 penes

529 4454 587 4492 se
616 4437 852 4492 habere.
891 4434 1096 4489 Paulus
1139 4435 1421 4505 apostolus
1452 4451 1571 4490 non
1601 4434 1915 4489 secundum
1943 4434 2164 4490 deitatis

526 4536 790 4587 naturam
819 4529 1108 4585 Christum
1137 4533 1393 4583 creatum
1423 4527 1691 4595 insinuat,
1720 4527 1821 4583 sed
1849 4528 2163 4584 secundum

526 4628 796 4681 humanae
816 4627 1037 4679 naturae
1057 4622 1431 4678 substantiam
1451 4622 1714 4678 eumdem
1739 4625 1995 4678 creatum
2015 4621 2162 4678 afﬁr-

526 4727 663 4789 mat,
712 4720 831 4791 ipso
884 4717 1140 4789 Ephesiis
1190 4716 1583 4772 conscribente
1629 4735 1641 4771 :
1694 4739 1721 4767 ‹‹
1767 4717 2159 4787 Renovamini,

528 4814 733 4885 inquit,
769 4812 967 4884 spiritu
998 4811 1206 4866 mentis
1231 4815 1435 4865 vestrae
1467 4814 1524 4864 et
1553 4810 1775 4865 induite
1816 4826 2028 4865 novum
2055 4812 2158 4866 b0-

527 4908 742 4962 minem
770 4906 866 4978 qui
895 4905 1208 4960 secundum
1251 4905 1431 4959 Deum
1471 4908 1689 4959 creatus
1734 4910 1820 4959 est
1851 4904 1911 4958 in
1944 4905 2162 4976 justitia

2270 3686 2365 3756 qui
2384 3691 2695 3742 renovatur
2710 3688 2770 3743 in
2789 3687 3083 3759 agnitione
3101 3688 3415 3744 secundum
3433 3688 3762 3761 imaginem
3785 3691 3915 3759 ejus

2266 3780 2365 3850 qui
2394 3780 2601 3835 creavit
2629 3797 2762 3835 eum
2790 3780 2921 3852 (Col.
2946 3797 3028 3851 ιιι,
3046 3781 3121 3853 8).
3144 3803 3171 3831 η
3200 3781 3468 3854 Nunquid
3493 3781 3541 3836 is
3564 3783 3663 3854 qui
3684 3784 3920 3838 univer-

2266 3888 2386 3927 sam
2406 3878 2745 3942 creaturam,
2766 3874 3009 3931 visibilia
3028 3878 3083 3930 et
3103 3875 3407 3930 invisibilia
3432 3892 3467 3930 a
3485 3876 3722 3948 pmpria
3747 3884 3917 3948 pote-

2266 3967 2427 4021 statis
2456 3967 2663 4023 virtute
2703 3969 3021 4039 procreavit
3058 3985 3124 4024 ac
3152 3969 3305 4036 fecit,
3331 3969 3583 4040 seipsum
3618 3974 3793 4026 antea
3824 3973 3917 4026 vel

2267 4062 2658 4131 postmodum,
2679 4063 2833 4134 quod
2853 4062 3044 4118 dicere
3063 4062 3221 4119 nefas
3245 4067 3355 4130 est,
3378 4064 3591 4119 creavit
3609 4063 3699 4120 vel
3720 4065 3918 4120 facere

2267 4153 2473 4225 potuit.
2508 4154 2677 4209 Filius
2708 4156 2900 4211 minor
2938 4160 3023 4211 est
3046 4158 3207 4212 Patre
3237 4156 3299 4211 in
3335 4157 3615 4228 assumpti
3654 4157 3918 4213 hominis

2266 4247 2471 4316 forma,
2495 4249 2734 4320 aequalis
2754 4265 2889 4305 vero
2916 4250 3065 4306 Patri
3091 4253 3180 4306 est
3204 4251 3263 4305 in
3290 4250 3515 4306 deitatis
3535 4257 3768 4307 naturae
3790 4253 3917 4307 sub-

2265 4342 2503 4411 stantia;
2524 4343 2724 4399 eodem
2745 4347 3097 4414 protestante
3121 4362 3133 4399 :
3162 4365 3188 4396 α
3212 4346 3331 4417 Ego
3353 4349 3409 4400 et
3423 4347 3597 4401 Pater
3615 4363 3805 4402 unum
3826 4365 3913 4401 su-

2265 4451 2393 4488 mus
2434 4433 2627 4508 266
2663 4437 2833 4505 (Joan.
2881 4454 2935 4507 ι,
2981 4440 3090 4506 30).
3119 4458 3146 4486 ν)
3180 4440 3247 4494 Et
3288 4439 3499 4494 iterum
3534 4457 3551 4494 ε
3584 4463 3613 4489 (ι
3658 4440 3775 4505 Qui
3817 4458 3909 4496 me

2265 4528 2436 4595 videt,
2466 4529 2621 4585 videt
2660 4534 2719 4584 et
2756 4532 2982 4587 Patrem
3015 4532 3192 4604 (Joan.
3226 4549 3339 4599 XIV,
3368 4536 3440 4603 9).
3472 4552 3501 4583 ι)
3533 4534 3607 4589 Et
3648 4535 3857 4590 iterum
3886 4552 3901 4588 :

2268 4645 2292 4671 α
2325 4622 2430 4686 Qui
2477 4623 2595 4679 odit
2639 4640 2752 4691 me,
2786 4624 2906 4681 odit
2943 4630 2999 4681 et
3036 4627 3264 4681 Patrem
3291 4627 3465 4697 (Joan.
3496 4644 3595 4697 xv,
3637 4630 3757 4699 23).
3786 4652 3813 4679 δι
3840 4630 3901 4683 Et

2263 4716 2472 4771 iterum
2508 4736 2520 4773 :
2554 4737 2581 4769 «
2609 4719 2681 4773 Ut
2710 4735 2909 4774 omnes
2954 4720 3332 4776 honoriﬁcent
3365 4721 3594 4789 Filium,
3625 4723 3775 4779 sicut
3802 4726 3895 4778 ho-

2261 4810 2574 4867 noriﬁcavit
2617 4814 2844 4868 Patrem
2875 4814 3051 4884 (Joan.
3086 4830 3137 4881 v,
3165 4816 3276 4885 23).
3309 4836 3336 4864 ››
3368 4816 3433 4871 Et
3471 4815 3688 4873 iterum
3727 4837 3740 4873 :
3772 4841 3797 4867 θ’
3834 4819 3895 4872 lit

2261 4904 2374 4959 sint
2398 4904 2457 4960 in
2485 4906 2647 4961 nobis
2673 4922 2878 4973 unum,
2908 4907 3052 4961 sicut
3077 4912 3135 4962 et
3162 4924 3265 4963 nos
3291 4925 3489 4964 sumus
3516 4927 3703 4967 unum
3726 4914 3887 4982 (Iona-

526 5006 583 5059 et
634 5000 930 5055 sanctitate
974 4999 1226 5053 veritatis
1256 4998 1470 5070 (Ephcs.
1502 5014 1577 5068 1v,
1608 4999 1717 5069 23).
1756 5020 1783 5047 ››
1820 5000 1886 5053 Et
1930 4998 2004 5053 ad
2054 4999 2156 5053 He-
2177 4978 2238 5052 D
2261 5015 2349 5068 xv,
2371 5000 2527 5070 21).»
2547 5001 2613 5055 Et
2635 5000 2843 5056 iterum
2870 5017 2882 5056 :
2908 5021 2934 5052 α
2956 5002 3037 5055 Tu
3055 5000 3116 5056 in
3134 5017 3229 5058 me
3244 5007 3300 5058 et
3318 5018 3428 5074 ego
3449 5003 3510 5058 in
3534 5005 3625 5060 eis
3646 4978 3837 5074 (Ibid).
3863 5032 3883 5043 ιι

526 5098 706 5150 hraaos
740 5111 753 5147 :
792 5114 818 5145 «
854 5096 913 5147 ln
954 5110 1021 5147 eo
1063 5092 1215 5146 enim
1245 5092 1305 5146 in
1336 5108 1449 5164 quo
1480 5108 1676 5163 passus
1714 5094 1799 5147 est
1824 5092 1917 5147 ille
1946 5096 2005 5147 et
2032 5097 2155 5147 ten-

521 5194 688 5257 tatus,
737 5189 911 5243 etiam
970 5188 1157 5257 potest
1215 5185 1302 5239 his
1359 5186 1458 5258 qui
1513 5189 1810 5242 tentantur
1868 5185 2152 5242 auxiliari.

522 5286 678 5340 Unde
712 5285 919 5337 sanctae
947 5280 1255 5335 vocationis
1281 5280 1611 5352 participes,
1635 5280 1993 5335 considerate
2022 5297 2156 5351 apo-

518 5380 724 5434 stolum
775 5381 830 5432 et
875 5374 1201 5447 pontiﬁcem
1250 5374 1624 5429 confessionis
1669 5377 1878 5429 nostrae
1932 5376 2150 5443 Jesum,

517 5473 745 5527 lidclem
764 5470 1101 5525 existentem
1125 5468 1178 5522 ei
1195 5468 1293 5540 qui
1320 5467 1530 5523 creavit
1549 5484 1682 5522 eum
1702 5467 1885 5537 (Hebr.
1912 5484 1969 5537 ιι,
1994 5469 2094 5539 18).
2122 5488 2149 5520 ››

517 5569 581 5621 Et
612 5566 683 5621 ad
720 5566 1077 5620 Colossenses
1107 5580 1119 5617 :
1157 5584 1185 5612 ‹‹
1214 5563 1373 5616 Nunc
1413 5566 1607 5616 autem
1653 5561 1922 5633 deponite
1959 5566 2016 5616 et
2052 5579 2153 5617 vos

514 5660 778 5714 universa
804 5677 818 5714 :
852 5658 1024 5724 iram,
1054 5655 1535 5726 indignationem,
1567 5654 1866 5721 malitiam,
1894 5656 2150 5727 blasphe-

516 5754 724 5818 miam;
754 5751 1061 5823 turpiaque
1088 5767 1155 5805 ex
1188 5766 1285 5804 ore
1313 5753 1495 5805 vestro
1526 5765 1640 5802 non
1668 5749 2002 5819 procedant.
2035 5751 2146 5805 No-

514 5847 609 5899 lite
634 5844 863 5899 mentiri
884 5843 1147 5910 invicem,
1173 5842 1551 5915 exspoliantes
1573 5858 1666 5897 vos
1684 5847 1933 5899 veterem
1958 5844 2145 5900 homi-

2260 5094 2328 5149 Et
2351 5092 2555 5148 iterum
2593 5110 2607 5148 :
2649 5116 2676 5143 «
2705 5093 2915 5149 Omnia
2941 5110 3072 5150 mea
3115 5101 3212 5150 tua
3254 5100 3387 5151 sunt
3412 5097 3604 5165 (Ibid.,
3639 5104 3744 5168 10).
3770 5122 3797 5149 ιι
3826 5100 3887 5152 Et

2257 5187 2468 5242 iterum
2500 5204 2513 5242 :
2547 5207 2571 5238 α
2622 5190 2739 5260 Ego
2787 5188 2845 5242 in
2889 5190 3079 5258 Patre,
3114 5196 3170 5244 et
3198 5192 3368 5247 Pater
3393 5192 3454 5246 in
3503 5209 3602 5247 me
3630 5195 3831 5264 (llud)
3855 5214 3881 5241 ι

2257 5282 2322 5336 Et
2345 5281 2556 5337 iterum
2590 5298 2603 5337 :
2641 5304 2668 5332 ‹‹
2695 5283 2868 5337 Pater
2894 5284 2952 5338 in
2980 5299 3074 5339 me
3110 5300 3368 5352 manens,
3402 5286 3541 5341 facit
3567 5304 3744 5360 opera
3772 5290 3879 5343 hac

2253 5377 2425 5445 (Joan.
2454 5392 2563 5443 xiv,
2611 5375 2718 5448 10).
2759 5398 2788 5427 ››
2830 5377 2901 5431 Et
2939 5378 3185 5434 Joannes
3220 5380 3571 5452 evangelista
3611 5384 3693 5439 ait
3725 5401 3740 5437 :
3776 5402 3801 5433 ι
3823 5382 3873 5435 ln

2254 5469 2530 5541 principio
2561 5475 2683 5525 erat
2709 5470 2955 5526 Verbum
2983 5476 3042 5528 et
3066 5473 3314 5528 Verbum
3352 5480 3474 5530 erat
3506 5478 3666 5547 apud
3693 5478 3873 5541 Deum.

2252 5566 2309 5617 et
2337 5565 2481 5618 Deus
2530 5566 2657 5619 erat
2700 5564 2951 5621 Verbum
2975 5567 3147 5636 (Joan.
3184 5583 3222 5635 ι,
3258 5568 3329 5637 1).
3360 5590 3389 5618 κ
3416 5568 3489 5625 Et
3516 5569 3733 5625 iterum
3770 5572 3873 5640 ipse

2253 5657 2321 5712 ad
2355 5658 2625 5713 Parthos:
2660 5680 2688 5709 «
2726 5660 2858 5715 Tres
2902 5665 3056 5727 sunt,
3095 5660 3300 5733 inquit,
3341 5662 3441 5734 qui
3494 5664 3865 5720 testimonium

2250 5752 2554 5822 perhibent
2575 5752 2637 5807 in
2668 5756 2824 5808 terra
2857 5771 2870 5819 ;
2903 5770 3071 5825 aqua,
3100 5755 3335 5826 sanguis
3372 5758 3431 5810 et
3470 5757 3724 5828 spiritus.
3750 5759 3865 5811 Tres

2249 5844 2306 5901 in
2334 5845 2498 5902 nobis
2528 5851 2678 5916 sunt,
2707 5852 2762 5903 et
2791 5853 2905 5904 tres
2932 5848 3029 5921 qui
3057 5850 3451 5907 testimonium
3490 5851 3789 5923 perhibent
3817 5852 3860 5903 in
