4062 6188
190 325 324 374 mm

1416 321 1882 378 unumunum
1921 313 2303 382 COLLECTlO.

3422 333 3552 385 1070

173 431 341 495 coelo,
390 429 568 494 Pater,
621 426 864 480 Verbum
908 429 963 480 et.
1006 427 1266 498 Spiritus.
1303 428 1366 483 Et
1395 428 1456 484 hi
1484 433 1599 484 tres
1629 446 1812 485 unum
1837 435 2208 516 Asaeculum,
2253 451 2440 506 neque
2487 435 2743 507 adjectus
2787 439 2872 491 est
2916 437 2989 504 ei,
3022 453 3212 509 neque
3255 436 3554 495 minuetur

173 526 334 577 sunt.
370 543 397 574 »
432 523 541 576 Nos
578 520 772 593 itaque
817 519 875 575 in
921 525 1124 576 natura
1161 521 1404 590 deitatis,
1451 523 1583 595 quia
1633 540 1816 579 unum

174 620 316 671 sunt
365 618 533 672 Pater
578 619 635 670 et
679 614 870 682 Filius,
920 631 1025 670 nec
1053 617 1278 670 Patrem
1309 616 1594 672 credimus
1627 618 1816 690 aliquo

177 714 440 781 tempore
467 709 836 781 prmoessisse,
879 726 948 764 ne
987 709 1168 780 major
1194 710 1265 764 sit
1292 709 1452 779 Filio,
1482 728 1585 767 nec
1613 712 1815 767 Filium

176 810 376 875 postea
420 809 616 858 natum
662 818 802 868 esse,
847 805 907 856 ut
946 802 1156 859 deitate
1188 805 1368 859 Patris
1393 805 1730 860 minoretur.
1761 806 1816 862 Si

175 897 420 968 zequalis
460 897 610 952 Patri
649 897 822 952 Filius
847 913 962 950 non
992 902 1094 966 est,
1127 914 1230 952 cur
1255 898 1336 953 ita
1360 899 1429 955 de
1454 899 1552 954 illo
1575 901 1816 954 Joannes

174 993 527 1066 evangelista
565 996 800 1049 testatus
844 996 928 1048 est
961 1010 973 1047 :
1008 995 1328 1066 Propterea,
1366 995 1571 1068 inquit,
1617 1011 1812 1068 perse-

172 1088 502 1160 quebantur
523 1087 704 1142 Judaei
727 1088 920 1142 Iesum
941 1091 998 1142 et
1016 1089 1347 1158 quaerebant
1378 1106 1508 1144 eum
1533 1090 1812 1158 occidere,

170 1182 309 1254 quia
351 1198 468 1237 non
512 1181 696 1236 solum
733 1181 987 1236 solvebat
1013 1181 1349 1252 Sabbatum,
1379 1184 1475 1239 sed
1505 1188 1562 1239 ct
1589 1186 1813 1239 Patrem

174 1293 349 1330 suum
369 1275 594 1330 dicebat
610 1276 809 1341 Deum,
831 1275 1107 1346 aequalem
1131 1293 1189 1330 se
1206 1276 1420 1331 faciens
1436 1279 1570 1354 Deo.
1595 1279 1661 1332 Et
1679 1279 1816 1332 Pau-

173 1371 268 1423 lus
296 1369 586 1440 apostolus
619 1384 633 1423 :
664 1389 691 1418 (ι
732 1369 844 1423 Hoc
871 1369 1080 1423 sentite
1117 1369 1176 1423 in
1219 1370 1400 1438 vobis,
1428 1370 1633 1443 inquit,
1663 1372 1816 1442 quod

173 1468 230 1516 et
265 1463 322 1516 in
349 1462 569 1517 Christo
599 1463 748 1516 Jesu.
773 1462 881 1526 Qui
909 1479 1039 1516 cum
1066 1462 1124 1517 in
1154 1464 1342 1519 forma
1373 1465 1470 1520 Dei
1498 1470 1648 1520 esset
1674 1481 1812 1520 con-

174 1557 430 1623 stitutus,
463 1573 574 1610 non
607 1556 868 1626 rapinam
916 1556 1222 1612 arbitratus
1255 1564 1340 1613 est
1383 1575 1507 1613 esse
1536 1576 1595 1614 se
1625 1576 1810 1632 requa-

174 1651 292 1703 lem
340 1651 473 1716 Deo,
520 1649 613 1703 sed
658 1649 1028 1720 semetipsum
1069 1651 1376 1706 cxinanivit
1399 1652 1643 1707 formam
1669 1654 1812 1709 servi

175 1743 464 1813 accipiens
495 1743 755 1813 (Philipp.
795 1759 852 1810 ιι,
887 1746 956 1805 5).
992 1765 1018 1790 ››
1054 1744 1121 1797 Et
1162 1743 1220 1798 in
1264 1745 1568 1801 Salomone
1602 1763 1614 1801 :
1656 1746 1812 1812 «Qui

1914 526 2026 594 illi;
2060 528 2182 598 ipse
2212 530 2294 583 est
2324 529 2479 583 enim
2510 529 2776 585 dominus
2813 535 3084 586 creaturae
3114 547 3252 600 suae,
3285 532 3383 603 qui
3407 533 3552 589 nihil

1917 621 2075 692 eguit
2105 622 2176 676 ab
2198 622 2410 694 aliquo.
2434 625 2500 678 Et
2529 623 2586 677 in
2613 625 2753 695 psal.
2784 640 2929 680 Lxxn
2961 641 2975 679 :
3008 625 3201 690 «Quid
3229 626 3385 681 enim
3405 628 3550 683 mihi

1917 718 2003 770 est
2025 715 2084 770 in
2111 717 2274 785 coelo,
2309 720 2365 770 et
2391 717 2461 771 ad
2489 719 2539 772 te
2566 718 2701 789 quid
2727 719 2877 773 volui
2896 736 3069 791 super
3095 723 3330 774 terram.
3360 741 3388 770 »
3420 723 3549 776 Haec

1917 809 2109 864 omnia
2135 810 2337 864 Filium
2383 827 2500 865 non
2537 811 2867 867 inferiorem
2897 817 3101 868 natura
3132 813 3549 886 demonstrant,

1916 903 2012 958 sed
2047 902 2438 975 aequalitatem
2473 904 2700 959 deitatis
2733 906 3098 974 annnntiant,
3138 907 3410 978 quoniam
3450 909 3548 982 qui

1917 1000 2156 1069 utraque
2188 999 2408 1052 locutus
2438 1003 2541 1065 est,
2570 1015 2768 1053 verum
2800 999 2959 1070 dixit,
2991 1001 3123 1072 quia
3152 1003 3369 1057 Veritas
3392 1019 3550 1058 men-

1915 1091 2009 1146 tiri
2055 1109 2170 1146 non
2215 1091 2420 1163 potuit.
2467 1092 2693 1160 Taliter,
2743 1093 2920 1148 frater
2944 1093 3294 1164 charissima,
3326 1113 3552 1169 semper

1913 1202 2040 1257 age,
2067 1188 2416 1257 caaterosque
2443 1202 2641 1242 omnes
2668 1203 2842 1258 agere
2877 1203 3073 1257 mone,
3107 1192 3169 1243 ut
3198 1189 3406 1245 abolito
3445 1191 3550 1245 hoc

1915 1280 2012 1351 qui
2066 1286 2233 1335 natus
2278 1279 2576 1335 videbatur
2621 1298 2838 1351 errore,
2873 1283 2934 1336 in
2964 1283 3193 1338 laudem
3225 1288 3282 1338 et
3312 1285 3549 1355 gloriam

1919 1373 2013 1428 Dei
2028 1389 2130 1444 per
2149 1377 2334 1429 totum
2358 1374 2639 1428 mundum
2663 1391 2774 1429 una
2791 1375 2930 1430 ﬁdes
2945 1375 3017 1430 sit
3034 1381 3090 1431 et
3105 1393 3219 1431 una
3239 1377 3552 1449 eademque

1915 1467 2210 1537 confessio,
2247 1490 2273 1517 (ι
2304 1473 2365 1522 ut
2397 1468 2454 1522 in
2480 1469 2708 1523 nomine
2728 1471 2859 1524 Jesu
2885 1486 3058 1524 omne
3087 1486 3240 1541 genu
3274 1471 3552 1541 ﬂectatur,

1914 1562 2247 1628 caelestium,
2277 1563 2626 1618 terrestrium
2656 1567 2708 1617 et
2736 1563 3116 1633 infernorum,
3151 1569 3207 1619 et
3233 1565 3422 1620 omnis
3450 1566 3556 1621 lin-

1917 1672 2029 1727 gua
2077 1657 2414 1711 conﬁteatur
2470 1657 2602 1728 quia
2653 1658 2926 1712 Dominus
2976 1660 3136 1714 Iesus
3183 1659 3438 1715 Christus
3493 1661 3553 1715 in

1918 1748 2100 1821 gloria
2150 1753 2234 1805 est
2287 1749 2386 1803 Dei
2444 1750 2624 1804 Patris
2671 1752 2927 1822 (Philipp.
2975 1767 3033 1821 ιι,
3070 1755 3170 1823 10).
3207 1777 3234 1802 ››
3273 1757 3413 1808 Data

179 1836 381 1907 genuit
407 1853 500 1890 me
530 1836 808 1908 requievit
827 1837 886 1891 in
909 1836 1268 1892 tabernaculo
1300 1856 1432 1894 meo
1453 1840 1635 1908 (Ecch'.
1667 1857 1814 1908 xxw,
1838 1822 1892 1893 Β
1917 1844 2106 1898 Nonas
2141 1844 2400 1914 Augusti,
2441 1844 2760 1900 Iustiniano
2799 1849 2856 1902 et
2891 1822 3211 1915 Athalarico
3253 1849 3314 1903 ιν
3342 1864 3549 1904 consu-

184 1930 292 1984 m.
329 1952 356 1978 ι»
405 1931 472 1983 Et
515 1929 676 1985 Isaias
706 1947 719 1984 :
749 1931 903 1985 Sicut
949 1937 1033 1986 est
1075 1931 1145 1984 ab
1186 1932 1373 2000 initio,
1425 1933 1505 1988 ita
1552 1951 1730 2006 usque
1757 1935 1813 1988 in

1917 1936 2082 1991 libus.

183 2133 3543 2160 ..._____________________________________

853 2347 1268 2443 INCIPIT
1374 2352 1918 2448 EPISTOLA
2013 2356 2471 2450 AGAPITI
2579 2358 2906 2450 PAP/E

351 2539 459 2602 Ad
482 2540 863 2606 Antemz'um
905 2542 1702 2628 Constantz'nopolz'lanum
1739 2551 2109 2630 episcopum
2143 2551 2220 2614 de
2255 2552 2508 2614 duabus
2538 2553 2794 2615 nalurz’s
2837 2554 2900 2614 in
2943 2571 3070 2615 uno
3112 2553 3388 2618 Clirz'slo.

253 2874 530 2928 Acarrws
551 2875 799 2929 Aureum
825 2875 1092 2947 episcOpo
1125 2877 1386 2934 salutem.

252 2966 425 3021 Multo
475 2967 682 3037 gaudio
735 2983 917 3023 essem
970 2971 1241 3041 repletus,
1296 2973 1343 3026 si
1371 2978 1427 3029 te
1451 2973 1624 3030 talem
1668 2975 1819 3030 circa

178 3060 443 3115 Ecclesiae
478 3077 680 3132 pacem
722 3065 780 3117 et
825 3062 1219 3133 gloriosissimi
1262 3066 1627 3138 imperatoris
1647 3073 1820 3140 atque

171 3153 378 3224 populi
409 3153 727 3210 doctrinam
754 3157 1118 3228 reperissem,
1147 3160 1374 3230 qualem
1407 3163 1463 3214 te
1486 3161 1543 3215 in
1573 3162 1817 3232 primor-
1839 3188 1893 3261 Ο

172 3248 275 3302 dio
306 3263 428 3304 esse
452 3249 663 3304 audivi.
696 3250 806 3305 Sed
838 3268 989 3306 nunc
1017 3253 1149 3323 quia
1177 3253 1480 3308 didicimus
1503 3271 1534 3308 a
1560 3271 1819 3312 reveren-

173 3341 430 3397 dissimis
454 3343 727 3398 fratribus
753 3347 808 3401 te
833 3349 1032 3400 contra
1061 3349 1278 3402 statuta
1305 3349 1538 3403 Patrum
1569 3349 1815 3421 impera-

173 3442 368 3492 torem
397 3441 453 3492 et
478 3437 728 3509 reliquos
756 3440 995 3510 populos
1022 3439 1247 3508 docere,
1282 3441 1361 3496 ita
1389 3446 1456 3497 ut
1483 3448 1692 3512 negata
1721 3445 1821 3498 hu-

171 3547 367 3586 mana:
387 3531 574 3586 carnis
595 3537 767 3604 atque
787 3536 994 3588 animae
1010 3535 1246 3590 veritate
1267 3539 1491 3590 tantum
1513 3537 1818 3592 Dominum

172 3629 440 3681 nostrum
464 3627 655 3680 Jesum
681 3627 967 3682 Christum
995 3627 1163 3682 unius
1188 3645 1405 3684 asseras
1433 3647 1556 3685 esse
1579 3634 1816 3699 naturze,

173 3724 460 3790 tanquam
501 3719 669 3774 Verbi
714 3720 891 3776 deitas
939 3721 1064 3792 ipsa
1105 3739 1164 3776 se
1193 3723 1252 3777 in
1279 3739 1511 3778 carnem
1537 3724 1818 3779 animam-

173 3830 294 3884 que
319 3813 570 3880 verterit,
624 3819 681 3870 et
723 3818 998 3885 tanquam
1041 3816 1264 3888 concipi
1295 3833 1359 3871 ac
1398 3817 1574 3886 nasci,
1615 3818 1818 3873 nutriri

172 3912 238 3961 et
264 3923 542 3974 crescere,
575 3907 828 3979 cruciﬁgi
863 3924 928 3963 ac
955 3909 1122 3977 mori,
1152 3910 1376 3981 sepeliri
1405 3927 1467 3965 ac
1496 3927 1816 3982 resurgere,

172 4006 237 4056 et
264 4001 575 4056 ascendere
606 4002 667 4055 in
695 4001 922 4070 caelum,
966 4003 1164 4058 sedere
1199 4003 1272 4057 ad
1298 4004 1593 4060 dexteram
1619 4005 1816 4072 Patris,

171 4094 376 4150 venire
405 4095 475 4148 ad
498 4094 840 4165 judicandos
865 4095 1016 4151 vivos
1047 4100 1105 4151 et
1131 4100 1410 4167 mortuos,
1451 4097 1658 4153 divinae
1693 4102 1817 4154 tan-

171 4194 303 4243 tum
356 4187 660 4244 voluntatis
698 4189 869 4244 fuerit
909 4205 1036 4261 quae
1084 4189 1224 4243 nihil
1272 4190 1482 4245 horum
1522 4191 1579 4245 in
1610 4207 1668 4247 se
1696 4192 1818 4247 sine

167 4283 367 4337 carnis
408 4281 622 4353 recepit
667 4282 924 4349 veritate,
973 4299 1102 4355 quae
1151 4289 1352 4338 natura
1391 4283 1547 4339 unita
1598 4288 1819 4340 natura:

165 4377 356 4432 Patris
409 4382 614 4431 natura
666 4379 751 4431 est
794 4376 1036 4447 Spiritus
1078 4378 1259 4432 sancti
1299 4378 1588 4449 simulque
1614 4378 1820 4450 impas-

164 4469 379 4538 sibilis,
409 4469 694 4542 simulque
727 4470 1208 4526 incommutabilis
1237 4472 1604 4542 sempiterna:
1633 4472 1816 4527 Trini-

1917 2883 2157 2954 apostoli
2205 2885 2542 2950 docuerunt,
2584 2890 2640 2939 et
2669 2887 2944 2939 hactenus
2973 2901 3174 2939 eorum
3207 2901 3556 2956 suorumque

1921 2993 2305 3032 successorum
2346 2994 2608 3050 sequens,
2650 2982 2846 3033 sancta
2885 2979 3006 3032 haec
3037 2979 3290 3032 Romana
3332 2981 3390 3032 et
3418 2997 3553 3050 apo-

1919 3072 2112 3126 stolica
2143 3072 2385 3127 Ecclesia
2415 3071 2733 3127 doctrinam
2770 3073 2957 3127 tenuit
2987 3089 3050 3127 ac
3079 3076 3252 3139 tenet,
3283 3072 3476 3127 docuit
3503 3077 3558 3127 et

1919 3165 2099 3219 docet.
2129 3165 2420 3236 Siquidem
2447 3167 2598 3220 enim
2629 3166 2703 3220 ita
2727 3169 2862 3219 sunt
2881 3165 3167 3232 obcmcati,
3202 3169 3257 3220 et
3283 3167 3553 3220 alumine

1921 3253 2168 3308 veritatis
2196 3254 2388 3320 alieni,
2431 3260 2492 3308 ut
2524 3255 2691 3308 Verbi
2720 3255 2817 3308 Dei
2848 3272 2880 3308 a
2924 3259 3177 3325 tempore
3218 3255 3555 3308 incarnatio-

1921 3348 2008 3400 nis
2039 3348 2324 3418 denegent
2351 3348 2671 3416 veritatem,
2703 3349 3006 3402 ostendant
3033 3349 3090 3402 in
3120 3365 3232 3418 quo
3266 3348 3370 3401 sibi
3400 3350 3555 3402 Chri-

1921 3441 2165 3495 stianum
2195 3457 2408 3495 nomen
2431 3445 2726 3512 usurpent,
2749 3445 2804 3495 et
2825 3459 2950 3496 eum
2976 3441 3283 3511 Evangelii)
3306 3442 3556 3494 veritatis

1920 3552 2032 3606 qua
2080 3535 2295 3590 ratione
2342 3535 2706 3600 concordent,
2765 3537 2809 3588 si
2858 3552 2958 3606 per
3009 3534 3251 3603 Virginis
3303 3538 3550 3605 partum,

1921 3635 2018 3682 aut
2043 3646 2170 3683 caro
2195 3629 2317 3683 sine
2346 3629 2576 3694 deitate,
2606 3634 2702 3683 aut
2728 3629 2909 3683 deitas
2937 3634 3016 3683 est
3049 3632 3170 3682 orta
3207 3628 3327 3682 sine
3359 3645 3550 3682 carne.

1921 3723 2078 3778 Sicut
2108 3724 2262 3776 enim
2305 3722 2502 3793 negari
2548 3739 2657 3776 non
2711 3727 2889 3792 potest
2916 3722 3281 3793 (evangelista
3309 3722 3551 3784 dicente)

1921 3817 2072 3888 quod
2105 3817 2346 3870 Verbum
2380 3832 2510 3870 caro
2538 3815 2754 3870 factum
2780 3821 2866 3870 est
2890 3819 2946 3871 et
2975 3815 3243 3870 habitavit
3276 3817 3332 3869 in
3362 3815 3550 3878 nobis,

1921 3912 2000 3964 ita
2029 3911 2231 3980 negari
2258 3926 2373 3964 non
2412 3915 2595 3981 potest
2640 3909 2820 3977 (beato
2847 3910 3102 3980 apostolo
3132 3909 3305 3963 Paulo
3345 3910 3550 3980 praedi-

1923 4007 2102 4072 cante)
2135 4003 2284 4075 quod
2312 4005 2457 4058 Deus
2481 4006 2606 4058 erat
2634 4003 2690 4057 in
2719 4003 2960 4069 Christo,
2993 4003 3274 4058 mundum
3303 4004 3551 4057 reconci-

1925 4099 2066 4152 lians
2109 4098 2235 4152 sibi.
2281 4097 2418 4162 Quae
2451 4100 2641 4151 autem
2678 4096 3060 4152 reconciliatio
3089 4114 3207 4150 esse
3236 4100 3422 4167 posset
3445 4114 3556 4168 qua

1920 4192 2175 4246 humano
2226 4190 2424 4261 generi
2469 4190 2943 4262 repropitiaretur
2997 4191 3164 4257 Deus,
3221 4190 3263 4244 si
3309 4189 3555 4244 hominis

1921 4301 2146 4339 causam
2187 4285 2468 4340 mediator
2501 4284 2598 4338 Dei
2637 4287 2693 4339 et
2721 4284 3021 4338 hominum
3050 4301 3164 4338 non
3193 4285 3505 4354 susciperet
3527 4285 3552 4337 Ῥ

1919 4381 2040 4442 Qua
2083 4396 2216 4434 vero
2260 4378 2483 4434 ratione
2514 4379 2808 4432 veritatem
2841 4378 3168 4434 mediatoris
3198 4378 3415 4448 implet,
3448 4378 3556 4431 nisi

1920 4472 2019 4542 qui
2057 4473 2116 4526 in
2145 4473 2330 4526 forma
2365 4472 2460 4527 Dei
2491 4471 2726 4543 aequalis
2769 4477 2852 4526 est
2893 4472 3062 4537 Patri,
3100 4473 3156 4525 in
3193 4472 3377 4525 forma
3412 4472 3554 4525 servi

163 4566 308 4619 tatis
359 4563 600 4618 indivisa
637 4564 846 4631 unitas,
874 4569 931 4619 et
961 4565 1128 4619 unius
1159 4565 1466 4620 voluntatis
1499 4565 1816 4637 inqualitas,
1842 4560 1899 4632 D
1922 4565 2204 4636 particeps
2245 4569 2395 4618 esset
2433 4569 2490 4620 et
2536 4565 2732 4630 nostri,
2766 4570 2829 4618 ut
2849 4564 3045 4618 mortis
3070 4564 3359 4618 vinculum
3387 4563 3555 4616 unius

170 4659 332 4713 unde
374 4659 420 4712 si
470 4657 678 4728 aliquis
720 4657 887 4712 malae
933 4658 1240 4713 voluntatis
1287 4660 1414 4727 hoc,
1457 4662 1557 4714 aut
1578 4659 1822 4714 inﬁdelis

168 4753 421 4826 quisque
447 4751 706 4806 desciscit
727 4768 800 4806 ne
822 4751 1187 4806 convincatur
1207 4752 1476 4807 deitatem
1498 4752 1821 4824 passibilem

168 4847 392 4902 sentire
428 4850 601 4917 atque
643 4846 966 4914 mortalem,
1004 4851 1062 4900 et
1095 4850 1287 4901 tamen
1314 4846 1480 4900 Verbi
1523 4846 1820 4912 incarnati,

169 4942 234 4996 id
281 4945 369 4996 est
414 4939 577 4994 Verbi
623 4943 680 4994 et
723 4939 908 4994 carnis
949 4955 1123 4994 unam
1159 4957 1328 4994 ausus
1371 4939 1542 4995 fuerit
1565 4956 1818 5010 pronun-

165 5037 318 5090 tiare
345 5037 630 5103 naturam,
672 5033 972 5088 manifeste
1021 5034 1079 5087 in
1120 5037 1378 5104 apertam
1408 5037 1467 5087 et
1491 5033 1618 5088 ideo
1646 5033 1823 5088 odibi-

167 5132 290 5184 lem
325 5127 527 5183 transit
548 5127 856 5194 insaniam,
887 5127 983 5198 qui
1012 5127 1387 5182 mediatorem
1428 5127 1523 5182 Dei
1552 5133 1608 5183 et
1635 5127 1819 5181 homi-

166 5239 322 5278 num
380 5223 573 5275 Iesum
626 5221 913 5276 Christum
972 5221 1322 5276 simulatorie
1389 5221 1569 5276 credit
1631 5221 1821 5276 omnia

167 5317 388 5388 egisse,
415 5331 522 5370 nec
547 5331 747 5370 verum
779 5315 837 5369 in
864 5315 1090 5370 Christo
1109 5331 1334 5386 corpus,
1357 5315 1455 5369 sed
1481 5315 1821 5386 phantasma

163 5412 301 5482 ejus
327 5409 580 5480 corporis
600 5409 848 5480 speciem
877 5409 1052 5464 oculis
1077 5409 1408 5480 apparuisse
1436 5407 1816 5463 cernentium.

159 5506 313 5570 Quae
341 5502 644 5574 impietatis
672 5503 971 5558 mendacia
995 5503 1268 5575 quoniam
1296 5503 1434 5557 olim
1469 5502 1609 5557 fides
1630 5502 1822 5556 catho-

164 5600 291 5652 lica
329 5597 661 5664 detestatur,
697 5602 753 5652 et
779 5597 914 5651 talia
943 5597 1324 5652 assertionum
1357 5595 1653 5667 sacrilegia
1679 5611 1818 5650 con-

166 5690 450 5746 cordibus
480 5707 584 5762 per
610 5693 793 5746 totum
819 5691 1098 5746 mundum
1127 5691 1421 5745 beatorum
1450 5691 1680 5744 Patrum
1713 5690 1820 5743 du-

165 5788 320 5838 dum
347 5788 479 5838 sunt
503 5785 771 5840 damnata
802 5785 1114 5851 sententiis,
1153 5801 1264 5839 non
1301 5783 1538 5838 dubium
1584 5787 1670 5838 est
1694 5800 1823 5840 eam

169 5896 290 5934 nos
333 5878 503 5933 ﬁdem
553 5879 862 5951 praedicare
896 5883 1066 5952 atque
1097 5877 1405 5935 defendere
1435 5894 1605 5951 quam
1646 5878 1822 5933 sancti

1922 4658 2383 4730 praevaricatione
2426 4662 2782 4712 contractum
2825 4657 2994 4711 unius
3039 4662 3242 4723 morte,
3275 4657 3373 4727 qui
3407 4656 3556 4710 solus

1925 4754 2090 4807 morti
2138 4751 2278 4806 nihil
2329 4751 2545 4817 debuit,
2592 4751 2950 4804 solveretur?
2997 4749 3206 4804 Ell‘usio
3238 4750 3392 4805 enim
3415 4751 3556 4820 justi

1923 4846 2217 4918 sanguinis
2245 4845 2451 4902 Christi
2486 4851 2600 4900 tam
2631 4845 2738 4898 fuit
2781 4843 2935 4897 dives
2981 4843 3050 4898 ad
3097 4845 3365 4914 pretium,
3413 4848 3478 4899 ut
3511 4845 3552 4897 si

1923 4941 2260 4996 universitas
2305 4939 2659 5010 captivorum
2702 4937 2759 4991 in
2788 4937 3216 5008 redemptorem
3247 4955 3414 4993 suum
3443 4956 3558 4992 cre-

1923 5036 2101 5103 deret,
2137 5034 2352 5088 nullum
2378 5032 2592 5087 diaboli
2615 5031 2904 5086 vinculum
2938 5033 3243 5097 retineret;
3285 5033 3554 5103 quoniam

1922 5129 2068 5183 sicut
2093 5129 2385 5199 Apostolus
2412 5127 2532 5180 ait:
2570 5148 2596 5174 ‹‹
2631 5126 2734 5180 Ubi
2772 5126 3082 5180 abundavit
3123 5133 3432 5196 peceatum,
3471 5143 3556 5179 su-

1925 5221 2331 5294 perabundavit
2374 5226 2431 5275 et
2469 5220 2653 5290 gratia
2688 5221 2735 5289 (1
2768 5223 2901 5276 Tim.
2940 5237 2975 5284 ι,
3011 5220 3112 5288 14).
3149 5241 3175 5266 ››
3210 5221 3421 5272 Etcum
3452 5219 3555 5271 sub

1926 5316 2142 5387 peccati
2192 5314 2526 5386 praajudicio
2575 5313 2692 5368 nati
2744 5315 3087 5385 potestatem
3133 5311 3455 5380 acceperint
3487 5313 3555 5364 ad

1915 5409 2197 5481 justitiam
2238 5408 2596 5478 renascendi,
2641 5407 2879 5462 validius
2904 5407 3115 5460 factum
3142 5410 3225 5458 est
3247 5404 3459 5458 donum
3490 5404 3553 5458 li-

1923 5504 2156 5559 bertatis
2184 5519 2356 5574 quam
2391 5501 2650 5557 debitum
2676 5501 2983 5557 servitutis.
3019 5500 3202 5562 Quam
3230 5496 3420 5567 itaque
3453 5498 3559 5552 sibi

1923 5598 1982 5652 in
2027 5598 2196 5669 hujus
2231 5596 2568 5652 sacramenti
2602 5594 2860 5666 praesidio
2887 5608 3048 5663 spem
3081 5591 3429 5661 relinquunt,
3459 5593 3557 5663 qui

1925 5691 1983 5746 in
2011 5691 2295 5746 Salvatore
2331 5695 2524 5745 nostro
2563 5691 2779 5759 negant
2807 5685 3041 5740 humani
3082 5684 3331 5755 corporis
3362 5685 3558 5740 verita-

1925 5789 2039 5839 tem
2055 5785 2082 5840 ?
2105 5785 2307 5840 Dicant
2327 5801 2441 5856 quo
2466 5781 2739 5838 sacriﬁcio
2759 5779 3128 5848 reconciliati,
3144 5795 3258 5849 quo
3280 5779 3558 5850 sanguine

1926 5883 2059 5933 sunt
2086 5878 2409 5949 redempti?
2439 5900 2464 5924 ‹‹
2495 5876 2631 5941 Quis
2655 5877 2758 5941 est,
2784 5878 2846 5930 ut
2873 5873 3168 5946 Apostolus
3191 5874 3291 5945 ait,
3324 5873 3423 5946 qui
3443 5879 3555 5931 tra-
