4062 6188
431 314 559 368 um
1326 313 1607 367 APPEND.
1650 312 1736 365 AD
1776 312 1935 366 SACC.
1978 313 2065 365 1X.
2091 342 2155 349 —
2197 312 2439 367 lSlDORl
2477 311 2905 367 MERCATORIS
3672 314 3809 365 l07'2

426 423 570 476 didit
602 421 976 491 semetipsum
1013 438 1113 492 pro
1157 421 1321 475 nobis
1352 421 1696 476 oblationem
1727 426 1783 475 et
1810 420 2053 474 hostiam
2079 431 2138 505 Α
2159 420 2531 489 declaratum,
2560 420 2681 475 sine
2708 420 2944 475 veritate
2964 420 3151 475 carnis
3171 436 3285 474 non
3305 419 3611 490 juberetur
3626 423 3815 474 trans-

424 518 540 570 Deo
572 515 628 568 in
658 515 895 569 odorem
921 515 1244 581 suavitatis;
1300 536 1325 563 ››
1381 517 1480 569 aut
1505 514 1656 585 quod
1684 530 1935 586 unquam
1969 531 2054 567 sa-
2158 513 2294 567 ferri
2339 515 2398 567 in
2429 516 2734 585 Egyptum
2760 529 2923 584 puer,
2955 518 3014 569 et
3048 513 3121 569 ab
3148 513 3380 568 Herodis
3404 512 3815 584 persecutione

426 608 699 662 orificium
727 608 836 662 fuit
871 609 1142 664 sacratius
1161 625 1333 681 quam
1358 609 1512 681 quod
1535 624 1702 662 verus
1727 611 1784 662 et
1814 614 2059 663 aeternus
2161 607 2417 661 subduci.
2447 607 2579 663 Sine
2610 606 2776 662 Verbi
2801 608 3055 678 potentia
3096 624 3215 663 non
3246 607 3459 662 diceret
3484 624 3595 662 vox
3629 607 3815 661 Patris

424 703 687 757 Pontifex
714 701 875 757 altari
908 702 1089 757 crucis
1114 719 1215 774 per
1237 702 1696 758 immolationem
1727 718 1843 757 suae
1873 701 2060 756 carnis
2160 701 2333 756 missa
2378 702 2446 756 de
2497 702 2635 756 coelo
2669 718 2681 755 :
2720 724 2747 751 (ι
2793 701 2890 756 Hic
2934 705 3020 757 est
3065 701 3232 756 Filius
3266 718 3427 757 meus
3475 702 3725 756 dilectus
3752 702 3813 755 in

427 797 743 867 imposuit?
784 799 844 869 In
892 801 1194 868 conspectu
1238 796 1468 852 Domini
1494 796 1745 867 pretiosa
1786 812 1939 850 mors
1960 796 2058 866 ju-
2160 810 2272 866 quo
2301 794 2443 849 mihi
2479 795 2626 849 bene
2653 794 2991 865 complacui,
3017 795 3208 867 ipsum
3237 795 3432 850 audite
3459 795 3686 865 (Matth.
3730 812 3811 859 in,

426 895 647 945 storum
692 891 817 960 fuit,
862 892 1071 946 nullius
1102 894 1299 946 tamen
1327 891 1570 946 insontis
1597 890 1801 945 occisio
1830 889 2060 944 redem-
2164 888 2270 957 l7);
2302 908 2328 938 ι)
2363 891 2422 941 et
2448 888 2568 943 sine
2598 888 2830 943 veritate
2859 888 3044 943 carnis
3062 904 3178 943 non
3202 892 3621 960 protestaretur
3638 890 3813 943 Joan-

426 986 546 1055 ptio
595 985 705 1040 fuit
752 985 974 1040 mundi.
1032 988 1384 1056 Acceperunt
1429 985 1590 1055 justi,
1630 1001 1744 1039 non
1779 984 2062 1039 dederunt

424 1096 675 1134 coronas.
714 1080 791 1134 De
822 1079 1160 1134 fortitudine
1189 1078 1445 1134 ﬁdelium
1474 1079 1735 1149 exempla
1772 1079 1904 1132 nata
1930 1082 2062 1132 sunt

426 1174 732 1244 patientiae,
765 1189 878 1227 non
908 1172 1061 1227 dona
1081 1172 1334 1243 justitiae.
1365 1173 1693 1244 Singulares
1716 1172 1929 1243 quippe
1953 1171 2063 1226 sin-

427 1267 572 1337 gulis
594 1270 802 1322 mortes
822 1266 1077 1334 fuerunt,
1099 1282 1204 1322 nec
1226 1266 1460 1321 alterius
1480 1266 1781 1338 quisquam
1806 1266 2061 1320 debitum

427 1379 526 1415 suo
564 1362 675 1415 ﬁne
715 1362 1004 1432 persolvit,
1048 1377 1177 1416 cum
1220 1360 1367 1414 ﬁlius
1410 1360 1676 1427 hominis,
1720 1376 1866 1414 unus
1909 1361 2063 1414 solus

428 1455 703 1510 Dominus
744 1461 933 1509 noster
970 1457 1129 1510 Jesus
1152 1454 1426 1522 Christus,
1460 1453 1557 1525 qui
1579 1470 1709 1508 vere
1736 1470 1919 1525 agnus
1944 1457 2064 1509 erat

423 1549 857 1625 immaculatus,
910 1549 1208 1604 exstiterit.
1281 1551 1340 1603 In
1384 1564 1496 1620 quo
1542 1564 1741 1602 omnes
1788 1547 2060 1613 cruciﬁxi,

2162 998 2261 1035 nes
2308 998 2320 1035 :
2372 1003 2399 1030 ‹‹
2428 984 2568 1037 Ecce
2620 988 2815 1053 Agnus
2878 983 3000 1037 Dei.
3056 983 3195 1037 Ecce
3248 983 3347 1055 qui
3395 982 3548 1037 tollit
3574 987 3815 1053 peccata

2160 1076 2361 1130 mundi
2388 1076 2561 1145 (Joan.
2596 1093 2633 1144 1,
2673 1078 2783 1147 29).
2834 1098 2860 1124 ››
2908 1075 3039 1132 Sine
3080 1076 3247 1131 Verbi
3294 1076 3555 1147 potentia
3602 1076 3815 1131 reinte-

2164 1170 2344 1239 gratio
2370 1185 2485 1223 non
2512 1169 2676 1225 ﬁeret
2701 1169 2978 1225 debilium
3001 1173 3060 1224 et
3080 1170 3378 1225 viviﬁcatio
3405 1175 3811 1239 mortuorum;

2162 1267 2219 1317 et
2261 1263 2383 1318 sine
2428 1263 2666 1319 veritate
2710 1264 2918 1335 carnis,
2973 1280 3077 1320 nec
3104 1264 3262 1320 cibus
3279 1264 3502 1335 jejuno,
3532 1280 3643 1319 nec
3669 1280 3816 1318 som—

2163 1373 2272 1411 nus
2299 1360 2446 1411 esset
2477 1357 2825 1414 necessarius
2864 1358 3125 1429 fatigato.
3154 1359 3446 1413 Postremo
3487 1359 3616 1413 sine
3643 1358 3815 1412 Verbi

2164 1451 2419 1522 potentia
2438 1467 2556 1506 non
2575 1467 2634 1507 se
2648 1452 2921 1507 Dominus
2936 1452 3087 1508 Patri
3103 1452 3469 1524 proﬁteretur
3487 1452 3777 1524 aequalem
3796 1470 3813 1519 ;

2165 1551 2222 1599 et
2250 1545 2372 1599 sine
2424 1545 2657 1601 veritate
2701 1546 2887 1601 carnis
2926 1563 3044 1601 non
3078 1546 3232 1602 idem
3275 1546 3493 1600 diceret
3534 1547 3707 1600 Patre
3759 1562 3817 1601 se

427 1660 626 1699 omnes
675 1644 907 1712 mortui,
961 1659 1164 1697 omnes
1208 1643 1433 1713 sepulti,
1486 1658 1685 1697 omnes
1727 1645 1860 1696 sunt
1890 1641 2064 1697 etiam
2165 1655 2286 1694 esse
2314 1639 2617 1707 minorem,
2644 1627 2776 1694 cum
2803 1639 3083 1694 catholica
3110 1639 3249 1695 ﬁdes
3280 1643 3600 1710 utrumque
3633 1640 3815 1694 susci-

428 1738 697 1805 suscitati,
732 1738 803 1791 de
848 1736 1052 1808 quibus
1089 1736 1208 1807 ipse
1238 1735 1458 1791 dicebat
1494 1753 1507 1790 :
1556 1756 1583 1784 «
1614 1735 1756 1791 Cum
1784 1735 2064 1790 exaltatus
2087 1806 2123 1808 _
2168 1733 2304 1804 piat,
2355 1736 2669 1804 utrumque
2719 1733 3010 1802 defendat,
3061 1750 3193 1805 quas
3240 1733 3558 1787 secundum
3584 1734 3817 1788 confes-

429 1832 590 1887 fuero
637 1848 669 1885 a
710 1806 883 1897 terra,
931 1806 1127 1884 omnia
1168 1829 1393 1884 traham
1434 1828 1507 1883 ad
1557 1828 1841 1900 meipsum
1888 1828 2064 1899 (Joan.
2086 1806 2143 1877 B
2170 1826 2389 1881 sionem
2420 1826 2573 1882 beati
2602 1827 2753 1882 Petri
2784 1826 3021 1899 apostoli
3051 1843 3232 1882 unum
3256 1826 3549 1884 Christum
3575 1828 3681 1882 Dei
3708 1827 3819 1881 vivi

426 1942 524 1991 xu,
555 1926 661 1995 32),
697 1946 723 1973 n
771 1925 913 1979 ﬁdes
959 1923 1173 1979 etenim
1211 1923 1530 1994 justiﬁcans
1556 1922 1763 1994 impios
1787 1926 1844 1977 et
1869 1938 2071 1977 creans
2170 1919 2376 1976 Filium
2404 1926 2461 1975 et
2488 1921 2783 1976 hominem
2814 1921 2998 1977 credit
3024 1924 3082 1975 et
3106 1937 3332 1991 verum,
3371 1921 3635 1976 Christus
3670 1923 3819 1976 Deus

419 2020 604 2089 justos
652 2019 721 2074 ad
768 2018 1109 2074 humilitatis
1161 2022 1405 2072 retracta
1450 2016 1836 2088 participium,
1881 2016 1941 2071 in
1971 2016 2068 2070 illo
2168 2021 2366 2070 noster
2412 2031 2577 2069 verus
2623 2015 2700 2070 ita
2729 2016 2877 2070 inter
2907 2016 3089 2070 Deum
3116 2018 3176 2069 et
3201 2015 3494 2070 hominem
3524 2015 3820 2071 mediator

2170 2109 2453 2181 apparuit,
2479 2112 2541 2163 ut
2586 2109 2646 2162 in
2674 2109 2889 2164 unitate
2911 2125 3167 2180 personas
3194 2110 3466 2181 copulans
3501 2112 3818 2181 utramque

2169 2209 2454 2271 naturam,
2506 2207 2562 2258 et
2612 2202 2774 2257 solita
2812 2203 3145 2259 sublimaret
3191 2202 3455 2273 insolitis,
3493 2209 3553 2258 et
3592 2203 3819 2258 insolita

2172 2297 2347 2353 solitis
2362 2301 2737 2367 temperaret.
2753 2295 2898 2361 Quid
2914 2296 3128 2368 igitur?
3145 2297 3288 2352 Cum
3307 2296 3568 2353 Christus
3579 2297 3655 2352 sit
3665 2299 3820 2352 Deus

2171 2397 2228 2448 et
2247 2392 2444 2459 homo,
2467 2390 2719 2461 loquitur
2734 2390 2927 2456 homo,
2948 2393 3005 2445 et
3016 2389 3382 2446 calumniaris
3394 2391 3509 2445 Deo
3522 2391 3553 2445 ?
3573 2392 3673 2446 Ille
3685 2392 3749 2445 in
3761 2407 3816 2446 se

2171 2490 2439 2541 naturam
2470 2483 2842 2539 commendat
2864 2483 3200 2552 humanam,
3223 2483 3282 2538 in
3304 2484 3399 2538 illo
3427 2484 3611 2539 audes
3629 2485 3819 2540 defor-

2172 2596 2334 2635 mare
2365 2578 2614 2634 divinam
2636 2578 2663 2632 ‘I
2694 2576 2929 2633 Gemina
2953 2594 3092 2649 ergo
3123 2582 3208 2633 est
3236 2578 3551 2633 substantia
3581 2579 3818 2647 Christi,

2171 2673 2361 2728 divina
2388 2670 2620 2740 scilicet,
2662 2687 2774 2743 qua
2818 2671 3055 2743 aequalis
3081 2675 3167 2726 est
3194 2671 3367 2740 Patri,
3395 2672 3656 2728 humana
3682 2688 3822 2727 vero

2172 2782 2286 2839 qua
2315 2765 2506 2820 minor
2532 2770 2617 2820 est
2640 2766 2804 2820 Patre
2835 2782 2847 2818 :
2880 2770 3186 2836 utrumque
3235 2768 3432 2820 autem
3478 2766 3653 2821 simul
3702 2784 3824 2822 non

2171 2861 2304 2927 duo,
2361 2860 2461 2915 sed
2514 2875 2658 2914 unus
2708 2858 2984 2926 Christus,
3046 2875 3118 2914 ne
3150 2859 3219 2913 sit
3246 2861 3607 2931 quaternitas
3644 2863 3821 2917 Deus.

426 2112 667 2185 acquirit
708 2114 948 2167 salutem
984 2111 1044 2166 in
1073 2127 1188 2182 quo
1217 2111 1337 2165 solo
1369 2111 1544 2164 homo
1575 2128 1633 2164 se
1666 2109 1884 2165 invenit
1913 2110 2071 2164 inno-

429 2212 676 2274 centem,
731 2207 979 2260 liberum
1024 2205 1241 2259 habens
1282 2222 1384 2275 per
1427 2204 1671 2275 gratiam
1711 2204 1808 2258 Dei
1855 2203 1925 2258 de
1951 2202 2072 2273 ejus

428 2300 684 2369 potentia
712 2299 961 2371 gloriari,
991 2298 1091 2370 qui
1111 2303 1307 2353 contra
1333 2298 1557 2352 hostem
1577 2296 1811 2352 humani
1841 2296 2069 2368 generis

427 2394 485 2447 in
518 2394 700 2448 carnis
738 2398 943 2448 nostrae
997 2391 1319 2447 humilitate
1358 2407 1717 2462 congressus,
1768 2391 1852 2445 his
1887 2390 2063 2445 victo-

426 2490 574 2543 riam
603 2505 761 2542 suam
806 2487 1005 2542 tribuit
1047 2487 1105 2540 in
1134 2503 1380 2558 quorum
1405 2502 1644 2558 corpore
1676 2484 2068 2557 triumphavit.

429 2585 580 2639 Licet
608 2599 746 2654 ergo
777 2583 835 2637 in
862 2599 981 2637 uno
1016 2580 1254 2636 Domino
1290 2584 1489 2636 nostro
1516 2581 1645 2635 Jesu
1674 2579 1898 2635 Christo
1939 2595 2071 2634 vero

428 2678 527 2731 Dei
554 2680 725 2749 atque
748 2676 995 2731 hominis
1021 2675 1182 2743 Filio,
1208 2673 1374 2729 Verbi
1401 2676 1458 2730 et
1482 2673 1665 2728 carnis
1695 2690 1806 2728 una
1830 2688 2073 2745 persona

432 2772 522 2839 sit,
578 2786 707 2842 quae
757 2768 1212 2841 inseparabiliter
1252 2771 1426 2838 atque
1477 2767 1716 2821 indivise
1744 2767 1952 2820 habeat
1979 2781 2067 2819 ac-

433 2865 617 2918 tiones
648 2879 1005 2932 communes,
1032 2860 1424 2931 intelligenda:
1446 2863 1640 2915 tamen
1662 2864 1794 2914 sunt
1814 2861 2073 2930 ipsorum

433 2974 671 3029 operum
698 2956 1018 3027 qualitates,
1052 2960 1108 3011 et
1150 2954 1226 3008 sic
1254 2970 1398 3008 verae
1429 2954 1559 3009 ﬁdei
1590 2953 2071 3024 contemplatione
2173 2954 2327 3010 Sicut
2378 2953 2534 3008 enim
2575 2968 2726 3008 unus
2768 2956 2854 3008 est
2897 2953 3071 3008 homo
3108 2953 3169 3008 in
3214 2954 3402 3009 anima
3445 2956 3721 3011 rationali
3765 2963 3827 3012 et

437 3050 791 3106 cernendum
826 3054 928 3115 est,
957 3048 1029 3102 ad
1045 3064 1174 3120 quae
1188 3047 1538 3119 provehatur
1554 3046 1840 3103 humilitas
1862 3047 2071 3114 carnis,
2173 3064 2363 3115 carne,
2391 3047 2469 3101 sic
2513 3064 2662 3102 unus
2698 3050 2783 3101 est
2816 3046 3075 3104 Christus
3114 3048 3261 3103 Deus
3298 3052 3358 3103 et
3386 3048 3587 3119 homo,
3618 3054 3677 3105 et
3720 3068 3828 3122 per

433 3151 489 3200 et
511 3145 581 3199 ad
607 3161 736 3216 quae
765 3142 1068 3197 inclinetur
1089 3141 1328 3196 altitudo
1356 3141 1581 3196 deitatis
1605 3158 1617 3207 ;
1660 3140 1798 3213 quid
1825 3140 1896 3195 sit
1923 3140 2072 3211 quod
2094 3179 2149 3253 Ο
2174 3143 2281 3196 hoc
2322 3141 2579 3197 Christus
2624 3141 2771 3196 Deus
2811 3141 3005 3197 anima
3044 3142 3342 3198 rationalis
3378 3148 3435 3198 et
3460 3160 3617 3199 caro.
3648 3145 3825 3200 Chri-

434 3255 562 3293 earo
606 3237 725 3292 siue
754 3235 935 3292 Verbo
963 3252 1078 3290 non
1119 3235 1256 3306 agit,
1290 3238 1349 3289 et
1373 3233 1506 3305 quid
1540 3234 1613 3288 sit
1641 3234 1794 3306 quod
1826 3234 2073 3288 Verbum
2098 3233 2149 3253 υ
2173 3240 2322 3290 stum
2338 3235 2397 3290 in
2416 3235 3103 3303 hisomuibus,Christum
3122 3236 3181 3291 in
3197 3236 3436 3309 singulis
3448 3237 3825 3294 conﬁtemur.

434 3334 558 3387 sine
587 3348 755 3385 carne
783 3347 896 3384 non
918 3328 1108 3384 efﬁcit.
1139 3328 1273 3383 Sine
1302 3326 1467 3383 Verbi
1496 3326 1651 3383 enim
1686 3326 1943 3398 potentia
1973 3343 2076 3382 nec
2173 3330 2320 3385 Deus
2360 3334 2415 3385 te
2460 3328 2753 3384 convertat
2796 3329 2856 3384 in
2902 3330 3145 3397 bonum,
3174 3331 3369 3400 frater,
3395 3337 3453 3386 et
3476 3336 3649 3387 rectae
3680 3334 3828 3389 ﬁdei

432 3426 757 3495 conciperet
788 3425 957 3494 Virgo
986 3439 1091 3477 nec
1118 3425 1365 3493 pareret,
1397 3427 1455 3476 et
1476 3421 1597 3476 sine
1618 3420 1858 3476 veritate
1887 3421 2078 3475 carnis
2176 3439 2440 3478 normam
2478 3426 2531 3478 te
2566 3423 2625 3478 in
2665 3424 2934 3480 omnibus
2970 3427 3163 3480 tenere
3188 3428 3248 3481 et
3272 3425 3476 3481 docere
3513 3428 3827 3482 concedat.

432 3522 696 3575 obvoluta
715 3518 916 3590 pannis
945 3516 1187 3572 infantia
1217 3533 1332 3570 non
1352 3515 1590 3586 jaceret.
1625 3515 1758 3571 Sine
1787 3514 1955 3570 Verbi
1984 3530 2081 3585 po-

438 3613 620 3667 tentia
670 3630 787 3667 non
837 3612 1145 3666 adorarent
1183 3608 1338 3681 magi
1380 3625 1648 3680 puerum,
1692 3609 1853 3664 stella
1894 3608 2082 3664 indice

454 3808 613 3818 ’.⁵ο-

2179 3520 2377 3573 Amen.
2410 3518 2553 3573 Data
2585 3519 2783 3573 Kalen.
2805 3518 2952 3590 Maii,
2977 3518 3297 3575 Iustiniano
3323 3524 3524 3592 quarto
3550 3526 3612 3576 et
3633 3522 3831 3578 Theo-

2182 3612 2311 3667 dato
2332 3613 2400 3667 1V
2428 3611 2766 3668 consulibus.

985 3993 1565 4088 INCIPIUNT
1668 3994 2194 4088 DECRETA
2302 3993 2793 4087 SILVERII
2897 3993 3266 4086 PAPAE.

657 4361 906 4429 Epistola
935 4360 1212 4415 Amatoris
1237 4362 1474 4430 episcopi
1502 4361 1576 4415 ad
1602 4360 1863 4416 eumdem.

519 4453 845 4509 Beatissimo
871 4453 1127 4508 Summo
1147 4454 1378 4509 Annon
1403 4454 1722 4525 episcopus.

511 4551 558 4603 A
585 4547 945 4621 quibusdam,
991 4549 1158 4602 Pater
1195 4546 1581 4615 dilectissime,
1616 4546 1729 4602 illic
1755 4564 1788 4602 a
1820 4547 2159 4644 PatribusD

439 4641 878 4700 adventantibus
911 4641 1236 4697 audivimus
1266 4658 1364 4697 vos
1392 4659 1426 4697 a
1452 4642 1582 4699 sede
1610 4643 1792 4698 sancti
1818 4642 1969 4698 Petri
1993 4641 2079 4697 in-

435 4739 589 4809 juste
631 4737 864 4808 pulsum
896 4735 1091 4791 exsilio
1123 4735 1493 4792 destinatum.
1526 4737 1689 4802 Quod
1715 4737 1886 4791 nimis
1914 4752 2082 4807 grave

440 4833 690 4888 ferentes
735 4830 996 4886 misimus
1040 4848 1209 4901 parva
1248 4830 1587 4887 munuscula
1619 4831 1679 4885 id
1728 4835 1810 4884 est.
1858 4830 2084 4900 argenti

442 4925 617 4980 libras
658 4940 783 4993 xxx,
836 4923 907 4978 ad
956 4927 1198 4979 vestram
1254 4929 1686 4995 vestrorumque
1725 4922 2083 4978 sustentatio-

446 5035 601 5085 nem,
655 5034 783 5089 quze
838 5017 1082 5089 petimus
1124 5022 1185 5072 ut
1240 5018 1318 5073 ita
1358 5023 1519 5090 grato
1546 5018 1742 5073 animo
1770 5016 2084 5088 suscipiatis

446 5114 588 5168 sicut
618 5117 782 5184 grata
814 5111 1123 5167 mittuntur
1150 5112 1484 5167 intentione.
1520 5113 1829 5167 Precamur
1854 5128 2083 5183 quoque

445 5214 506 5261 ut
532 5224 634 5278 per
659 5210 901 5261 vestram
929 5206 1228 5277 epistolam
1262 5206 1424 5261 nobis
1465 5207 1803 5262 remendare
1840 5222 1957 5261 non
1990 5205 2084 5259 de-

444 5301 761 5373 dignemini
782 5300 1027 5373 qualiter
1053 5300 1202 5356 circa
1222 5317 1322 5355 vos
1344 5301 1415 5355 sit
1441 5305 1631 5356 actum
1663 5301 1747 5355 vel
1771 5300 1939 5354 modo
1961 5299 2080 5370 agi-

445 5400 556 5463 tur,
584 5400 651 5450 ut
674 5398 896 5449 certam
928 5394 1209 5450 rationem
1237 5395 1305 5450 de
1350 5393 1510 5449 vobis
1547 5394 1692 5449 scire
1722 5397 1780 5447 et
1817 5391 2085 5447 fratribus

440 5491 660 5544 valeam
685 5489 970 5545 nuntiare.
1021 5488 1169 5553 Quid
1216 5489 1372 5545 enim
1416 5493 1580 5560 putas
1620 5487 1691 5542 de
1738 5486 1898 5541 nobis
1935 5486 2080 5555 ﬁeri,

441 5585 605 5637 Pater
655 5599 899 5649 summe,
955 5599 1087 5638 cum
1132 5581 1202 5637 de
1255 5598 1480 5635 summo
1528 5583 1761 5652 pastore
1794 5584 1850 5634 et
1879 5579 2085 5634 vicario

441 5677 623 5730 sancti
647 5676 795 5730 Petri
822 5676 958 5731 talia
986 5676 1181 5730 fiunt?
1226 5676 1334 5730 Vos
1375 5680 1564 5730 tamen
1614 5673 1790 5728 nolite
1836 5673 2083 5729 multum

447 5768 678 5833 tristari,
721 5769 821 5822 sed
850 5769 1258 5823 confortamini
1301 5784 1530 5839 semper
1564 5767 1622 5822 in
1650 5766 1912 5833 Domino,
1946 5784 2080 5838 quo—

437 5859 590 5913 niam
624 5866 827 5929 potcns
851 5865 935 5915 est
965 5862 1235 5917 divinitas
1265 5862 1561 5918 immensae
1593 5861 1953 5933 tempestatis
1993 5862 2082 5917 in-

2180 4364 2333 4415 certa
2358 4360 2511 4414 bono
2533 4359 2853 4414 serenitatis
2880 4374 3167 4414 amovere.
3203 4358 3312 4414 Ora
3337 4375 3441 4429 pro
3468 4358 3662 4423 nobis,
3693 4359 3833 4413 bea-

2180 4452 2399 4508 tissime
2431 4469 2600 4524 papa.

2308 4549 2645 4618 Rcscriptum
2668 4548 2906 4616 ejusdem
2935 4549 3010 4602 ad
3033 4549 3344 4603 Amatorem
3367 4549 3702 4617 episcopum.

2256 4640 2631 4696 Dilectissimo
2652 4644 2824 4713 atque
2844 4642 3241 4697 amantissimo
3262 4644 3513 4697 ΑιιΑι-οιι
3531 4642 3833 4714 episcopo.

2185 4736 2493 4791 SlLVERlUS.

2254 4829 2297 4884 Ο
2345 4844 2519 4900 quam
2547 4829 2700 4884 bona
2738 4833 2823 4885 est
2849 4829 3095 4884 charitas
3119 4846 3249 4901 quae
3278 4829 3538 4886 absentia
3563 4847 3673 4901 per
3696 4832 3839 4887 ima-

2184 4924 2379 4995 ginem
2426 4923 2735 4993 praesentia
2775 4922 3114 4994 sibimetipsi
3159 4923 3390 4979 exhibet
3416 4940 3520 4995 per
3544 4942 3832 4981 amorem.

2186 5014 2372 5072 Divisa
2421 5017 2624 5089 tangit,
2683 5017 2921 5073 confusa
2968 5017 3213 5087 ordinat,
3272 5018 3584 5090 inaequalia
3636 5020 3831 5086 sociat,

2183 5111 2519 5183 imperfecta
2543 5109 2786 5183 perﬁcit.
2808 5112 2992 5176 Quam
3013 5117 3167 5167 recte
3184 5112 3534 5184 praedicator
3554 5115 3825 5185 egregius

2185 5204 2472 5259 vinculum
2523 5203 2895 5275 perfectionis
2944 5209 3133 5275 vocat,
3162 5206 3297 5277 quia
3330 5206 3567 5262 virtutes
3592 5207 3823 5279 quidem

2186 5301 2408 5353 caeteras
2446 5297 2858 5369 perfectionem
2888 5303 3188 5369 generant,
3223 5299 3321 5354 sed
3353 5303 3551 5355 tamen
3580 5317 3679 5356 eas
3701 5302 3828 5356 cha-

2186 5392 2321 5447 ritas
2376 5391 2532 5463 ligat,
2580 5396 2643 5446 ut
2677 5392 2749 5446 ab
2785 5392 3032 5448 amantis
3069 5398 3262 5449 mente
3301 5393 3534 5449 dissolvi
3562 5395 3691 5466 jam
3729 5412 3822 5451 ne-

2184 5491 2415 5558 queant.
2454 5486 2565 5540 Hac
2601 5486 2795 5558 itaque
2832 5487 3057 5555 virtute,
3105 5486 3287 5543 frater
3316 5486 3674 5556 charissime,
3704 5489 3823 5561 ple-

2185 5596 2324 5635 num
2352 5583 2406 5636 te
2434 5580 2661 5651 reperio
2690 5579 2826 5635 dum
2846 5597 2961 5636 non
2992 5581 3175 5637 solum
3197 5581 3266 5637 de
3293 5597 3388 5637 me
3421 5583 3751 5639 suscitando
3771 5590 3825 5637 et

2185 5673 2461 5729 visitando
2511 5689 2708 5730 curam
2754 5674 2947 5744 habes,
3007 5676 3106 5731 sed
3157 5676 3330 5731 etiam
3378 5676 3548 5731 bonis
3594 5679 3712 5733 tuis
3734 5692 3821 5731 me

2186 5767 2386 5823 fulcire
2431 5772 2488 5823 et
2528 5773 2850 5825 sustentare
2900 5785 3018 5824 non
3076 5769 3307 5826 desinis.
3358 5770 3588 5835 Quanta
3629 5776 3817 5827 autem

2186 5862 2336 5918 mala
2358 5861 2416 5916 in
2450 5878 2540 5918 me
2569 5865 2792 5937 peracta
2815 5865 2964 5933 sunt,
2995 5879 3098 5920 nec
3126 5879 3418 5933 enarrare,
3445 5880 3551 5921 nec
3579 5865 3821 5920 scribere
