4062 6188
265 326 397 378 1073

1494 326 1969 381 DECRETAEIUM
2011 325 2392 384 COLLECTIO.

3490 336 3624 390 1074

255 434 360 487 tibi
393 450 493 504 per
534 433 727 489 omnia
772 451 1022 506 possum.
1071 440 1212 491 Ante
1262 436 1456 490 omnia
1485 453 1618 491 vero
1661 435 1896 508 patricia
1916 447 1976 520 Α
1997 436 2149 492 tione
2185 440 2496 509 apostolica
2525 443 2698 496 fultus
2729 443 2895 513 juxta
2921 443 3068 497 vires
3095 459 3244 511 suas,
3275 446 3332 497 et
3371 442 3623 497 fraterna

255 527 466 582 infesta
499 527 643 582 mihi
679 533 820 597 erat,
853 547 918 584 eo
952 531 1102 602 quod
1149 548 1265 586 non
1305 531 1674 586 restituebam
1717 533 1892 585 Ante-

255 622 447 676 mium
476 621 697 676 dudum
737 623 1130 695 patriarcham
1173 624 1892 696 Constantinopolitanum,

255 732 432 786 quem
508 719 713 770 sancta:
785 718 1076 772 memoria:
1161 718 1437 790 Agapitus
1512 717 1896 789 praedecessor

258 827 422 864 meus
462 811 578 864 suis
620 810 836 865 meritis
885 811 1195 866 damnavit.
1239 813 1484 884 Urgente
1517 828 1742 884 quoque
1772 813 1894 883 ejus

247 905 507 973 jussione
571 905 833 960 exierunt
894 906 1129 976 quidam
1193 907 1320 960 falsi
1402 909 1572 962 testes
1644 906 1895 962 dicentes

258 999 560 1053 adversum
606 1016 698 1052 me
747 999 1008 1065 crimina,
1042 1016 1288 1072 quorum
1321 1001 1602 1072 particeps
1632 1017 1750 1055 non
1789 1001 1888 1056 fui.

258 1091 449 1164 267
483 1092 594 1147 Sed
624 1093 762 1146 dum
799 1093 966 1147 multi
1012 1093 1071 1148 in
1115 1094 1315 1149 eadem
1356 1095 1714 1150 accusatione
1759 1113 1889 1166 per-

256 1187 546 1255 sisterent,
571 1187 765 1241 timuit
791 1187 1086 1242 Julisarius
1114 1188 1385 1259 patricius
1415 1195 1624 1256 noster,
1655 1193 1712 1244 et
1735 1206 1892 1244 man-

256 1280 412 1334 davit
437 1295 530 1334 me
558 1280 630 1334 ad
660 1296 716 1334 se
739 1280 930 1335 venire
958 1281 1191 1351 paciﬁce
1222 1298 1327 1352 pro
1357 1283 1698 1354 quibusdam
1720 1283 1893 1338 eccle-

255 1373 497 1427 siasticis
540 1373 1003 1444 dispositionibus
1031 1375 1090 1429 in
1131 1375 1407 1447 palatium
1437 1376 1709 1447 principis
1736 1381 1792 1431 et
1819 1377 1891 1431 ad

253 1468 509 1538 primum
537 1473 594 1521 et
615 1467 929 1522 secundum
951 1470 1139 1523 velum
1164 1469 1400 1525 retinuit
1423 1486 1652 1524 omnem
1673 1472 1889 1525 clerum

256 1565 313 1614 et
338 1561 616 1631 populum
636 1561 731 1633 qui
756 1578 983 1616 mecum
1005 1563 1288 1630 veniebat,
1311 1570 1369 1618 et
1387 1564 1607 1618 nullum
1629 1565 1890 1636 permisit

255 1655 522 1725 introire,
542 1656 652 1709 nisi
671 1671 763 1709 me
785 1656 965 1710 solum
989 1661 1047 1710 et
1063 1657 1330 1727 Vigilium
1349 1657 1642 1712 diaconem
1667 1674 1887 1713 meum.

254 1749 338 1801 Me
361 1765 494 1802 vero
525 1748 573 1802 vi
607 1752 852 1816 retento,
874 1755 932 1804 et
957 1755 1088 1805 ante
1112 1751 1444 1820 praedictam
1470 1752 1772 1823 patriciam
1795 1753 1890 1807 de-

1996 531 2301 588 dilectione
2329 551 2362 589 a
2397 541 2590 590 sancta
2633 535 2908 609 religione
2952 553 3143 592 mores
3188 537 3453 607 proprios
3491 553 3622 591 con-

1995 642 2218 681 servare
2246 633 2303 682 et
2343 628 2401 682 in
2433 631 2830 687 communione
2873 632 3210 686 alterutrum
3251 630 3540 701 adjuvare,
3571 635 3628 684 et

1994 720 2052 774 in
2074 721 2349 776 charitate
2366 738 2727 794 permanere,
2749 729 2806 779 et
2823 725 2922 780 Dei
2944 724 3222 780 voluntati
3243 723 3628 780 indesinenter

1993 815 2260 870 studeant
2305 816 2612 887 inhaerere,
2657 824 2716 873 ut
2756 819 2924 874 simul
2973 819 3272 874 laudantes
3315 819 3622 873 Dominum

1993 908 2302 964 indefessas
2316 910 2398 965 illi
2413 912 2621 982 gratias
2642 928 2874 983 semper
2893 929 3148 984 agamus.
3167 913 3302 967 Vale
3322 912 3380 966 in
3400 912 3624 969 Christo

1994 1019 2242 1074 semper,
2277 1010 2334 1058 et
2361 1005 2636 1075 praedicta
2664 1010 2839 1077 prout
2875 1006 3081 1061 melius
3123 1006 3354 1077 poteris,
3385 1005 3622 1061 Domino

1993 1113 2098 1168 ope
2120 1098 2358 1166 ferente,
2381 1098 2718 1170 adimplere,
2743 1106 2801 1155 et
2819 1100 3068 1172 reliquos
3097 1101 3297 1155 fratres
3318 1099 3623 1172 apostolica

1991 1193 2326 1247 auctoritate
2360 1193 2669 1248 informare
2701 1195 2944 1249 studeto.
2987 1197 3121 1249 Data
3157 1211 3210 1250 ix
3243 1194 3477 1248 Kalend.
3514 1195 3621 1249 De-

1993 1286 2255 1353 cembris,
2284 1287 2604 1342 Justiniano
2633 1289 2674 1341 V
2705 1291 2764 1342 et
2787 1288 3042 1344 Julisano
3075 1291 3138 1343 ιν
3164 1287 3511 1342 consulibus.

2136 1382 2381 1451 Epistola
2416 1382 2636 1438 Silverz'i
2664 1398 2830 1453 papa:
2858 1384 2933 1437 ad
2966 1384 3229 1452 Vigilium
3255 1397 3476 1451 papam.

2063 1474 2347 1530 SlLVERlUS
2375 1476 2675 1546 episcopus
2703 1477 2936 1532 VIGlLlO.

2061 1568 2246 1623 Multis
2275 1573 2330 1623 te
2359 1569 2905 1639 transgressionibus
2934 1570 3220 1624 irretitum
3261 1568 3624 1625 sacerdotalis

1982 1663 2327 1732 jamdudum
2343 1663 2498 1717 novit
2508 1664 2868 1734 generalitas.
2886 1666 2955 1719 Et
2966 1665 3098 1735 quia
3113 1664 3394 1718 cruciatus
3408 1664 3624 1733 [cruen-

1989 1756 2079 1828 tis]
2115 1757 2368 1812 humano
2398 1758 2675 1828 sanguine
2706 1757 2968 1811 manibus
2999 1756 3386 1812 decessoribus
3415 1756 3624 1811 nostris

256 1843 427 1895 ducto
459 1843 742 1896 miserunt
771 1843 828 1896 in
861 1843 1146 1910 exsilium,
1178 1845 1236 1897 in
1263 1861 1376 1916 quo
1406 1845 1578 1900 modo
1606 1851 1891 1902 sustentor
1910 1819 1966 1891 Β
1989 1849 2301 1920 pervicacia
2319 1854 2415 1904 tua
2434 1850 3002 1921 subripiensleviticis
3020 1849 3447 1921 praesumpseris
3461 1866 3625 1903 excu-

255 1953 400 2006 pane
426 1936 808 1991 tribulationis
835 1942 891 1992 et
911 1954 1061 2007 aqua
1087 1939 1382 2009 angustiae.
1411 1941 1527 2010 Ego
1552 1944 1746 1995 tamen
1767 1957 1890 2010 pro-

251 2037 452 2100 pterea
482 2047 599 2084 non
632 2031 820 2085 dimisi
852 2047 960 2085 nec
988 2031 1215 2086 dimitto
1256 2032 1504 2087 ofﬁcium
1545 2051 1762 2102 meum,
1793 2035 1888 2088 sed

250 2141 384 2177 cum
414 2124 692 2194 episcopis
721 2141 861 2196 quos
897 2141 1254 2195 congregare
1291 2127 1474 2197 potui,
1507 2142 1601 2180 eos
1630 2127 1727 2199 qui
1755 2127 1891 2182 talia

253 2235 396 2289 erga
424 2235 514 2274 me
543 2223 790 2288 egerunt
827 2219 1324 2286 anathematizavi;
1357 2226 1414 2275 et
1452 2237 1564 2275 una
1603 2238 1735 2275 cum
1781 2221 1890 2276 illis

253 2311 565 2384 apostolica
581 2313 839 2383 synodali
857 2314 1196 2368 auctoritate
1213 2314 1384 2369 statui
1402 2316 1622 2368 nullum
1637 2331 1889 2386 unquam

251 2407 444 2460 taliter
473 2406 874 2477 decipiendum
905 2407 1047 2461 sicut
1075 2407 1339 2477 deceptus
1364 2424 1510 2476 sum,
1535 2412 1592 2463 et
1613 2409 1656 2462 si
1688 2409 1891 2480 aliquis

251 2500 520 2570 deinceps
550 2501 729 2553 ullum
759 2516 1020 2571 unquam
1050 2500 1447 2572 episcoporum
1479 2502 1554 2556 ita
1581 2501 1885 2572 deciperet,

250 2594 562 2647 anathema
588 2594 927 2648 maranatha
953 2595 1116 2650 fieret
1141 2595 1199 2649 in
1228 2601 1529 2666 conspectu
1558 2596 1658 2650 Dei
1679 2600 1738 2650 et
1755 2613 1886 2650 san-

249 2691 477 2741 ctorum
503 2688 862 2758 angelorum.
893 2688 1168 2744 Similiter
1188 2695 1513 2744 sanctorum
1541 2692 1772 2744 Patrum
1804 2707 1887 2744 ro-

248 2781 528 2835 borantes
557 2781 784 2836 decreta
813 2782 1136 2851 statuimus,
1165 2782 1295 2837 licet
1319 2782 1626 2853 saepissime
1641 2785 1761 2853 jam
1781 2787 1888 2838 sta-

247 2881 442 2930 tutum
473 2876 664 2942 fuerit,
695 2892 798 2930 nec
828 2876 1018 2942 falsos,
1054 2892 1156 2930 nec
1186 2876 1451 2930 inimicos
1479 2883 1765 2947 suspectos
1795 2895 1884 2932 ac-

248 2973 534 3024 cusatores
561 2970 646 3024 vel
674 2974 845 3024 testes
867 2986 1125 3040 unquam
1147 2987 1316 3041 super
1345 2971 1638 3041 episcopos
1658 2972 1883 3043 suscipi,

250 3064 448 3134 eisque
495 3080 702 3118 nocere
750 3064 1080 3118 nullatenus
1123 3080 1308 3135 posse,
1357 3064 1494 3135 quia
1545 3065 1741 3119 falsam
1789 3071 1889 3120 aut

248 3157 510 3212 odiosam
535 3173 732 3211 vocem
756 3163 853 3212 aut
889 3158 1172 3212 funestam
1205 3158 1392 3229 potius
1424 3158 1685 3212 interdici
1715 3175 1886 3229 quam
1907 3189 1962 3264 Ο

245 3252 432 3305 audiri
479 3251 684 3306 sanctis
728 3251 989 3307 Patribus
1033 3252 1265 3323 placuit.
1314 3252 1707 3323 Summopere,
1748 3254 1884 3308 cha-

247 3346 498 3411 rissime,
529 3346 669 3400 tales
697 3346 934 3401 cavendi
961 3351 1112 3414 sunt,
1147 3350 1202 3401 et
1233 3347 1526 3401 avertendi
1551 3352 1723 3418 atque
1751 3347 1882 3418 reji-

246 3439 457 3506 ciendi,
480 3440 532 3496 si
562 3443 834 3494 nocentes
861 3439 1255 3510 apparuerint,
1285 3440 1419 3510 quia
1447 3456 1562 3495 non
1597 3441 1779 3495 solum
1801 3457 1884 3496 ec-

248 3532 598 3600 clesiasticae,
629 3533 730 3588 sed
767 3534 938 3588 etiam
976 3534 1167 3588 saeculi
1206 3534 1361 3604 leges
1397 3535 1540 3588 tales
1565 3551 1684 3589 non
1711 3535 1884 3588 susci-

246 3627 436 3697 piunt,
467 3626 563 3682 sed
592 3628 905 3698 repellunt;
945 3628 1100 3681 unde
1138 3627 1408 3698 scriptum
1450 3632 1535 3682 est
1564 3645 1576 3681 :
1613 3648 1640 3680 «
1667 3629 1739 3683 Os
1770 3627 1882 3681 im-

246 3722 476 3792 piorum
529 3721 766 3775 devorat
807 3721 1167 3792 iniquitatem
1219 3721 1396 3792 (Prov.
1444 3739 1554 3788 x1x,
1605 3725 1720 3793 28);
1758 3744 1784 3770 »
1831 3727 1886 3777 et

249 3816 529 3869 Dominus
574 3831 677 3885 per
725 3816 1066 3887 prophetam
1113 3815 1367 3886 loquitur
1414 3815 1606 3871 dicens
1640 3833 1652 3870 :
1685 3836 1711 3866 «
1745 3818 1886 3871 Cum

249 3913 449 3964 sancto
475 3914 704 3964 sanctus
732 3909 862 3977 eris,
896 3914 952 3964 et
978 3926 1108 3964 cum
1134 3908 1253 3964 viro
1278 3909 1585 3964 innocente
1617 3910 1880 3965 innocen-

248 4009 341 4057 ter
371 4003 510 4074 agis.
544 4006 687 4060 Cum
732 4003 912 4059 electo
953 4004 1163 4058 electus
1205 4003 1337 4073 eris,
1371 4009 1427 4059 et
1456 4020 1585 4059 cum
1618 4021 1884 4076 perverso

247 4097 593 4168 perverteris
623 4099 697 4167 (11
728 4102 855 4166 Reg.
902 4113 1032 4165 xxn,
1065 4098 1181 4168 26);
1217 4103 1272 4152 et
1309 4098 1614 4169 Apostolus
1660 4099 1880 4170 inquit:

254 4215 278 4241 μ
311 4193 646 4247 Pervertunt
672 4209 858 4247 mores
881 4192 1056 4246 bonos
1083 4191 1363 4262 colloquia
1393 4194 1542 4247 mala
1570 4194 1616 4258 (Ι
1641 4196 1758 4250 Cor.
1793 4210 1883 4262 xv,

250 4286 374 4355 33);
406 4308 431 4333 η
460 4285 691 4353 idcirco,
721 4291 785 4340 ut
805 4286 927 4356 jam
959 4285 1324 4356 prwlibatum
1363 4291 1467 4352 est,
1497 4286 1631 4340 mali
1661 4303 1888 4358 semper

249 4379 508 4448 cavendi,
544 4383 600 4433 et
628 4379 790 4434 bonis
831 4383 1002 4450 atque
1031 4379 1316 4434 benevolis
1350 4383 1435 4434 est
1463 4380 1882 4448 inhaerendum,

247 4479 316 4527 ut
354 4473 671 4544 periculum
713 4473 961 4540 desidia},
997 4477 1280 4544 quantum
1323 4490 1644 4544 possumus,
1676 4474 1884 4529 devite-

1989 1944 2125 1998 bare
2139 1944 2441 2014 mysteriis,
2459 1945 2721 2016 plerique
2742 1945 3005 1999 noverint
3028 1945 3304 2000 fidelium.
3325 1945 3468 1997 Nam
3492 1943 3626 2014 quia

1990 2041 2188 2092 contra
2211 2038 2345 2108 jura
2389 2037 2655 2092 canonica
2696 2039 3051 2110 temporibus
3079 2041 3290 2092 sanctae
3328 2036 3622 2092 memoria:

1993 2131 2261 2186 Bonifacii
2310 2148 2489 2203 papae,
2531 2133 2653 2204 ipso
2696 2132 2914 2187 vivente
2964 2149 3250 2188 successor
3296 2131 3419 2201 ejus
3469 2129 3617 2186 desi-

1992 2225 2154 2295 gnari
2179 2225 2490 2294 conabaris,
2519 2225 2627 2279 nisi
2654 2226 2755 2281 tibi
2785 2226 3123 2298 amplissimi
3151 2228 3385 2280 senatus
3410 2224 3622 2278 obvias-

1990 2323 2074 2373 set
2097 2319 2336 2388 justitia,
2369 2323 2499 2373 tunc
2530 2319 2885 2390 providentia
2927 2319 3194 2391 pastorali
3237 2319 3488 2389 auspicia
3526 2321 3622 2371 tua

1992 2413 2300 2482 pontificali
2323 2413 2658 2467 auctoritate
2681 2414 3022 2468 exsecranda
3040 2414 3160 2484 jam
3191 2413 3510 2468 debuerant
3529 2412 3625 2465 de—

1990 2505 2264 2560 truncari.
2293 2506 2404 2561 Sed
2430 2506 2568 2560 dum
2600 2523 2834 2577 parvum
2863 2507 3064 2560 vulnus
3110 2507 3166 2559 in
3211 2510 3264 2560 te
3293 2506 3623 2576 neglectum

1990 2605 2092 2668 est,
2145 2599 2458 2654 insanabile
2504 2601 2750 2654 accrevit
2790 2605 3094 2671 apostema,
3124 2599 3278 2670 quod
3322 2599 3428 2654 nisi
3475 2600 3625 2654 ferro

1990 2693 2160 2747 altius
2202 2694 2582 2759 abscindatur,
2613 2695 2999 2748 fomentorum
3049 2693 3258 2748 sentire
3290 2709 3402 2746 non
3436 2696 3622 2762 potest

1988 2786 2330 2843 medicinam
2357 2805 2369 2842 :
2400 2787 2612 2858 quippe
2632 2788 2730 2858 qui
2752 2786 3090 2858 nequissimi
3116 2786 3345 2856 spiritus
3363 2786 3618 2851 audacia,

1988 2881 2315 2936 ambitionis
2356 2881 2626 2936 frenesim
2667 2881 3009 2952 concipiens,
3038 2881 3095 2934 in
3135 2880 3286 2934 illius
3325 2879 3622 2950 apostolici

1988 2976 2192 3030 medici
2243 2976 2334 3030 cui
2376 2975 2596 3029 animas
2643 2974 2856 3045 ligandi
2903 2972 3273 3044 solvendique
3316 2973 3521 3028 collata
3560 2977 3616 3026 et

1988 3085 2250 3123 concessa
2301 3072 2554 3140 potestas
2603 3073 2708 3137 est,
2759 3068 2996 3122 versaris
3041 3067 3467 3133 contumeliam,
3515 3082 3621 3119 no-

1987 3179 2234 3234 vumque
2261 3163 2442 3217 scelus
2479 3163 2538 3216 in
2577 3161 2884 3232 apostolica
2923 3161 3055 3215 sede
3083 3177 3277 3214 rursus
3311 3159 3512 3214 nitaris
3546 3160 3625 3213 in-

1987 3257 2192 3311 ducere
2239 3259 2295 3309 et
2335 3257 2393 3309 in
2449 3271 2606 3308 more
2656 3255 2919 3320 Simonis,
2967 3254 3127 3324 cujus
3177 3253 3515 3323 discipulum
3562 3259 3620 3308 tc

1985 3349 2233 3404 ostendis
2251 3349 2540 3419 operibus,
2567 3349 2700 3402 data
2721 3347 2980 3418 pecunia,
3010 3352 3029 3369 '
3058 3363 3245 3418 neque
3272 3346 3500 3416 repulso
3524 3347 3621 3416 qui

1983 3444 2210 3499 favente
2237 3441 2474 3497 Domino
2497 3441 2673 3496 tribus
2690 3442 2815 3512 jam
2833 3441 3051 3512 jugiter
3078 3440 3321 3495 emensis
3343 3440 3619 3510 tempori-

1985 3539 2090 3592 bus
2115 3537 2166 3592 ei
2193 3535 2456 3608 prmsidio
2484 3540 2742 3606 tempora
2772 3551 2902 3589 mea
2930 3534 3128 3589 nitaris
3157 3534 3445 3589 invadere.
3470 3533 3621 3588 Habe

1987 3647 2124 3701 ergo
2155 3647 2284 3684 cum
2314 3630 2400 3684 his
2433 3629 2532 3700 qui
2559 3628 2662 3684 tibi
2689 3628 3053 3684 consentiunt
3084 3643 3263 3698 pcenaa
3295 3626 3617 3682 damnatio-

1986 3725 2190 3796 nisquc
2220 3724 2586 3791 sententiam,
2617 3722 3018 3794 sublatumque
3045 3722 3145 3776 tibi
3177 3737 3381 3776 nomen
3410 3725 3468 3776 et
3491 3737 3616 3774 mu-

1986 3836 2094 3875 nus
2131 3817 2428 3873 ministerii
2467 3816 2823 3872 sacerdotalis
2871 3832 3114 3886 agnosce
3159 3814 3334 3870 sancti
3379 3814 3621 3885 Spiritus

1979 3913 2214 3986 judicio,
2245 3918 2300 3968 et
2326 3912 2634 3984 apostolica
2661 3927 2695 3964 a
2726 3909 2888 3965 nobis
2921 3909 3259 3964 auctoritate
3287 3909 3616 3962 damnatus.

1987 4009 2072 4064 Sic
2098 4007 2253 4062 enim
2278 4006 2442 4062 decet
2467 4005 2641 4060 fidem
2666 4009 2989 4059 sanctorum
3014 4005 3246 4058 Patrum
3286 4003 3343 4056 in
3376 4000 3621 4057 Ecclesia

1987 4102 2196 4157 servari
2227 4099 2524 4169 catholica,
2554 4104 2615 4154 ut
2660 4099 2809 4171 quod
2859 4098 3061 4152 habuit
3106 4096 3350 4164 amittat,
3381 4094 3479 4166 qui
3511 4094 3616 4148 im-

1987 4195 2268 4267 probabili
2299 4194 2614 4251 temeritate
2644 4193 2800 4265 quod
2842 4209 2955 4246 non
2985 4191 3203 4262 accepit
3229 4187 3617 4260 assumpserit.

1989 4293 2122 4345 Data
2167 4294 2358 4345 octavo
2400 4287 2641 4343 Kalend.
2689 4286 2817 4342 Julii
2862 4285 3126 4356 principii
3169 4282 3374 4338 Basilii.
3421 4281 3622 4337 Caelius

1988 4383 2255 4439 Silverius
2280 4398 2429 4453 papa
2447 4380 2608 4435 urbis
2636 4386 2869 4435 aeternae
2891 4378 3023 4433 huic
3046 4378 3277 4432 decreto
3297 4375 3623 4431 anathema-

1989 4477 2057 4531 tis
2083 4477 2141 4530 in
2173 4477 2376 4546 Vigilio
2409 4491 2716 4546 pervasere
2742 4474 2913 4541 facto,
2945 4472 3018 4526 ad
3047 4471 3238 4527 omnia
3259 4473 3469 4524 statuta
3493 4485 3624 4522 con-

250 4584 381 4622 nius
399 4585 414 4635 ;
445 4574 500 4622 et
533 4584 605 4620 ne
645 4567 816 4637 pestis
846 4567 969 4621 hinc
1011 4567 1174 4621 latius
1215 4567 1561 4637 divulgetur,
1593 4569 1888 4624 severitate
1908 4561 1967 4634 D
1990 4586 2222 4626 sensum
2245 4569 2503 4640 praebens
2531 4567 2836 4637 subscripsi
2864 4565 3100 4636 pariter,
3131 4567 3189 4618 et
3227 4568 3474 4635 quatuor
3498 4563 3620 4633 epi-

251 4680 370 4733 qua
400 4677 700 4732 possumus
731 4661 1151 4729 abscindamus,
1181 4661 1451 4732 quoniam
1495 4679 1611 4716 non
1651 4663 1885 4716 temeri-

253 4762 341 4810 tas
364 4755 671 4809 intervenit
697 4755 1154 4826 praesumptionis
1173 4755 1268 4809 ubi
1293 4758 1378 4808 est
1395 4755 1694 4825 diligentia
1713 4757 1889 4827 pieta-

249 4852 341 4903 tis.
368 4853 514 4920 Agat
537 4865 762 4920 semper
790 4849 1177 4919 unusquisque
1205 4852 1456 4903 vestrum
1487 4850 1588 4904 hac
1615 4849 1886 4904 informa-

1989 4665 2143 4735 scopi
2188 4663 2662 4733 subscripserunt,
2693 4660 2752 4714 id
2785 4664 2888 4724 est,
2915 4656 3358 4725 Terrocinensis,
3398 4655 3622 4710 Funda-

1986 4776 2113 4827 nus,
2165 4755 2469 4811 Firmensis
2515 4760 2572 4809 et
2614 4753 2989 4808 Meterrensis.
3043 4752 3178 4806 Data
3221 4751 3324 4805 ista
3366 4751 3624 4805 chartula

1988 4869 2088 4923 per
2117 4850 2473 4907 Anastasium
2511 4847 2944 4902 subdiaconum.

853 5238 1430 5334 INCIPIUNT
1531 5234 2054 5331 DECRETA
2157 5237 2557 5331 VIGILII
2665 5234 3032 5328 PAPIE.

329 5599 375 5648 Ι.
409 5596 484 5649 De
518 5595 952 5650 Priscillianistis
981 5594 1080 5664 qui
1107 5594 1177 5647 ab
1222 5609 1319 5646 esu
1366 5593 1622 5647 carnium
1661 5608 1719 5646 se
1752 5592 1894 5647 διώ-ο

239 5689 511 5744 trahunt.

410 5783 484 5836 De
513 5783 660 5836 trina
692 5783 994 5836 mersione.

323 5884 376 5930 :3.
410 5877 485 5930 De
512 5877 599 5930 his
627 5875 725 5947 qui
751 5875 821 5930 ab
848 5876 1068 5930 Arianis
1095 5875 1305 5930 iterum
1335 5874 1716 5945 baptizantur.

2059 5595 2111 5646 4.
2139 5593 2214 5647 De
2247 5591 2618 5647 ecclesiarum
2647 5586 3060 5644 restauratione
3088 5585 3145 5639 in
3165 5583 3393 5639 fabricis
3413 5584 3500 5638 vel
3530 5584 3622 5638 de-

1990 5685 2267 5741 dicatione
2296 5685 2432 5757 quid
2476 5684 2548 5739 sit
2575 5681 3008 5740 observandum.

2060 5784 2110 5835 5.
2141 5782 2216 5835 De
2243 5780 2470 5835 Pascha;
2498 5778 2799 5833 festivitate
2826 5779 2882 5829 et
2909 5789 3140 5846 precum
3170 5773 3372 5829 ordine
3405 5790 3468 5828 ac
3497 5773 3623 5828 mis-

1989 5889 2179 5930 sarum
2210 5872 2518 5930 solemniis.
