4092 6192
454 317 583 371 1075

1339 319 1626 374 ΛΡΡΕΝΙ).
1667 321 1752 375 ΑΙ)
1791 321 1951 375 8.150.
1995 321 2079 375 lX.
2111 351 2177 360 —-
2219 322 2461 376 lSlDOItl
2500 321 2924 378 MERCATORIS

3687 328 3821 377 10ῗῦ

519 429 570 479 6.
601 425 757 488 Quod
804 423 861 478 in
915 425 1149 480 nomine
1193 425 1482 482 Trinitatis
1533 428 1740 484 debeat
1787 429 2082 500 baptizari.
2107 429 2429 516 Adacium,
2461 434 2520 484 et
2553 429 2925 486 cauteriatam
2969 429 3306 486 habentium
3337 447 3495 485 suam
3521 432 3822 486 conscien-

516 524 567 572 7.
599 517 760 582 Quod
796 518 949 572 beati
979 519 1220 590 apostoli
1251 521 1403 576 Petri
1429 523 1696 577 Romanae
1728 523 1946 578 scilicet
1982 525 2081 578 Ec-

447 611 628 666 clesiie
655 611 820 667 sedes
849 613 1216 668 sacerdotalis
1251 620 1434 672 mater
1461 615 1533 672 sit
1564 615 1880 688 dignitatis,
1911 620 2084 689 atque

447 705 834 760 ecclesiasticae
879 707 1153 778 magistra
1183 708 1440 763 rationis.

517 801 645 855 CAP.
679 802 718 855 Ι.
753 800 1128 856 Dilectissimo
1165 801 1358 857 fratris
1387 803 1607 858 Eureao
1637 805 1903 860 VIGILIUS.

520 895 774 950 Directas
803 895 877 949 ad
904 912 1005 950 nos
1034 898 1145 950 tua:-
1172 896 1463 952 charitatis
1494 897 1757 968 epistolas
1780 900 1980 970 plenas
1998 916 2086 954 ca-

457 988 678 1043 tholicm
713 989 1093 1060 inquisitionis
1138 989 1516 1047 sollicitudine
1547 995 1844 1062 gratanter
1880 994 2083 1064 accipi-

452 1100 598 1152 mus,
629 1083 1035 1139 benediccntes
1057 1084 1159 1139 Dei
1186 1084 1363 1139 nostri
1390 1085 1772 1153 clementiam,
1797 1088 1930 1158 quia
1949 1088 2088 1142 tales

452 1177 725 1232 extremis
756 1178 952 1232 mundi
988 1179 1244 1249 partibus
1282 1179 1554 1250 dignatur
1583 1180 1698 1234 suis
1729 1181 1924 1236 ovibus
1952 1198 2084 1253 pro-

447 1275 640 1330 videre
673 1279 947 1346 pastores,
984 1293 1086 1347 per
1109 1293 1250 1348 quos
1277 1281 1332 1332 et
1357 1278 1582 1349 pascuis
1623 1279 1848 1334 valeant
1878 1279 2087 1333 saluta-

448 1369 607 1423 ribus
636 1369 946 1439 abundare,
977 1374 1036 1424 et
1063 1370 1133 1425 ab
1164 1371 1387 1442 antiqui
1425 1371 1601 1427 hostis
1638 1373 1943 1443 rapacitate
1968 1390 2085 1428 ser-

447 1463 588 1531 vari,
622 1466 683 1516 ut
725 1462 958 1517 insidias
991 1468 1280 1535 nequeant
1319 1464 1441 1535 ejus
1487 1465 1866 1538 subreptionis
1894 1467 2084 1522 incur-

447 1573 592 1610 rere.
624 1556 779 1611 Unde
808 1562 1029 1611 certum
1062 1563 1146 1614 est
1171 1559 1306 1629 quia
1334 1559 1630 1631 promissas
1655 1577 1753 1614 vos
1781 1560 2086 1616 beatitudi-

444 1651 533 1704 nis
565 1650 746 1721 gratia
791 1651 1186 1722 subsequatur,
1221 1653 1456 1723 quando
1498 1671 1530 1708 a
1567 1653 1724 1708 vobis
1769 1655 2084 1710 ccelestium

448 1743 717 1814 perfectio
749 1745 1134 1800 doctrinarum
1164 1751 1320 1801 tanta
1348 1746 1534 1802 votiva
1563 1748 1926 1804 suscitatione
1947 1765 2078 1820 per-

2187 523 2355 593 tiam;
2408 523 2776 595 prohibentes
2828 524 3064 593 nubere,
3097 528 3154 579 et
3196 524 3543 581 abstinentes
3583 542 3618 580 a
3662 526 3824 594 cibis,

2188 634 2333 690 quos
2360 618 2507 672 Deus
2538 617 2751 673 creavit
2788 617 2862 672 ad
2891 617 3320 690 percipiendum
3346 635 3476 674 cum
3505 619 3828 691 gratiarum

2188 711 2412 766 actione
2439 712 2702 766 ﬁdelibus
2728 717 2784 768 et
2812 712 2901 767 his
2933 713 3033 784 qui
3075 719 3466 783 cognoverunt
3501 713 3827 780 veritatem,

2190 805 2324 876 quia
2351 806 2540 860 omnis
2577 811 2836 861 creatura
2867 806 2965 861 Dei
2992 806 3142 860 bona
3171 811 3274 876 est,
3302 812 3358 862 et
3383 807 3528 862 nihil
3558 807 3828 878 rejicien-

2187 900 2324 954 dum
2352 883 2498 970 quod
2529 917 2659 955 cum
2689 900 3004 971 gratiarum
3033 900 3254 955 actione
3279 901 3598 972 percipitur
3615 902 3665 970 (Ι
3686 904 3825 958 Tim.

2191 1011 2260 1061 IV,
2295 997 2362 1063 l).
2396 1015 2423 1044 »
2459 995 2588 1048 Haec
2618 993 2796 1065 igitur
2822 994 3118 1065 sequentia
3148 997 3378 1050 Patrum
3409 995 3828 1050 venerabilium

2188 1088 2518 1156 constituta,
2550 1087 2869 1159 specialiter
2897 1103 2991 1142 eos
3021 1093 3365 1144 censuerunt
3390 1104 3511 1144 esse
3539 1089 3826 1144 damnau-

2187 1182 2310 1252 dos,
2339 1181 2436 1252 qui
2463 1198 2593 1236 cum
2623 1181 2885 1237 carnibus
2910 1181 3282 1252 abstinerent,
3317 1199 3385 1238 ea
3427 1199 3663 1255 quoque
3703 1200 3826 1238 cre-

2188 1275 2400 1330 debant
2423 1291 2543 1330 esse
2568 1276 2799 1330 vitanda
2824 1293 2952 1348 qua:
2980 1276 3246 1331 carnibus
3285 1277 3456 1332 fuisse
3479 1276 3831 1338 videbantur

2186 1369 2449 1424 admista.
2477 1370 2618 1424 Nam
2648 1375 2702 1425 et
2714 1371 2836 1441 ipse
2860 1370 3132 1425 Dominus
3161 1359 3358 1425 noster
3379 1371 3540 1426 Jesus
3566 1370 3830 1426 Christus

2185 1464 2266 1518 ita
2318 1463 2666 1535 praemonuit
2707 1463 2902 1518 dicens
2949 1481 2962 1518 :
3002 1486 3029 1514 «
3070 1465 3196 1519 Non
3243 1465 3393 1536 quod
3437 1465 3620 1520 intrat
3662 1464 3722 1519 in
3768 1481 3828 1518 os

2186 1556 2517 1628 coinquinat
2545 1556 2828 1626 homines,
2851 1557 2948 1612 sed
2970 1574 3098 1628 qua:
3119 1558 3434 1628 procedunt
3456 1558 3528 1613 de
3553 1574 3679 1626 ore,
3702 1558 3826 1612 haec

2185 1655 2317 1706 sunt
2361 1667 2489 1722 quae
2533 1650 2907 1722 coinquinant
2949 1650 3246 1707 hominem
3275 1652 3493 1721 (Matth.
3525 1668 3618 1719 xv,
3652 1652 3760 1722 lt).
3796 1673 3821 1698 η

2185 1745 2544 1816 Quapropter
2566 1761 2673 1800 nec
2693 1744 3092 1800 abstinentiam
3115 1745 3230 1801 Deo
3252 1745 3518 1816 placitam
3547 1745 3824 1816 reproba-

445 1837 708 1909 quiritur.
738 1838 1027 1910 Scriptum
1058 1843 1144 1894 cst
1168 1841 1326 1896 enim
1351 1858 1363 1896 ε
1396 1862 1423 1891 ‹‹
1455 1841 1609 1896 Beati
1635 1841 1732 1913 qui
1758 1846 2082 1898 scrutantur
2100 1817 2157 1888 B
2180 1855 2330 1908 mus,
2361 1855 2464 1894 nec
2491 1855 2584 1894 eos
2615 1839 2714 1910 qui
2739 1842 3105 1894 exsecrantur
3131 1838 3357 1894 Domini
3380 1841 3711 1896 creaturam
3731 1856 3821 1895 re-

445 1932 777 1987 testimonia
805 1933 948 2004 ejus,
978 1934 1036 1988 in
1068 1939 1190 1989 toto
1223 1935 1388 1990 corde
1420 1935 1731 2007 exquirunt
1755 1951 1888 1991 eum
1913 1936 2078 2006 (Psat.

444 2043 628 2094 cxvm,
658 2028 732 2097 2).
764 2049 792 2077 »
834 2029 949 2082 Hoc
992 2028 1186 2098 igitur,
1218 2029 1396 2084 frater
1438 2030 1788 2098 charissima,
1820 2030 2077 2102 proposi-

444 2124 566 2174 tum
597 2124 711 2175 tua:
739 2121 1172 2176 consultationis
1201 2127 1317 2178 tota
1342 2128 1535 2179 mente
1564 2127 1892 2192 tractantes,
1922 2124 1992 2180 de
2021 2129 2077 2179 te

443 2229 667 2286 quoque
691 2214 995 2286 provenire
1025 2216 1444 2285 contendimus,
1467 2218 1566 2289 qui
1597 2219 1857 2288 regulam
1885 2219 2076 2273 catho-

442 2307 566 2361 licae
597 2307 727 2362 fidei
760 2307 964 2363 iisdem
997 2309 1189 2364 studes
1219 2315 1416 2366 tenere
1443 2312 1696 2382 vestigiis
1715 2311 1920 2383 quibus
1949 2329 2076 2367 eam

443 2401 752 2472 apostolica
774 2401 885 2458 ﬁde
913 2404 1208 2473 cognoscis
1239 2421 1363 2459 esse
1389 2405 1710 2460 fundatam.
1735 2407 1802 2460 Et
1819 2407 2076 2478 quamvis

441 2511 610 2549 sonus
637 2511 836 2550 eorum
857 2499 973 2552 toto
1006 2497 1143 2552 orbe
1175 2497 1409 2553 diffusus
1439 2503 1496 2554 et
1527 2515 1704 2570 usque
1731 2500 1800 2555 ad
1830 2501 1970 2556 ﬁnes
1990 2517 2075 2555 or-

441 2588 524 2642 bis
547 2593 715 2644 terrze
734 2589 911 2645 verba
928 2606 1126 2646 eorum
1151 2592 1420 2660 distensa,
1438 2593 1756 2649 dilectionis
1777 2598 1888 2650 tuae
1908 2595 2076 2650 corda

440 2683 658 2739 Christo
703 2685 1067 2755 probaverint
1103 2703 1227 2742 esse
1271 2685 1486 2754 ﬁdelia;
1518 2691 1710 2743 tamen
1750 2689 1796 2742 si
1839 2689 1976 2761 quid
2007 2705 2075 2745 ex

441 2777 528 2831 his
557 2777 615 2832 in
646 2778 907 2846 Ecclesia,
930 2796 1056 2850 quae
1078 2785 1188 2835 tuae
1212 2781 1611 2852 gubernationi
1627 2783 1744 2836 Deo
1763 2783 2073 2838 auxiliante

442 2871 742 2926 commissa
763 2876 868 2940 est,
889 2873 1131 2928 necdum
1163 2875 1336 2945 plena
1364 2875 1488 2929 luce
1515 2876 1800 2943 claruerit,
1823 2876 1896 2930 ad
1920 2892 2075 2931 eum-

442 2965 572 3019 dem
602 2965 818 3021 fontem
861 2966 932 3021 de
974 2984 1087 3038 quo
1117 2967 1214 3021 illa
1245 2969 1501 3022 salutaris
1532 2973 1787 3024 manarat
1816 2971 2070 3041 lympha,

441 3059 751 3129 rccurritis,
784 3059 842 3115 id
885 3064 972 3114 est
1005 3062 1155 3132 quod
1195 3061 1387 3116 debita
1415 3062 1693 3118 charitate
1729 3079 1924 3118 sumus
1951 3081 2069 3119 am-

441 3153 608 3224 plexi,
641 3154 775 3224 quia
804 3154 1146 3209 ﬁducialiter
1170 3155 1241 3210 de
1267 3156 1374 3223 his,
1411 3156 1558 3211 unde
1585 3157 1736 3228 apud
1761 3174 1855 3212 eos
1886 3159 2071 3213 obser—
2095 3191 2150 3264 Ο

441 3247 690 3302 vantiam
741 3265 862 3303 esse
913 3249 1134 3304 dixistis
1188 3250 1539 3320 ambiguam,
1585 3257 1776 3306 nostra
1819 3253 2069 3307 voluistis

441 3341 809 3413 responsione
829 3341 1064 3398 firmari.
1083 3343 1446 3414 Quapropter
1460 3344 1822 3401 dilectionem
1840 3348 1992 3401 tuam
2012 3347 2070 3401 in

442 3435 684 3491 Domino
712 3437 1022 3493 salutantes
1049 3437 1118 3492 de
1142 3437 1380 3510 singulis
1399 3438 1538 3510 quid
1550 3439 1718 3510 juxta
1734 3440 2069 3495 catholicam

439 3529 792 3602 disciplinam
823 3535 1012 3587 teneat
1040 3531 1364 3603 apostolicae
1391 3533 1541 3587 sedis
1578 3533 1904 3603 auctoritas,
1937 3535 2070 3588 sub-

431 3624 596 3694 jectis
622 3624 908 3696 aliquibus
952 3625 1125 3680 etiam
1171 3630 1490 3680 sanctarum
1538 3627 1797 3698 capitulis
1844 3629 2068 3699 regula-

440 3734 587 3788 rum,
607 3721 662 3773 te
688 3718 972 3773 credimus
998 3719 1418 3776 instruendum.
1445 3723 1522 3776 Ac
1549 3721 1802 3791 primum
1829 3721 1912 3776 his
1931 3739 2072 3793 quos

437 3811 796 3868 Priscillianae
830 3813 1066 3868 haeresis
1102 3813 1362 3869 indicasti
1389 3813 1538 3870 vitiis
1562 3814 1852 3886 inquinari
1880 3819 2071 3871 sancta

436 3910 494 3960 et
519 3906 880 3962 convenienti
924 3907 1190 3978 religioni
1234 3908 1522 3963 catholicae
1549 3924 1643 3964 eos
1691 3909 2072 3965 detestatione

429 3999 649 4071 judicas
673 4001 1020 4073 arguendos,
1056 4001 1152 4073 qui
1179 4002 1257 4056 ita
1283 4019 1343 4058 se
1371 4002 1474 4057 sub
1505 4002 1862 4058 abstinentiae
1892 4003 2070 4059 simu-

435 4094 568 4150 latae
595 4098 876 4167 praetextu
897 4095 970 4150 ab
992 4095 1131 4151 escis
1145 4096 1414 4152 videntur
1433 4097 1689 4152 carnium
1709 4097 2068 4165 submovere,

439 4192 501 4243 ut
530 4190 640 4243 hoc
670 4189 1074 4245 exsecrationis
1112 4190 1306 4261 potius
1333 4191 1524 4246 animo
1553 4207 1731 4263 quam
1757 4191 2070 4247 devotionis

437 4283 754 4354 probentur
779 4283 1002 4338 efﬁcere
1026 4299 1040 4338 :
1064 4283 1123 4338 in
1143 4300 1256 4356 qua
1275 4300 1336 4340 re
1357 4284 1494 4355 quia
1528 4284 1948 4340 nefandissimis
1967 4286 2070 4341 Ma-

437 4376 669 4431 nichaais
695 4393 817 4432 esse
849 4376 1168 4432 consimiles
1211 4378 1623 4449 approbantur,
1647 4378 1799 4450 juste
1841 4380 2068 4435 Patrum

437 4469 846 4528 venerabilium
895 4469 1214 4526 constitutis
1253 4471 1324 4526 ab
1371 4471 1478 4526 hac
1521 4472 1922 4544 superstitione
1964 4475 2068 4529 sub

2180 1932 2418 2004 cipimus
2443 1932 2502 1987 in
2532 1935 2731 1988 nostra
2757 1933 3044 1988 societate.

2495 2030 2570 2082 De
2595 2028 2989 2082 renascentium
3018 2028 3165 2082 trina
3206 2028 3486 2082 mersione.

2253 2123 2316 2176 ll.
2346 2122 2424 2175 De
2468 2119 2752 2192 baptismo
2789 2135 3016 2192 quoque
3059 2119 3389 2176 solemniter
3419 2119 3818 2192 adimplenda,

2177 2215 2440 2270 similiter
2469 2215 2609 2286 quid
2655 2214 2979 2286 apostolica,
3010 2215 3094 2269 vel
3126 2213 3377 2270 sanxerit
3401 2215 3482 2269 vel
3514 2219 3820 2270 conservet

2179 2309 2503 2376 auctoritas,
2537 2308 2594 2362 in
2622 2308 2892 2379 subjectis
2924 2311 3019 2362 tua
3047 2307 3291 2363 charitas
3314 2308 3613 2364 evidenter
3637 2325 3819 2379 agno-

2177 2406 2322 2472 scet;
2366 2402 2506 2458 illud
2549 2407 2740 2458 autem
2784 2402 2988 2457 novelli
3043 2418 3164 2458 esse
3203 2402 3528 2473 judicamus
3577 2404 3818 2469 erroris,

2175 2497 2324 2568 quod
2350 2513 2479 2551 cum
2506 2497 2566 2550 in
2594 2497 2706 2552 fine
2738 2496 3084 2567 psalmorum
3115 2497 3186 2551 ab
3212 2497 3478 2552 omnibus
3517 2498 3821 2552 catholicis

2174 2607 2243 2645 ex
2274 2607 2431 2645 more
2463 2590 2683 2645 dicatur
2712 2607 2724 2644 :
2761 2611 2788 2642 α
2819 2590 3011 2646 Gloria
3041 2590 3216 2659 Patri,
3247 2597 3304 2646 et
3341 2590 3503 2660 Filio,
3538 2595 3598 2645 et
3634 2591 3816 2662 Spiri-

2174 2685 2256 2741 tui
2288 2689 2504 2754 sancto,
2541 2703 2568 2736 »
2607 2684 2781 2755 aliqui
2825 2684 2969 2739 sicut
3015 2684 3248 2753 indicas,
3287 2685 3562 2740 subducta
3596 2686 3820 2756 syllaba

2174 2778 2556 2850 conjunctiva,
2591 2778 2906 2850 perfectum
2947 2783 3226 2834 conantur
3260 2764 3523 2835 minuere
3560 2781 3818 2834 vocabu-

2173 2875 2292 2928 lum
2334 2873 2641 2940 Trinitatis,
2679 2895 2707 2922 ‹‹
2739 2873 2923 2945 gloria
2968 2872 3142 2940 Patri,
3171 2877 3225 2928 et
3271 2873 3435 2942 Filio,
3474 2878 3532 2928 et
3569 2874 3822 2945 Spiritui

2175 2971 2387 3023 sancto.
2412 2987 2438 3016 »
2463 2967 2727 3031 Quamvis
2757 2983 2895 3038 ergo
2921 2967 3044 3038 ipsa
3069 2983 3172 3022 nos
3198 2966 3339 3022 ratio
3364 2967 3662 3022 evidenter
3681 2968 3824 3023 edo-

2174 3065 2318 3130 ceat,
2347 3061 2482 3132 quia
2519 3060 2796 3116 subducta
2835 3077 2951 3116 una
2994 3061 3225 3132 syllaba,
3257 3077 3562 3132 personam
3596 3061 3726 3116 Filii
3760 3067 3820 3116 et

2175 3155 2416 3227 Spiritus
2441 3155 2622 3210 sancti
2658 3171 2834 3209 unam
2864 3155 3282 3226 quodammodo
3327 3171 3445 3210 esse
3481 3155 3821 3226 designant,

2174 3253 2368 3304 tamen
2409 3249 2481 3303 ad
2525 3264 2778 3304 errorem
2826 3248 3026 3303 talium
3074 3249 3531 3304 convincendum
3575 3248 3821 3317 sufﬁcit,

2172 3343 2328 3414 quod
2359 3342 2636 3397 Dominus
2671 3343 2830 3398 Iesus
2871 3343 3126 3398 Christus
3153 3343 3459 3413 designans
3490 3342 3547 3396 in
3574 3343 3821 3397 invoca-

2173 3437 2327 3493 tione
2353 3436 2640 3492 Trinitatis
2679 3437 3032 3492 credentium
3077 3436 3284 3492 debere
3326 3437 3607 3508 baptisma
3654 3439 3818 3492 cele-

2171 3531 2344 3600 brari,
2369 3530 2512 3586 dixit
2535 3548 2548 3586 :
2575 3551 2602 3583 α
2625 3531 2727 3599 Ite,
2755 3531 2958 3586 docete
2985 3547 3183 3586 omnes
3211 3534 3432 3602 gentes,
3452 3529 3823 3602 baptizantes

2173 3642 2286 3694 eos,
2320 3625 2378 3679 in
2430 3625 2663 3680 nomine
2709 3624 2909 3692 Patris,
2955 3629 3011 3680 et
3054 3623 3196 3692 Filii,
3242 3630 3294 3680 et
3341 3624 3576 3696 Spiritus
3625 3626 3820 3679 sancti

2175 3720 2390 3789 (Matth.
2421 3735 2612 3786 xxvm,
2650 3720 2754 3789 l9).
2785 3740 2812 3768 »
2844 3719 2992 3789 Ergo
3021 3735 3151 3774 cum
3192 3734 3308 3772 non
3351 3717 3574 3784 dixerit,
3605 3720 3667 3772 In
3698 3735 3822 3774 uo-

2171 3813 2326 3868 mine
2354 3813 2555 3880 Patris,
2586 3815 2645 3866 et
2670 3812 2814 3882 Filii,
2847 3816 2904 3867 et
2939 3812 3178 3884 Spiritus
3207 3811 3404 3880 sancti,
3438 3812 3536 3868 sed
3564 3813 3818 3883 aequali-

2171 3907 2278 3961 bus
2313 3905 2789 3974 distinctionibus,
2819 3907 3048 3961 Patrem
3077 3910 3133 3961 et
3174 3905 3377 3961 Filium
3423 3909 3480 3961 et
3522 3905 3818 3976 Spiritum

2172 4007 2429 4057 sanctum
2466 4001 2703 4072 jusserit
2743 3999 3050 4067 nominari,
3081 4003 3304 4055 constat
3340 3999 3466 4054 illos
3503 3999 3749 4055 omnino
3785 4019 3823 4054 a

2171 4098 2282 4152 Deo
2301 4094 2559 4151 doctrina
2579 4093 2829 4162 deviare,
2852 4095 2952 4166 qui
2979 4093 3194 4166 aliquid
3215 4093 3347 4148 huic
3369 4093 3657 4149 voluerint
3676 4110 3824 4148 con-

2171 4189 2402 4245 fessioni
2439 4188 2742 4260 derogare.
2781 4187 2889 4252 Qui
2933 4187 2979 4242 si
3016 4187 3076 4242 in
3118 4203 3313 4243 errore
3356 4187 3817 4259 permanserint,

2171 4282 2307 4338 socii
2330 4282 2495 4338 nobis
2523 4298 2644 4337 esse
2672 4298 2790 4337 non
2816 4285 3070 4353 possunt.

2244 4379 2331 4434 Ill.
2361 4378 2436 4433 De
2466 4377 2554 4432 his
2587 4376 2760 4432 etiam
2783 4375 2883 4448 qui
2926 4374 3280 4446 baptismatis
3322 4375 3506 4446 gratia
3541 4376 3820 4431 salutaris

2170 4476 2418 4543 accepta,
2447 4471 2598 4543 apud
2640 4469 2878 4525 Arianos
2921 4469 3135 4524 iterum
3179 4468 3468 4540 baptizati,
3502 4469 3820 4540 profundae

435 4565 820 4621 anathematis
856 4570 988 4621 sunt
1018 4565 1485 4621 interminatione
1515 4567 1812 4639 prohibiti,
1841 4568 2070 4640 quando
2087 4567 2148 4640 D
2169 4565 2452 4636 voraginis
2482 4567 2616 4619 sunt
2641 4566 2826 4619 morte
2853 4563 3120 4630 demersi,
3140 4561 3279 4634 quid
3305 4578 3410 4634 per
3435 4563 3697 4633 singulos
3715 4581 3818 4618 or-

436 4660 652 4732 aliquid
687 4660 942 4716 ciborum
983 4660 1325 4733 contagione
1366 4660 1625 4716 carnium
1665 4661 1916 4717 creditur
1947 4678 2068 4717 esse

437 4753 734 4825 pollutum,
763 4755 897 4826 quia
923 4755 994 4810 de
1030 4755 1117 4809 his
1161 4754 1432 4810 omnibus
1469 4772 1597 4828 quae
1627 4756 1702 4810 ad
1750 4755 2069 4811 humanum

435 4847 647 4901 victum
670 4847 1064 4903 misericordia
1085 4849 1450 4916 Deicontulit,
1475 4849 1616 4904 nihil
1637 4849 1928 4904 catholicis
1947 4865 2068 4904 esse

435 4941 691 4997 videatur
712 4940 1092 4997 immundum.
1111 4942 1200 4998 Sic
1218 4943 1370 4997 enim
1388 4941 1573 4998 Titum
1597 4943 1791 4998 doctor
1804 4943 2066 5014 gentium

434 5035 637 5090 Paulus
686 5038 882 5090 monet
926 5036 1211 5107 apostolus
1258 5037 1496 5091 dicens:
1535 5058 1560 5086 ‹‹
1600 5037 1808 5092 Omnia
1851 5037 2068 5092 munda

434 5129 661 5184 mundis
692 5146 705 5184 ε
742 5129 1126 5200 coinquinatis
1154 5135 1351 5185 autem
1377 5135 1434 5186 et
1462 5130 1787 5186 infidelibus
1813 5131 1952 5186 nihil
1986 5137 2069 5186 est

435 5223 738 5291 mundum,
768 5223 866 5279 sed
898 5224 1112 5295 polluta
1139 5228 1273 5279 sunt
1299 5241 1500 5279 eorum
1527 5241 1690 5280 mens
1711 5229 1768 5280 et
1785 5226 2070 5281 conscien-

433 5319 532 5374 tia.
560 5319 739 5374 Deum
771 5317 1116 5374 conﬁtentur
1140 5334 1200 5373 se
1230 5335 1414 5386 nosse,
1437 5318 1596 5373 factis
1613 5324 1803 5374 autem
1830 5324 2066 5390 negant,

430 5412 839 5468 abominabiles
868 5417 924 5468 et
949 5412 1249 5480 increduli,
1278 5417 1333 5467 et
1357 5412 1427 5466 ad
1471 5428 1641 5467 omne
1674 5429 1816 5484 opus
1853 5412 2068 5467 bonum

432 5507 657 5579 reprobi
689 5506 816 5578 (Tit.
859 5524 897 5575 1,
944 5508 1048 5575 15).
1080 5529 1107 5556 ››
1148 5506 1427 5562 Similiter
1471 5512 1527 5562 et
1572 5507 1681 5561 alio
1723 5506 1781 5561 in
1829 5507 1952 5561 loco
1999 5506 2069 5559 ad

432 5601 796 5657 Timotheum
824 5601 893 5657 de
915 5601 1250 5673 hujusmodi
1268 5601 1531 5655 cavendis
1557 5599 1848 5656 erroribus
1869 5598 2069 5670 praedi-

435 5694 580 5748 cavit
605 5695 800 5750 dicens
825 5714 840 5751 :
875 5717 903 5745 «
931 5697 990 5750 In
1033 5693 1357 5751 novissimis
1385 5693 1738 5765 temporibus
1780 5693 2072 5748 discedent

436 5788 667 5854 quidam
695 5805 727 5841 a
754 5789 889 5854 ﬁde,
923 5789 1282 5844 attendentes
1313 5786 1603 5858 spiritibus
1631 5785 1842 5842 erroris
1879 5789 1934 5841 et
1966 5787 2064 5841 do-

439 5879 634 5932 ctrinis
664 5881 1076 5936 daemoniorum
1099 5898 1110 5946 ;
1137 5882 1194 5934 in
1226 5880 1510 5952 hypocrisi
1532 5880 1892 5952 loquentium
1914 5896 2070 5936 men-

2168 4659 2332 4715 dines
2368 4659 2454 4712 vel
2494 4662 2689 4714 zetates
2730 4660 3159 4713 antecessorum
3202 4660 3526 4711 nostrorum
3573 4657 3819 4712 decreta

2169 4757 2533 4819 censuerunt,
2563 4768 2691 4823 quae
2734 4751 3038 4823 multiplici
3072 4754 3206 4806 sunt
3230 4749 3450 4822 digesta
3474 4750 3724 4821 ratione,
3758 4760 3821 4807 et

2171 4850 2366 4902 nostro
2403 4845 2612 4901 scrinio
2637 4846 2887 4900 relevata
2915 4845 3162 4916 capitula
3197 4843 3284 4898 his
3310 4843 3563 4916 subjecta
3590 4843 3814 4900 direxi-

2169 4957 2317 5007 mus,
2341 4940 2401 4994 in
2429 4939 2634 5011 quibus
2663 4943 2852 4994 tamen
2879 4938 3020 4993 illud
3048 4937 3277 5009 speciali
3313 4938 3589 4992 charitate
3633 4940 3812 4994 etiam

2169 5033 2437 5089 convenit
2463 5031 2784 5099 observari;
2811 5036 2877 5088 ut
2902 5031 3038 5104 quia
3067 5048 3170 5102 pro
3196 5031 3438 5102 peccatis
3464 5030 3730 5102 plurimis
3751 5033 3811 5086 in

2171 5127 2435 5199 gentibus
2469 5125 2744 5197 iniquitas
2773 5126 2894 5198 ipsa
2924 5125 3166 5180 surrexit
3190 5126 3252 5179 in
3285 5124 3666 5180 aestimatione
3694 5126 3808 5180 fra-

2169 5221 2456 5277 ternitatis
2483 5226 2597 5276 tuae
2625 5220 2986 5291 aliorumque
3013 5219 3349 5290 pontificum
3373 5235 3478 5290 per
3503 5235 3635 5274 suas
3667 5219 3809 5274 dice-

2170 5333 2327 5370 ceses
2357 5314 2728 5386 relinquatur,
2759 5317 2820 5368 ut
2850 5313 2896 5367 si
2924 5313 3166 5384 qualitas
3193 5317 3251 5368 et
3285 5313 3611 5384 paenitentis
3637 5314 3808 5369 devo-

2172 5411 2248 5464 tio
2267 5409 2438 5464 fuerit
2456 5407 2782 5480 approbata,
2801 5407 3176 5478 indulgentia:
3202 5422 3432 5478 quoque
3457 5407 3718 5462 remedio
3739 5408 3810 5461 sit

2170 5503 2372 5558 vicina.
2419 5502 2672 5567 Quorum
2717 5504 2910 5556 tamen
2951 5500 3332 5556 reconciliatio
3376 5516 3491 5554 non
3517 5517 3622 5572 per
3653 5501 3805 5556 illam

2170 5596 2602 5669 impositionem
2644 5611 2852 5651 manus
2880 5610 3009 5667 quae
3047 5610 3150 5666 per
3175 5593 3594 5649 invocationem
3627 5594 3804 5649 sancti

2169 5690 2409 5762 Spiritus
2466 5693 2756 5762 operatur,
2800 5689 2896 5745 sed
2956 5705 3058 5761 per
3101 5689 3261 5744 illam
3304 5705 3416 5760 qua
3462 5687 3805 5760 pauitantia:

2170 5785 2386 5839 fructus
2431 5785 2762 5855 acquiritur,
2793 5789 2850 5840 et
2885 5786 3096 5838 sanctae
3123 5782 3546 5838 communionis
3579 5783 3800 5837 restitu-

2174 5880 2250 5934 tio
2279 5878 2588 5951 perficitur.
